None,ticker,dimension,calendardate,datekey,reportperiod,lastupdated,accoci,assets,assetsavg,assetsc,assetsnc,assetturnover,bvps,capex,cashneq,cashnequsd,cor,consolinc,currentratio,de,debt,debtc,debtnc,debtusd,deferredrev,depamor,deposits,divyield,dps,ebit,ebitda,ebitdamargin,ebitdausd,ebitusd,ebt,eps,epsdil,epsusd,equity,equityavg,equityusd,ev,evebit,evebitda,fcf,fcfps,fxusd,gp,grossmargin,intangibles,intexp,invcap,invcapavg,inventory,investments,investmentsc,investmentsnc,liabilities,liabilitiesc,liabilitiesnc,marketcap,ncf,ncfbus,ncfcommon,ncfdebt,ncfdiv,ncff,ncfi,ncfinv,ncfo,ncfx,netinc,netinccmn,netinccmnusd,netincdis,netincnci,netmargin,opex,opinc,payables,payoutratio,pb,pe,pe1,ppnenet,prefdivis,price,ps,ps1,receivables,retearn,revenue,revenueusd,rnd,roa,roe,roic,ros,sbcomp,sgna,sharefactor,sharesbas,shareswa,shareswadil,sps,tangibles,taxassets,taxexp,taxliabilities,tbvps,workingcapital
0,CNX,MRY,2020-12-31,2020-12-31,2020-12-31,2021-08-25,-15184000.0,8041764000.0,8254893000.0,273332000.0,7768432000.0,0.152,19.697,-487291000.0,21599000.0,21599000.0,451188000.0,-428744000.0,0.619,0.818,2707363000.0,124354000.0,2583009000.0,2707363000.0,0.0,501821000.0,0.0,0.0,0.0,-487056000.0,14765000.0,0.012,14765000.0,-487056000.0,-657862000.0,-2.43,-2.43,-2.43,4422437000.0,4068841500.0,4422437000.0,5345256696.0,-11.0,362.022,307780000.0,1.371,1.0,806790000.0,0.641,413409000.0,170806000.0,9872807000.0,10243575750.0,9657000.0,272894000.0,84657000.0,188237000.0,3619327000.0,441312000.0,3178015000.0,2424908696.0,5316000.0,0.0,-35190000.0,-245547000.0,0.0,-350786000.0,-438969000.0,0.0,795071000.0,0.0,-483775000.0,-483775000.0,-483775000.0,0.0,55031000.0,-0.385,1270140000.0,-463350000.0,118185000.0,0.0,0.548,-5.012,-4.444,7134228000.0,0.0,10.8,1.928,1.928,150167000.0,1476056000.0,1257978000.0,1257978000.0,14994000.0,-0.059,-0.119,-0.048,-0.387,14382000.0,109375000.0,1.0,224528583.0,224528583.0,,5.603,7628355000.0,88000.0,-174087000.0,466253000.0,33.975,-167980000.0
1,CNX,MRY,2019-12-31,2019-12-31,2019-12-31,2021-08-25,-12605000.0,9060806000.0,9067780500.0,498101000.0,8562705000.0,0.212,22.298,-1192599000.0,16283000.0,16283000.0,513996000.0,31948000.0,0.942,0.985,3098777000.0,110300000.0,2988477000.0,3098777000.0,0.0,508463000.0,0.0,0.0,0.0,98385000.0,606848000.0,0.316,606848000.0,98385000.0,-52994000.0,-0.42,-0.42,-0.42,4160546000.0,4284173500.0,4160546000.0,4490220746.0,46.0,7.399,-212039000.0,-1.136,1.0,1408453000.0,0.733,893006000.0,151379000.0,10721355000.0,10425646250.0,6984000.0,578600000.0,247794000.0,330806000.0,4098497000.0,528939000.0,3569558000.0,1651292746.0,-915000.0,0.0,-116912000.0,363725000.0,0.0,165964000.0,-1147439000.0,0.0,980560000.0,0.0,-80730000.0,-80730000.0,-80730000.0,0.0,112678000.0,-0.042,1225339000.0,183114000.0,202553000.0,0.0,0.397,-20.455,-21.071,7323672000.0,0.0,8.85,0.859,0.859,147159000.0,1971676000.0,1922449000.0,1922449000.0,44380000.0,-0.009,-0.019,0.009,0.051,38425000.0,143550000.0,1.0,186586751.0,186586751.0,,10.303,8167800000.0,62425000.0,27736000.0,476108000.0,43.775,-30838000.0
2,CNX,MRY,2018-12-31,2018-12-31,2018-12-31,2021-08-25,-7904000.0,8592170000.0,8282798250.0,501686000.0,8090484000.0,0.209,21.267,-1116397000.0,17198000.0,17198000.0,495639000.0,883111000.0,0.959,0.811,2552383000.0,68658000.0,2483725000.0,2552383000.0,0.0,493423000.0,0.0,0.0,0.0,1158024000.0,1651447000.0,0.954,1651447000.0,1158024000.0,1012090000.0,3.75,3.71,3.75,4329958000.0,4323391000.0,4329958000.0,4488958830.0,4.0,2.718,-230574000.0,-1.132,1.0,1234795000.0,0.714,899559000.0,145934000.0,9704821000.0,9171976750.0,9715000.0,272001000.0,40240000.0,231761000.0,3510427000.0,522975000.0,2987452000.0,2325109830.0,-491969000.0,-290022000.0,-380039000.0,-21684000.0,0.0,-483140000.0,-894652000.0,0.0,885823000.0,0.0,796533000.0,796533000.0,796533000.0,0.0,86578000.0,0.46,716753000.0,518042000.0,229806000.0,0.0,0.537,2.919,3.045,6942444000.0,0.0,11.42,1.344,1.344,263501000.0,2071809000.0,1730434000.0,1730434000.0,12033000.0,0.096,0.184,0.126,0.669,21341000.0,134806000.0,1.0,203599810.0,203599810.0,,8.499,7692611000.0,149481000.0,215557000.0,398682000.0,37.783,-21289000.0
3,CNX,MRY,2017-12-31,2017-12-31,2017-12-31,2021-08-25,-8476000.0,6931913000.0,8500110500.0,852504000.0,6079409000.0,0.171,14.124,-632846000.0,509167000.0,509167000.0,553661000.0,380747000.0,1.93,0.777,2214484000.0,7111000.0,2207373000.0,2214484000.0,0.0,412036000.0,0.0,0.0,0.0,365732000.0,777768000.0,0.535,777768000.0,365732000.0,204289000.0,1.66,1.65,1.66,3899899000.0,3885217500.0,3899899000.0,6297280508.0,17.0,8.097,15841000.0,0.057,1.0,901470000.0,0.62,0.0,161443000.0,8195551000.0,9948284500.0,10742000.0,197921000.0,0.0,197921000.0,3032014000.0,441679000.0,2590335000.0,4039705508.0,462868000.0,42873000.0,-102200000.0,-247753000.0,0.0,36102000.0,-221921000.0,0.0,648687000.0,0.0,380747000.0,380747000.0,380747000.0,-85708000.0,0.0,0.262,807380000.0,94090000.0,211161000.0,0.0,1.036,10.61,8.813,5789753000.0,0.0,14.63,2.776,2.776,205725000.0,1455811000.0,1455131000.0,1455131000.0,48074000.0,0.045,0.098,0.037,0.251,16983000.0,93211000.0,1.0,276124778.0,276124778.0,,5.27,6931913000.0,31523000.0,-176458000.0,44373000.0,25.104,410825000.0
4,CNX,MRY,2016-12-31,2016-12-31,2016-12-31,2021-08-25,-392556000.0,9179691000.0,9811453000.0,626139000.0,8553552000.0,0.077,13.796,-172739000.0,46299000.0,46299000.0,544550000.0,-848102000.0,0.666,1.379,2769993000.0,7924000.0,2762069000.0,2769993000.0,0.0,419939000.0,0.0,0.0,0.007,-700310000.0,-280371000.0,-0.369,-280371000.0,-700310000.0,-882505000.0,-3.7,-3.7,-3.7,3798395000.0,4165134500.0,3798395000.0,7224821685.0,-10.0,-25.769,291519000.0,1.059,1.0,215418000.0,0.283,0.0,182195000.0,10963371000.0,11645648250.0,15301000.0,190964000.0,0.0,190964000.0,5238803000.0,940014000.0,4298789000.0,4182789685.0,-18775000.0,287038000.0,4000.0,-959802000.0,-2294000.0,-970404000.0,487371000.0,0.0,464258000.0,0.0,-848102000.0,-848102000.0,-848102000.0,297157000.0,0.0,-1.116,632841000.0,-417423000.0,157102000.0,-0.002,1.101,-4.932,-4.106,8140439000.0,0.0,15.192,5.504,5.504,175659000.0,1727789000.0,759968000.0,759968000.0,14522000.0,-0.086,-0.204,-0.06,-0.921,19316000.0,104843000.0,1.0,275328442.0,275328442.0,,2.76,9179691000.0,114481000.0,-34403000.0,105096000.0,33.341,-313875000.0
5,CNX,MRY,2015-12-31,2015-12-31,2015-12-31,2021-08-25,-315598000.0,10929902000.0,11224691250.0,804763000.0,10125139000.0,0.107,17.107,-753612000.0,72574000.0,72574000.0,506409000.0,-374885000.0,0.478,1.292,3705193000.0,961409000.0,2743784000.0,3705193000.0,0.0,371783000.0,0.0,0.015,0.101,-456123000.0,-84340000.0,-0.07,-84340000.0,-456123000.0,-655244000.0,-1.64,-1.64,-1.64,4702027000.0,4853660500.0,4702027000.0,5460504087.0,-12.0,-64.744,-242016000.0,-0.88,1.0,692328000.0,0.578,0.0,199121000.0,12877162000.0,12931136500.0,66792000.0,237330000.0,0.0,237330000.0,6074126000.0,1685359000.0,4388767000.0,1809432087.0,-110845000.0,-72288000.0,-63386000.0,177396000.0,-33281000.0,373776000.0,-996217000.0,0.0,511596000.0,0.0,-374885000.0,-374885000.0,-374885000.0,-275313000.0,0.0,-0.313,1378935000.0,-686607000.0,250609000.0,-0.062,0.385,-4.827,-4.014,9669377000.0,0.0,6.583,1.509,1.509,273118000.0,2579834000.0,1198737000.0,1198737000.0,10119000.0,-0.033,-0.077,-0.035,-0.381,14314000.0,102270000.0,1.0,274864361.0,274864361.0,,4.361,10929902000.0,13887000.0,-280359000.0,74629000.0,39.765,-880596000.0
6,CNX,MRY,2014-12-31,2014-12-31,2014-12-31,2021-08-25,-151100000.0,11654646000.0,11631175750.0,1093968000.0,10560678000.0,0.275,19.295,-1102616000.0,176989000.0,176989000.0,1431372000.0,163090000.0,0.958,1.187,3250578000.0,7202000.0,3243376000.0,3250578000.0,0.0,532643000.0,0.0,0.006,0.175,401627000.0,934270000.0,0.292,934270000.0,401627000.0,178294000.0,0.592,0.583,0.592,5329458000.0,5184000500.0,5329458000.0,10848353977.0,27.0,11.612,-165840000.0,-0.6,1.0,1772651000.0,0.553,0.0,223333000.0,13586088000.0,13501224250.0,101873000.0,152958000.0,0.0,152958000.0,6325188000.0,1142147000.0,5183041000.0,7782369977.0,-150435000.0,0.0,15016000.0,18893000.0,-57506000.0,-45829000.0,-1041382000.0,95207000.0,936776000.0,0.0,163090000.0,163090000.0,163090000.0,1857000.0,0.0,0.051,777744000.0,994907000.0,531973000.0,0.296,1.46,47.718,47.593,10162472000.0,0.0,28.175,2.429,2.429,606963000.0,3054150000.0,3204023000.0,3204023000.0,23355000.0,0.014,0.031,0.03,0.125,41877000.0,257473000.0,1.0,276215438.0,276215438.0,,11.6,11654646000.0,20401000.0,15204000.0,259024000.0,42.194,-48179000.0
7,CNX,MRY,2013-12-31,2013-12-31,2013-12-31,2021-08-25,-325117000.0,11393667000.0,12369215250.0,1445592000.0,9948075000.0,0.267,18.24,-1012087000.0,327420000.0,327420000.0,1926573000.0,659056000.0,1.291,1.276,3175014000.0,11455000.0,3163559000.0,3175014000.0,0.0,500188000.0,0.0,0.008,0.26,846451000.0,1346639000.0,0.408,1346639000.0,846451000.0,627253000.0,2.408,2.392,2.408,5006289000.0,4240660750.0,5006289000.0,11952070154.0,14.0,8.875,-353311000.0,-1.287,1.0,1373112000.0,0.416,0.0,219198000.0,13121290000.0,14134421250.0,157914000.0,317661000.0,25861000.0,291800000.0,6387378000.0,1119971000.0,5267407000.0,8708942154.0,305558000.0,0.0,1576000.0,-69390000.0,-85832000.0,-151237000.0,-201981000.0,-35712000.0,658776000.0,0.0,660442000.0,660442000.0,660442000.0,-579792000.0,-1386000.0,0.2,533338000.0,839774000.0,514580000.0,0.108,1.74,13.187,13.164,9442262000.0,0.0,31.7,2.639,2.637,576547000.0,2964520000.0,3299685000.0,3299685000.0,61104000.0,0.053,0.156,0.06,0.257,56987000.0,231367000.0,1.0,274730036.0,274474354.0,276093530.0,12.022,11393667000.0,222008000.0,-33189000.0,242643000.0,41.511,325621000.0
8,CNX,MRY,2012-12-31,2012-12-31,2012-12-31,2021-08-25,-747342000.0,12997594000.0,12686923750.0,1539094000.0,11458500000.0,0.29,14.477,-599876000.0,90535000.0,90535000.0,2103800000.0,388073000.0,1.11,2.287,3249989000.0,75403000.0,3174586000.0,3249989000.0,0.0,427115000.0,0.0,0.016,0.434,697240000.0,1124355000.0,0.306,1124355000.0,697240000.0,477198000.0,1.425,1.417,1.425,3953792000.0,3848655750.0,3953792000.0,10261499045.0,15.0,9.127,128237000.0,0.47,1.0,1573726000.0,0.428,0.0,220042000.0,14769949000.0,14331721500.0,170808000.0,567194000.0,318387000.0,248807000.0,9043849000.0,1387099000.0,7656750000.0,7311755045.0,-353874000.0,0.0,-1207000.0,54041000.0,-142278000.0,-81577000.0,-1000410000.0,-23451000.0,728113000.0,0.0,388470000.0,388470000.0,388470000.0,-70114000.0,-397000.0,0.106,455378000.0,1118348000.0,498515000.0,0.305,1.849,18.822,18.772,10190967000.0,0.0,26.75,1.988,1.987,597305000.0,2402551000.0,3677526000.0,3677526000.0,39005000.0,0.031,0.101,0.049,0.19,41127000.0,211224000.0,1.0,273336637.0,273112229.0,274970120.0,13.465,12997594000.0,84777000.0,88728000.0,360904000.0,47.591,151995000.0
9,CNX,MRY,2011-12-31,2011-12-31,2011-12-31,2021-08-25,-801554000.0,12525700000.0,12278401750.0,1897977000.0,10627723000.0,0.356,13.275,-431090000.0,397884000.0,397884000.0,2505166000.0,632497000.0,1.367,2.469,3198114000.0,20691000.0,3177423000.0,3198114000.0,0.0,430577000.0,0.0,0.01,0.295,1072092000.0,1502669000.0,0.343,1502669000.0,1072092000.0,823748000.0,2.325,2.3,2.325,3610885000.0,3345667000.0,3610885000.0,11030482542.0,10.0,7.341,1096516000.0,4.031,1.0,1871879000.0,0.428,0.0,248344000.0,13937533000.0,13930337250.0,258335000.0,797478000.0,314950000.0,482528000.0,8914815000.0,1388397000.0,7526418000.0,8324258542.0,342942000.0,0.0,9033000.0,-510865000.0,-96356000.0,-606140000.0,-578524000.0,55876000.0,1527606000.0,0.0,632497000.0,632497000.0,632497000.0,49178000.0,0.0,0.145,734519000.0,1137360000.0,522003000.0,0.127,2.305,13.161,13.154,9326416000.0,0.0,30.583,1.902,1.901,568520000.0,2184737000.0,4377045000.0,4377045000.0,0.0,0.052,0.189,0.077,0.245,42131000.0,114643000.0,1.0,272185807.0,272016443.0,274804319.0,16.091,12525700000.0,648807000.0,191251000.0,75633000.0,46.048,509580000.0
10,CNX,MRY,2010-12-31,2010-12-31,2010-12-31,2021-08-25,-874338000.0,12070610000.0,11338755750.0,1115006000.0,10955604000.0,0.462,11.417,-1094180000.0,53085000.0,53085000.0,3451382000.0,358626000.0,0.67,3.102,3694921000.0,508783000.0,3186138000.0,3694921000.0,0.0,567663000.0,0.0,0.007,0.278,661100000.0,1228763000.0,0.235,1228763000.0,661100000.0,456068000.0,1.342,1.333,1.342,2944477000.0,3204481000.0,2944477000.0,14620046044.0,22.0,11.898,37132000.0,0.144,1.0,1784639000.0,0.341,0.0,205032000.0,14047661000.0,12280117750.0,258538000.0,100783000.0,408000.0,100375000.0,9134597000.0,1664785000.0,7469812000.0,11007756044.0,-32813000.0,-3470212000.0,1834855000.0,2699738000.0,-85861000.0,4379849000.0,-5543974000.0,-979582000.0,1131312000.0,0.0,346781000.0,346781000.0,346781000.0,0.0,11845000.0,0.066,1111694000.0,672945000.0,354011000.0,0.207,3.738,31.743,30.266,10129251000.0,0.0,40.617,2.102,2.001,473711000.0,1680597000.0,5236021000.0,5236021000.0,0.0,0.031,0.108,0.054,0.126,47593000.0,150210000.0,1.0,271013518.0,257904673.0,260445365.0,20.302,12070610000.0,691545000.0,109287000.0,0.0,46.803,-549779000.0
11,CNX,MRY,2009-12-31,2009-12-31,2009-12-31,2021-08-25,-640504000.0,7775401000.0,7464731250.0,991036000.0,6784365000.0,0.619,8.235,-850196000.0,65607000.0,65607000.0,2944777000.0,567142000.0,0.67,3.221,991152000.0,568244000.0,422908000.0,991152000.0,0.0,437417000.0,0.0,0.007,0.278,792339000.0,1229756000.0,0.266,1229756000.0,792339000.0,760920000.0,2.492,2.458,2.492,1785548000.0,1750975250.0,1785548000.0,9860345151.0,12.0,8.018,210255000.0,0.97,1.0,1677098000.0,0.363,0.0,31419000.0,7222360000.0,7025114500.0,307597000.0,83533000.0,0.0,83533000.0,5750922000.0,1478586000.0,4272336000.0,9005458151.0,-72905000.0,0.0,2547000.0,-219040000.0,-72292000.0,-288015000.0,-845341000.0,4855000.0,1060451000.0,0.0,539717000.0,539717000.0,539717000.0,0.0,27425000.0,0.117,857334000.0,819764000.0,269560000.0,0.112,5.044,16.686,16.653,6124290000.0,0.0,41.5,1.948,1.947,383443000.0,1456898000.0,4621875000.0,4621875000.0,0.0,0.072,0.308,0.113,0.171,39032000.0,130704000.0,1.0,216998992.0,216831892.0,219385363.0,21.315,7775401000.0,498680000.0,221203000.0,27944000.0,35.859,-487550000.0
12,CNX,MRY,2008-12-31,2008-12-31,2008-12-31,2021-08-25,-461900000.0,7370458000.0,6763798750.0,983814000.0,6386644000.0,0.688,6.681,-1033476000.0,138512000.0,138512000.0,3142308000.0,485661000.0,0.651,3.896,1048452000.0,580101000.0,468351000.0,1048452000.0,0.0,389621000.0,0.0,0.012,0.278,718587000.0,1108208000.0,0.238,1108208000.0,718587000.0,682404000.0,2.025,2.0,2.025,1462187000.0,1338906250.0,1462187000.0,5942080081.0,8.0,5.362,-43612000.0,-0.199,1.0,1510137000.0,0.325,0.0,36183000.0,6768658000.0,6272676500.0,227810000.0,72996000.0,0.0,72996000.0,5696112000.0,1511740000.0,4184372000.0,5178590081.0,96861000.0,0.0,-82579000.0,339386000.0,-72957000.0,205853000.0,-1098856000.0,-65380000.0,989864000.0,0.0,442470000.0,442470000.0,442470000.0,0.0,43191000.0,0.095,748359000.0,761778000.0,385197000.0,0.137,3.542,11.704,11.761,5765972000.0,0.0,23.817,1.113,1.12,301281000.0,1010902000.0,4652445000.0,4652445000.0,0.0,0.065,0.33,0.115,0.154,25186000.0,124543000.0,1.0,217432510.0,218863213.0,221615510.0,21.257,7370458000.0,428004000.0,239934000.0,0.0,33.676,-527926000.0
13,CNX,MRY,2007-12-31,2007-12-31,2007-12-31,2021-08-25,-419284000.0,6208090000.0,5997726000.0,683155000.0,5524935000.0,0.627,5.559,-658323000.0,41651000.0,41651000.0,2585992000.0,292820000.0,0.672,4.112,754708000.0,265783000.0,488925000.0,754708000.0,3162000.0,324715000.0,0.0,0.004,0.215,434770000.0,759485000.0,0.202,759485000.0,434770000.0,403919000.0,1.225,1.208,1.225,1214419000.0,1225037750.0,1214419000.0,13585960962.0,31.0,17.888,25710000.0,0.118,1.0,1176205000.0,0.313,0.0,30851000.0,5904750000.0,5619464000.0,163193000.0,94866000.0,0.0,94866000.0,4993671000.0,1016397000.0,3977274000.0,12976994962.0,-182232000.0,-296724000.0,-60933000.0,199565000.0,-56475000.0,105839000.0,-972104000.0,-17057000.0,684033000.0,0.0,267782000.0,267782000.0,267782000.0,0.0,25038000.0,0.071,716397000.0,459808000.0,238312000.0,0.176,10.686,48.461,48.653,4965042000.0,0.0,59.6,3.449,3.461,250316000.0,766536000.0,3762197000.0,3762197000.0,0.0,0.045,0.219,0.077,0.116,24243000.0,108664000.0,1.0,217734815.0,218460752.0,220979701.0,17.221,6208090000.0,524721000.0,136137000.0,0.0,28.417,-333242000.0
14,CNX,MRY,2006-12-31,2006-12-31,2006-12-31,2021-08-25,-375717000.0,5663332000.0,5365325750.0,914496000.0,4748836000.0,0.692,4.846,-630583000.0,223883000.0,223883000.0,2499259000.0,408882000.0,1.236,4.312,552263000.0,59518000.0,492745000.0,552263000.0,13106000.0,296237000.0,0.0,0.005,0.146,546378000.0,842615000.0,0.227,842615000.0,546378000.0,521312000.0,1.858,1.833,1.858,1066151000.0,1159039750.0,1066151000.0,6129362940.0,11.0,7.274,33964000.0,0.154,1.0,1215912000.0,0.327,0.0,25066000.0,5251588000.0,4807428250.0,149307000.0,84219000.0,0.0,84219000.0,4597181000.0,740124000.0,3857057000.0,5867543940.0,-116757000.0,0.0,-101780000.0,-5107000.0,-51416000.0,-119758000.0,-661546000.0,-30963000.0,664547000.0,0.0,408882000.0,408882000.0,408882000.0,0.0,0.0,0.11,639926000.0,575986000.0,225060000.0,0.079,5.503,14.35,14.411,4040287000.0,0.0,26.775,1.579,1.586,355065000.0,600541000.0,3715171000.0,3715171000.0,0.0,0.076,0.353,0.114,0.147,22841000.0,91150000.0,1.0,219142631.0,220025678.0,222765727.0,16.885,5663332000.0,626505000.0,112430000.0,0.0,25.739,174372000.0
15,CNX,MRY,2005-12-31,2005-12-31,2005-12-31,2021-08-25,-105162000.0,5071963000.0,4688892250.0,982811000.0,4089152000.0,0.813,4.657,-498576000.0,340640000.0,340640000.0,2557291000.0,580861000.0,1.247,3.947,442996000.0,4629000.0,438367000.0,442996000.0,27343000.0,261851000.0,0.0,0.004,0.097,672517000.0,934368000.0,0.245,934368000.0,672517000.0,645200000.0,2.642,2.608,2.642,1025356000.0,764873750.0,1025356000.0,6102785374.0,9.0,6.531,-89490000.0,-0.406,1.0,1253158000.0,0.329,0.0,27317000.0,4386086000.0,4195553750.0,140976000.0,52261000.0,0.0,52261000.0,4046607000.0,788233000.0,3258374000.0,6024245374.0,334218000.0,420167000.0,39150000.0,11716000.0,-51321000.0,-455000.0,-74413000.0,3996000.0,409086000.0,0.0,580861000.0,580861000.0,580861000.0,0.0,0.0,0.152,571157000.0,682001000.0,197375000.0,0.037,5.875,10.371,10.279,3534763000.0,0.0,27.158,1.581,1.569,299617000.0,252109000.0,3810449000.0,3810449000.0,0.0,0.124,0.759,0.16,0.176,3596000.0,80700000.0,1.0,221822129.0,220187890.0,222641976.0,17.305,5071963000.0,519958000.0,64339000.0,17557000.0,23.035,194578000.0
16,CNX,MRY,2004-12-31,2004-12-31,2004-12-31,2021-08-25,-89193000.0,4195611000.0,4219994750.0,475237000.0,3720374000.0,0.658,2.166,-396239000.0,6422000.0,6422000.0,2111185000.0,198582000.0,0.661,7.945,434705000.0,8945000.0,425760000.0,434705000.0,50208000.0,280397000.0,0.0,0.006,0.097,197365000.0,477762000.0,0.172,477762000.0,197365000.0,165936000.0,0.917,0.908,0.917,469021000.0,411814250.0,469021000.0,4175232351.0,21.0,8.739,-38148000.0,-0.176,1.0,665564000.0,0.24,0.0,31429000.0,3905382000.0,3777996250.0,121902000.0,47684000.0,0.0,47684000.0,3726590000.0,718512000.0,3008078000.0,3714378351.0,-91000.0,0.0,14864000.0,-112951000.0,-50471000.0,42360000.0,-400542000.0,-4303000.0,358091000.0,0.0,198582000.0,198582000.0,198582000.0,0.0,0.0,0.072,551572000.0,113992000.0,166068000.0,0.106,7.919,18.705,18.652,3182580000.0,0.0,17.104,1.338,1.334,141831000.0,-277406000.0,2776749000.0,2776749000.0,0.0,0.047,0.482,0.052,0.071,1153000.0,72870000.0,1.0,217164310.0,216553663.0,218879868.0,12.822,4195611000.0,515512000.0,-32646000.0,0.0,19.374,-243275000.0
17,CNX,MRY,2003-12-31,2003-12-31,2003-12-31,2021-08-25,-102601000.0,4318978000.0,4281763500.0,470840000.0,3848138000.0,0.519,1.482,-191944000.0,197431000.0,197431000.0,1738598000.0,-7798000.0,0.568,13.86,564002000.0,122090000.0,441912000.0,564002000.0,61673000.0,242152000.0,0.0,0.009,0.097,5712000.0,247864000.0,0.112,247864000.0,5712000.0,-28739000.0,-0.042,-0.042,-0.042,290637000.0,231414250.0,290637000.0,2656745921.0,465.0,10.719,189183000.0,0.964,1.0,483868000.0,0.218,0.0,34451000.0,3856250000.0,3683029500.0,103358000.0,84878000.0,0.0,84878000.0,4028341000.0,829299000.0,3199042000.0,2325991921.0,-5004000.0,-12670000.0,191232000.0,-136218000.0,-45613000.0,-181517000.0,-204614000.0,0.0,381127000.0,0.0,-7798000.0,-7798000.0,-7798000.0,0.0,0.0,-0.004,482924000.0,944000.0,134772000.0,-2.31,8.003,-298.281,-256.952,3061507000.0,0.0,10.792,1.047,0.953,181372000.0,-425470000.0,2222466000.0,2222466000.0,0.0,-0.002,-0.034,0.002,0.003,0.0,77571000.0,1.0,215529274.0,196158214.0,196158214.0,11.33,4318978000.0,555285000.0,-20941000.0,0.0,22.018,-358459000.0
18,CNX,MRY,2002-12-31,2002-12-31,2002-12-31,2021-08-25,-93370000.0,4293160000.0,4389144500.0,622837000.0,3670323000.0,0.497,0.858,-271967000.0,11517000.0,11517000.0,1677605000.0,11676000.0,0.765,25.493,701591000.0,213160000.0,488431000.0,701591000.0,102400000.0,262873000.0,0.0,0.02,0.146,5790000.0,268663000.0,0.123,268663000.0,5790000.0,-40423000.0,0.062,0.062,0.062,162047000.0,221551750.0,162047000.0,2138361782.0,369.0,7.959,57589000.0,0.305,1.0,505993000.0,0.232,388362000.0,46213000.0,3780439000.0,4191569000.0,135621000.0,135362000.0,0.0,135362000.0,4131113000.0,814433000.0,3316680000.0,1360771782.0,-4065000.0,-67969000.0,609000.0,71525000.0,-66086000.0,6315000.0,-339936000.0,0.0,329556000.0,0.0,11676000.0,11676000.0,11676000.0,0.0,0.0,0.005,500203000.0,5790000.0,151371000.0,2.355,8.397,116.544,116.129,2606223000.0,0.0,7.2,0.623,0.623,333117000.0,-372017000.0,2183598000.0,2183598000.0,0.0,0.003,0.053,0.001,0.003,0.0,65888000.0,1.0,188996081.0,188948544.0,189201655.0,11.557,3904798000.0,534889000.0,-52099000.0,0.0,20.666,-191596000.0
19,CNX,MRY,2001-12-31,2001-06-30,2001-06-30,2021-08-25,-337000.0,3894971000.0,3843607250.0,565855000.0,3329116000.0,0.613,1.864,-206363000.0,16625000.0,16625000.0,1715807000.0,183650000.0,0.606,10.076,663624000.0,432596000.0,231028000.0,663624000.0,40024000.0,260464000.0,0.0,0.018,0.194,297933000.0,558397000.0,0.237,558397000.0,297933000.0,240335000.0,0.975,0.971,0.975,351647000.0,288806000.0,351647000.0,2690432030.0,9.0,4.818,229476000.0,1.216,1.0,638792000.0,0.271,437614000.0,57598000.0,3170383000.0,3525041250.0,95046000.0,223667000.0,0.0,223667000.0,3543324000.0,933973000.0,2609351000.0,1989648030.0,8444000.0,-26958000.0,1622000.0,-107682000.0,-88014000.0,-194074000.0,-233321000.0,0.0,435839000.0,0.0,183650000.0,183650000.0,183650000.0,0.0,0.0,0.078,340859000.0,297933000.0,144195000.0,0.199,5.658,10.834,10.812,2191095000.0,0.0,10.542,0.845,0.845,379972000.0,-274553000.0,2354599000.0,2354599000.0,0.0,0.048,0.636,0.085,0.127,0.0,63043000.0,1.0,188735347.0,188672592.0,189163044.0,12.48,3457357000.0,355533000.0,56685000.0,2322000.0,18.325,-368118000.0
20,CNX,MRY,2000-12-31,2000-06-30,2000-06-30,2021-08-25,-322000.0,3866311000.0,3832357000.0,577728000.0,3288583000.0,0.607,1.332,-133749000.0,8181000.0,8181000.0,1664916000.0,107040000.0,0.606,14.211,771672000.0,471067000.0,300605000.0,771672000.0,56148000.0,266321000.0,0.0,0.031,0.193,161836000.0,428157000.0,0.184,428157000.0,161836000.0,106547000.0,0.562,0.562,0.562,254179000.0,246165250.0,254179000.0,1936175934.0,12.0,4.522,161279000.0,0.845,1.0,660227000.0,0.284,0.0,55289000.0,3677000000.0,3619707750.0,156853000.0,177272000.0,0.0,177272000.0,3612132000.0,952802000.0,2659330000.0,1190118934.0,-15378000.0,-165805000.0,-19396000.0,97599000.0,-89055000.0,-10852000.0,-299554000.0,0.0,295028000.0,0.0,107040000.0,107040000.0,107040000.0,0.0,0.0,0.046,498391000.0,161836000.0,143815000.0,0.343,4.682,11.118,11.226,2574444000.0,0.0,6.309,0.512,0.518,287792000.0,-370152000.0,2325143000.0,2325143000.0,0.0,0.028,0.435,0.045,0.07,0.0,62164000.0,1.0,188638284.0,190798982.0,190803182.0,12.186,3866311000.0,392455000.0,-493000.0,0.0,20.264,-375074000.0
21,CNX,MRY,1998-12-31,1998-12-31,1998-12-31,2021-08-25,-623000.0,3863390000.0,3705700500.0,615189000.0,3248201000.0,0.696,-0.427,-250339000.0,31285000.0,31285000.0,1820217000.0,174637000.0,0.505,-38.428,982607000.0,667512000.0,315095000.0,982607000.0,0.0,255504000.0,0.0,,0.0,260620000.0,516124000.0,0.2,516124000.0,260620000.0,212482000.0,0.721,0.721,0.721,-103221000.0,99772000.0,-103221000.0,,,,144974000.0,0.599,1.0,759816000.0,0.294,0.0,48138000.0,3597095000.0,3492850000.0,170574000.0,1532000.0,0.0,1532000.0,3966611000.0,1217617000.0,2748994000.0,,12497000.0,-100408000.0,-500000000.0,433102000.0,-80000000.0,-146898000.0,-235918000.0,114829000.0,395313000.0,0.0,174637000.0,174637000.0,174637000.0,0.0,0.0,0.068,499196000.0,260620000.0,211835000.0,0.0,,,,2686124000.0,0.0,,,,289333000.0,-405602000.0,2580033000.0,2580033000.0,0.0,0.047,1.75,0.075,0.101,0.0,59475000.0,1.0,,241969438.0,241969438.0,10.663,3863390000.0,342376000.0,37845000.0,11260000.0,15.966,-602428000.0
22,CNX,MRY,1997-12-31,1997-12-31,1997-12-31,2021-08-25,0.0,3548011000.0,,670239000.0,2877772000.0,,1.159,-187201000.0,18788000.0,18788000.0,1592413000.0,183789000.0,1.13,10.719,452308000.0,62690000.0,389618000.0,452308000.0,0.0,247921000.0,0.0,,0.0,279552000.0,527473000.0,0.224,527473000.0,279552000.0,233676000.0,0.704,0.704,0.704,302765000.0,,302765000.0,,,,240712000.0,0.922,1.0,757225000.0,0.322,0.0,45876000.0,3388605000.0,,140724000.0,114829000.0,114829000.0,0.0,3245246000.0,592926000.0,2652320000.0,,-21198000.0,0.0,0.0,-41354000.0,-460000000.0,-501354000.0,52243000.0,239444000.0,427913000.0,0.0,183789000.0,183789000.0,183789000.0,0.0,0.0,0.078,477673000.0,279552000.0,200985000.0,0.0,,,,2439090000.0,0.0,,,,282598000.0,-500239000.0,2349638000.0,2349638000.0,0.0,,,,0.119,0.0,55429000.0,1.0,,261136114.0,261136114.0,8.998,3548011000.0,295297000.0,49887000.0,13581000.0,13.587,77313000.0
23,CNX,MRY,1996-12-31,1996-12-31,1996-12-31,2021-08-25,,,,,,,,-155142000.0,,,1687836000.0,152729000.0,,,,,,,,257968000.0,,,0.0,233209000.0,491177000.0,0.205,491177000.0,233209000.0,188699000.0,0.583,,0.583,,,,,,,217440000.0,0.833,1.0,709118000.0,0.296,,44510000.0,,,,,,,,,,,2092000.0,0.0,0.0,-39254000.0,-80000000.0,-119254000.0,-251236000.0,-96094000.0,372582000.0,0.0,152729000.0,152729000.0,152729000.0,0.0,0.0,0.064,475909000.0,233209000.0,,0.0,,,,,0.0,,,,,,2396954000.0,2396954000.0,0.0,,,,0.097,0.0,53354000.0,1.0,,261136114.0,,9.179,,,35970000.0,,,
0,CNX,MRQ,2021-06-30,2021-06-30,2021-06-30,2021-08-25,-14913000.0,8072110000.0,,333976000.0,7738134000.0,,18.781,-128958000.0,44884000.0,44884000.0,116358000.0,-354059000.0,0.413,0.951,3075734000.0,486476000.0,2589258000.0,3075734000.0,0.0,122607000.0,0.0,0.0,0.0,-406600000.0,-283993000.0,2.232,-283993000.0,-406600000.0,-446176000.0,-1.61,-1.61,-1.61,4136931000.0,,4136931000.0,5607814429.0,-35.0,16.041,110269000.0,0.501,1.0,-243568000.0,1.915,410133000.0,39576000.0,9883632000.0,,5698000.0,312084000.0,107625000.0,204459000.0,3935179000.0,809195000.0,3125984000.0,3008889429.0,9522000.0,0.0,-22688000.0,-84978000.0,0.0,-107711000.0,-121994000.0,0.0,239227000.0,0.0,-354059000.0,-354059000.0,-354059000.0,0.0,0.0,2.783,164353000.0,-407921000.0,118574000.0,0.0,0.727,-11.355,-12.887,7092258000.0,0.0,13.66,2.897,2.897,168394000.0,1199570000.0,-127210000.0,-127210000.0,2929000.0,,,,,3178000.0,23677000.0,1.0,220270090.0,220270090.0,,-0.578,7661977000.0,0.0,-92117000.0,411380000.0,34.784,-475219000.0
1,CNX,MRQ,2021-03-31,2021-03-31,2021-03-31,2021-08-25,-15049000.0,8069237000.0,,277446000.0,7791791000.0,,20.529,-123429000.0,35362000.0,35362000.0,124805000.0,98025000.0,0.606,0.789,2634287000.0,163456000.0,2470831000.0,2634287000.0,0.0,128944000.0,0.0,0.0,0.0,171776000.0,300720000.0,0.636,300720000.0,171776000.0,135404000.0,0.45,0.43,0.45,4510410000.0,,4510410000.0,5915463030.0,50.0,9.557,96219000.0,0.438,1.0,348268000.0,0.736,411771000.0,36372000.0,9798484000.0,,7249000.0,305946000.0,70251000.0,235695000.0,3558827000.0,457907000.0,3100920000.0,3229699030.0,13763000.0,0.0,-19189000.0,-62461000.0,0.0,-87461000.0,-118424000.0,0.0,219648000.0,0.0,98025000.0,98025000.0,98025000.0,0.0,0.0,0.207,174999000.0,173269000.0,114535000.0,0.0,0.716,-56.997,-63.913,7112990000.0,0.0,14.7,2.457,2.457,157433000.0,1563318000.0,473073000.0,473073000.0,2076000.0,,,,,7525000.0,28321000.0,1.0,219707417.0,219707417.0,,2.153,7657466000.0,0.0,37379000.0,503653000.0,34.853,-180461000.0
2,CNX,MRQ,2020-12-31,2020-12-31,2020-12-31,2021-08-25,-15184000.0,8041764000.0,,273332000.0,7768432000.0,,19.697,-92055000.0,21599000.0,21599000.0,114208000.0,195758000.0,0.619,0.818,2707363000.0,124354000.0,2583009000.0,2707363000.0,0.0,144647000.0,0.0,0.0,0.0,301811000.0,446458000.0,0.712,446458000.0,301811000.0,264178000.0,1.13,1.13,1.13,4422437000.0,,4422437000.0,5345256696.0,-11.0,362.022,68669000.0,0.306,1.0,512495000.0,0.818,413409000.0,37633000.0,9872807000.0,,9657000.0,272894000.0,84657000.0,188237000.0,3619327000.0,441312000.0,3178015000.0,2424908696.0,-134722000.0,0.0,-36995000.0,-171942000.0,0.0,-219732000.0,-75714000.0,0.0,160724000.0,0.0,195758000.0,195758000.0,195758000.0,0.0,0.0,0.312,221822000.0,290673000.0,118185000.0,0.0,0.548,-5.012,-4.444,7134228000.0,0.0,10.8,1.928,1.928,150167000.0,1476056000.0,626703000.0,626703000.0,5655000.0,,,,,2473000.0,33025000.0,1.0,224528583.0,224528583.0,,2.791,7628355000.0,88000.0,68420000.0,466253000.0,33.975,-167980000.0
3,CNX,MRQ,2020-09-30,2020-09-30,2020-09-30,2021-08-25,-12270000.0,8129174000.0,,332239000.0,7796935000.0,,22.783,-108335000.0,156321000.0,156321000.0,116902000.0,-188793000.0,0.654,0.904,3076669000.0,226484000.0,2850185000.0,3076669000.0,0.0,114465000.0,0.0,0.0,0.0,-228056000.0,-113591000.0,-1.719,-113591000.0,-228056000.0,-265977000.0,-1.03,-1.03,-1.03,4270176000.0,,4270176000.0,4711678655.0,-4.0,-8.087,114827000.0,0.613,1.0,-50827000.0,-0.769,415047000.0,37921000.0,10126514000.0,,10090000.0,253391000.0,77608000.0,175783000.0,3858998000.0,507961000.0,3351037000.0,1769356655.0,130400000.0,0.0,151000.0,34019000.0,0.0,9718000.0,-102480000.0,0.0,223162000.0,0.0,-204698000.0,-204698000.0,-204698000.0,0.0,15905000.0,-3.098,162603000.0,-213430000.0,117004000.0,0.0,0.414,-1.861,-1.888,7187467000.0,0.0,9.44,1.552,1.552,80582000.0,1290498000.0,66075000.0,66075000.0,2141000.0,,,,,2503000.0,22714000.0,1.0,187431849.0,187431849.0,,0.353,7714127000.0,644000.0,-61279000.0,398878000.0,41.157,-175722000.0
4,CNX,MRQ,2020-06-30,2020-06-30,2020-06-30,2021-08-25,-12382000.0,8319684000.0,,430722000.0,7888962000.0,,20.028,-134852000.0,25921000.0,25921000.0,95642000.0,-130486000.0,0.904,1.002,2968243000.0,165362000.0,2802881000.0,2968243000.0,0.0,113545000.0,0.0,0.0,0.0,-128139000.0,-14594000.0,-0.098,-14594000.0,-128139000.0,-174395000.0,-0.78,-0.78,-0.78,3746422000.0,,3746422000.0,4613965622.0,-7.0,-31.666,8946000.0,0.048,1.0,53199000.0,0.357,416685000.0,46256000.0,10368797000.0,,10317000.0,425620000.0,197804000.0,227816000.0,3752730000.0,476524000.0,3276206000.0,1618056622.0,-12105000.0,0.0,1650000.0,-30452000.0,0.0,-33202000.0,-122701000.0,0.0,143798000.0,0.0,-145749000.0,-145749000.0,-145749000.0,0.0,15263000.0,-0.979,166870000.0,-113671000.0,148345000.0,0.0,0.432,-2.565,-2.582,7225001000.0,0.0,8.65,1.009,1.009,76843000.0,1495197000.0,148841000.0,148841000.0,3310000.0,,,,,2566000.0,23419000.0,1.0,187058569.0,187058569.0,,0.796,7902999000.0,114440000.0,-28646000.0,370412000.0,42.249,-45802000.0
5,CNX,MRQ,2020-03-31,2020-03-31,2020-03-31,2021-08-25,-12493000.0,8528950000.0,,586053000.0,7942897000.0,,20.554,-152049000.0,38026000.0,38026000.0,124435000.0,-305222000.0,1.171,1.012,3033935000.0,131331000.0,2902604000.0,3033935000.0,0.0,129164000.0,0.0,0.0,0.0,-432673000.0,-303509000.0,-0.729,-303509000.0,-432673000.0,-481668000.0,-1.76,-1.76,-1.76,3836331000.0,,3836331000.0,4074215558.0,-15.0,16.884,115338000.0,0.618,1.0,291924000.0,0.701,418323000.0,48995000.0,10606185000.0,,10266000.0,587409000.0,312749000.0,274660000.0,3884240000.0,500351000.0,3383889000.0,992940558.0,21743000.0,0.0,4000.0,-77172000.0,0.0,-107570000.0,-138074000.0,0.0,267387000.0,0.0,-329086000.0,-329086000.0,-329086000.0,0.0,23864000.0,-0.79,718865000.0,-426941000.0,171890000.0,0.0,0.259,-3.079,-3.093,7228624000.0,0.0,5.32,0.482,0.482,102316000.0,1641009000.0,416359000.0,416359000.0,3888000.0,,,,,6840000.0,30238000.0,1.0,186642962.0,186642962.0,,2.231,8110627000.0,115261000.0,-152582000.0,376401000.0,43.455,85702000.0
6,CNX,MRQ,2019-12-31,2019-12-31,2019-12-31,2021-08-25,-12605000.0,9060806000.0,,498101000.0,8562705000.0,,22.298,-228097000.0,16283000.0,16283000.0,134494000.0,-240056000.0,0.942,0.985,3098777000.0,110300000.0,2988477000.0,3098777000.0,0.0,133844000.0,0.0,0.0,0.0,-284755000.0,-150911000.0,-0.296,-150911000.0,-284755000.0,-321806000.0,-1.43,-1.43,-1.43,4160546000.0,,4160546000.0,4490220746.0,46.0,7.399,-113629000.0,-0.609,1.0,374495000.0,0.736,893006000.0,37051000.0,10721355000.0,,6984000.0,578600000.0,247794000.0,330806000.0,4098497000.0,528939000.0,3569558000.0,1651292746.0,10799000.0,0.0,355000.0,111723000.0,0.0,94544000.0,-198213000.0,0.0,114468000.0,0.0,-271409000.0,-271409000.0,-271409000.0,0.0,31353000.0,-0.533,665607000.0,-291112000.0,202553000.0,0.0,0.397,-20.455,-21.071,7323672000.0,0.0,8.85,0.859,0.859,147159000.0,1971676000.0,508989000.0,508989000.0,29480000.0,,,,,1868000.0,34534000.0,1.0,186586751.0,186586751.0,,2.728,8167800000.0,62425000.0,-50397000.0,476108000.0,43.775,-30838000.0
7,CNX,MRQ,2019-09-30,2019-09-30,2019-09-30,2021-08-25,-7778000.0,9286258000.0,,345726000.0,8940532000.0,,23.645,-336137000.0,5484000.0,5484000.0,128012000.0,143960000.0,0.556,0.916,2844412000.0,72264000.0,2772148000.0,2844412000.0,0.0,120460000.0,0.0,0.0,0.0,202845000.0,323305000.0,0.61,323305000.0,202845000.0,164440000.0,0.62,0.61,0.62,4434979000.0,,4434979000.0,4168849197.0,8.0,4.172,-30718000.0,-0.164,1.0,401985000.0,0.758,894644000.0,38405000.0,10608918000.0,,7527000.0,17110000.0,0.0,17110000.0,4064440000.0,621624000.0,3442816000.0,1361710197.0,-27127000.0,0.0,-7648000.0,19393000.0,0.0,-4598000.0,-327948000.0,0.0,305419000.0,0.0,115538000.0,115538000.0,115538000.0,0.0,28422000.0,0.218,170587000.0,231398000.0,308003000.0,0.0,0.307,4.654,4.654,7736222000.0,0.0,7.26,0.736,0.736,108459000.0,2243104000.0,529997000.0,529997000.0,6075000.0,,,,,1781000.0,24307000.0,1.0,187563388.0,187563388.0,,2.826,8391614000.0,11184000.0,48902000.0,476968000.0,44.74,-275898000.0
8,CNX,MRQ,2019-06-30,2019-06-30,2019-06-30,2021-08-25,-7819000.0,9146697000.0,,460094000.0,8686603000.0,,22.13,-329227000.0,32611000.0,32611000.0,130292000.0,192694000.0,0.738,0.936,2839750000.0,73342000.0,2766408000.0,2839750000.0,0.0,128998000.0,0.0,0.0,0.0,243420000.0,372418000.0,0.616,372418000.0,243420000.0,203268000.0,0.85,0.84,0.85,4325656000.0,,4325656000.0,4075926397.0,8.0,4.024,-77206000.0,-0.395,1.0,474740000.0,0.785,896282000.0,40152000.0,10434309000.0,,11242000.0,17637000.0,0.0,17637000.0,4046702000.0,623245000.0,3423457000.0,1428868397.0,8639000.0,0.0,-77220000.0,185582000.0,0.0,84564000.0,-327946000.0,0.0,252021000.0,0.0,162477000.0,162477000.0,162477000.0,0.0,30217000.0,0.269,201413000.0,273327000.0,305070000.0,0.0,0.33,4.73,4.778,7564812000.0,0.0,7.31,0.833,0.833,136720000.0,2127627000.0,605032000.0,605032000.0,5567000.0,,,,,23873000.0,48970000.0,1.0,195467633.0,195467633.0,,3.095,8250415000.0,113592000.0,40791000.0,427942000.0,42.209,-163151000.0
9,CNX,MRQ,2019-03-31,2019-03-31,2019-03-31,2021-08-25,-7860000.0,8777361000.0,,364966000.0,8412395000.0,,21.254,-299138000.0,23972000.0,23972000.0,121196000.0,-64651000.0,0.62,0.902,2671030000.0,77527000.0,2593503000.0,2671030000.0,0.0,125161000.0,0.0,0.0,0.0,-63125000.0,62036000.0,0.223,62036000.0,-63125000.0,-98896000.0,-0.44,-0.44,-0.44,4215513000.0,,4215513000.0,4517373664.0,14.0,5.584,9514000.0,0.048,1.0,157235000.0,0.565,897921000.0,35771000.0,9938003000.0,,16642000.0,17860000.0,0.0,17860000.0,3802552000.0,588495000.0,3214057000.0,2136070664.0,6774000.0,0.0,-32399000.0,47027000.0,0.0,-8546000.0,-293332000.0,0.0,308652000.0,0.0,-87337000.0,-87337000.0,-87337000.0,0.0,22686000.0,-0.314,187052000.0,-29817000.0,230371000.0,0.0,0.507,11.76,12.379,7337436000.0,0.0,10.77,1.412,1.412,168184000.0,1971898000.0,278431000.0,278431000.0,3258000.0,,,,,10903000.0,35738000.0,1.0,198335252.0,198335252.0,,1.404,7879440000.0,113592000.0,-11559000.0,387137000.0,39.728,-223529000.0
10,CNX,MRQ,2018-12-31,2018-12-31,2018-12-31,2021-08-25,-7904000.0,8592170000.0,,501686000.0,8090484000.0,,21.267,-322273000.0,17198000.0,17198000.0,124673000.0,129415000.0,0.959,0.811,2552383000.0,68658000.0,2483725000.0,2552383000.0,0.0,130085000.0,0.0,0.0,0.0,111437000.0,241522000.0,0.555,241522000.0,111437000.0,78215000.0,0.53,0.53,0.53,4329958000.0,,4329958000.0,4488958830.0,4.0,2.718,-126669000.0,-0.622,1.0,310782000.0,0.714,899559000.0,33222000.0,9704821000.0,,9715000.0,272001000.0,40240000.0,231761000.0,3510427000.0,522975000.0,2987452000.0,2325109830.0,-25474000.0,1500000.0,-87363000.0,211345000.0,0.0,88739000.0,-309817000.0,0.0,195604000.0,0.0,101927000.0,101927000.0,101927000.0,0.0,27488000.0,0.234,180245000.0,130537000.0,229806000.0,0.0,0.537,2.919,3.045,6942444000.0,0.0,11.42,1.344,1.344,263501000.0,2071809000.0,435455000.0,435455000.0,2632000.0,,,,,5480000.0,36113000.0,1.0,203599810.0,203599810.0,,2.139,7692611000.0,149481000.0,-23712000.0,398682000.0,37.783,-21289000.0
11,CNX,MRQ,2018-09-30,2018-09-30,2018-09-30,2021-08-25,-6472000.0,8209036000.0,,315335000.0,7893701000.0,,20.232,-297465000.0,42672000.0,42672000.0,103053000.0,146756000.0,0.591,0.733,2206521000.0,6958000.0,2199563000.0,2206521000.0,0.0,119584000.0,0.0,0.0,0.0,217430000.0,337014000.0,0.849,337014000.0,217430000.0,181707000.0,0.59,0.59,0.59,4310564000.0,,4310564000.0,5348571708.0,5.0,3.237,-58176000.0,-0.273,1.0,294073000.0,0.741,901197000.0,35723000.0,8937942000.0,,9726000.0,19488000.0,0.0,19488000.0,3160217000.0,533746000.0,2626471000.0,3048876708.0,-12174000.0,4100000.0,-127519000.0,-163733000.0,0.0,-305489000.0,54026000.0,0.0,239289000.0,0.0,125029000.0,125029000.0,125029000.0,0.0,21727000.0,0.315,173851000.0,120222000.0,263033000.0,0.0,0.707,3.139,3.275,6768612000.0,0.0,14.31,1.721,1.721,157821000.0,2003888000.0,397126000.0,397126000.0,3321000.0,,,,,5243000.0,32435000.0,1.0,213059169.0,213059169.0,,1.864,7307839000.0,40024000.0,56678000.0,304342000.0,34.3,-218411000.0
12,CNX,MRQ,2018-06-30,2018-06-30,2018-06-30,2021-08-25,-6494000.0,8207758000.0,,319146000.0,7888612000.0,,19.773,-264174000.0,54846000.0,54846000.0,118555000.0,61394000.0,0.672,0.735,2354541000.0,6915000.0,2347626000.0,2354541000.0,0.0,119087000.0,0.0,0.0,0.0,49350000.0,168437000.0,0.419,168437000.0,49350000.0,10912000.0,0.19,0.19,0.19,4308801000.0,,4308801000.0,6028633833.0,6.0,4.187,-72584000.0,-0.333,1.0,283569000.0,0.705,902835000.0,38438000.0,9129627000.0,,10499000.0,22347000.0,0.0,22347000.0,3168835000.0,474991000.0,2693844000.0,3874456833.0,-27644000.0,0.0,-85334000.0,92265000.0,0.0,-6717000.0,-212517000.0,0.0,191590000.0,0.0,42014000.0,42014000.0,42014000.0,0.0,19380000.0,0.104,194706000.0,88863000.0,186397000.0,0.0,0.899,4.726,4.845,6772464000.0,0.0,17.78,2.331,2.331,149437000.0,1940507000.0,402124000.0,402124000.0,3699000.0,,,,,5708000.0,34909000.0,1.0,217910958.0,217910958.0,,1.845,7304923000.0,27780000.0,-31102000.0,235407000.0,33.523,-155845000.0
13,CNX,MRQ,2018-03-31,2018-03-31,2018-03-31,2021-08-25,-8306000.0,8122229000.0,,406944000.0,7715285000.0,,19.415,-232485000.0,82490000.0,82490000.0,149358000.0,545546000.0,0.93,0.703,2236667000.0,6891000.0,2229776000.0,2236667000.0,0.0,124667000.0,0.0,0.0,0.0,779808000.0,904475000.0,1.825,904475000.0,779808000.0,741257000.0,2.38,2.35,2.38,4344241000.0,,4344241000.0,5157907322.0,4.0,3.162,26855000.0,0.12,1.0,346371000.0,0.699,923218000.0,38551000.0,8915517000.0,,10676000.0,20678000.0,0.0,20678000.0,3054323000.0,437671000.0,2616652000.0,3452590322.0,-426677000.0,-295622000.0,-79823000.0,-161561000.0,0.0,-259673000.0,-426344000.0,0.0,259340000.0,0.0,527563000.0,527563000.0,527563000.0,0.0,17983000.0,1.064,167950000.0,178421000.0,193901000.0,0.0,0.795,3.645,3.656,6621816000.0,0.0,15.43,2.117,2.117,200949000.0,1940882000.0,495729000.0,495729000.0,2380000.0,,,,,4910000.0,31349000.0,1.0,223758284.0,223758284.0,,2.215,7199011000.0,20178000.0,213694000.0,258220000.0,32.173,-30727000.0
14,CNX,MRQ,2017-12-31,2017-12-31,2017-12-31,2021-08-25,-8476000.0,6931913000.0,,852504000.0,6079409000.0,,14.124,-233384000.0,509167000.0,509167000.0,157418000.0,276643000.0,1.93,0.777,2214484000.0,7111000.0,2207373000.0,2214484000.0,0.0,122707000.0,0.0,0.0,0.0,119438000.0,242145000.0,0.508,242145000.0,119438000.0,79119000.0,1.21,1.2,1.21,3899899000.0,,3899899000.0,6297280508.0,17.0,8.097,-66547000.0,-0.241,1.0,319533000.0,0.67,0.0,40319000.0,8195551000.0,,10742000.0,197921000.0,0.0,197921000.0,3032014000.0,441679000.0,2590335000.0,4039705508.0,228009000.0,7253000.0,-103059000.0,-27703000.0,0.0,294971000.0,-233799000.0,0.0,166837000.0,0.0,276643000.0,276643000.0,276643000.0,9391000.0,0.0,0.58,193552000.0,125981000.0,211161000.0,0.0,1.036,10.61,8.813,5789753000.0,0.0,14.63,2.776,2.776,205725000.0,1455811000.0,476951000.0,476951000.0,14093000.0,,,,,3912000.0,28186000.0,1.0,276124778.0,276124778.0,,1.727,6931913000.0,31523000.0,-197524000.0,44373000.0,25.104,410825000.0
15,CNX,MRQ,2017-09-30,2017-09-30,2017-09-30,2021-08-25,-382092000.0,8979568000.0,,805283000.0,8174285000.0,,14.241,-149500000.0,285708000.0,285708000.0,139585000.0,-26441000.0,0.936,1.248,2543283000.0,10971000.0,2532312000.0,2543283000.0,0.0,102011000.0,0.0,0.0,0.0,22925000.0,124936000.0,0.435,124936000.0,22925000.0,-15911000.0,-0.11,-0.11,-0.11,3931831000.0,,3931831000.0,6239823428.0,410.0,22.082,31878000.0,0.115,1.0,147600000.0,0.514,0.0,38836000.0,10376951000.0,,63182000.0,190154000.0,0.0,190154000.0,4908333000.0,860192000.0,4048141000.0,3897465428.0,-10377000.0,10920000.0,136000.0,-96594000.0,0.0,-107108000.0,-84647000.0,0.0,181378000.0,0.0,-26441000.0,-26441000.0,-26441000.0,4645000.0,0.0,-0.092,163754000.0,-16154000.0,303196000.0,0.0,0.991,-19.3,-11.09,7798962000.0,0.0,14.117,22.425,22.425,271524000.0,1825547000.0,287185000.0,287185000.0,4479000.0,,,,,5154000.0,21469000.0,1.0,276083122.0,276083122.0,,1.04,8979568000.0,105432000.0,10530000.0,44720000.0,32.525,-54909000.0
16,CNX,MRQ,2017-06-30,2017-06-30,2017-06-30,2021-08-25,-385567000.0,9025192000.0,,847094000.0,8178098000.0,,14.292,-146040000.0,299135000.0,299135000.0,122473000.0,169510000.0,1.026,1.252,2641493000.0,11385000.0,2630108000.0,2641493000.0,0.0,91640000.0,0.0,0.0,0.0,268151000.0,359791000.0,0.97,359791000.0,268151000.0,227468000.0,0.74,0.73,0.74,3945337000.0,,3945337000.0,6044813645.0,51.0,13.9,-57363000.0,-0.208,1.0,248595000.0,0.67,0.0,40683000.0,10541837000.0,,74965000.0,188649000.0,0.0,188649000.0,4937645000.0,825713000.0,4111932000.0,3436934645.0,237769000.0,18791000.0,229000.0,-23010000.0,0.0,-35075000.0,184167000.0,0.0,88677000.0,0.0,169510000.0,169510000.0,169510000.0,-47703000.0,0.0,0.457,162692000.0,85903000.0,265125000.0,0.0,0.871,-22.889,-11.614,7794218000.0,0.0,12.45,5.437,5.437,293259000.0,1852048000.0,371068000.0,371068000.0,19717000.0,,,,,4163000.0,21754000.0,1.0,276059008.0,276059008.0,,1.344,9025192000.0,115558000.0,57958000.0,17084000.0,32.693,21381000.0
17,CNX,MRQ,2017-03-31,2017-03-31,2017-03-31,2021-08-25,-389042000.0,9063769000.0,,616215000.0,8447554000.0,,13.67,-103922000.0,61266000.0,61266000.0,134189000.0,-38966000.0,0.621,1.37,2669145000.0,11851000.0,2657294000.0,2669145000.0,0.0,95678000.0,0.0,0.0,0.0,-44782000.0,50896000.0,0.159,50896000.0,-44782000.0,-86388000.0,-0.17,-0.17,-0.17,3763803000.0,,3763803000.0,6563555897.0,-10.0,-20.973,107873000.0,0.392,1.0,185740000.0,0.581,0.0,41606000.0,10678799000.0,,69618000.0,197385000.0,0.0,197385000.0,5157430000.0,992849000.0,4164581000.0,3849961897.0,7467000.0,5909000.0,494000.0,-100446000.0,0.0,-116686000.0,-87642000.0,0.0,211795000.0,0.0,-38966000.0,-38966000.0,-38966000.0,-52041000.0,0.0,-0.122,287381000.0,-101641000.0,270739000.0,0.0,1.023,-4.876,-3.972,7986541000.0,0.0,13.983,7.037,7.037,316278000.0,1682545000.0,319929000.0,319929000.0,9785000.0,,,,,3754000.0,21802000.0,1.0,275331610.0,275331610.0,,1.162,9063769000.0,168729000.0,-47422000.0,0.0,32.919,-376634000.0
18,CNX,MRQ,2016-12-31,2016-12-31,2016-12-31,2021-08-25,-392556000.0,9179691000.0,,626139000.0,8553552000.0,,13.796,-32327000.0,46299000.0,46299000.0,-416849000.0,-310585000.0,0.666,1.379,2769993000.0,7924000.0,2762069000.0,2769993000.0,0.0,-21980000.0,0.0,0.0,0.0,-231063000.0,-253043000.0,0.315,-253043000.0,-231063000.0,-268649000.0,-1.733,-1.733,-1.733,3798395000.0,,3798395000.0,7224821685.0,-10.0,-25.769,43624000.0,0.158,1.0,-387536000.0,0.482,0.0,37586000.0,10963371000.0,,15301000.0,190964000.0,0.0,190964000.0,5238803000.0,940014000.0,4298789000.0,4182789685.0,-26448000.0,291593000.0,1669000.0,-378098000.0,0.0,-368486000.0,266087000.0,0.0,75951000.0,0.0,-306044000.0,-306044000.0,-306044000.0,-25590000.0,-4541000.0,0.38,18971000.0,-406507000.0,157102000.0,0.0,1.101,-4.932,-4.106,8140439000.0,0.0,15.192,5.504,5.504,175659000.0,1727789000.0,-804385000.0,-804385000.0,9486000.0,,,,,-4509000.0,-66535000.0,1.0,275328442.0,275328442.0,,-2.922,9179691000.0,114481000.0,37395000.0,105096000.0,33.341,-313875000.0
19,CNX,MRQ,2016-09-30,2016-09-30,2016-09-30,2021-08-25,-342207000.0,9565494000.0,,514915000.0,9050579000.0,,15.063,-43439000.0,80247000.0,80247000.0,330474000.0,27593000.0,0.481,1.272,3122279000.0,358470000.0,2763809000.0,3122279000.0,0.0,151711000.0,0.0,0.001,0.0,125520000.0,277231000.0,0.372,277231000.0,125520000.0,78203000.0,0.092,0.092,0.092,4147215000.0,,4147215000.0,7533657654.0,-18.0,-231.741,119470000.0,0.434,1.0,415104000.0,0.557,0.0,47317000.0,11537284000.0,,62622000.0,257423000.0,0.0,257423000.0,5275327000.0,1070242000.0,4205085000.0,4405163654.0,-17379000.0,1023000.0,-12000.0,-104245000.0,0.0,-109612000.0,-70676000.0,0.0,162909000.0,0.0,25345000.0,25345000.0,25345000.0,34975000.0,2248000.0,0.034,204618000.0,210486000.0,197479000.0,0.0,1.062,-8.61,-7.477,8414619000.0,0.0,16.0,5.987,5.987,244445000.0,2033849000.0,745578000.0,745578000.0,384000.0,,,,,7771000.0,60607000.0,1.0,275322728.0,275322728.0,,2.708,9565494000.0,149680000.0,52858000.0,5485000.0,34.743,-555327000.0
20,CNX,MRQ,2016-06-30,2016-06-30,2016-06-30,2021-08-25,-331054000.0,9784757000.0,,526240000.0,9258517000.0,,14.989,-27770000.0,97626000.0,97626000.0,325830000.0,-468649000.0,0.457,1.336,3226120000.0,470368000.0,2755752000.0,3226120000.0,0.0,135220000.0,0.0,0.002,0.0,-523256000.0,-388036000.0,-1.357,-388036000.0,-523256000.0,-570684000.0,-1.708,-1.708,-1.708,4125598000.0,,4125598000.0,6879536092.0,-22.0,97.568,67676000.0,0.246,1.0,-39884000.0,-0.139,0.0,47428000.0,11761872000.0,,60818000.0,256167000.0,0.0,256167000.0,5513327000.0,1151379000.0,4361948000.0,3690409092.0,-329020000.0,0.0,-146000.0,-389864000.0,0.0,-395450000.0,-29016000.0,0.0,95446000.0,0.0,-469828000.0,-469828000.0,-469828000.0,234605000.0,1179000.0,-1.643,207441000.0,-247325000.0,171359000.0,0.0,0.895,-8.828,-7.457,8609176000.0,0.0,13.408,5.19,5.19,248102000.0,2008514000.0,285946000.0,285946000.0,2905000.0,,,,,10430000.0,57687000.0,1.0,275239342.0,275239342.0,,1.039,9784757000.0,175929000.0,-100856000.0,5459000.0,35.55,-625139000.0
21,CNX,MRQ,2016-03-31,2016-03-31,2016-03-31,2021-08-25,-327896000.0,10715870000.0,,1146443000.0,9569427000.0,,16.697,-69203000.0,426650000.0,426650000.0,305095000.0,-96458000.0,0.723,1.302,3615777000.0,856816000.0,2758961000.0,3615777000.0,0.0,154988000.0,0.0,0.007,0.007,-71507000.0,83481000.0,0.157,83481000.0,-71507000.0,-121372000.0,-0.358,-0.358,-0.358,4589330000.0,,4589330000.0,6220207703.0,-10.0,-23.094,60749000.0,0.221,1.0,227733000.0,0.427,0.0,49865000.0,12320066000.0,,77230000.0,251628000.0,0.0,251628000.0,5976782000.0,1584931000.0,4391851000.0,2585930703.0,354072000.0,-5578000.0,-1507000.0,-87595000.0,-2294000.0,-96856000.0,320976000.0,0.0,129952000.0,0.0,-97572000.0,-97572000.0,-97572000.0,53167000.0,1114000.0,-0.183,201613000.0,26120000.0,221625000.0,-0.02,0.563,-4.689,-4.108,9090391000.0,0.0,9.408,2.664,2.664,315431000.0,2478493000.0,532828000.0,532828000.0,1747000.0,,,,,5624000.0,52885000.0,1.0,274865083.0,274865083.0,,1.939,10715870000.0,1871000.0,-23800000.0,52844000.0,38.986,-438488000.0
22,CNX,MRQ,2015-12-31,2015-12-31,2015-12-31,2021-08-25,-315598000.0,10929902000.0,,804763000.0,10125139000.0,,17.107,27606000.0,72574000.0,72574000.0,-443854000.0,23916000.0,0.478,1.292,3705193000.0,961409000.0,2743784000.0,3705193000.0,0.0,-55349000.0,0.0,0.015,0.007,50164000.0,-5185000.0,0.006,-5185000.0,50164000.0,1228000.0,-0.165,-0.165,-0.165,4702027000.0,,4702027000.0,5460504087.0,-12.0,-64.744,134919000.0,0.491,1.0,-384765000.0,0.464,0.0,48936000.0,12877162000.0,,66792000.0,237330000.0,0.0,237330000.0,6074126000.0,1685359000.0,4388767000.0,1809432087.0,-16875000.0,-72288000.0,0.0,-175122000.0,-2290000.0,-10307000.0,-113881000.0,70224000.0,107313000.0,0.0,30406000.0,30406000.0,30406000.0,-278505000.0,-6490000.0,-0.037,-35239000.0,-349526000.0,250609000.0,-0.042,0.385,-4.827,-4.014,9669377000.0,0.0,6.583,1.509,1.509,273118000.0,2579834000.0,-828619000.0,-828619000.0,2424000.0,,,,,-5535000.0,-69391000.0,1.0,274864361.0,274864361.0,,-3.015,10929902000.0,13887000.0,-29178000.0,74629000.0,39.765,-880596000.0
23,CNX,MRQ,2015-09-30,2015-09-30,2015-09-30,2021-08-25,-251856000.0,11185366000.0,,970461000.0,10214905000.0,,17.223,-171665000.0,83019000.0,83019000.0,270008000.0,125470000.0,0.52,1.331,3734091000.0,957413000.0,2776678000.0,3734091000.0,0.0,146844000.0,0.0,0.017,0.007,233406000.0,380250000.0,0.527,380250000.0,233406000.0,184848000.0,0.433,0.433,0.433,4732993000.0,,4732993000.0,5941868390.0,-37.0,15.537,-61597000.0,-0.224,1.0,450925000.0,0.625,0.0,48558000.0,12968735000.0,,112950000.0,210092000.0,0.0,210092000.0,6297516000.0,1867703000.0,4429813000.0,2244331390.0,72988000.0,0.0,0.0,30837000.0,-2280000.0,172641000.0,-209721000.0,-26463000.0,110068000.0,0.0,118980000.0,118980000.0,118980000.0,3842000.0,6490000.0,0.165,198963000.0,251962000.0,331958000.0,0.016,0.474,-6.768,-6.711,9758980000.0,0.0,8.167,0.908,0.908,377736000.0,2551721000.0,720933000.0,720933000.0,3332000.0,,,,,5720000.0,60089000.0,1.0,274804872.0,274804872.0,,2.623,11185366000.0,143194000.0,65868000.0,69947000.0,40.703,-897242000.0
24,CNX,MRQ,2015-06-30,2015-06-30,2015-06-30,2021-08-25,-181900000.0,11002101000.0,,821502000.0,10180599000.0,,17.051,-323857000.0,10031000.0,10031000.0,336488000.0,-603301000.0,0.392,1.35,3707568000.0,1110070000.0,2597498000.0,3707568000.0,0.0,130579000.0,0.0,0.01,0.044,-858464000.0,-727885000.0,-1.334,-727885000.0,-858464000.0,-904970000.0,-2.2,-2.2,-2.2,4681895000.0,,4681895000.0,8376312700.0,-24.0,41.219,-258012000.0,-0.94,1.0,209086000.0,0.383,0.0,46506000.0,12603609000.0,,111694000.0,216583000.0,0.0,216583000.0,6320206000.0,2096029000.0,4224177000.0,4974684700.0,4713000.0,0.0,6552000.0,299225000.0,-14311000.0,291580000.0,-352712000.0,-15769000.0,65845000.0,0.0,-603301000.0,-603301000.0,-603301000.0,26078000.0,0.0,-1.106,979125000.0,-770039000.0,442153000.0,-0.02,1.063,-11.0,-10.927,9720001000.0,0.0,18.117,1.887,1.887,431564000.0,2435679000.0,545574000.0,545574000.0,2324000.0,,,,,6648000.0,58046000.0,1.0,274586560.0,274586560.0,,1.987,11002101000.0,95750000.0,-301669000.0,5119000.0,40.068,-1274527000.0
25,CNX,MRQ,2015-03-31,2015-03-31,2015-03-31,2021-08-25,-170563000.0,11781396000.0,,932714000.0,10848682000.0,,19.173,-285696000.0,5318000.0,5318000.0,422858000.0,79030000.0,0.489,1.224,3406946000.0,806411000.0,2600535000.0,3406946000.0,0.0,149709000.0,0.0,0.008,0.044,330050000.0,479759000.0,0.605,479759000.0,330050000.0,274928000.0,0.283,0.283,0.283,5297727000.0,,5297727000.0,9534087733.0,17.0,8.593,-57326000.0,-0.207,1.0,369796000.0,0.467,0.0,55122000.0,13275040000.0,,105244000.0,192273000.0,0.0,192273000.0,6483669000.0,1907984000.0,4575685000.0,6422182733.0,-171671000.0,0.0,-69938000.0,22456000.0,-14400000.0,-80138000.0,-319903000.0,-27992000.0,228370000.0,0.0,79030000.0,79030000.0,79030000.0,-244317000.0,0.0,0.1,143680000.0,226116000.0,532388000.0,0.155,1.212,50.923,51.649,10366581000.0,0.0,23.242,2.121,2.121,523150000.0,3053412000.0,792654000.0,792654000.0,2040000.0,,,,,7481000.0,54196000.0,1.0,276317990.0,276317990.0,,2.869,11781396000.0,95291000.0,195898000.0,304303000.0,42.637,-975270000.0
26,CNX,MRQ,2014-12-31,2014-12-31,2014-12-31,2021-08-25,-151100000.0,11654646000.0,,1093968000.0,10560678000.0,,19.295,-69145000.0,176989000.0,176989000.0,-128004000.0,73666000.0,0.958,1.187,3250578000.0,7202000.0,3243376000.0,3250578000.0,0.0,116963000.0,0.0,0.006,0.044,133349000.0,250312000.0,0.606,250312000.0,133349000.0,80555000.0,0.267,0.258,0.267,5329458000.0,,5329458000.0,10848353977.0,27.0,11.612,17460000.0,0.063,1.0,540888000.0,1.31,0.0,52794000.0,13586088000.0,,101873000.0,152958000.0,0.0,152958000.0,6325188000.0,1142147000.0,5183041000.0,7782369977.0,-48578000.0,0.0,1613000.0,-6117000.0,-14387000.0,-18740000.0,-116443000.0,-13325000.0,86605000.0,0.0,73666000.0,73666000.0,73666000.0,-3830000.0,0.0,0.178,351482000.0,189406000.0,531973000.0,0.165,1.46,47.718,47.593,10162472000.0,0.0,28.175,2.429,2.429,606963000.0,3054150000.0,412884000.0,412884000.0,7590000.0,,,,,9363000.0,72742000.0,1.0,276215438.0,276215438.0,,1.495,11654646000.0,20401000.0,6889000.0,259024000.0,42.194,-48179000.0
27,CNX,MRQ,2014-09-30,2014-09-30,2014-09-30,2021-08-25,-155920000.0,11718935000.0,,1325095000.0,10393840000.0,,19.025,-347251000.0,225563000.0,225563000.0,518013000.0,-1645000.0,1.063,1.23,3291547000.0,12225000.0,3279322000.0,3291547000.0,0.0,148665000.0,0.0,0.007,0.044,52364000.0,201029000.0,0.227,201029000.0,52364000.0,-3033000.0,-0.008,-0.008,-0.008,5254599000.0,,5254599000.0,11838230654.0,13.0,7.851,-54227000.0,-0.196,1.0,366603000.0,0.414,0.0,55397000.0,13538273000.0,,145372000.0,185509000.0,0.0,185509000.0,6464336000.0,1246646000.0,5217690000.0,8714115654.0,78170000.0,0.0,169000.0,1850000.0,-14386000.0,-15135000.0,-199719000.0,147532000.0,293024000.0,0.0,-1645000.0,-1645000.0,-1645000.0,0.0,0.0,-0.002,140129000.0,226474000.0,610725000.0,-5.5,1.658,10.529,10.457,9963984000.0,0.0,31.55,2.41,2.41,682591000.0,2995238000.0,884616000.0,884616000.0,8045000.0,,,,,7014000.0,49546000.0,1.0,276200179.0,276200179.0,,3.203,11718935000.0,169702000.0,-1388000.0,395025000.0,42.429,78449000.0
28,CNX,MRQ,2014-06-30,2014-06-30,2014-06-30,2021-08-25,-359715000.0,11566647000.0,,1225855000.0,10340792000.0,,18.339,-360739000.0,147393000.0,147393000.0,528618000.0,-24935000.0,1.131,1.286,3271508000.0,12127000.0,3259381000.0,3271508000.0,0.0,137899000.0,0.0,0.007,0.044,40490000.0,178389000.0,0.19,178389000.0,40490000.0,-23721000.0,-0.092,-0.092,-0.092,5059658000.0,,5059658000.0,13451251195.0,14.0,9.052,-139694000.0,-0.506,1.0,408752000.0,0.436,0.0,64211000.0,13607096000.0,,148005000.0,353515000.0,1328000.0,352187000.0,6506989000.0,1083666000.0,5423323000.0,10591939195.0,-166694000.0,0.0,8259000.0,27830000.0,-14382000.0,2000000.0,-389739000.0,-29000000.0,221045000.0,0.0,-24935000.0,-24935000.0,-24935000.0,0.0,0.0,-0.027,135565000.0,273187000.0,504009000.0,-0.478,2.093,13.835,13.751,9776758000.0,0.0,38.392,2.996,2.996,665915000.0,3011340000.0,937370000.0,937370000.0,4624000.0,,,,,9608000.0,59442000.0,1.0,275889227.0,275889227.0,,3.398,11566647000.0,184776000.0,1214000.0,291928000.0,41.925,142189000.0
29,CNX,MRQ,2014-03-31,2014-03-31,2014-03-31,2021-08-25,-350650000.0,11584475000.0,,1458836000.0,10125639000.0,,18.518,-325481000.0,314087000.0,314087000.0,512746000.0,116003000.0,1.246,1.275,3173399000.0,12058000.0,3161341000.0,3173399000.0,0.0,129116000.0,0.0,0.009,0.044,175423000.0,304539000.0,0.314,304539000.0,175423000.0,124492000.0,0.425,0.417,0.425,5092287000.0,,5092287000.0,12002731175.0,12.0,8.063,10621000.0,0.039,1.0,456407000.0,0.471,0.0,50931000.0,13273440000.0,,156185000.0,335129000.0,25909000.0,309220000.0,6492188000.0,1170347000.0,5321841000.0,9155137175.0,-13333000.0,0.0,4975000.0,-4670000.0,-14351000.0,-13954000.0,-335481000.0,-10000000.0,336102000.0,0.0,116003000.0,116003000.0,116003000.0,5687000.0,0.0,0.12,150570000.0,305837000.0,506584000.0,0.104,1.798,11.767,11.714,9604991000.0,0.0,33.292,2.672,2.672,595454000.0,3055091000.0,969153000.0,969153000.0,3099000.0,,,,,15892000.0,75742000.0,1.0,274995109.0,274995109.0,,3.524,11584475000.0,269660000.0,8489000.0,304404000.0,42.126,288489000.0
30,CNX,MRQ,2013-12-31,2013-12-31,2013-12-31,2021-08-25,-325117000.0,11393667000.0,,1445592000.0,9948075000.0,,18.219,-455598000.0,327420000.0,327420000.0,477110000.0,737739000.0,1.291,1.276,3175014000.0,11455000.0,3163559000.0,3175014000.0,0.0,161351000.0,0.0,0.008,0.087,662467000.0,823818000.0,0.998,823818000.0,662467000.0,607463000.0,2.692,2.675,2.692,5006289000.0,,5006289000.0,11952070154.0,14.0,8.875,-385821000.0,-1.404,1.0,348120000.0,0.422,0.0,55004000.0,13121290000.0,,157914000.0,317661000.0,25861000.0,291800000.0,6387378000.0,1119971000.0,5267407000.0,8708942154.0,306356000.0,0.0,-1731000.0,-91050000.0,-28621000.0,-120877000.0,357456000.0,-17600000.0,69777000.0,0.0,738183000.0,738183000.0,738183000.0,-591144000.0,-444000.0,0.895,149091000.0,199029000.0,514580000.0,0.032,1.74,13.187,13.164,9442262000.0,0.0,31.7,2.639,2.637,576547000.0,2964520000.0,825230000.0,825230000.0,17438000.0,,,,,12961000.0,55618000.0,1.0,274730036.0,274790999.0,281267706.0,3.003,11393667000.0,222008000.0,-130720000.0,242643000.0,41.463,325621000.0
31,CNX,MRQ,2013-09-30,2013-09-30,2013-09-30,2021-08-25,-649896000.0,12737072000.0,,1183436000.0,11553636000.0,,14.412,43337000.0,33349000.0,33349000.0,477822000.0,-64049000.0,0.752,2.218,3276477000.0,104546000.0,3171931000.0,3276477000.0,0.0,117730000.0,0.0,0.012,0.087,61507000.0,179237000.0,0.223,179237000.0,61507000.0,5207000.0,-0.233,-0.233,-0.233,3958165000.0,,3958165000.0,11027811438.0,27.0,15.395,238946000.0,0.87,1.0,325523000.0,0.405,0.0,56300000.0,14406603000.0,,238348000.0,261373000.0,0.0,261373000.0,8779896000.0,1573597000.0,7206299000.0,7700858438.0,-50854000.0,0.0,810000.0,-124249000.0,-28610000.0,-152152000.0,-94311000.0,-1512000.0,195609000.0,0.0,-63651000.0,-63651000.0,-63651000.0,-8120000.0,-398000.0,-0.079,138363000.0,187160000.0,512182000.0,-0.373,1.946,106.716,105.026,10630857000.0,0.0,28.042,3.649,3.649,667496000.0,2257796000.0,803345000.0,803345000.0,22771000.0,,,,,9379000.0,56594000.0,1.0,274618730.0,274651603.0,274651603.0,2.925,12737072000.0,538930000.0,68858000.0,87965000.0,46.375,-390161000.0
32,CNX,MRQ,2013-06-30,2013-06-30,2013-06-30,2021-08-25,-663768000.0,12752928000.0,,1472841000.0,11280087000.0,,14.667,-324632000.0,71938000.0,71938000.0,486183000.0,-12813000.0,0.99,2.168,3398891000.0,227141000.0,3171750000.0,3398891000.0,0.0,109529000.0,0.0,0.015,0.087,71556000.0,181085000.0,0.219,181085000.0,71556000.0,17039000.0,-0.042,-0.042,-0.042,4025651000.0,,4025651000.0,9366927929.0,25.0,13.123,-199523000.0,-0.727,1.0,341984000.0,0.413,0.0,54517000.0,14592680000.0,,227994000.0,257609000.0,0.0,257609000.0,8727868000.0,1487201000.0,7240667000.0,6196357929.0,46875000.0,0.0,1588000.0,181087000.0,-28601000.0,155350000.0,-233584000.0,-4100000.0,125109000.0,0.0,-12526000.0,-12526000.0,-12526000.0,21375000.0,-287000.0,-0.015,118785000.0,223199000.0,461415000.0,-2.071,1.539,49.792,49.308,10423745000.0,0.0,22.583,2.511,2.512,890332000.0,2351320000.0,828167000.0,828167000.0,10406000.0,,,,,8578000.0,55533000.0,1.0,274381523.0,274466376.0,274466376.0,3.017,12752928000.0,533637000.0,29565000.0,0.0,46.464,-14360000.0
33,CNX,MRQ,2013-03-31,2013-03-31,2013-03-31,2021-08-25,-742893000.0,12593194000.0,,1439172000.0,11154022000.0,,14.499,-275194000.0,45441000.0,45441000.0,485458000.0,-1821000.0,1.069,2.17,3216011000.0,43472000.0,3172539000.0,3216011000.0,0.0,111578000.0,0.0,0.012,0.0,50921000.0,162499000.0,0.193,162499000.0,50921000.0,-2456000.0,-0.008,-0.008,-0.008,3972538000.0,,3972538000.0,10837204391.0,19.0,11.35,-6913000.0,-0.025,1.0,357485000.0,0.424,0.0,53377000.0,14417112000.0,,217034000.0,274122000.0,0.0,274122000.0,8620960000.0,1346652000.0,7274308000.0,7676765391.0,3181000.0,0.0,909000.0,-35178000.0,0.0,-33558000.0,-231542000.0,-12500000.0,268281000.0,0.0,-1564000.0,-1564000.0,-1564000.0,-1903000.0,-257000.0,-0.002,127099000.0,230386000.0,463886000.0,0.0,1.932,26.498,26.505,10233204000.0,0.0,28.042,2.481,2.483,914572000.0,2393528000.0,842943000.0,842943000.0,10489000.0,,,,,26069000.0,63622000.0,1.0,273759553.0,273981748.0,273981748.0,3.077,12593194000.0,592431000.0,-892000.0,0.0,45.964,92520000.0
34,CNX,MRQ,2012-12-31,2012-12-31,2012-12-31,2021-08-25,-747342000.0,12997594000.0,,1539094000.0,11458500000.0,,14.457,-31797000.0,90535000.0,90535000.0,-640894000.0,149640000.0,1.11,2.287,3249989000.0,75403000.0,3174586000.0,3249989000.0,0.0,-35933000.0,0.0,0.016,0.174,229457000.0,193524000.0,-0.532,193524000.0,229457000.0,178203000.0,0.55,0.55,0.55,3953792000.0,,3953792000.0,10261499045.0,15.0,9.127,166153000.0,0.608,1.0,277074000.0,-0.762,0.0,51254000.0,14769949000.0,,170808000.0,567194000.0,318387000.0,248807000.0,9043849000.0,1387099000.0,7656750000.0,7311755045.0,-209096000.0,0.0,-2550000.0,60606000.0,-56988000.0,6584000.0,-413630000.0,-4750000.0,197950000.0,0.0,149903000.0,149903000.0,149903000.0,-70114000.0,-263000.0,-0.412,-373625000.0,650699000.0,498515000.0,0.316,1.849,18.822,18.772,10190967000.0,0.0,26.75,1.988,1.987,597305000.0,2402551000.0,-363820000.0,-363820000.0,39005000.0,,,,,2704000.0,101812000.0,1.0,273336637.0,273480293.0,274789750.0,-1.33,12997594000.0,84777000.0,28300000.0,360904000.0,47.527,151995000.0
35,CNX,MRQ,2012-09-30,2012-09-30,2012-09-30,2021-08-25,-799791000.0,12556594000.0,,1710524000.0,10846070000.0,,13.898,-105909000.0,251330000.0,251330000.0,866240000.0,-11473000.0,1.283,2.307,3201074000.0,22065000.0,3179009000.0,3201074000.0,0.0,153877000.0,0.0,0.014,0.087,22809000.0,176686000.0,0.152,176686000.0,22809000.0,-31266000.0,-0.042,-0.042,-0.042,3796728000.0,,3796728000.0,9815894325.0,12.0,8.002,56305000.0,0.206,1.0,293849000.0,0.253,0.0,54075000.0,14172636000.0,,266539000.0,215168000.0,0.0,215168000.0,8759650000.0,1333702000.0,7425948000.0,6840338325.0,30751000.0,0.0,777000.0,-1903000.0,-28457000.0,-28692000.0,-102771000.0,3138000.0,162214000.0,0.0,-11368000.0,-11368000.0,-11368000.0,0.0,-105000.0,-0.01,271145000.0,22704000.0,497604000.0,-2.071,1.802,15.754,15.73,9928023000.0,0.0,25.042,1.78,1.78,857756000.0,2319530000.0,1160089000.0,1160089000.0,0.0,,,,,11488000.0,36681000.0,1.0,273154633.0,273185274.0,273185274.0,4.247,12556594000.0,630874000.0,-19898000.0,0.0,45.964,376822000.0
36,CNX,MRQ,2012-06-30,2012-06-30,2012-06-30,2021-08-25,-753444000.0,12597896000.0,,1680623000.0,10917273000.0,,14.173,-184335000.0,220572000.0,220572000.0,914354000.0,152710000.0,1.32,2.255,3196128000.0,20862000.0,3175266000.0,3196128000.0,0.0,153824000.0,0.0,0.013,0.087,268277000.0,422101000.0,0.29,422101000.0,268277000.0,211684000.0,0.558,0.558,0.558,3869991000.0,,3869991000.0,9769092848.0,9.0,6.65,-45872000.0,-0.168,1.0,540133000.0,0.371,0.0,56593000.0,14300535000.0,,305061000.0,509580000.0,0.0,509580000.0,8727584000.0,1272917000.0,7454667000.0,6880966848.0,-87106000.0,0.0,403000.0,-2332000.0,-28446000.0,-29645000.0,-195924000.0,-11589000.0,138463000.0,0.0,152739000.0,152739000.0,152739000.0,0.0,-29000.0,0.105,271885000.0,268248000.0,472804000.0,0.156,1.778,11.227,11.2,9670877000.0,0.0,25.2,1.636,1.636,831081000.0,2359609000.0,1454487000.0,1454487000.0,0.0,,,,,10683000.0,33732000.0,1.0,273054240.0,273058073.0,275102622.0,5.327,12597896000.0,588722000.0,58945000.0,35065000.0,46.136,407706000.0
37,CNX,MRQ,2012-03-31,2012-03-31,2012-03-31,2021-08-25,-713846000.0,12595611000.0,,1866735000.0,10728876000.0,,13.839,-277835000.0,309471000.0,309471000.0,964196000.0,97196000.0,1.333,2.337,3197597000.0,20879000.0,3176718000.0,3197597000.0,0.0,155347000.0,0.0,0.011,0.087,176697000.0,332044000.0,0.233,332044000.0,176697000.0,118577000.0,0.358,0.35,0.358,3774112000.0,,3774112000.0,10544204175.0,11.0,7.707,-48349000.0,-0.177,1.0,462574000.0,0.324,0.0,58120000.0,14083766000.0,,284997000.0,500603000.0,0.0,500603000.0,8821499000.0,1399971000.0,7421528000.0,7743974175.0,-88423000.0,0.0,163000.0,-2330000.0,-28387000.0,-29824000.0,-288085000.0,-10250000.0,229486000.0,0.0,97196000.0,97196000.0,97196000.0,0.0,0.0,0.068,285877000.0,176697000.0,471921000.0,0.243,2.052,14.406,14.388,9441437000.0,0.0,28.417,1.785,1.786,904703000.0,2235776000.0,1426770000.0,1426770000.0,0.0,,,,,16252000.0,38903000.0,1.0,272512024.0,272723123.0,276148813.0,5.232,12595611000.0,596657000.0,21381000.0,50313000.0,46.185,466764000.0
38,CNX,MRQ,2011-12-31,2011-12-31,2011-12-31,2021-08-25,-801554000.0,12525700000.0,,1897977000.0,10627723000.0,,13.257,-128918000.0,397884000.0,397884000.0,-320764000.0,195635000.0,1.367,2.469,3198114000.0,20691000.0,3177423000.0,3198114000.0,0.0,-36035000.0,0.0,0.01,0.087,331846000.0,295811000.0,-1.494,295811000.0,331846000.0,273465000.0,0.717,0.708,0.717,3610885000.0,,3610885000.0,11030482542.0,10.0,7.341,146284000.0,0.537,1.0,122775000.0,-0.62,0.0,58381000.0,13937533000.0,,258335000.0,797478000.0,314950000.0,482528000.0,8914815000.0,1388397000.0,7526418000.0,8324258542.0,-96787000.0,0.0,2814000.0,-1760000.0,-28384000.0,-24777000.0,-347212000.0,-14984000.0,275202000.0,0.0,195635000.0,195635000.0,195635000.0,49178000.0,0.0,-0.988,-258249000.0,381024000.0,522003000.0,0.121,2.305,13.161,13.154,9326416000.0,0.0,30.583,1.902,1.901,568520000.0,2184737000.0,-197989000.0,-197989000.0,0.0,,,,,5048000.0,-15668000.0,1.0,272185807.0,272369758.0,274806968.0,-0.727,12525700000.0,648807000.0,77830000.0,75633000.0,45.988,509580000.0
39,CNX,MRQ,2011-09-30,2011-09-30,2011-09-30,2021-08-25,-800896000.0,12163048000.0,,1901918000.0,10261130000.0,,12.594,275789000.0,492814000.0,492814000.0,954946000.0,167329000.0,1.46,2.549,3199038000.0,20306000.0,3178732000.0,3199038000.0,0.0,159750000.0,0.0,0.01,0.069,259306000.0,419056000.0,0.275,419056000.0,259306000.0,200422000.0,0.617,0.608,0.617,3426743000.0,,3426743000.0,11184882791.0,12.0,7.147,732710000.0,2.693,1.0,566783000.0,0.372,0.0,58884000.0,13566360000.0,,241691000.0,175818000.0,0.0,175818000.0,8736305000.0,1302912000.0,7433393000.0,7693412791.0,446004000.0,0.0,1207000.0,-332965000.0,-22679000.0,-353696000.0,342779000.0,66990000.0,456921000.0,0.0,167329000.0,167329000.0,167329000.0,0.0,0.0,0.11,307477000.0,259306000.0,448667000.0,0.112,2.245,14.212,14.194,9071100000.0,0.0,28.275,1.297,1.297,834690000.0,2025794000.0,1521729000.0,1521729000.0,0.0,,,,,11508000.0,46692000.0,1.0,272092406.0,272092813.0,274996244.0,5.593,12163048000.0,627609000.0,33093000.0,0.0,44.702,599006000.0
40,CNX,MRQ,2011-06-30,2011-06-30,2011-06-30,2021-08-25,-850554000.0,12201118000.0,,1150850000.0,11050268000.0,,11.836,-323483000.0,46810000.0,46810000.0,1003113000.0,77384000.0,0.745,2.792,3538280000.0,356033000.0,3182247000.0,3538280000.0,0.0,157800000.0,0.0,0.007,0.069,163381000.0,321181000.0,0.202,321181000.0,163381000.0,98784000.0,0.283,0.283,0.283,3219178000.0,,3219178000.0,14468822762.0,17.0,9.877,36756000.0,0.135,1.0,584815000.0,0.368,0.0,64597000.0,14148337000.0,,259663000.0,100951000.0,0.0,100951000.0,8987069000.0,1544251000.0,7442818000.0,10987404762.0,-101176000.0,0.0,1313000.0,-108942000.0,-22668000.0,-140332000.0,-321083000.0,2400000.0,360239000.0,0.0,77384000.0,77384000.0,77384000.0,0.0,0.0,0.049,405344000.0,179471000.0,351356000.0,0.244,3.413,24.45,24.485,10244548000.0,0.0,40.4,1.908,1.908,526944000.0,1883610000.0,1587928000.0,1587928000.0,0.0,,,,,12129000.0,43423000.0,1.0,271965464.0,271977302.0,274965629.0,5.838,12201118000.0,681113000.0,21400000.0,0.0,44.861,-393401000.0
41,CNX,MRQ,2011-03-31,2011-03-31,2011-03-31,2021-08-25,-875704000.0,12223741000.0,,1233640000.0,10990101000.0,,11.508,-254478000.0,147986000.0,147986000.0,867871000.0,192149000.0,0.754,2.912,3629404000.0,445501000.0,3183903000.0,3629404000.0,0.0,149062000.0,0.0,0.006,0.069,317559000.0,466621000.0,0.318,466621000.0,317559000.0,251077000.0,0.708,0.7,0.708,3125862000.0,,3125862000.0,15774999750.0,19.0,11.005,180766000.0,0.666,1.0,597506000.0,0.408,0.0,66482000.0,14069119000.0,,287809000.0,97520000.0,0.0,97520000.0,9102392000.0,1636040000.0,7466352000.0,12133163750.0,94901000.0,0.0,3699000.0,-67198000.0,-22625000.0,-87335000.0,-253008000.0,1470000.0,435244000.0,0.0,192149000.0,192149000.0,192149000.0,0.0,0.0,0.131,279947000.0,317559000.0,335878000.0,0.097,3.882,27.66,27.639,10199298000.0,0.0,44.692,2.222,2.223,503228000.0,1832384000.0,1465377000.0,1465377000.0,0.0,,,,,13446000.0,40196000.0,1.0,271484018.0,271620713.0,274577806.0,5.395,12223741000.0,641667000.0,58928000.0,0.0,45.003,-402400000.0
42,CNX,MRQ,2010-12-31,2010-12-31,2010-12-31,2021-08-25,-874338000.0,12070610000.0,,1115006000.0,10955604000.0,,10.858,-297216000.0,53085000.0,53085000.0,871273000.0,104461000.0,0.67,3.102,3694921000.0,508783000.0,3186138000.0,3694921000.0,0.0,154284000.0,0.0,0.007,0.069,203876000.0,358160000.0,0.264,358160000.0,203876000.0,138457000.0,0.383,0.392,0.383,2944477000.0,,2944477000.0,14620046044.0,22.0,11.898,-44834000.0,-0.165,1.0,486048000.0,0.358,0.0,65419000.0,14047661000.0,,258538000.0,100783000.0,408000.0,100375000.0,9134597000.0,1664785000.0,7469812000.0,11007756044.0,17212000.0,3987000.0,3392000.0,67252000.0,-22585000.0,53474000.0,-288644000.0,11452000.0,252382000.0,0.0,104461000.0,104461000.0,104461000.0,0.0,0.0,0.077,282172000.0,203876000.0,354011000.0,0.18,3.738,31.743,30.266,10129251000.0,0.0,40.617,2.102,2.001,473711000.0,1680597000.0,1357321000.0,1357321000.0,0.0,,,,,14013000.0,42313000.0,1.0,271013518.0,271169478.0,272684026.0,5.005,12070610000.0,691545000.0,33996000.0,0.0,44.513,-549779000.0
43,CNX,MRQ,2010-09-30,2010-09-30,2010-09-30,2021-08-25,-619755000.0,11721758000.0,,1000761000.0,10720997000.0,,11.465,-221826000.0,15582000.0,15582000.0,907829000.0,75383000.0,0.65,2.776,3627872000.0,429817000.0,3198055000.0,3627872000.0,0.0,161429000.0,0.0,0.009,0.069,157570000.0,318999000.0,0.236,318999000.0,157570000.0,91140000.0,0.275,0.275,0.275,3106282000.0,,3106282000.0,12084844704.0,18.0,10.174,151262000.0,0.558,1.0,441464000.0,0.327,0.0,66430000.0,13794184000.0,,262331000.0,92261000.0,0.0,92261000.0,8624129000.0,1539864000.0,7084265000.0,8345354704.0,-18731000.0,1466000.0,426000.0,-147624000.0,-22582000.0,-173225000.0,-218594000.0,-5101000.0,373088000.0,0.0,75383000.0,75383000.0,75383000.0,0.0,0.0,0.056,283894000.0,157570000.0,312910000.0,0.251,2.687,21.648,18.758,9990406000.0,0.0,30.8,1.631,1.631,444743000.0,1617769000.0,1349293000.0,1349293000.0,0.0,,,,,13531000.0,38722000.0,1.0,270953075.0,270937847.0,273710759.0,4.98,11721758000.0,510743000.0,15757000.0,0.0,43.264,-539103000.0
44,CNX,MRQ,2010-06-30,2010-06-30,2010-06-30,2021-08-25,-626940000.0,11688091000.0,,1043844000.0,10644247000.0,,11.196,-309946000.0,34313000.0,34313000.0,859713000.0,70900000.0,0.649,2.857,3773803000.0,604854000.0,3168949000.0,3773803000.0,0.0,132764000.0,0.0,0.01,0.069,156954000.0,289718000.0,0.225,289718000.0,156954000.0,91916000.0,0.25,0.242,0.25,3032583000.0,,3032583000.0,6823315845.0,11.0,6.153,21786000.0,0.08,1.0,429634000.0,0.333,0.0,65038000.0,13819398000.0,,293850000.0,87124000.0,0.0,87124000.0,8663998000.0,1608183000.0,7055815000.0,7619894845.0,-1844694000.0,-3475665000.0,940000.0,2690297000.0,-22578000.0,2594668000.0,-4771094000.0,-985483000.0,331732000.0,0.0,66668000.0,66668000.0,66668000.0,0.0,4232000.0,0.052,268448000.0,161186000.0,265089000.0,0.276,2.513,19.17,15.921,9922276000.0,0.0,28.133,1.567,1.567,460678000.0,1566921000.0,1289347000.0,1289347000.0,0.0,,,,,10100000.0,39045000.0,1.0,270852552.0,270858647.0,273697324.0,4.76,11688091000.0,524423000.0,25248000.0,0.0,43.152,-564339000.0
45,CNX,MRQ,2010-03-31,2010-03-31,2010-03-31,2021-08-25,-609537000.0,9874564000.0,,2992748000.0,6881816000.0,,17.125,-265192000.0,1879007000.0,1879007000.0,812567000.0,107882000.0,1.849,1.577,1082428000.0,661840000.0,420588000.0,1082428000.0,0.0,119186000.0,0.0,0.008,0.069,142700000.0,261886000.0,0.211,261886000.0,142700000.0,134555000.0,0.458,0.45,0.458,3734582000.0,,3734582000.0,8603826803.0,13.0,7.812,-91082000.0,-0.418,1.0,427493000.0,0.345,0.0,8145000.0,7459228000.0,,327443000.0,87856000.0,0.0,87856000.0,5887660000.0,1618757000.0,4268903000.0,7728281803.0,1813400000.0,0.0,1830097000.0,89813000.0,-18116000.0,1904932000.0,-265642000.0,-450000.0,174110000.0,0.0,100269000.0,100269000.0,100269000.0,0.0,7613000.0,0.081,277180000.0,150313000.0,305310000.0,0.151,2.069,17.399,17.409,6209054000.0,0.0,35.55,1.664,1.67,536497000.0,1525007000.0,1240060000.0,1240060000.0,0.0,,,,,9949000.0,30130000.0,1.0,217391893.0,218071776.0,221218778.0,5.686,9874564000.0,472261000.0,34286000.0,42082000.0,45.281,1373991000.0
46,CNX,MRQ,2009-12-31,2009-12-31,2009-12-31,2021-08-25,-640504000.0,7775401000.0,,991036000.0,6784365000.0,,8.229,-231492000.0,65607000.0,65607000.0,806569000.0,150046000.0,0.67,3.221,991152000.0,568244000.0,422908000.0,991152000.0,0.0,113758000.0,0.0,0.007,0.069,203482000.0,317240000.0,0.256,317240000.0,203482000.0,195022000.0,0.658,0.65,0.658,1785548000.0,,1785548000.0,9860345151.0,12.0,8.018,100751000.0,0.464,1.0,431473000.0,0.349,0.0,8460000.0,7222360000.0,,307597000.0,83533000.0,0.0,83533000.0,5750922000.0,1478586000.0,4272336000.0,9005458151.0,33205000.0,0.0,1412000.0,-54847000.0,-18085000.0,-68641000.0,-230397000.0,1095000.0,332243000.0,0.0,143189000.0,143189000.0,143189000.0,0.0,6857000.0,0.116,221134000.0,210339000.0,269560000.0,0.105,5.044,16.686,16.653,6124290000.0,0.0,41.5,1.948,1.947,383443000.0,1456898000.0,1238042000.0,1238042000.0,0.0,,,,,8159000.0,32620000.0,1.0,216998992.0,216990202.0,219634534.0,5.706,7775401000.0,498680000.0,51833000.0,27944000.0,35.833,-487550000.0
47,CNX,MRQ,2009-09-30,2009-09-30,2009-09-30,2021-08-25,-501140000.0,7318937000.0,,829934000.0,6489003000.0,,8.272,-170469000.0,32402000.0,32402000.0,750757000.0,93286000.0,0.692,2.95,887289000.0,432597000.0,454692000.0,887289000.0,0.0,109965000.0,0.0,0.007,0.069,130091000.0,240056000.0,0.219,240056000.0,130091000.0,122589000.0,0.4,0.4,0.4,1793947000.0,,1793947000.0,8978987895.0,10.0,6.888,-8507000.0,-0.039,1.0,343760000.0,0.314,0.0,7502000.0,6974450000.0,,310539000.0,81724000.0,0.0,81724000.0,5291610000.0,1199374000.0,4092236000.0,8151475895.0,-75909000.0,0.0,524000.0,-49211000.0,-18079000.0,-69072000.0,-168799000.0,1670000.0,161962000.0,0.0,87370000.0,87370000.0,87370000.0,0.0,5916000.0,0.08,207753000.0,136007000.0,238826000.0,0.172,4.544,14.23,14.277,5981591000.0,0.0,37.592,1.762,1.762,187828000.0,1345112000.0,1094517000.0,1094517000.0,0.0,,,,,9090000.0,31642000.0,1.0,216840708.0,216870233.0,219830000.0,5.047,7318937000.0,382768000.0,35219000.0,0.0,33.748,-369440000.0
48,CNX,MRQ,2009-06-30,2009-06-30,2009-06-30,2021-08-25,-467193000.0,7357300000.0,,926204000.0,6431096000.0,,8.074,-192502000.0,108311000.0,108311000.0,676791000.0,118839000.0,0.732,3.068,935823000.0,474231000.0,461592000.0,935823000.0,0.0,107475000.0,0.0,0.01,0.069,174700000.0,282175000.0,0.264,282175000.0,174700000.0,167755000.0,0.525,0.517,0.525,1750276000.0,,1750276000.0,7069371902.0,8.0,5.438,123964000.0,0.572,1.0,393774000.0,0.368,0.0,6945000.0,6919364000.0,,324655000.0,77706000.0,0.0,77706000.0,5370509000.0,1265448000.0,4105061000.0,6134474902.0,36756000.0,0.0,490000.0,-71257000.0,-18068000.0,-88578000.0,-191132000.0,1370000.0,316466000.0,0.0,113339000.0,113339000.0,113339000.0,0.0,5500000.0,0.106,213574000.0,180200000.0,232136000.0,0.131,3.505,10.659,10.712,5903079000.0,0.0,28.3,1.304,1.304,201673000.0,1279979000.0,1070565000.0,1070565000.0,0.0,,,,,11877000.0,35627000.0,1.0,216765898.0,216773398.0,219688096.0,4.939,7357300000.0,364614000.0,54416000.0,4891000.0,33.94,-339244000.0
49,CNX,MRQ,2009-03-31,2009-03-31,2009-03-31,2021-08-25,-436503000.0,7407287000.0,,998998000.0,6408289000.0,,7.726,-255733000.0,71555000.0,71555000.0,710659000.0,204971000.0,0.736,3.29,1006452000.0,542445000.0,464007000.0,1006452000.0,0.0,106219000.0,0.0,0.013,0.069,284066000.0,390285000.0,0.32,390285000.0,284066000.0,275554000.0,0.9,0.9,0.9,1674130000.0,,1674130000.0,5467786246.0,6.0,4.255,-5953000.0,-0.027,1.0,508092000.0,0.417,0.0,8512000.0,6984284000.0,,277676000.0,75637000.0,0.0,75637000.0,5507667000.0,1357900000.0,4149767000.0,4557846246.0,-66957000.0,0.0,121000.0,-43725000.0,-18060000.0,-61724000.0,-255013000.0,720000.0,249780000.0,0.0,195819000.0,195819000.0,195819000.0,0.0,9152000.0,0.161,214874000.0,293218000.0,274730000.0,0.077,2.723,8.093,8.168,5840651000.0,0.0,21.033,0.941,0.941,331864000.0,1186324000.0,1218751000.0,1218751000.0,0.0,,,,,9906000.0,30816000.0,1.0,216699769.0,216691775.0,218580108.0,5.624,7407287000.0,359401000.0,79735000.0,28913000.0,34.184,-358902000.0
50,CNX,MRQ,2008-12-31,2008-12-31,2008-12-31,2021-08-25,-461900000.0,7370458000.0,,983814000.0,6386644000.0,,6.74,-312269000.0,138512000.0,138512000.0,790052000.0,186224000.0,0.651,3.896,1048452000.0,580101000.0,468351000.0,1048452000.0,0.0,104830000.0,0.0,0.012,0.069,286303000.0,391133000.0,0.315,391133000.0,286303000.0,277891000.0,0.808,0.8,0.808,1462187000.0,,1462187000.0,5942080081.0,8.0,5.362,-5647000.0,-0.026,1.0,452660000.0,0.364,0.0,8412000.0,6768658000.0,,227810000.0,72996000.0,0.0,72996000.0,5696112000.0,1511740000.0,4184372000.0,5178590081.0,128210000.0,0.0,-97568000.0,315381000.0,-18079000.0,198629000.0,-377041000.0,-64772000.0,306622000.0,0.0,176322000.0,176322000.0,176322000.0,0.0,9902000.0,0.142,156455000.0,296205000.0,385197000.0,0.085,3.542,11.704,11.761,5765972000.0,0.0,23.817,1.113,1.12,301281000.0,1010902000.0,1242712000.0,1242712000.0,0.0,,,,,6275000.0,32023000.0,1.0,217432510.0,216945760.0,219204742.0,5.728,7370458000.0,428004000.0,101569000.0,0.0,33.974,-527926000.0
51,CNX,MRQ,2008-09-30,2008-09-30,2008-09-30,2021-08-25,-370825000.0,6705731000.0,,752143000.0,5953588000.0,,6.563,-302210000.0,10302000.0,10302000.0,823225000.0,102416000.0,0.637,3.648,773792000.0,291329000.0,482463000.0,773792000.0,0.0,96288000.0,0.0,0.007,0.069,140137000.0,236425000.0,0.202,236425000.0,140137000.0,131068000.0,0.408,0.408,0.408,1442775000.0,,1442775000.0,9076597015.0,20.0,10.877,-88945000.0,-0.405,1.0,349881000.0,0.298,0.0,9069000.0,6288721000.0,,175981000.0,69657000.0,0.0,69657000.0,5262956000.0,1180500000.0,4082456000.0,8406543015.0,-44887000.0,0.0,864000.0,58198000.0,-18329000.0,43847000.0,-301999000.0,211000.0,213265000.0,0.0,90054000.0,90054000.0,90054000.0,0.0,12362000.0,0.077,197382000.0,152499000.0,324590000.0,0.169,5.827,30.801,30.791,5462323000.0,0.0,38.242,1.942,1.942,290119000.0,882228000.0,1173106000.0,1173106000.0,0.0,,,,,6486000.0,31406000.0,1.0,219824879.0,219842503.0,222710111.0,5.336,6705731000.0,441390000.0,41014000.0,0.0,30.502,-428357000.0
52,CNX,MRQ,2008-06-30,2008-06-30,2008-06-30,2021-08-25,-542789000.0,6591235000.0,,853758000.0,5737477000.0,,5.637,-258458000.0,55189000.0,55189000.0,828064000.0,112790000.0,0.694,4.325,725243000.0,227716000.0,497527000.0,725243000.0,0.0,95775000.0,0.0,0.003,0.069,171336000.0,267111000.0,0.221,267111000.0,171336000.0,162810000.0,0.458,0.45,0.458,1237701000.0,,1237701000.0,21271799276.0,66.0,31.036,65426000.0,0.298,1.0,382832000.0,0.316,0.0,8526000.0,6031727000.0,,174660000.0,68199000.0,0.0,68199000.0,5353534000.0,1229562000.0,4123972000.0,20537922276.0,-7586000.0,0.0,8858000.0,-71694000.0,-18294000.0,-70657000.0,-260813000.0,-2355000.0,323884000.0,0.0,101012000.0,101012000.0,101012000.0,0.0,11778000.0,0.083,199718000.0,183114000.0,267966000.0,0.151,16.594,115.709,115.894,5250446000.0,0.0,93.642,5.104,5.11,335145000.0,852123000.0,1210896000.0,1210896000.0,0.0,,,,,6768000.0,30644000.0,1.0,219323832.0,219573271.0,222764698.0,5.515,6591235000.0,585722000.0,61798000.0,0.0,30.018,-375804000.0
53,CNX,MRQ,2008-03-31,2008-03-31,2008-03-31,2021-08-25,-459637000.0,6387771000.0,,804153000.0,5583618000.0,,5.536,-160539000.0,62775000.0,62775000.0,700967000.0,84231000.0,0.718,4.266,796652000.0,298786000.0,497866000.0,796652000.0,0.0,92728000.0,0.0,0.004,0.069,120811000.0,213539000.0,0.208,213539000.0,120811000.0,110635000.0,0.342,0.342,0.342,1212962000.0,,1212962000.0,13340366292.0,34.0,18.205,-14446000.0,-0.066,1.0,324764000.0,0.317,0.0,10176000.0,6001600000.0,,184360000.0,66104000.0,0.0,66104000.0,5174809000.0,1120048000.0,4054761000.0,12627309292.0,21124000.0,0.0,5267000.0,37501000.0,-18255000.0,34034000.0,-159003000.0,1536000.0,146093000.0,0.0,75082000.0,75082000.0,75082000.0,0.0,9149000.0,0.073,194804000.0,129960000.0,218510000.0,0.202,10.41,54.997,54.912,5051054000.0,0.0,57.658,3.261,3.262,323520000.0,775707000.0,1025731000.0,1025731000.0,0.0,,,,,5657000.0,30470000.0,1.0,219003595.0,219087582.0,222231061.0,4.682,6387771000.0,557788000.0,35553000.0,0.0,29.156,-315895000.0
54,CNX,MRQ,2007-12-31,2007-12-31,2007-12-31,2021-08-25,-419284000.0,6208090000.0,,683155000.0,5524935000.0,,5.566,-196966000.0,41651000.0,41651000.0,674076000.0,31825000.0,0.672,4.112,754708000.0,265783000.0,488925000.0,754708000.0,3162000.0,89835000.0,0.0,0.004,0.069,27554000.0,117389000.0,0.128,117389000.0,27554000.0,15960000.0,0.033,0.033,0.033,1214419000.0,,1214419000.0,13585960962.0,31.0,17.888,-108968000.0,-0.499,1.0,244562000.0,0.266,0.0,11594000.0,5904750000.0,,163193000.0,94866000.0,0.0,94866000.0,4993671000.0,1016397000.0,3977274000.0,12976994962.0,-37045000.0,9935000.0,11999000.0,64881000.0,-18193000.0,76011000.0,-201054000.0,-14023000.0,87998000.0,0.0,6787000.0,6787000.0,6787000.0,0.0,25038000.0,0.007,211530000.0,33032000.0,238312000.0,2.091,10.686,48.461,48.653,4965042000.0,0.0,59.6,3.449,3.461,250316000.0,766536000.0,918638000.0,918638000.0,0.0,,,,,3747000.0,29493000.0,1.0,217734815.0,218199731.0,219656586.0,4.21,6208090000.0,524721000.0,9173000.0,0.0,28.451,-333242000.0
55,CNX,MRQ,2007-09-30,2007-09-30,2007-09-30,2021-08-25,-371369000.0,6076422000.0,,698357000.0,5378065000.0,,5.689,-177813000.0,78696000.0,78696000.0,688580000.0,-5384000.0,0.744,3.894,687662000.0,197964000.0,489698000.0,687662000.0,4636000.0,82402000.0,0.0,0.005,0.049,4942000.0,87344000.0,0.101,87344000.0,4942000.0,-878000.0,-0.025,-0.025,-0.025,1241515000.0,,1241515000.0,8701923240.0,17.0,10.538,-36248000.0,-0.166,1.0,179796000.0,0.207,0.0,5820000.0,5746163000.0,,165527000.0,92462000.0,0.0,92462000.0,4834907000.0,939225000.0,3895682000.0,8500230240.0,-227809000.0,-306659000.0,-52467000.0,179400000.0,-12756000.0,115892000.0,-485266000.0,-794000.0,141565000.0,0.0,-5384000.0,-5384000.0,-5384000.0,0.0,0.0,-0.006,169089000.0,10707000.0,239606000.0,-1.96,6.847,22.586,22.617,4801455000.0,0.0,38.833,2.239,2.232,249418000.0,803267000.0,868376000.0,868376000.0,0.0,,,,,3779000.0,26623000.0,1.0,218891928.0,218240072.0,218240072.0,3.979,6076422000.0,502999000.0,4506000.0,38318000.0,27.843,-240868000.0
56,CNX,MRQ,2007-06-30,2007-06-30,2007-06-30,2021-08-25,-376868000.0,5912745000.0,,985531000.0,4927214000.0,,5.955,-137060000.0,306505000.0,306505000.0,648797000.0,153117000.0,1.451,3.541,508198000.0,14923000.0,493275000.0,508198000.0,6022000.0,75689000.0,0.0,0.005,0.049,238815000.0,314504000.0,0.297,314504000.0,238815000.0,232641000.0,0.7,0.692,0.7,1301961000.0,,1301961000.0,8726560293.0,15.0,9.935,134043000.0,0.613,1.0,411201000.0,0.388,0.0,6174000.0,5435284000.0,,164305000.0,89192000.0,0.0,89192000.0,4610784000.0,679154000.0,3931630000.0,8396274293.0,88443000.0,0.0,4088000.0,-40231000.0,-12751000.0,-45162000.0,-137498000.0,-438000.0,271103000.0,0.0,153117000.0,153117000.0,153117000.0,0.0,0.0,0.144,164702000.0,246499000.0,173248000.0,0.07,6.449,19.526,19.625,4250867000.0,0.0,38.425,2.226,2.227,341006000.0,829886000.0,1059998000.0,1059998000.0,0.0,,,,,5178000.0,26539000.0,1.0,218510717.0,218634468.0,222000146.0,4.848,5912745000.0,610631000.0,79524000.0,20071000.0,27.044,306377000.0
57,CNX,MRQ,2007-03-31,2007-03-31,2007-03-31,2021-08-25,-384030000.0,5793647000.0,,969352000.0,4824295000.0,,5.219,-146484000.0,218062000.0,218062000.0,574539000.0,113262000.0,1.324,4.072,548348000.0,59941000.0,488407000.0,548348000.0,8821000.0,76789000.0,0.0,0.005,0.049,163459000.0,240248000.0,0.263,240248000.0,163459000.0,156196000.0,0.517,0.508,0.517,1142256000.0,,1142256000.0,7470334235.0,15.0,9.272,36883000.0,0.169,1.0,340646000.0,0.372,0.0,7263000.0,5391659000.0,,173486000.0,86900000.0,0.0,86900000.0,4651391000.0,732274000.0,3919117000.0,7141954235.0,-5821000.0,0.0,-24553000.0,-4485000.0,-12775000.0,-40902000.0,-148286000.0,-1802000.0,183367000.0,0.0,113262000.0,113262000.0,113262000.0,0.0,0.0,0.124,171076000.0,169570000.0,200020000.0,0.095,6.252,18.436,18.548,4104969000.0,0.0,32.608,1.96,1.958,390734000.0,695699000.0,915185000.0,915185000.0,0.0,,,,,11539000.0,26009000.0,1.0,219024602.0,218845555.0,221778163.0,4.182,5793647000.0,656056000.0,42934000.0,21001000.0,26.474,237078000.0
58,CNX,MRQ,2006-12-31,2006-12-31,2006-12-31,2021-08-25,-375717000.0,5663332000.0,,914496000.0,4748836000.0,,4.865,-174774000.0,223883000.0,223883000.0,681614000.0,115348000.0,1.236,4.312,552263000.0,59518000.0,492745000.0,552263000.0,13106000.0,77149000.0,0.0,0.005,0.049,106486000.0,183635000.0,0.193,183635000.0,106486000.0,99211000.0,0.525,0.517,0.525,1066151000.0,,1066151000.0,6129362940.0,11.0,7.274,50476000.0,0.23,1.0,272054000.0,0.285,0.0,7275000.0,5251588000.0,,149307000.0,84219000.0,0.0,84219000.0,4597181000.0,740124000.0,3857057000.0,5867543940.0,8314000.0,0.0,531000.0,-1014000.0,-12785000.0,-12601000.0,-204335000.0,-29561000.0,225250000.0,0.0,115348000.0,115348000.0,115348000.0,0.0,0.0,0.121,158484000.0,113570000.0,225060000.0,0.093,5.503,14.35,14.411,4040287000.0,0.0,26.775,1.579,1.586,355065000.0,600541000.0,953668000.0,953668000.0,0.0,,,,,12516000.0,24097000.0,1.0,219142631.0,219153092.0,222001750.0,4.352,5663332000.0,626505000.0,-16137000.0,0.0,25.842,174372000.0
59,CNX,MRQ,2006-09-30,2006-09-30,2006-09-30,2021-08-25,-76691000.0,5294431000.0,,938744000.0,4355687000.0,,5.63,-171859000.0,215569000.0,215569000.0,614182000.0,48284000.0,1.163,3.277,477388000.0,57017000.0,420371000.0,477388000.0,16333000.0,72824000.0,0.0,0.005,0.049,67177000.0,140001000.0,0.166,140001000.0,67177000.0,61492000.0,0.217,0.217,0.217,1237981000.0,,1237981000.0,5953560366.0,11.0,6.974,-81646000.0,-0.371,1.0,229170000.0,0.272,0.0,5685000.0,4748854000.0,,182775000.0,54332000.0,0.0,54332000.0,4056450000.0,807396000.0,3249054000.0,5817797366.0,-129698000.0,0.0,-31772000.0,-4010000.0,-12847000.0,-46547000.0,-173364000.0,-1505000.0,90213000.0,0.0,48284000.0,48284000.0,48284000.0,0.0,0.0,0.057,155031000.0,74139000.0,174733000.0,0.226,4.699,15.265,15.4,3827587000.0,0.0,26.442,1.559,1.559,307700000.0,486543000.0,843352000.0,843352000.0,0.0,,,,,4066000.0,25062000.0,1.0,220021079.0,219896132.0,222666824.0,3.835,5294431000.0,481065000.0,13208000.0,28219000.0,24.077,131348000.0
60,CNX,MRQ,2006-06-30,2006-06-30,2006-06-30,2021-08-25,-84371000.0,5306938000.0,,1054157000.0,4252781000.0,,5.543,-172967000.0,345267000.0,345267000.0,595303000.0,110494000.0,1.294,3.353,481030000.0,56844000.0,424186000.0,481030000.0,19436000.0,74448000.0,0.0,0.002,0.024,167379000.0,241827000.0,0.259,241827000.0,167379000.0,161126000.0,0.5,0.492,0.5,1219062000.0,,1219062000.0,8736883055.0,10.0,7.476,23641000.0,0.107,1.0,336960000.0,0.361,0.0,6253000.0,4628210000.0,,184977000.0,52877000.0,0.0,52877000.0,4087876000.0,814491000.0,3273385000.0,8558714055.0,42230000.0,24750000.0,2153000.0,68000.0,-12836000.0,-6039000.0,-148339000.0,-122000.0,196608000.0,0.0,110494000.0,110494000.0,110494000.0,0.0,0.0,0.119,162515000.0,174445000.0,147596000.0,0.048,7.021,12.057,12.136,3726387000.0,0.0,38.933,2.09,2.091,310323000.0,454907000.0,932263000.0,932263000.0,0.0,,,,,3588000.0,21911000.0,1.0,219831866.0,219943710.0,222984281.0,4.239,5306938000.0,481058000.0,50632000.0,24206000.0,24.129,239666000.0
61,CNX,MRQ,2006-03-31,2006-03-31,2006-03-31,2021-08-25,-87784000.0,5196602000.0,,1011033000.0,4185569000.0,,5.033,-110983000.0,303037000.0,303037000.0,608160000.0,134756000.0,1.307,3.669,481206000.0,11567000.0,469639000.0,481206000.0,23023000.0,71816000.0,0.0,0.003,0.024,205336000.0,277152000.0,0.281,277152000.0,205336000.0,199483000.0,0.608,0.6,0.608,1112965000.0,,1112965000.0,6958178428.0,9.0,6.617,41493000.0,0.188,1.0,377728000.0,0.383,0.0,5853000.0,4601061000.0,,159127000.0,52142000.0,0.0,52142000.0,4083637000.0,773710000.0,3309927000.0,6855822428.0,-37603000.0,-24750000.0,-72692000.0,-151000.0,-12948000.0,-54571000.0,-135508000.0,225000.0,152476000.0,0.0,134756000.0,134756000.0,134756000.0,0.0,0.0,0.137,163896000.0,213832000.0,179364000.0,0.039,6.16,10.705,10.685,3644695000.0,0.0,30.9,1.723,1.717,335788000.0,363607000.0,985888000.0,985888000.0,0.0,,,,,2671000.0,20080000.0,1.0,221871276.0,221123263.0,224007929.0,4.459,5196602000.0,501870000.0,64727000.0,35023000.0,23.501,237323000.0
62,CNX,MRQ,2005-12-31,2005-12-31,2005-12-31,2021-08-25,-105162000.0,5071963000.0,,982811000.0,4089152000.0,,4.62,-235724000.0,340640000.0,340640000.0,688392000.0,87593000.0,1.247,3.947,442996000.0,4629000.0,438367000.0,442996000.0,27343000.0,67592000.0,0.0,0.004,0.024,127084000.0,194676000.0,0.201,194676000.0,127084000.0,120671000.0,0.392,0.383,0.392,1025356000.0,,1025356000.0,6102785374.0,9.0,6.531,-17007000.0,-0.077,1.0,280667000.0,0.29,0.0,6413000.0,4386086000.0,,140976000.0,52261000.0,0.0,52261000.0,4046607000.0,788233000.0,3258374000.0,6024245374.0,-12575000.0,0.0,3781000.0,11500000.0,-12944000.0,2337000.0,-233629000.0,2095000.0,218717000.0,0.0,87593000.0,87593000.0,87593000.0,0.0,0.0,0.09,147558000.0,133109000.0,197375000.0,0.061,5.875,10.371,10.279,3534763000.0,0.0,27.158,1.581,1.569,299617000.0,252109000.0,969059000.0,969059000.0,0.0,,,,,942000.0,21538000.0,1.0,221822129.0,221937526.0,224689022.0,4.366,5071963000.0,519958000.0,33078000.0,17557000.0,22.853,194578000.0
63,CNX,MRQ,2005-09-30,2005-09-30,2005-09-30,2021-08-25,-133894000.0,4944524000.0,,1033354000.0,3911170000.0,,4.15,-116409000.0,353215000.0,353215000.0,670407000.0,376982000.0,1.395,4.389,431755000.0,6109000.0,425646000.0,431755000.0,32697000.0,64100000.0,0.0,0.003,0.024,390946000.0,455046000.0,0.377,455046000.0,390946000.0,384155000.0,1.708,1.683,1.708,917459000.0,,917459000.0,7425450149.0,13.0,8.432,-83488000.0,-0.378,1.0,536846000.0,0.445,0.0,6791000.0,4282435000.0,,137935000.0,53458000.0,0.0,53458000.0,4027065000.0,740629000.0,3286436000.0,7000532149.0,348523000.0,420167000.0,13932000.0,2082000.0,-12909000.0,3105000.0,312497000.0,8739000.0,32921000.0,0.0,376982000.0,376982000.0,376982000.0,0.0,0.0,0.312,142441000.0,394405000.0,179762000.0,0.014,7.63,12.48,12.462,3358026000.0,0.0,31.779,1.927,1.934,315525000.0,177460000.0,1207253000.0,1207253000.0,0.0,,,,,857000.0,23976000.0,1.0,220287994.0,221070648.0,224141494.0,5.461,4944524000.0,539418000.0,7173000.0,14420000.0,22.366,292725000.0
64,CNX,MRQ,2005-06-30,2005-06-30,2005-06-30,2021-08-25,-92923000.0,4423867000.0,,608387000.0,3815480000.0,,2.641,-88312000.0,4692000.0,4692000.0,617460000.0,41074000.0,0.846,6.633,429610000.0,3924000.0,425686000.0,429610000.0,38122000.0,66780000.0,0.0,0.004,0.024,57876000.0,124656000.0,0.153,124656000.0,57876000.0,50687000.0,0.183,0.183,0.183,579568000.0,,579568000.0,5285829520.0,28.0,11.093,-26548000.0,-0.121,1.0,199689000.0,0.244,0.0,7189000.0,4129705000.0,,135601000.0,70641000.0,0.0,70641000.0,3844299000.0,719080000.0,3125219000.0,4892424520.0,-16567000.0,0.0,8910000.0,-119000.0,-12779000.0,-3988000.0,-74343000.0,-1031000.0,61764000.0,0.0,41074000.0,41074000.0,41074000.0,0.0,0.0,0.05,141813000.0,57876000.0,149635000.0,0.131,8.442,28.382,28.367,3274692000.0,0.0,22.325,1.586,1.588,271909000.0,-186600000.0,817149000.0,817149000.0,0.0,,,,,1357000.0,18797000.0,1.0,219145555.0,219448771.0,222202346.0,3.724,4423867000.0,504136000.0,9613000.0,180000.0,20.159,-110693000.0
65,CNX,MRQ,2005-03-31,2005-03-31,2005-03-31,2021-08-25,-96592000.0,4315215000.0,,572117000.0,3743098000.0,,2.461,-58131000.0,36259000.0,36259000.0,581032000.0,75212000.0,0.79,7.034,429664000.0,3919000.0,425745000.0,429664000.0,44124000.0,63379000.0,0.0,0.005,0.024,96611000.0,159990000.0,0.196,159990000.0,96611000.0,89687000.0,0.346,0.342,0.346,537112000.0,,537112000.0,4712553334.0,29.0,10.516,37553000.0,0.172,1.0,235956000.0,0.289,0.0,6924000.0,3983989000.0,,144477000.0,69778000.0,0.0,69778000.0,3778103000.0,724631000.0,3053472000.0,4284270334.0,14837000.0,0.0,12527000.0,-1747000.0,-12689000.0,-1909000.0,-78938000.0,-5807000.0,95684000.0,0.0,75212000.0,75212000.0,75212000.0,0.0,0.0,0.092,139345000.0,96611000.0,161375000.0,0.069,7.976,27.2,27.023,3177632000.0,0.0,19.592,1.456,1.453,209309000.0,-214895000.0,816988000.0,816988000.0,0.0,,,,,440000.0,16389000.0,1.0,218674476.0,218263766.0,220943498.0,3.743,4315215000.0,506153000.0,14475000.0,0.0,19.771,-152514000.0
66,CNX,MRQ,2004-12-31,2004-12-31,2004-12-31,2021-08-25,-89193000.0,4195611000.0,,475237000.0,3720374000.0,,2.158,-115707000.0,6422000.0,6422000.0,576654000.0,67668000.0,0.661,7.945,434705000.0,8945000.0,425760000.0,434705000.0,50208000.0,96187000.0,0.0,0.006,0.024,44762000.0,140949000.0,0.178,140949000.0,44762000.0,36986000.0,0.312,0.308,0.312,469021000.0,,469021000.0,4175232351.0,21.0,8.739,47051000.0,0.216,1.0,214780000.0,0.271,0.0,7776000.0,3905382000.0,,121902000.0,47684000.0,0.0,47684000.0,3726590000.0,718512000.0,3008078000.0,3714378351.0,-6207000.0,0.0,4329000.0,-43416000.0,-12660000.0,-51747000.0,-117218000.0,-1511000.0,162758000.0,0.0,67668000.0,67668000.0,67668000.0,0.0,0.0,0.086,170018000.0,44762000.0,166068000.0,0.077,7.919,18.705,18.652,3182580000.0,0.0,17.104,1.338,1.334,141831000.0,-277406000.0,791434000.0,791434000.0,0.0,,,,,438000.0,18819000.0,1.0,217164310.0,217329384.0,220185235.0,3.642,4195611000.0,515512000.0,-30682000.0,0.0,19.305,-243275000.0
67,CNX,MRQ,2004-09-30,2004-09-30,2004-09-30,2021-08-25,-113354000.0,4167579000.0,,501076000.0,3666503000.0,,1.776,-92650000.0,12629000.0,12629000.0,543993000.0,-11574000.0,0.681,9.822,473483000.0,48831000.0,424652000.0,473483000.0,54311000.0,63015000.0,0.0,0.007,0.024,-12095000.0,50920000.0,0.077,50920000.0,-12095000.0,-18366000.0,-0.054,-0.054,-0.054,385085000.0,,385085000.0,3519121314.0,25.0,9.165,-84954000.0,-0.392,1.0,115883000.0,0.176,0.0,6271000.0,3892681000.0,,110409000.0,46539000.0,0.0,46539000.0,3782494000.0,735752000.0,3046742000.0,3151381314.0,-47499000.0,2611000.0,4552000.0,44803000.0,-12637000.0,150578000.0,-92831000.0,-2792000.0,7696000.0,0.0,-11574000.0,-11574000.0,-11574000.0,0.0,0.0,-0.018,127978000.0,-12095000.0,141531000.0,-0.444,8.184,28.572,29.31,3161309000.0,0.0,14.538,1.241,1.242,180007000.0,-332402000.0,659876000.0,659876000.0,0.0,,,,,429000.0,18191000.0,1.0,216768559.0,216866458.0,216866458.0,3.043,4167579000.0,511189000.0,-6792000.0,0.0,19.217,-234676000.0
68,CNX,MRQ,2004-06-30,2004-06-30,2004-06-30,2021-08-25,-111678000.0,4196753000.0,,562791000.0,3633962000.0,,1.878,-94596000.0,61046000.0,61046000.0,512561000.0,26205000.0,0.811,9.337,428786000.0,3812000.0,424974000.0,428786000.0,58043000.0,61725000.0,0.0,0.006,0.024,34547000.0,96272000.0,0.143,96272000.0,34547000.0,26226000.0,0.121,0.121,0.121,405991000.0,,405991000.0,3596364900.0,25.0,9.37,-2508000.0,-0.012,1.0,162023000.0,0.24,0.0,8321000.0,3870518000.0,,111886000.0,46914000.0,0.0,46914000.0,3790762000.0,693975000.0,3096787000.0,3241062900.0,32502000.0,-1405000.0,4139000.0,-145126000.0,-12598000.0,-76527000.0,-96001000.0,0.0,92088000.0,0.0,26205000.0,26205000.0,26205000.0,0.0,0.0,0.039,127476000.0,34547000.0,123674000.0,0.198,7.983,27.946,28.791,3134876000.0,0.0,15.0,1.333,1.334,174750000.0,-308179000.0,674584000.0,674584000.0,0.0,,,,,286000.0,17263000.0,1.0,216070860.0,216186998.0,218313972.0,3.12,4196753000.0,494080000.0,21000.0,0.0,19.413,-131184000.0
69,CNX,MRQ,2004-03-31,2004-03-31,2004-03-31,2021-08-25,-109465000.0,4320036000.0,,543081000.0,3776955000.0,,1.794,-93286000.0,218544000.0,218544000.0,477980000.0,116283000.0,0.632,10.158,573846000.0,148871000.0,424975000.0,573846000.0,61508000.0,59470000.0,0.0,0.009,0.024,130151000.0,189621000.0,0.291,189621000.0,130151000.0,121090000.0,0.537,0.533,0.537,387160000.0,,387160000.0,2776878194.0,21.0,7.453,2263000.0,0.01,1.0,172875000.0,0.266,372610000.0,9061000.0,3443404000.0,,109922000.0,46528000.0,0.0,46528000.0,3932876000.0,859324000.0,3073552000.0,2410307194.0,21113000.0,-1206000.0,1844000.0,30788000.0,-12576000.0,20056000.0,-94492000.0,0.0,95549000.0,0.0,116283000.0,116283000.0,116283000.0,0.0,0.0,0.179,126097000.0,46778000.0,142179000.0,0.045,6.226,24.024,24.597,2716223000.0,0.0,11.167,1.042,1.042,201976000.0,-323938000.0,650855000.0,650855000.0,0.0,,,,,0.0,18594000.0,1.0,215841962.0,215825534.0,217315990.0,3.016,3947426000.0,502644000.0,4807000.0,0.0,18.29,-316243000.0
70,CNX,MRQ,2003-12-31,2003-12-31,2003-12-31,2021-08-25,-102601000.0,4318978000.0,,470840000.0,3848138000.0,,1.347,-87020000.0,197431000.0,197431000.0,446459000.0,-20619000.0,0.568,13.86,564002000.0,122090000.0,441912000.0,564002000.0,61673000.0,58037000.0,0.0,0.009,0.024,-10867000.0,47170000.0,0.085,47170000.0,-10867000.0,-19316000.0,-0.108,-0.108,-0.108,290637000.0,,290637000.0,2656745921.0,465.0,10.719,-22862000.0,-0.106,1.0,107520000.0,0.194,0.0,8449000.0,3856250000.0,,103358000.0,84878000.0,0.0,84878000.0,4028341000.0,829299000.0,3199042000.0,2325991921.0,-163605000.0,-4044000.0,1015000.0,64848000.0,-12562000.0,-136699000.0,-91064000.0,0.0,64158000.0,0.0,-20619000.0,-20619000.0,-20619000.0,0.0,0.0,-0.037,118387000.0,-10867000.0,134772000.0,-0.222,8.003,-298.281,-256.952,3061507000.0,0.0,10.792,1.047,0.953,181372000.0,-425470000.0,553979000.0,553979000.0,0.0,,,,,0.0,20880000.0,1.0,215529274.0,215789395.0,214047614.0,2.567,4318978000.0,555285000.0,1303000.0,0.0,20.015,-358459000.0
71,CNX,MRQ,2003-09-30,2003-09-30,2003-09-30,2021-08-25,-98047000.0,4301338000.0,,607664000.0,3693674000.0,,1.716,-71717000.0,171036000.0,171036000.0,442407000.0,-5895000.0,0.802,12.14,501790000.0,54413000.0,447377000.0,501790000.0,68792000.0,61116000.0,0.0,0.013,0.024,-10364000.0,50752000.0,0.092,50752000.0,-10364000.0,-18400000.0,-0.029,-0.029,-0.029,327357000.0,,327357000.0,1975751154.0,80.0,7.398,6150000.0,0.032,1.0,109753000.0,0.199,377906000.0,8036000.0,3496846000.0,,110511000.0,86005000.0,0.0,86005000.0,3973981000.0,757340000.0,3216641000.0,1463886154.0,156151000.0,-3916000.0,189889000.0,-24035000.0,-11019000.0,153917000.0,-75633000.0,0.0,77867000.0,0.0,-5895000.0,-5895000.0,-5895000.0,0.0,0.0,-0.011,120117000.0,-10364000.0,114135000.0,-0.828,4.472,86.339,88.989,2671563000.0,0.0,7.742,0.659,0.664,178169000.0,-392277000.0,552160000.0,552160000.0,0.0,,,,,0.0,20218000.0,1.0,189083719.0,190801903.0,190801903.0,2.894,3923432000.0,557607000.0,-12505000.0,0.0,20.563,-149676000.0
72,CNX,MRQ,2003-06-30,2003-06-30,2003-06-30,2021-08-25,-101859000.0,4201023000.0,,529211000.0,3671812000.0,,0.797,-60774000.0,13967000.0,13967000.0,409271000.0,10559000.0,0.723,26.901,525832000.0,81061000.0,444771000.0,525832000.0,80715000.0,61286000.0,0.0,0.01,0.024,23759000.0,85045000.0,0.153,85045000.0,23759000.0,15269000.0,0.054,0.054,0.054,150570000.0,,150570000.0,2423422206.0,502.0,9.56,134968000.0,0.714,1.0,147247000.0,0.265,381485000.0,8490000.0,3599906000.0,,129298000.0,81573000.0,0.0,81573000.0,4050453000.0,731497000.0,3318956000.0,1791061206.0,-5977000.0,-3879000.0,328000.0,-126378000.0,-11016000.0,-137066000.0,-64653000.0,0.0,195742000.0,0.0,10559000.0,10559000.0,10559000.0,0.0,0.0,0.019,123488000.0,23759000.0,109973000.0,0.444,11.895,112.901,119.937,2650838000.0,0.0,9.475,0.808,0.808,252353000.0,-375353000.0,556518000.0,556518000.0,0.0,,,,,0.0,19389000.0,1.0,189030206.0,189023700.0,189851796.0,2.944,3819538000.0,546223000.0,4710000.0,0.0,20.207,-202286000.0
73,CNX,MRQ,2003-03-31,2003-03-31,2003-03-31,2021-08-25,-95465000.0,4305715000.0,,628183000.0,3677532000.0,,0.831,27567000.0,19944000.0,19944000.0,440461000.0,8157000.0,0.809,26.409,652305000.0,162104000.0,490201000.0,652305000.0,91655000.0,61713000.0,0.0,0.018,0.024,3184000.0,64897000.0,0.116,64897000.0,3184000.0,-6292000.0,0.042,0.042,0.042,157093000.0,,157093000.0,1991708802.0,-254.0,8.089,70927000.0,0.375,1.0,119348000.0,0.213,382257000.0,9476000.0,3779116000.0,,127360000.0,83024000.0,0.0,83024000.0,4148622000.0,776703000.0,3371919000.0,1301634802.0,8427000.0,-831000.0,0.0,-50653000.0,-11016000.0,-61669000.0,26736000.0,0.0,43360000.0,0.0,8157000.0,8157000.0,8157000.0,0.0,0.0,0.015,120932000.0,-1584000.0,118828000.0,0.571,8.286,90.82,97.0,2646614000.0,0.0,6.887,0.593,0.593,347971000.0,-374885000.0,559809000.0,559809000.0,0.0,,,,,0.0,17084000.0,1.0,188998810.0,188998032.0,189228854.0,2.962,3923458000.0,547133000.0,-14449000.0,0.0,20.759,-148520000.0
74,CNX,MRQ,2002-12-31,2002-12-31,2002-12-31,2021-08-25,-93370000.0,4293160000.0,,622837000.0,3670323000.0,,0.857,-37720000.0,11517000.0,11517000.0,422866000.0,4134000.0,0.765,25.493,701591000.0,213160000.0,488431000.0,701591000.0,102400000.0,58155000.0,0.0,0.02,0.024,8234000.0,66389000.0,0.12,66389000.0,8234000.0,-4369000.0,0.021,0.021,0.021,162047000.0,,162047000.0,2138361782.0,369.0,7.959,112562000.0,0.596,1.0,131685000.0,0.237,388362000.0,12603000.0,3780439000.0,,135621000.0,135362000.0,0.0,135362000.0,4131113000.0,814433000.0,3316680000.0,1360771782.0,-523000.0,-9178000.0,0.0,-92852000.0,-11016000.0,-103907000.0,-46898000.0,0.0,150282000.0,0.0,4134000.0,4134000.0,4134000.0,0.0,0.0,0.007,123451000.0,8234000.0,151371000.0,1.143,8.397,116.544,116.129,2606223000.0,0.0,7.2,0.623,0.623,333117000.0,-372017000.0,554551000.0,554551000.0,0.0,,,,,0.0,16308000.0,1.0,188996081.0,188997158.0,189036422.0,2.934,3904798000.0,534889000.0,-8503000.0,0.0,20.661,-191596000.0
75,CNX,MRQ,2002-09-30,2002-09-30,2002-09-30,2021-08-25,-37302000.0,4437816000.0,,698053000.0,3739763000.0,,1.191,-85106000.0,12040000.0,12040000.0,458639000.0,-6986000.0,0.787,18.724,789630000.0,305037000.0,484593000.0,789630000.0,199722000.0,67520000.0,0.0,0.032,0.024,-30353000.0,37167000.0,0.068,37167000.0,-30353000.0,-41978000.0,-0.037,-0.037,-0.037,224997000.0,,224997000.0,1757415815.0,-53255.0,6.535,18439000.0,0.098,1.0,87734000.0,0.161,0.0,11625000.0,4328070000.0,,140956000.0,130422000.0,0.0,130422000.0,4212819000.0,887336000.0,3325483000.0,996738815.0,1826000.0,-23871000.0,225000.0,18118000.0,-11016000.0,7258000.0,-108977000.0,0.0,103545000.0,0.0,-6986000.0,-6986000.0,-6986000.0,0.0,0.0,-0.013,118087000.0,-30353000.0,135287000.0,-0.649,4.43,49.564,50.721,2927890000.0,0.0,5.275,0.461,0.461,337783000.0,-365126000.0,546373000.0,546373000.0,0.0,,,,,0.0,15728000.0,1.0,188955226.0,188964641.0,189048787.0,2.891,4437816000.0,644368000.0,-34992000.0,0.0,23.485,-189283000.0
76,CNX,MRQ,2002-06-30,2002-06-30,2002-06-30,2021-08-25,-36872000.0,4440730000.0,,660524000.0,3780206000.0,,1.287,-75954000.0,10214000.0,10214000.0,396759000.0,9027000.0,0.777,17.259,770891000.0,298166000.0,472725000.0,770891000.0,206075000.0,66677000.0,0.0,0.022,0.049,11081000.0,77758000.0,0.146,77758000.0,11081000.0,-767000.0,0.046,0.046,0.046,243204000.0,,243204000.0,2350230463.0,95.0,8.17,-31138000.0,-0.165,1.0,135907000.0,0.255,0.0,11848000.0,4351533000.0,,201701000.0,118805000.0,0.0,118805000.0,4197526000.0,849874000.0,3347652000.0,1672606463.0,-14084000.0,-29509000.0,267000.0,68686000.0,-22029000.0,46563000.0,-105463000.0,0.0,44816000.0,0.0,9027000.0,9027000.0,9027000.0,0.0,0.0,0.017,124826000.0,11081000.0,139717000.0,1.065,6.877,107.308,112.076,2911085000.0,0.0,8.854,0.778,0.779,338985000.0,-347118000.0,532666000.0,532666000.0,0.0,,,,,0.0,17195000.0,1.0,188909698.0,188934667.0,189444041.0,2.819,4440730000.0,604650000.0,-9794000.0,0.0,23.504,-189350000.0
77,CNX,MRQ,2002-03-31,2002-03-31,2002-03-31,2021-08-25,-36852000.0,4384872000.0,,677145000.0,3707727000.0,,1.355,-73187000.0,24298000.0,24298000.0,399341000.0,5501000.0,0.895,16.131,701922000.0,228269000.0,473653000.0,701922000.0,216043000.0,70521000.0,0.0,0.018,0.049,16828000.0,87349000.0,0.159,87349000.0,16828000.0,6691000.0,0.029,0.029,0.029,255959000.0,,255959000.0,2673967090.0,31.0,7.643,-42274000.0,-0.224,1.0,150667000.0,0.274,0.0,10137000.0,4306234000.0,,183618000.0,82515000.0,0.0,82515000.0,4128913000.0,756262000.0,3372651000.0,2066240090.0,8716000.0,-5411000.0,117000.0,77573000.0,-22025000.0,56401000.0,-78598000.0,0.0,30913000.0,0.0,5501000.0,5501000.0,5501000.0,0.0,0.0,0.01,133839000.0,16828000.0,142527000.0,1.69,8.073,36.959,36.953,2893239000.0,0.0,10.938,0.88,0.88,353471000.0,-334103000.0,550008000.0,550008000.0,0.0,,,,,0.0,16657000.0,1.0,188904744.0,188896968.0,189389510.0,2.912,4384872000.0,578347000.0,1190000.0,0.0,23.213,-79117000.0
78,CNX,MRQ,2001-12-31,2001-12-31,2001-12-31,2021-08-25,-37659000.0,4298732000.0,,570236000.0,3728496000.0,,1.438,-101677000.0,15582000.0,15582000.0,405937000.0,12568000.0,0.89,14.83,623309000.0,150640000.0,472669000.0,623309000.0,227595000.0,64253000.0,0.0,0.019,0.049,2411000.0,66664000.0,0.125,66664000.0,2411000.0,-6006000.0,0.067,0.067,0.067,271559000.0,,271559000.0,2442559957.0,11.0,5.012,-81131000.0,-0.43,1.0,125653000.0,0.236,403347000.0,8417000.0,3862371000.0,,113894000.0,77928000.0,0.0,77928000.0,4027173000.0,640741000.0,3386432000.0,1955034957.0,2588000.0,-18597000.0,0.0,124341000.0,-22025000.0,102316000.0,-120274000.0,0.0,20546000.0,0.0,12568000.0,12568000.0,12568000.0,0.0,0.0,0.024,123242000.0,2411000.0,171923000.0,0.731,7.199,12.93,12.938,2604607000.0,0.0,10.35,0.806,0.806,343778000.0,-317566000.0,531590000.0,531590000.0,0.0,,,,,0.0,16816000.0,1.0,188892266.0,188887438.0,189424740.0,2.814,3895385000.0,575614000.0,-18574000.0,4799000.0,20.623,-70505000.0
79,CNX,MRQ,2001-09-30,2001-09-30,2001-09-30,2021-08-25,-337000.0,4221307000.0,,571372000.0,3649935000.0,,1.684,-58740000.0,12994000.0,12994000.0,425523000.0,-11509000.0,0.653,12.27,500519000.0,270668000.0,229851000.0,500519000.0,0.0,61375000.0,0.0,0.022,0.049,-5467000.0,55908000.0,0.105,55908000.0,-5467000.0,-13614000.0,-0.062,-0.062,-0.062,318113000.0,,318113000.0,2333436302.0,9.0,4.389,13798000.0,0.073,1.0,108884000.0,0.204,0.0,8147000.0,3833744000.0,,103810000.0,52117000.0,0.0,52117000.0,3903194000.0,875088000.0,3028106000.0,1686437302.0,-3631000.0,167416000.0,0.0,-162820000.0,-22025000.0,-184845000.0,108676000.0,0.0,72538000.0,0.0,-11509000.0,-11509000.0,-11509000.0,0.0,0.0,-0.022,114351000.0,-5467000.0,182688000.0,-0.79,5.301,10.036,10.067,2875355000.0,0.0,8.929,0.696,0.696,371683000.0,-308097000.0,534407000.0,534407000.0,0.0,,,,,0.0,14677000.0,1.0,188871912.0,188871276.0,189391481.0,2.829,4221307000.0,496689000.0,-2105000.0,58913000.0,22.35,-303716000.0
80,CNX,MRQ,2001-06-30,2001-06-30,2001-06-30,2021-08-25,-337000.0,3894971000.0,,565855000.0,3329116000.0,,1.862,-51658000.0,16625000.0,16625000.0,566887000.0,49347000.0,0.606,10.076,663624000.0,432596000.0,231028000.0,663624000.0,40024000.0,67168000.0,0.0,0.018,0.049,72757000.0,139925000.0,0.191,139925000.0,72757000.0,60627000.0,0.262,0.262,0.262,351647000.0,,351647000.0,2690432030.0,9.0,4.818,73045000.0,0.387,1.0,165880000.0,0.226,437614000.0,12130000.0,3170383000.0,,95046000.0,223667000.0,0.0,223667000.0,3543324000.0,933973000.0,2609351000.0,1989648030.0,1330000.0,2518000.0,1089000.0,-53303000.0,-22019000.0,-74233000.0,-49140000.0,0.0,124703000.0,0.0,49347000.0,49347000.0,49347000.0,0.0,0.0,0.067,93123000.0,72757000.0,144195000.0,0.187,5.658,10.834,10.812,2191095000.0,0.0,10.542,0.845,0.845,379972000.0,-274553000.0,732767000.0,732767000.0,0.0,,,,,0.0,15375000.0,1.0,188735347.0,188807542.0,188813930.0,3.881,3457357000.0,355533000.0,11280000.0,2322000.0,18.312,-368118000.0
81,CNX,MRQ,2001-03-31,2001-03-31,2001-03-31,2021-08-25,-322000.0,3888752000.0,,611253000.0,3277499000.0,,1.713,-58520000.0,15295000.0,15295000.0,454050000.0,100800000.0,0.682,11.03,716079000.0,441342000.0,274737000.0,716079000.0,0.0,67845000.0,0.0,0.013,0.049,157025000.0,224870000.0,0.358,224870000.0,157025000.0,142363000.0,0.533,0.529,0.533,323245000.0,,323245000.0,3469364350.0,12.0,6.394,71048000.0,0.377,1.0,173886000.0,0.277,0.0,14662000.0,3692648000.0,,98797000.0,221876000.0,0.0,221876000.0,3565507000.0,896888000.0,2668619000.0,2711848350.0,4725000.0,5099000.0,421000.0,-49838000.0,-22005000.0,-71422000.0,-53421000.0,0.0,129568000.0,0.0,100800000.0,100800000.0,100800000.0,0.0,0.0,0.161,16861000.0,157025000.0,130879000.0,0.092,8.389,15.846,15.902,2544601000.0,0.0,14.375,1.138,1.138,374057000.0,-301871000.0,627936000.0,627936000.0,0.0,,,,,0.0,14287000.0,1.0,188650320.0,188679780.0,190084303.0,3.328,3888752000.0,375499000.0,41563000.0,14634000.0,20.61,-285635000.0
82,CNX,MRQ,2000-12-31,2000-12-31,2000-12-31,2021-08-25,-322000.0,3812064000.0,,495690000.0,3316374000.0,,1.294,-39348000.0,10570000.0,10570000.0,363910000.0,29407000.0,0.534,14.621,768086000.0,469395000.0,298691000.0,768086000.0,0.0,62652000.0,0.0,0.017,0.049,48336000.0,110988000.0,0.21,110988000.0,48336000.0,32794000.0,0.154,0.154,0.154,244029000.0,,244029000.0,2902646797.0,18.0,6.889,11529000.0,0.061,1.0,164900000.0,0.312,0.0,15542000.0,3641384000.0,,99470000.0,221391000.0,0.0,221391000.0,3568035000.0,928196000.0,2639839000.0,2195373797.0,-83000.0,-38329000.0,88000.0,48623000.0,-21994000.0,26717000.0,-77677000.0,0.0,50877000.0,0.0,29407000.0,29407000.0,29407000.0,0.0,0.0,0.056,116564000.0,48336000.0,127210000.0,0.318,8.996,23.528,23.661,2559215000.0,0.0,11.641,0.958,0.958,266862000.0,-380656000.0,528810000.0,528810000.0,0.0,,,,,0.0,16865000.0,1.0,188589794.0,188618050.0,188618050.0,2.804,3812064000.0,392726000.0,3387000.0,0.0,20.21,-432506000.0
83,CNX,MRQ,2000-09-30,2000-09-30,2000-09-30,2021-08-25,-322000.0,3778642000.0,,501701000.0,3276941000.0,,1.253,-56837000.0,10653000.0,10653000.0,407302000.0,4096000.0,0.564,14.991,717926000.0,418288000.0,299638000.0,717926000.0,0.0,62799000.0,0.0,0.029,0.049,19815000.0,82614000.0,0.153,82614000.0,19815000.0,4551000.0,0.021,0.021,0.021,236303000.0,,236303000.0,2025698399.0,13.0,4.79,73854000.0,0.392,1.0,134126000.0,0.248,0.0,15264000.0,3595750000.0,,120768000.0,177097000.0,0.0,177097000.0,3542339000.0,890165000.0,2652174000.0,1262207399.0,2472000.0,3754000.0,24000.0,-53164000.0,-21996000.0,-75136000.0,-53083000.0,0.0,130691000.0,0.0,4096000.0,4096000.0,4096000.0,0.0,0.0,0.008,114311000.0,19815000.0,137776000.0,2.333,5.341,12.571,12.652,2571586000.0,0.0,6.693,0.546,0.546,242821000.0,-388058000.0,541428000.0,541428000.0,0.0,,,,,0.0,16516000.0,1.0,188586194.0,188586127.0,188835482.0,2.871,3778642000.0,393706000.0,455000.0,0.0,20.037,-388464000.0
84,CNX,MRQ,2000-06-30,2000-06-30,2000-06-30,2021-08-25,-322000.0,3866311000.0,,577728000.0,3288583000.0,,1.347,-64356000.0,8181000.0,8181000.0,505147000.0,36837000.0,0.606,14.211,771672000.0,471067000.0,300605000.0,771672000.0,56148000.0,65272000.0,0.0,0.031,0.049,58860000.0,124132000.0,0.181,124132000.0,58860000.0,43528000.0,0.196,0.196,0.196,254179000.0,,254179000.0,1936175934.0,12.0,4.522,13914000.0,0.074,1.0,179081000.0,0.262,0.0,15332000.0,3677000000.0,,156853000.0,177272000.0,0.0,177272000.0,3612132000.0,952802000.0,2659330000.0,1190118934.0,-6645000.0,-5652000.0,-2212000.0,9306000.0,-22001000.0,-14907000.0,-70008000.0,0.0,78270000.0,0.0,36837000.0,36837000.0,36837000.0,0.0,0.0,0.054,120221000.0,58860000.0,143815000.0,0.25,4.682,11.118,11.226,2574444000.0,0.0,6.309,0.512,0.518,287792000.0,-370152000.0,684228000.0,684228000.0,0.0,,,,,0.0,16156000.0,1.0,188638284.0,188692306.0,188699746.0,3.626,3866311000.0,392455000.0,6691000.0,0.0,20.49,-375074000.0
85,CNX,MRQ,2000-03-31,2000-03-31,2000-03-31,2021-08-25,-1346000.0,3899637000.0,,585423000.0,3314214000.0,,1.265,-10376000.0,14826000.0,14826000.0,368925000.0,22970000.0,0.611,15.213,760883000.0,458406000.0,302477000.0,760883000.0,0.0,68920000.0,0.0,0.033,0.049,34668000.0,103588000.0,0.193,103588000.0,34668000.0,20085000.0,0.121,0.121,0.121,240531000.0,,240531000.0,1412034464.0,11.0,3.641,14024000.0,0.074,1.0,167947000.0,0.313,0.0,14583000.0,3688166000.0,,164572000.0,163683000.0,0.0,163683000.0,3659106000.0,957528000.0,2701578000.0,842618464.0,1224000.0,-160153000.0,-8882000.0,178416000.0,-22181000.0,147353000.0,-170529000.0,0.0,24400000.0,0.0,22970000.0,22970000.0,22970000.0,0.0,0.0,0.043,133279000.0,34668000.0,138110000.0,0.405,3.503,9.956,10.016,2583425000.0,0.0,4.427,0.374,0.373,240955000.0,-384982000.0,536872000.0,536872000.0,0.0,,,,,0.0,14790000.0,1.0,190336224.0,190122552.0,190123522.0,2.824,3899637000.0,391570000.0,-2885000.0,0.0,20.511,-372105000.0
86,CNX,MRQ,1999-12-31,1999-12-31,1999-12-31,2021-08-25,-1163000.0,3745153000.0,,576271000.0,3168882000.0,,1.297,-36776000.0,13602000.0,13602000.0,375006000.0,36506000.0,0.73,14.052,583018000.0,279549000.0,303469000.0,583018000.0,0.0,67651000.0,0.0,0.023,0.049,44945000.0,112596000.0,0.206,112596000.0,44945000.0,32409000.0,0.192,0.192,0.192,248807000.0,,248807000.0,1403971576.0,10.0,3.524,64504000.0,0.336,1.0,172894000.0,0.316,0.0,12536000.0,3525114000.0,,161851000.0,0.0,0.0,0.0,3496346000.0,789455000.0,2706891000.0,800009576.0,-7910000.0,0.0,-6646000.0,-43370000.0,-22398000.0,-72414000.0,-36776000.0,0.0,101280000.0,0.0,36506000.0,36506000.0,36506000.0,0.0,0.0,0.067,127949000.0,44945000.0,166725000.0,0.255,3.215,9.167,8.268,2609203000.0,0.0,4.167,0.349,0.348,272669000.0,-385765000.0,547900000.0,547900000.0,0.0,,,,,0.0,15956000.0,1.0,191986939.0,191764363.0,191764363.0,2.857,3745153000.0,378429000.0,-4097000.0,0.0,19.53,-213184000.0
87,CNX,MRQ,1999-09-30,1999-09-30,1999-09-30,2021-08-25,-1139000.0,3818327000.0,,610098000.0,3208229000.0,,1.252,-22241000.0,21512000.0,21512000.0,417192000.0,10727000.0,0.732,14.834,625474000.0,313139000.0,312335000.0,625474000.0,0.0,64478000.0,0.0,0.008,0.047,23363000.0,87841000.0,0.158,87841000.0,23363000.0,10525000.0,0.054,0.054,0.054,241144000.0,,241144000.0,1801897192.0,11.0,6.225,68837000.0,0.357,1.0,139200000.0,0.25,0.0,12838000.0,3588551000.0,,169753000.0,0.0,0.0,0.0,3577183000.0,833738000.0,2743445000.0,1153436192.0,-2047000.0,0.0,-1656000.0,-46753000.0,-22475000.0,-70884000.0,-22241000.0,0.0,91078000.0,0.0,10727000.0,10727000.0,10727000.0,0.0,0.0,0.019,115837000.0,23363000.0,192585000.0,0.87,4.783,11.454,10.274,2635675000.0,0.0,5.99,0.485,0.485,290023000.0,-399811000.0,556392000.0,556392000.0,0.0,,,,,0.0,14157000.0,1.0,192560299.0,192601723.0,192601723.0,2.889,3818327000.0,363991000.0,-202000.0,0.0,19.825,-223640000.0
88,CNX,MRQ,1999-06-30,1999-06-30,1999-06-30,2021-08-25,-962000.0,3875026000.0,,622648000.0,3252378000.0,,1.476,-77038000.0,23559000.0,23559000.0,473103000.0,14434000.0,0.704,14.213,672020000.0,359277000.0,312743000.0,672020000.0,0.0,61948000.0,0.0,0.0,0.0,21874000.0,83822000.0,0.137,83822000.0,21874000.0,7851000.0,0.075,,0.075,254725000.0,,254725000.0,1908622696.0,11.0,6.491,-22161000.0,-0.128,1.0,139424000.0,0.228,0.0,14023000.0,3639412000.0,,206995000.0,1979000.0,0.0,1979000.0,3620301000.0,884075000.0,2736226000.0,963210696.0,-2911000.0,0.0,340746000.0,-298996000.0,-22500000.0,19250000.0,-77038000.0,0.0,54877000.0,0.0,14434000.0,14434000.0,14434000.0,0.0,0.0,0.024,117550000.0,21874000.0,194592000.0,0.0,3.781,8.891,8.333,2674266000.0,0.0,5.0,0.405,0.362,262827000.0,-388063000.0,612527000.0,612527000.0,0.0,,,,,0.0,16636000.0,1.0,192642139.0,172564349.0,,3.55,3875026000.0,361879000.0,-6583000.0,2393000.0,22.456,-261427000.0
89,CNX,MRQ,1999-03-31,1999-03-31,1999-03-31,2021-08-25,-1024000.0,3864537000.0,,651933000.0,3212604000.0,,-0.564,-23752000.0,26470000.0,26470000.0,397503000.0,25605000.0,0.545,-50.535,971882000.0,656949000.0,314933000.0,971882000.0,0.0,65352000.0,0.0,,0.0,48790000.0,114142000.0,0.197,114142000.0,48790000.0,32309000.0,0.183,,0.183,-78017000.0,,-78017000.0,,,,6366000.0,0.046,1.0,180939000.0,0.313,0.0,16481000.0,3614797000.0,,212334000.0,0.0,0.0,0.0,3942554000.0,1195152000.0,2747402000.0,,-4815000.0,0.0,0.0,-11181000.0,0.0,-11181000.0,-23752000.0,0.0,30118000.0,0.0,25605000.0,25605000.0,25605000.0,0.0,0.0,0.044,132149000.0,48790000.0,188589000.0,0.0,,,,2651723000.0,0.0,,,,280418000.0,-379997000.0,578442000.0,578442000.0,0.0,,,,,0.0,13582000.0,1.0,192642139.0,138402139.0,,4.179,3864537000.0,345610000.0,6704000.0,9074000.0,27.923,-543219000.0
90,CNX,MRQ,1998-12-31,1998-12-31,1998-12-31,2021-08-25,-623000.0,3863390000.0,,615189000.0,3248201000.0,,-0.558,70037000.0,31285000.0,31285000.0,436849000.0,49940000.0,0.505,-38.428,982607000.0,667512000.0,315095000.0,982607000.0,0.0,-61320000.0,0.0,,0.0,64996000.0,3676000.0,0.006,3676000.0,64996000.0,49354000.0,0.271,,0.271,-103221000.0,,-103221000.0,,,,-33417000.0,-0.181,1.0,195630000.0,0.309,0.0,15642000.0,3597095000.0,,170574000.0,1532000.0,0.0,1532000.0,3966611000.0,1217617000.0,2748994000.0,,-17282000.0,100408000.0,0.0,3142000.0,0.0,3142000.0,83030000.0,-87415000.0,-103454000.0,0.0,49940000.0,49940000.0,49940000.0,0.0,0.0,0.079,130634000.0,64996000.0,211835000.0,0.0,,,,2686124000.0,0.0,,,,289333000.0,-405602000.0,632479000.0,632479000.0,0.0,,,,,0.0,14439000.0,1.0,,185094413.0,,3.417,3863390000.0,342376000.0,-586000.0,11260000.0,20.873,-602428000.0
91,CNX,MRQ,1998-09-30,1998-09-30,1998-09-30,2021-08-25,,,,,,,,-70037000.0,,,409825000.0,18360000.0,,,,,,,,61320000.0,,,0.0,31059000.0,92379000.0,0.166,92379000.0,31059000.0,21343000.0,0.071,,0.071,,,,,,,33417000.0,0.128,1.0,147716000.0,0.265,,9716000.0,,,,,,,,,,,17282000.0,-100408000.0,0.0,-3142000.0,0.0,-3142000.0,-83030000.0,87415000.0,103454000.0,0.0,18360000.0,18360000.0,18360000.0,0.0,0.0,0.033,116657000.0,31059000.0,,0.0,,,,,0.0,,,,,,557541000.0,557541000.0,0.0,,,,,0.0,13241000.0,1.0,,261136114.0,,2.135,,,2983000.0,,,
92,CNX,MRQ,1998-06-30,1998-06-30,1998-06-30,2021-08-25,-623000.0,3863390000.0,,615189000.0,3248201000.0,,,-216394000.0,31285000.0,31285000.0,,,0.505,-38.428,982607000.0,667512000.0,315095000.0,982607000.0,0.0,192531000.0,0.0,,0.0,,,,,,,,,,-103221000.0,,-103221000.0,,,,112901000.0,,1.0,,,0.0,,3597095000.0,,170574000.0,0.0,0.0,0.0,3966611000.0,1217617000.0,2748994000.0,,17662000.0,-100408000.0,-500000000.0,439834000.0,-80000000.0,-140166000.0,-171467000.0,145335000.0,329295000.0,0.0,,,,,,,,,211835000.0,,,,,2686124000.0,,,,,289333000.0,-405602000.0,,,,,,,,0.0,,1.0,,,,,3863390000.0,342376000.0,,11260000.0,,-602428000.0
93,CNX,MRQ,1998-03-31,1998-03-31,1998-03-31,2021-08-25,,,,,,,,-33945000.0,,,375527000.0,66391000.0,,,,,,,,62973000.0,,,0.0,98095000.0,161068000.0,0.268,161068000.0,98095000.0,86902000.0,0.254,,0.254,,,,,,,32073000.0,0.123,1.0,225625000.0,0.375,,11193000.0,,,,,,,,,,,-5165000.0,0.0,0.0,-6732000.0,0.0,-6732000.0,-64451000.0,-30506000.0,66018000.0,0.0,66391000.0,66391000.0,66391000.0,0.0,0.0,0.11,127530000.0,98095000.0,,0.0,,,,,0.0,,,,,,601152000.0,601152000.0,0.0,,,,,0.0,13300000.0,1.0,,261136114.0,,2.302,,,20511000.0,,,
94,CNX,MRQ,1997-12-31,1997-12-31,1997-12-31,2021-08-25,0.0,3548011000.0,,670239000.0,2877772000.0,,1.159,,18788000.0,18788000.0,,,1.13,10.719,452308000.0,62690000.0,389618000.0,452308000.0,0.0,,0.0,,0.0,,,,,,,,,,302765000.0,,302765000.0,,,,,,1.0,,,0.0,,3388605000.0,,140724000.0,114829000.0,114829000.0,0.0,3245246000.0,592926000.0,2652320000.0,,,,,,,,,,,,,,,,,,,,200985000.0,,,,,2439090000.0,,,,,282598000.0,-500239000.0,,,,,,,,,,1.0,,261136114.0,,,3548011000.0,295297000.0,,13581000.0,13.587,77313000.0
0,CNX,MRT,2021-06-30,2021-06-30,2021-06-30,2021-08-25,-14913000.0,8072110000.0,8078071250.0,333976000.0,7738134000.0,0.129,18.781,-452777000.0,44884000.0,44884000.0,472273000.0,-249069000.0,0.413,0.951,3075734000.0,486476000.0,2589258000.0,3075734000.0,0.0,510663000.0,0.0,0.0,0.0,-161069000.0,349594000.0,0.337,349594000.0,-161069000.0,-312571000.0,-1.06,-1.08,-1.06,4136931000.0,4334988500.0,4136931000.0,5607814429.0,-35.0,16.041,389984000.0,1.77,1.0,566368000.0,0.545,410133000.0,151502000.0,9883632000.0,9920359250.0,5698000.0,312084000.0,107625000.0,204459000.0,3935179000.0,809195000.0,3125984000.0,3008889429.0,18963000.0,0.0,-78721000.0,-285362000.0,0.0,-405186000.0,-418612000.0,0.0,842761000.0,0.0,-264974000.0,-264974000.0,-264974000.0,0.0,15905000.0,-0.255,723777000.0,-157409000.0,118574000.0,0.0,0.727,-11.355,-12.887,7092258000.0,0.0,13.66,2.897,2.897,168394000.0,1199570000.0,1038641000.0,1038641000.0,12801000.0,-0.033,-0.061,-0.016,-0.155,15679000.0,107737000.0,1.0,220270090.0,220270090.0,,4.715,7661977000.0,0.0,-47597000.0,411380000.0,34.784,-475219000.0
1,CNX,MRT,2021-03-31,2021-03-31,2021-03-31,2021-08-25,-15049000.0,8069237000.0,8139964750.0,277446000.0,7791791000.0,0.162,20.529,-458671000.0,35362000.0,35362000.0,451557000.0,-25496000.0,0.606,0.789,2634287000.0,163456000.0,2470831000.0,2634287000.0,0.0,501601000.0,0.0,0.0,0.0,117392000.0,618993000.0,0.471,618993000.0,117392000.0,-40790000.0,-0.23,-0.25,-0.23,4510410000.0,4237361250.0,4510410000.0,5915463030.0,50.0,9.557,288661000.0,1.314,1.0,863135000.0,0.657,411771000.0,158182000.0,9798484000.0,10041650500.0,7249000.0,305946000.0,70251000.0,235695000.0,3558827000.0,457907000.0,3100920000.0,3229699030.0,-2664000.0,0.0,-54383000.0,-230836000.0,0.0,-330677000.0,-419319000.0,0.0,747332000.0,0.0,-56664000.0,-56664000.0,-56664000.0,0.0,31168000.0,-0.043,726294000.0,136841000.0,114535000.0,0.0,0.716,-56.997,-63.913,7112990000.0,0.0,14.7,2.457,2.457,157433000.0,1563318000.0,1314692000.0,1314692000.0,13182000.0,-0.007,-0.013,0.012,0.089,15067000.0,107479000.0,1.0,219707417.0,219707417.0,,5.984,7657466000.0,0.0,15874000.0,503653000.0,34.853,-180461000.0
2,CNX,MRT,2020-12-31,2020-12-31,2020-12-31,2021-08-25,-15184000.0,8041764000.0,8254893000.0,273332000.0,7768432000.0,0.152,19.697,-487291000.0,21599000.0,21599000.0,451188000.0,-428744000.0,0.619,0.818,2707363000.0,124354000.0,2583009000.0,2707363000.0,0.0,501821000.0,0.0,0.0,0.0,-487056000.0,14765000.0,0.012,14765000.0,-487056000.0,-657862000.0,-2.43,-2.43,-2.43,4422437000.0,4068841500.0,4422437000.0,5345256696.0,-11.0,362.022,307780000.0,1.371,1.0,806790000.0,0.641,413409000.0,170806000.0,9872807000.0,10243575750.0,9657000.0,272894000.0,84657000.0,188237000.0,3619327000.0,441312000.0,3178015000.0,2424908696.0,5316000.0,0.0,-35190000.0,-245547000.0,0.0,-350786000.0,-438969000.0,0.0,795071000.0,0.0,-483775000.0,-483775000.0,-483775000.0,0.0,55031000.0,-0.385,1270140000.0,-463350000.0,118185000.0,0.0,0.548,-5.012,-4.444,7134228000.0,0.0,10.8,1.928,1.928,150167000.0,1476056000.0,1257978000.0,1257978000.0,14994000.0,-0.059,-0.119,-0.048,-0.387,14382000.0,109375000.0,1.0,224528583.0,224528583.0,,5.603,7628355000.0,88000.0,-174087000.0,466253000.0,33.975,-167980000.0
3,CNX,MRT,2020-09-30,2020-09-30,2020-09-30,2021-08-25,-12270000.0,8129174000.0,8509653500.0,332239000.0,7796935000.0,0.134,22.783,-623333000.0,156321000.0,156321000.0,471473000.0,-864557000.0,0.654,0.904,3076669000.0,226484000.0,2850185000.0,3076669000.0,0.0,491018000.0,0.0,0.0,0.0,-1073623000.0,-582605000.0,-0.511,-582605000.0,-1073623000.0,-1243846000.0,-5.0,-5.0,-5.0,4270176000.0,4003368750.0,4270176000.0,4711678655.0,-4.0,-8.087,125482000.0,0.669,1.0,668791000.0,0.587,415047000.0,170223000.0,10126514000.0,10455712750.0,10090000.0,253391000.0,77608000.0,175783000.0,3858998000.0,507961000.0,3351037000.0,1769356655.0,150837000.0,0.0,2160000.0,38118000.0,0.0,-36510000.0,-561468000.0,0.0,748815000.0,0.0,-950942000.0,-950942000.0,-950942000.0,0.0,86385000.0,-0.834,1713945000.0,-1045154000.0,117004000.0,0.0,0.414,-1.861,-1.888,7187467000.0,0.0,9.44,1.552,1.552,80582000.0,1290498000.0,1140264000.0,1140264000.0,38819000.0,-0.112,-0.238,-0.103,-0.942,13777000.0,110905000.0,1.0,187431849.0,187431849.0,,6.084,7714127000.0,644000.0,-292904000.0,398878000.0,41.157,-175722000.0
4,CNX,MRT,2020-06-30,2020-06-30,2020-06-30,2021-08-25,-12382000.0,8319684000.0,8798924500.0,430722000.0,7888962000.0,0.182,20.028,-851135000.0,25921000.0,25921000.0,482583000.0,-531804000.0,0.904,1.002,2968243000.0,165362000.0,2802881000.0,2968243000.0,0.0,497013000.0,0.0,0.0,0.0,-642722000.0,-145709000.0,-0.091,-145709000.0,-642722000.0,-813429000.0,-3.35,-3.36,-3.35,3746422000.0,4044569500.0,3746422000.0,4613965622.0,-7.0,-31.666,-20063000.0,-0.107,1.0,1121603000.0,0.699,416685000.0,170707000.0,10368797000.0,10576313750.0,10317000.0,425620000.0,197804000.0,227816000.0,3752730000.0,476524000.0,3276206000.0,1618056622.0,-6690000.0,0.0,-5639000.0,23492000.0,0.0,-50826000.0,-786936000.0,0.0,831072000.0,0.0,-630706000.0,-630706000.0,-630706000.0,0.0,98902000.0,-0.393,1721929000.0,-600326000.0,148345000.0,0.0,0.432,-2.565,-2.582,7225001000.0,0.0,8.65,1.009,1.009,76843000.0,1495197000.0,1604186000.0,1604186000.0,42753000.0,-0.072,-0.156,-0.061,-0.401,13055000.0,112498000.0,1.0,187058569.0,187058569.0,,8.576,7902999000.0,114440000.0,-182723000.0,370412000.0,42.249,-45802000.0
5,CNX,MRT,2020-03-31,2020-03-31,2020-03-31,2021-08-25,-12493000.0,8528950000.0,9005677750.0,586053000.0,7942897000.0,0.229,20.554,-1045510000.0,38026000.0,38026000.0,517233000.0,-208624000.0,1.171,1.012,3033935000.0,131331000.0,2902604000.0,3033935000.0,0.0,512466000.0,0.0,0.0,0.0,-271163000.0,241303000.0,0.117,241303000.0,-271163000.0,-435766000.0,-1.72,-1.74,-1.72,3836331000.0,4189378000.0,3836331000.0,4074215558.0,-15.0,16.884,-106215000.0,-0.569,1.0,1543144000.0,0.749,418323000.0,164603000.0,10606185000.0,10592691750.0,10266000.0,587409000.0,312749000.0,274660000.0,3884240000.0,500351000.0,3383889000.0,992940558.0,14054000.0,0.0,-84509000.0,239526000.0,0.0,66940000.0,-992181000.0,0.0,939295000.0,0.0,-322480000.0,-322480000.0,-322480000.0,0.0,113856000.0,-0.157,1756472000.0,-213328000.0,171890000.0,0.0,0.259,-3.079,-3.093,7228624000.0,0.0,5.32,0.482,0.482,102316000.0,1641009000.0,2060377000.0,2060377000.0,45010000.0,-0.036,-0.077,-0.026,-0.132,34362000.0,138049000.0,1.0,186642962.0,186642962.0,,11.039,8110627000.0,115261000.0,-113286000.0,376401000.0,43.455,85702000.0
6,CNX,MRT,2019-12-31,2019-12-31,2019-12-31,2021-08-25,-12605000.0,9060806000.0,9067780500.0,498101000.0,8562705000.0,0.212,22.298,-1192599000.0,16283000.0,16283000.0,513996000.0,31948000.0,0.942,0.985,3098777000.0,110300000.0,2988477000.0,3098777000.0,0.0,508463000.0,0.0,0.0,0.0,98385000.0,606848000.0,0.316,606848000.0,98385000.0,-52994000.0,-0.42,-0.42,-0.42,4160546000.0,4284173500.0,4160546000.0,4490220746.0,46.0,7.399,-212039000.0,-1.136,1.0,1408453000.0,0.733,893006000.0,151379000.0,10721355000.0,10425646250.0,6984000.0,578600000.0,247794000.0,330806000.0,4098497000.0,528939000.0,3569558000.0,1651292746.0,-915000.0,0.0,-116912000.0,363725000.0,0.0,165964000.0,-1147439000.0,0.0,980560000.0,0.0,-80730000.0,-80730000.0,-80730000.0,0.0,112678000.0,-0.042,1225339000.0,183114000.0,202553000.0,0.0,0.397,-20.455,-21.071,7323672000.0,0.0,8.85,0.859,0.859,147159000.0,1971676000.0,1922449000.0,1922449000.0,44380000.0,-0.009,-0.019,0.009,0.051,38425000.0,143550000.0,1.0,186586751.0,186586751.0,,10.303,8167800000.0,62425000.0,27736000.0,476108000.0,43.775,-30838000.0
7,CNX,MRT,2019-09-30,2019-09-30,2019-09-30,2021-08-25,-7778000.0,9286258000.0,8950621500.0,345726000.0,8940532000.0,0.207,23.645,-1286775000.0,5484000.0,5484000.0,504173000.0,401418000.0,0.556,0.916,2844412000.0,72264000.0,2772148000.0,2844412000.0,0.0,504704000.0,0.0,0.0,0.0,494577000.0,999281000.0,0.54,999281000.0,494577000.0,347027000.0,1.56,1.54,1.56,4434979000.0,4326526500.0,4434979000.0,4168849197.0,8.0,4.172,-225079000.0,-1.2,1.0,1344742000.0,0.727,894644000.0,147550000.0,10608918000.0,10171512750.0,7527000.0,17110000.0,0.0,17110000.0,4064440000.0,621624000.0,3442816000.0,1361710197.0,-37188000.0,1500000.0,-204630000.0,463347000.0,0.0,160159000.0,-1259043000.0,0.0,1061696000.0,0.0,292605000.0,292605000.0,292605000.0,0.0,108813000.0,0.158,739297000.0,605445000.0,308003000.0,0.0,0.307,4.654,4.654,7736222000.0,0.0,7.26,0.736,0.736,108459000.0,2243104000.0,1848915000.0,1848915000.0,17532000.0,0.033,0.068,0.049,0.267,42037000.0,145128000.0,1.0,187563388.0,187563388.0,,9.858,8391614000.0,11184000.0,54422000.0,476968000.0,44.74,-275898000.0
8,CNX,MRT,2019-06-30,2019-06-30,2019-06-30,2021-08-25,-7819000.0,9146697000.0,8681316000.0,460094000.0,8686603000.0,0.198,22.13,-1248103000.0,32611000.0,32611000.0,479214000.0,404214000.0,0.738,0.936,2839750000.0,73342000.0,2766408000.0,2839750000.0,0.0,503828000.0,0.0,0.0,0.0,509162000.0,1012990000.0,0.59,1012990000.0,509162000.0,364294000.0,1.53,1.52,1.53,4325656000.0,4295422750.0,4325656000.0,4075926397.0,8.0,4.024,-252537000.0,-1.292,1.0,1236830000.0,0.721,896282000.0,144868000.0,10434309000.0,9753768750.0,11242000.0,17637000.0,0.0,17637000.0,4046702000.0,623245000.0,3423457000.0,1428868397.0,-22235000.0,5600000.0,-324501000.0,280221000.0,0.0,-140732000.0,-877069000.0,0.0,995566000.0,0.0,302096000.0,302096000.0,302096000.0,0.0,102118000.0,0.176,742561000.0,494269000.0,305070000.0,0.0,0.33,4.73,4.778,7564812000.0,0.0,7.31,0.833,0.833,136720000.0,2127627000.0,1716044000.0,1716044000.0,14778000.0,0.035,0.07,0.052,0.297,45499000.0,153256000.0,1.0,195467633.0,195467633.0,,8.779,8250415000.0,113592000.0,62198000.0,427942000.0,42.209,-163151000.0
9,CNX,MRT,2019-03-31,2019-03-31,2019-03-31,2021-08-25,-7860000.0,8777361000.0,8446581250.0,364966000.0,8412395000.0,0.179,21.254,-1183050000.0,23972000.0,23972000.0,467477000.0,272914000.0,0.62,0.902,2671030000.0,77527000.0,2593503000.0,2671030000.0,0.0,493917000.0,0.0,0.0,0.0,315092000.0,809009000.0,0.535,809009000.0,315092000.0,171938000.0,0.87,0.87,0.87,4215513000.0,4291209000.0,4215513000.0,4517373664.0,14.0,5.584,-247915000.0,-1.25,1.0,1045659000.0,0.691,897921000.0,143154000.0,9938003000.0,9427598250.0,16642000.0,17860000.0,0.0,17860000.0,3802552000.0,588495000.0,3214057000.0,2136070664.0,-58518000.0,5600000.0,-332615000.0,186904000.0,0.0,-232013000.0,-761640000.0,0.0,935135000.0,0.0,181633000.0,181633000.0,181633000.0,0.0,91281000.0,0.12,735854000.0,309805000.0,230371000.0,0.0,0.507,11.76,12.379,7337436000.0,0.0,10.77,1.412,1.412,168184000.0,1971898000.0,1513136000.0,1513136000.0,12910000.0,0.022,0.042,0.033,0.208,27334000.0,139195000.0,1.0,198335252.0,198335252.0,,7.629,7879440000.0,113592000.0,-9695000.0,387137000.0,39.728,-223529000.0
10,CNX,MRT,2018-12-31,2018-12-31,2018-12-31,2021-08-25,-7904000.0,8592170000.0,8282798250.0,501686000.0,8090484000.0,0.209,21.267,-1116397000.0,17198000.0,17198000.0,495639000.0,883111000.0,0.959,0.811,2552383000.0,68658000.0,2483725000.0,2552383000.0,0.0,493423000.0,0.0,0.0,0.0,1158024000.0,1651447000.0,0.954,1651447000.0,1158024000.0,1012090000.0,3.75,3.71,3.75,4329958000.0,4323391000.0,4329958000.0,4488958830.0,4.0,2.718,-230574000.0,-1.132,1.0,1234795000.0,0.714,899559000.0,145934000.0,9704821000.0,9171976750.0,9715000.0,272001000.0,40240000.0,231761000.0,3510427000.0,522975000.0,2987452000.0,2325109830.0,-491969000.0,-290022000.0,-380039000.0,-21684000.0,0.0,-483140000.0,-894652000.0,0.0,885823000.0,0.0,796533000.0,796533000.0,796533000.0,0.0,86578000.0,0.46,716753000.0,518042000.0,229806000.0,0.0,0.537,2.919,3.045,6942444000.0,0.0,11.42,1.344,1.344,263501000.0,2071809000.0,1730434000.0,1730434000.0,12033000.0,0.096,0.184,0.126,0.669,21341000.0,134806000.0,1.0,203599810.0,203599810.0,,8.499,7692611000.0,149481000.0,215557000.0,398682000.0,37.783,-21289000.0
11,CNX,MRT,2018-09-30,2018-09-30,2018-09-30,2021-08-25,-6472000.0,8209036000.0,7867734000.0,315335000.0,7893701000.0,0.225,20.232,-1027508000.0,42672000.0,42672000.0,528384000.0,1030339000.0,0.591,0.733,2206521000.0,6958000.0,2199563000.0,2206521000.0,0.0,486045000.0,0.0,0.0,0.0,1166026000.0,1652071000.0,0.932,1652071000.0,1166026000.0,1012995000.0,4.37,4.33,4.37,4310564000.0,4215876250.0,4310564000.0,5348571708.0,5.0,3.237,-170452000.0,-0.8,1.0,1243546000.0,0.702,901197000.0,153031000.0,8937942000.0,8794659250.0,9726000.0,19488000.0,0.0,19488000.0,3160217000.0,533746000.0,2626471000.0,3048876708.0,-238486000.0,-284269000.0,-395735000.0,-260732000.0,0.0,-276908000.0,-818634000.0,0.0,857056000.0,0.0,971249000.0,971249000.0,971249000.0,9391000.0,59090000.0,0.548,730059000.0,513487000.0,263033000.0,0.0,0.707,3.139,3.275,6768612000.0,0.0,14.31,1.721,1.721,157821000.0,2003888000.0,1771930000.0,1771930000.0,23493000.0,0.123,0.23,0.133,0.658,19773000.0,126879000.0,1.0,213059169.0,213059169.0,,8.317,7307839000.0,40024000.0,41746000.0,304342000.0,34.3,-218411000.0
12,CNX,MRT,2018-06-30,2018-06-30,2018-06-30,2021-08-25,-6494000.0,8207758000.0,8060367000.0,319146000.0,7888612000.0,0.206,19.773,-879543000.0,54846000.0,54846000.0,564916000.0,857142000.0,0.672,0.735,2354541000.0,6915000.0,2347626000.0,2354541000.0,0.0,468472000.0,0.0,0.0,0.0,971521000.0,1439993000.0,0.866,1439993000.0,971521000.0,815377000.0,3.67,3.63,3.67,4308801000.0,4121193000.0,4308801000.0,6028633833.0,6.0,4.187,-80398000.0,-0.369,1.0,1097073000.0,0.66,902835000.0,156144000.0,9129627000.0,9154411500.0,10499000.0,22347000.0,0.0,22347000.0,3168835000.0,474991000.0,2693844000.0,3874456833.0,-236689000.0,-277449000.0,-268080000.0,-193593000.0,0.0,-78527000.0,-957307000.0,0.0,799145000.0,0.0,819779000.0,819779000.0,819779000.0,14036000.0,37363000.0,0.493,719962000.0,377111000.0,186397000.0,0.0,0.899,4.726,4.845,6772464000.0,0.0,17.78,2.331,2.331,149437000.0,1940507000.0,1661989000.0,1661989000.0,24651000.0,0.102,0.199,0.106,0.585,19684000.0,115913000.0,1.0,217910958.0,217910958.0,,7.627,7304923000.0,27780000.0,-4402000.0,235407000.0,33.523,-155845000.0
13,CNX,MRT,2018-03-31,2018-03-31,2018-03-31,2021-08-25,-8306000.0,8122229000.0,8264725500.0,406944000.0,7715285000.0,0.197,19.415,-761409000.0,82490000.0,82490000.0,568834000.0,965258000.0,0.93,0.703,2236667000.0,6891000.0,2229776000.0,2236667000.0,0.0,441025000.0,0.0,0.0,0.0,1190322000.0,1631347000.0,1.0,1631347000.0,1190322000.0,1031933000.0,4.22,4.17,4.22,4344241000.0,4030327000.0,4344241000.0,5157907322.0,4.0,3.162,-65177000.0,-0.291,1.0,1062099000.0,0.651,923218000.0,158389000.0,8915517000.0,9507464000.0,10676000.0,20678000.0,0.0,20678000.0,3054323000.0,437671000.0,2616652000.0,3452590322.0,28724000.0,-258658000.0,-182517000.0,-308868000.0,0.0,-106885000.0,-560623000.0,0.0,696232000.0,0.0,947275000.0,947275000.0,947275000.0,-33667000.0,17983000.0,0.581,687948000.0,374151000.0,193901000.0,0.0,0.795,3.645,3.656,6621816000.0,0.0,15.43,2.117,2.117,200949000.0,1940882000.0,1630933000.0,1630933000.0,40669000.0,0.115,0.235,0.125,0.73,18139000.0,102758000.0,1.0,223758284.0,223758284.0,,7.289,7199011000.0,20178000.0,84658000.0,258220000.0,32.173,-30727000.0
14,CNX,MRT,2017-12-31,2017-12-31,2017-12-31,2021-08-25,-8476000.0,6931913000.0,8500110500.0,852504000.0,6079409000.0,0.171,14.124,-632846000.0,509167000.0,509167000.0,553661000.0,380747000.0,1.93,0.777,2214484000.0,7111000.0,2207373000.0,2214484000.0,0.0,412036000.0,0.0,0.0,0.0,365732000.0,777768000.0,0.535,777768000.0,365732000.0,204289000.0,1.66,1.65,1.66,3899899000.0,3885217500.0,3899899000.0,6297280508.0,17.0,8.097,15841000.0,0.057,1.0,901470000.0,0.62,0.0,161443000.0,8195551000.0,9948284500.0,10742000.0,197921000.0,0.0,197921000.0,3032014000.0,441679000.0,2590335000.0,4039705508.0,462868000.0,42873000.0,-102200000.0,-247753000.0,0.0,36102000.0,-221921000.0,0.0,648687000.0,0.0,380747000.0,380747000.0,380747000.0,-85708000.0,0.0,0.262,807380000.0,94090000.0,211161000.0,0.0,1.036,10.61,8.813,5789753000.0,0.0,14.63,2.776,2.776,205725000.0,1455811000.0,1455131000.0,1455131000.0,48074000.0,0.045,0.098,0.037,0.251,16983000.0,93211000.0,1.0,276124778.0,276124778.0,,5.27,6931913000.0,31523000.0,-176458000.0,44373000.0,25.104,410825000.0
15,CNX,MRT,2017-09-30,2017-09-30,2017-09-30,2021-08-25,-382092000.0,8979568000.0,9062055000.0,805283000.0,8174285000.0,0.019,14.241,-431789000.0,285708000.0,285708000.0,-20602000.0,-206482000.0,0.936,1.248,2543283000.0,10971000.0,2532312000.0,2543283000.0,0.0,267349000.0,0.0,0.0,0.0,15231000.0,282580000.0,1.626,282580000.0,15231000.0,-143480000.0,-1.273,-1.283,-1.273,3931831000.0,3859841500.0,3931831000.0,6239823428.0,410.0,22.082,126012000.0,0.456,1.0,194399000.0,1.119,0.0,158711000.0,10376951000.0,10640239500.0,63182000.0,190154000.0,0.0,190154000.0,4908333000.0,860192000.0,4048141000.0,3897465428.0,208411000.0,327213000.0,2528000.0,-598148000.0,0.0,-627355000.0,277965000.0,0.0,557801000.0,0.0,-201941000.0,-201941000.0,-201941000.0,-120689000.0,-4541000.0,-1.162,632798000.0,-438399000.0,303196000.0,0.0,0.991,-19.3,-11.09,7798962000.0,0.0,14.117,22.425,22.425,271524000.0,1825547000.0,173797000.0,173797000.0,43467000.0,-0.022,-0.052,0.001,0.088,8562000.0,-1510000.0,1.0,276083122.0,276083122.0,,0.63,8979568000.0,105432000.0,58461000.0,44720000.0,32.525,-54909000.0
16,CNX,MRT,2017-06-30,2017-06-30,2017-06-30,2021-08-25,-385567000.0,9025192000.0,9208536500.0,847094000.0,8178098000.0,0.069,14.292,-325728000.0,299135000.0,299135000.0,170287000.0,-152448000.0,1.026,1.252,2641493000.0,11385000.0,2630108000.0,2641493000.0,0.0,317049000.0,0.0,0.0,0.0,117826000.0,434875000.0,0.688,434875000.0,117826000.0,-49366000.0,-1.072,-1.082,-1.072,3945337000.0,3913687500.0,3945337000.0,6044813645.0,51.0,13.9,213604000.0,0.774,1.0,461903000.0,0.731,0.0,167192000.0,10541837000.0,10930322750.0,74965000.0,188649000.0,0.0,188649000.0,4937645000.0,825713000.0,4111932000.0,3436934645.0,201409000.0,317316000.0,2380000.0,-605799000.0,0.0,-629859000.0,291936000.0,0.0,539332000.0,0.0,-150155000.0,-150155000.0,-150155000.0,-90359000.0,-2293000.0,-0.238,673662000.0,-211759000.0,265125000.0,0.0,0.871,-22.889,-11.614,7794218000.0,0.0,12.45,5.437,5.437,293259000.0,1852048000.0,632190000.0,632190000.0,39372000.0,-0.016,-0.038,0.011,0.186,11179000.0,37628000.0,1.0,276059008.0,276059008.0,,2.29,9025192000.0,115558000.0,100789000.0,17084000.0,32.693,21381000.0
17,CNX,MRT,2017-03-31,2017-03-31,2017-03-31,2021-08-25,-389042000.0,9063769000.0,9398427750.0,616215000.0,8447554000.0,0.058,13.67,-207458000.0,61266000.0,61266000.0,373644000.0,-790607000.0,0.621,1.37,2669145000.0,11851000.0,2657294000.0,2669145000.0,0.0,360629000.0,0.0,0.0,0.0,-673581000.0,-312952000.0,-0.572,-312952000.0,-673581000.0,-847518000.0,-3.52,-3.52,-3.52,3763803000.0,3958752750.0,3763803000.0,6563555897.0,-10.0,-20.973,338643000.0,1.23,1.0,173424000.0,0.317,0.0,173937000.0,10678799000.0,11235331500.0,69618000.0,197385000.0,0.0,197385000.0,5157430000.0,992849000.0,4164581000.0,3849961897.0,-365380000.0,298525000.0,2005000.0,-972653000.0,0.0,-990234000.0,78753000.0,0.0,546101000.0,0.0,-789493000.0,-789493000.0,-789493000.0,191949000.0,-1114000.0,-1.443,718411000.0,-544987000.0,270739000.0,0.0,1.023,-4.876,-3.972,7986541000.0,0.0,13.983,7.037,7.037,316278000.0,1682545000.0,547068000.0,547068000.0,22560000.0,-0.084,-0.199,-0.06,-1.231,17446000.0,73561000.0,1.0,275331610.0,275331610.0,,1.987,9063769000.0,168729000.0,-58025000.0,0.0,32.919,-376634000.0
18,CNX,MRT,2016-12-31,2016-12-31,2016-12-31,2021-08-25,-392556000.0,9179691000.0,9811453000.0,626139000.0,8553552000.0,0.077,13.796,-172739000.0,46299000.0,46299000.0,544550000.0,-848102000.0,0.666,1.379,2769993000.0,7924000.0,2762069000.0,2769993000.0,0.0,419939000.0,0.0,0.0,0.007,-700310000.0,-280371000.0,-0.369,-280371000.0,-700310000.0,-882505000.0,-3.7,-3.7,-3.7,3798395000.0,4165134500.0,3798395000.0,7224821685.0,-10.0,-25.769,291519000.0,1.059,1.0,215418000.0,0.283,0.0,182195000.0,10963371000.0,11645648250.0,15301000.0,190964000.0,0.0,190964000.0,5238803000.0,940014000.0,4298789000.0,4182789685.0,-18775000.0,287038000.0,4000.0,-959802000.0,-2294000.0,-970404000.0,487371000.0,0.0,464258000.0,0.0,-848102000.0,-848102000.0,-848102000.0,297157000.0,0.0,-1.116,632841000.0,-417423000.0,157102000.0,-0.002,1.101,-4.932,-4.106,8140439000.0,0.0,15.192,5.504,5.504,175659000.0,1727789000.0,759968000.0,759968000.0,14522000.0,-0.086,-0.204,-0.06,-0.921,19316000.0,104843000.0,1.0,275328442.0,275328442.0,,2.76,9179691000.0,114481000.0,-34403000.0,105096000.0,33.341,-313875000.0
19,CNX,MRT,2016-09-30,2016-09-30,2016-09-30,2021-08-25,-342207000.0,9565494000.0,10249005750.0,514915000.0,9050579000.0,0.072,15.063,-112806000.0,80247000.0,80247000.0,517545000.0,-513598000.0,0.481,1.272,3122279000.0,358470000.0,2763809000.0,3122279000.0,0.0,386570000.0,0.0,0.001,0.014,-419079000.0,-32509000.0,-0.044,-32509000.0,-419079000.0,-612625000.0,-2.14,-2.14,-2.14,4147215000.0,4391042500.0,4147215000.0,7533657654.0,-18.0,-231.741,382814000.0,1.39,1.0,218188000.0,0.297,0.0,193546000.0,11537284000.0,12124096000.0,62622000.0,257423000.0,0.0,257423000.0,5275327000.0,1070242000.0,4205085000.0,4405163654.0,-9202000.0,-76843000.0,-1665000.0,-756826000.0,-4584000.0,-612225000.0,107403000.0,70224000.0,495620000.0,0.0,-511649000.0,-511649000.0,-511649000.0,44242000.0,-1949000.0,-0.695,578433000.0,-360245000.0,197479000.0,-0.007,1.062,-8.61,-7.477,8414619000.0,0.0,16.0,5.987,5.987,244445000.0,2033849000.0,735733000.0,735733000.0,7460000.0,-0.05,-0.117,-0.035,-0.57,18290000.0,101788000.0,1.0,275322728.0,275322728.0,,2.672,9565494000.0,149680000.0,-100976000.0,5485000.0,34.743,-555327000.0
20,CNX,MRT,2016-06-30,2016-06-30,2016-06-30,2021-08-25,-331054000.0,9784757000.0,10653973750.0,526240000.0,9258517000.0,0.067,14.989,-241032000.0,97626000.0,97626000.0,457079000.0,-415721000.0,0.457,1.336,3226120000.0,470368000.0,2755752000.0,3226120000.0,0.0,381703000.0,0.0,0.002,0.021,-311193000.0,70510000.0,0.099,70510000.0,-311193000.0,-505980000.0,-1.798,-1.798,-1.798,4125598000.0,4537487000.0,4125598000.0,6879536092.0,-22.0,97.568,201747000.0,0.733,1.0,254009000.0,0.357,0.0,194787000.0,11761872000.0,12481958750.0,60818000.0,256167000.0,0.0,256167000.0,5513327000.0,1151379000.0,4361948000.0,3690409092.0,81165000.0,-77866000.0,-1653000.0,-621744000.0,-6864000.0,-329972000.0,-31642000.0,43761000.0,442779000.0,0.0,-418014000.0,-418014000.0,-418014000.0,13109000.0,2293000.0,-0.588,572778000.0,-318769000.0,171359000.0,-0.012,0.895,-8.828,-7.457,8609176000.0,0.0,13.408,5.19,5.19,248102000.0,2008514000.0,711088000.0,711088000.0,10408000.0,-0.039,-0.092,-0.025,-0.438,16239000.0,101270000.0,1.0,275239342.0,275239342.0,,2.584,9784757000.0,175929000.0,-87966000.0,5459000.0,35.55,-625139000.0
21,CNX,MRT,2016-03-31,2016-03-31,2016-03-31,2021-08-25,-327896000.0,10715870000.0,10958309750.0,1146443000.0,9569427000.0,0.089,16.697,-537119000.0,426650000.0,426650000.0,467737000.0,-550373000.0,0.723,1.302,3615777000.0,856816000.0,2758961000.0,3615777000.0,0.0,377062000.0,0.0,0.007,0.065,-646401000.0,-269339000.0,-0.277,-269339000.0,-646401000.0,-840266000.0,-2.29,-2.29,-2.29,4589330000.0,4676561250.0,4589330000.0,6220207703.0,-10.0,-23.094,-123941000.0,-0.451,1.0,502979000.0,0.518,0.0,193865000.0,12320066000.0,12692393000.0,77230000.0,251628000.0,0.0,251628000.0,5976782000.0,1584931000.0,4391851000.0,2585930703.0,414898000.0,-77866000.0,5045000.0,67345000.0,-21175000.0,357058000.0,-355338000.0,27992000.0,413178000.0,0.0,-551487000.0,-551487000.0,-551487000.0,-195418000.0,1114000.0,-0.568,1344462000.0,-841483000.0,221625000.0,-0.028,0.563,-4.689,-4.108,9090391000.0,0.0,9.408,2.664,2.664,315431000.0,2478493000.0,970716000.0,970716000.0,9827000.0,-0.05,-0.118,-0.051,-0.666,12457000.0,101629000.0,1.0,274865083.0,274865083.0,,3.532,10715870000.0,1871000.0,-288779000.0,52844000.0,38.986,-438488000.0
22,CNX,MRT,2015-12-31,2015-12-31,2015-12-31,2021-08-25,-315598000.0,10929902000.0,11224691250.0,804763000.0,10125139000.0,0.107,17.107,-753612000.0,72574000.0,72574000.0,506409000.0,-374885000.0,0.478,1.292,3705193000.0,961409000.0,2743784000.0,3705193000.0,0.0,371783000.0,0.0,0.015,0.101,-456123000.0,-84340000.0,-0.07,-84340000.0,-456123000.0,-655244000.0,-1.64,-1.64,-1.64,4702027000.0,4853660500.0,4702027000.0,5460504087.0,-12.0,-64.744,-242016000.0,-0.88,1.0,692328000.0,0.578,0.0,199121000.0,12877162000.0,12931136500.0,66792000.0,237330000.0,0.0,237330000.0,6074126000.0,1685359000.0,4388767000.0,1809432087.0,-110845000.0,-72288000.0,-63386000.0,177396000.0,-33281000.0,373776000.0,-996217000.0,0.0,511596000.0,0.0,-374885000.0,-374885000.0,-374885000.0,-275313000.0,0.0,-0.313,1378935000.0,-686607000.0,250609000.0,-0.062,0.385,-4.827,-4.014,9669377000.0,0.0,6.583,1.509,1.509,273118000.0,2579834000.0,1198737000.0,1198737000.0,10119000.0,-0.033,-0.077,-0.035,-0.381,14314000.0,102270000.0,1.0,274864361.0,274864361.0,,4.361,10929902000.0,13887000.0,-280359000.0,74629000.0,39.765,-880596000.0
23,CNX,MRT,2015-09-30,2015-09-30,2015-09-30,2021-08-25,-251856000.0,11185366000.0,11405877250.0,970461000.0,10214905000.0,0.217,17.223,-850363000.0,83019000.0,83019000.0,901350000.0,-325135000.0,0.52,1.331,3734091000.0,957413000.0,2776678000.0,3734091000.0,0.0,544095000.0,0.0,0.017,0.138,-161659000.0,382436000.0,0.155,382436000.0,-161659000.0,-364639000.0,-1.217,-1.225,-1.217,4732993000.0,5010518250.0,4732993000.0,5941868390.0,-37.0,15.537,-359475000.0,-1.308,1.0,1570695000.0,0.635,0.0,202980000.0,12968735000.0,13108368000.0,112950000.0,210092000.0,0.0,210092000.0,6297516000.0,1867703000.0,4429813000.0,2244331390.0,-142548000.0,0.0,-61773000.0,346401000.0,-45378000.0,365343000.0,-998779000.0,-83549000.0,490888000.0,0.0,-331625000.0,-331625000.0,-331625000.0,-218227000.0,6490000.0,-0.134,1673250000.0,-102555000.0,331958000.0,-0.113,0.474,-6.768,-6.711,9758980000.0,0.0,8.167,0.908,0.908,377736000.0,2551721000.0,2472045000.0,2472045000.0,15286000.0,-0.029,-0.066,-0.012,-0.065,29212000.0,245073000.0,1.0,274804872.0,274804872.0,,8.996,11185366000.0,143194000.0,-33014000.0,69947000.0,40.703,-897242000.0
24,CNX,MRT,2015-06-30,2015-06-30,2015-06-30,2021-08-25,-181900000.0,11002101000.0,11539269500.0,821502000.0,10180599000.0,0.228,17.051,-1025949000.0,10031000.0,10031000.0,1149355000.0,-452250000.0,0.392,1.35,3707568000.0,1110070000.0,2597498000.0,3707568000.0,0.0,545916000.0,0.0,0.01,0.175,-342701000.0,203215000.0,0.077,203215000.0,-342701000.0,-552520000.0,-1.658,-1.667,-1.658,4681895000.0,5140919750.0,4681895000.0,8376312700.0,-24.0,41.219,-352105000.0,-1.282,1.0,1486373000.0,0.564,0.0,209819000.0,12603609000.0,13250752500.0,111694000.0,216583000.0,0.0,216583000.0,6320206000.0,2096029000.0,4224177000.0,4974684700.0,-137366000.0,0.0,-61604000.0,317414000.0,-57484000.0,177567000.0,-988777000.0,90446000.0,673844000.0,0.0,-452250000.0,-452250000.0,-452250000.0,-222069000.0,0.0,-0.172,1614416000.0,-128043000.0,442153000.0,-0.106,1.063,-11.0,-10.927,9720001000.0,0.0,18.117,1.887,1.887,431564000.0,2435679000.0,2635728000.0,2635728000.0,19999000.0,-0.039,-0.088,-0.026,-0.13,30506000.0,234530000.0,1.0,274586560.0,274586560.0,,9.599,11002101000.0,95750000.0,-100270000.0,5119000.0,40.068,-1274527000.0
25,CNX,MRT,2015-03-31,2015-03-31,2015-03-31,2021-08-25,-170563000.0,11781396000.0,11680406000.0,932714000.0,10848682000.0,0.259,19.173,-1062831000.0,5318000.0,5318000.0,1341485000.0,126116000.0,0.489,1.224,3406946000.0,806411000.0,2600535000.0,3406946000.0,0.0,553236000.0,0.0,0.008,0.175,556253000.0,1109489000.0,0.366,1109489000.0,556253000.0,328729000.0,0.45,0.442,0.45,5297727000.0,5235360500.0,5297727000.0,9534087733.0,17.0,8.593,-233787000.0,-0.846,1.0,1686039000.0,0.557,0.0,227524000.0,13275040000.0,13501624250.0,105244000.0,192273000.0,0.0,192273000.0,6483669000.0,1907984000.0,4575685000.0,6422182733.0,-308773000.0,0.0,-59897000.0,46019000.0,-57555000.0,-112013000.0,-1025804000.0,77215000.0,829044000.0,0.0,126116000.0,126116000.0,126116000.0,-248147000.0,0.0,0.042,770856000.0,915183000.0,532388000.0,0.389,1.212,50.923,51.649,10366581000.0,0.0,23.242,2.121,2.121,523150000.0,3053412000.0,3027524000.0,3027524000.0,22299000.0,0.011,0.024,0.041,0.184,33466000.0,235926000.0,1.0,276317990.0,276317990.0,,10.957,11781396000.0,95291000.0,202613000.0,304303000.0,42.637,-975270000.0
26,CNX,MRT,2014-12-31,2014-12-31,2014-12-31,2021-08-25,-151100000.0,11654646000.0,11631175750.0,1093968000.0,10560678000.0,0.275,19.295,-1102616000.0,176989000.0,176989000.0,1431372000.0,163090000.0,0.958,1.187,3250578000.0,7202000.0,3243376000.0,3250578000.0,0.0,532643000.0,0.0,0.006,0.175,401627000.0,934270000.0,0.292,934270000.0,401627000.0,178294000.0,0.592,0.583,0.592,5329458000.0,5184000500.0,5329458000.0,10848353977.0,27.0,11.612,-165840000.0,-0.6,1.0,1772651000.0,0.553,0.0,223333000.0,13586088000.0,13501224250.0,101873000.0,152958000.0,0.0,152958000.0,6325188000.0,1142147000.0,5183041000.0,7782369977.0,-150435000.0,0.0,15016000.0,18893000.0,-57506000.0,-45829000.0,-1041382000.0,95207000.0,936776000.0,0.0,163090000.0,163090000.0,163090000.0,1857000.0,0.0,0.051,777744000.0,994907000.0,531973000.0,0.296,1.46,47.718,47.593,10162472000.0,0.0,28.175,2.429,2.429,606963000.0,3054150000.0,3204023000.0,3204023000.0,23355000.0,0.014,0.031,0.03,0.125,41877000.0,257473000.0,1.0,276215438.0,276215438.0,,11.6,11654646000.0,20401000.0,15204000.0,259024000.0,42.194,-48179000.0
27,CNX,MRT,2014-09-30,2014-09-30,2014-09-30,2021-08-25,-155920000.0,11718935000.0,11565931000.0,1325095000.0,10393840000.0,0.313,19.025,-1489069000.0,225563000.0,225563000.0,2036487000.0,827162000.0,1.063,1.23,3291547000.0,12225000.0,3279322000.0,3291547000.0,0.0,577031000.0,0.0,0.007,0.218,930744000.0,1507775000.0,0.417,1507775000.0,930744000.0,705201000.0,3.017,2.992,3.017,5254599000.0,5103208250.0,5254599000.0,11838230654.0,13.0,7.851,-569121000.0,-2.061,1.0,1579882000.0,0.437,0.0,225543000.0,13538273000.0,13385024750.0,145372000.0,185509000.0,0.0,185509000.0,6464336000.0,1246646000.0,5217690000.0,8714115654.0,204499000.0,0.0,11672000.0,-66040000.0,-71740000.0,-147966000.0,-567483000.0,90932000.0,919948000.0,0.0,827606000.0,827606000.0,827606000.0,-585457000.0,-444000.0,0.229,575355000.0,1004527000.0,610725000.0,0.072,1.658,10.529,10.457,9963984000.0,0.0,31.55,2.41,2.41,682591000.0,2995238000.0,3616369000.0,3616369000.0,33206000.0,0.072,0.162,0.07,0.257,45475000.0,240348000.0,1.0,276200179.0,276200179.0,,13.093,11718935000.0,169702000.0,-122405000.0,395025000.0,42.429,78449000.0
28,CNX,MRT,2014-06-30,2014-06-30,2014-06-30,2021-08-25,-359715000.0,11566647000.0,11820465250.0,1225855000.0,10340792000.0,0.299,18.339,-1098481000.0,147393000.0,147393000.0,1996296000.0,764758000.0,1.131,1.286,3271508000.0,12127000.0,3259381000.0,3271508000.0,0.0,546096000.0,0.0,0.007,0.261,939887000.0,1485983000.0,0.42,1485983000.0,939887000.0,713441000.0,2.792,2.767,2.792,5059658000.0,4779099750.0,5059658000.0,13451251195.0,14.0,9.052,-275948000.0,-1.0,1.0,1538802000.0,0.435,0.0,226446000.0,13607096000.0,13602107250.0,148005000.0,353515000.0,1328000.0,352187000.0,6506989000.0,1083666000.0,5423323000.0,10591939195.0,75475000.0,0.0,12313000.0,-192139000.0,-85964000.0,-284983000.0,-462075000.0,-58112000.0,822533000.0,0.0,765600000.0,765600000.0,765600000.0,-593577000.0,-842000.0,0.217,573589000.0,965213000.0,504009000.0,0.093,2.093,13.835,13.751,9776758000.0,0.0,38.392,2.996,2.996,665915000.0,3011340000.0,3535098000.0,3535098000.0,47932000.0,0.065,0.16,0.069,0.266,47840000.0,247396000.0,1.0,275889227.0,275889227.0,,12.813,11566647000.0,184776000.0,-52159000.0,291928000.0,41.925,142189000.0
29,CNX,MRT,2014-03-31,2014-03-31,2014-03-31,2021-08-25,-350650000.0,11584475000.0,12117035500.0,1458836000.0,10125639000.0,0.283,18.518,-1062374000.0,314087000.0,314087000.0,1953861000.0,776880000.0,1.246,1.275,3173399000.0,12058000.0,3161341000.0,3173399000.0,0.0,517726000.0,0.0,0.009,0.304,970953000.0,1488679000.0,0.435,1488679000.0,970953000.0,754201000.0,2.842,2.817,2.842,5092287000.0,4520598000.0,5092287000.0,12002731175.0,12.0,8.063,-335777000.0,-1.221,1.0,1472034000.0,0.43,0.0,216752000.0,13273440000.0,13848503250.0,156185000.0,335129000.0,25909000.0,309220000.0,6492188000.0,1170347000.0,5321841000.0,9155137175.0,289044000.0,0.0,5642000.0,-38882000.0,-100183000.0,-131633000.0,-305920000.0,-33212000.0,726597000.0,0.0,778009000.0,778009000.0,778009000.0,-572202000.0,-1129000.0,0.227,556809000.0,915225000.0,506584000.0,0.107,1.798,11.767,11.714,9604991000.0,0.0,33.292,2.672,2.672,595454000.0,3055091000.0,3425895000.0,3425895000.0,53714000.0,0.064,0.172,0.07,0.283,46810000.0,243487000.0,1.0,274995109.0,274995109.0,,12.458,11584475000.0,269660000.0,-23808000.0,304404000.0,42.126,288489000.0
30,CNX,MRT,2013-12-31,2013-12-31,2013-12-31,2021-08-25,-325117000.0,11393667000.0,12369215250.0,1445592000.0,9948075000.0,0.267,18.24,-1012087000.0,327420000.0,327420000.0,1926573000.0,659056000.0,1.291,1.276,3175014000.0,11455000.0,3163559000.0,3175014000.0,0.0,500188000.0,0.0,0.008,0.26,846451000.0,1346639000.0,0.408,1346639000.0,846451000.0,627253000.0,2.408,2.392,2.408,5006289000.0,4240660750.0,5006289000.0,11952070154.0,14.0,8.875,-353311000.0,-1.287,1.0,1373112000.0,0.416,0.0,219198000.0,13121290000.0,14134421250.0,157914000.0,317661000.0,25861000.0,291800000.0,6387378000.0,1119971000.0,5267407000.0,8708942154.0,305558000.0,0.0,1576000.0,-69390000.0,-85832000.0,-151237000.0,-201981000.0,-35712000.0,658776000.0,0.0,660442000.0,660442000.0,660442000.0,-579792000.0,-1386000.0,0.2,533338000.0,839774000.0,514580000.0,0.108,1.74,13.187,13.164,9442262000.0,0.0,31.7,2.639,2.637,576547000.0,2964520000.0,3299685000.0,3299685000.0,61104000.0,0.053,0.156,0.06,0.257,56987000.0,231367000.0,1.0,274730036.0,274474354.0,276093530.0,12.022,11393667000.0,222008000.0,-33189000.0,242643000.0,41.511,325621000.0
31,CNX,MRT,2013-09-30,2013-09-30,2013-09-30,2021-08-25,-649896000.0,12737072000.0,12770197000.0,1183436000.0,11553636000.0,0.165,14.412,-588286000.0,33349000.0,33349000.0,808569000.0,70957000.0,0.752,2.218,3276477000.0,104546000.0,3171931000.0,3276477000.0,0.0,302904000.0,0.0,0.012,0.347,413441000.0,716345000.0,0.339,716345000.0,413441000.0,197993000.0,0.267,0.267,0.267,3958165000.0,3977536500.0,3958165000.0,11027811438.0,27.0,15.395,198663000.0,0.723,1.0,1302066000.0,0.617,0.0,215448000.0,14406603000.0,14546586000.0,238348000.0,261373000.0,0.0,261373000.0,8779896000.0,1573597000.0,7206299000.0,7700858438.0,-209894000.0,0.0,757000.0,82266000.0,-114199000.0,-23776000.0,-973067000.0,-22862000.0,786949000.0,0.0,72162000.0,72162000.0,72162000.0,-58762000.0,-1205000.0,0.034,10622000.0,1291444000.0,512182000.0,1.3,1.946,106.716,105.026,10630857000.0,0.0,28.042,3.649,3.649,667496000.0,2257796000.0,2110635000.0,2110635000.0,82671000.0,0.006,0.018,0.028,0.196,46730000.0,277561000.0,1.0,274618730.0,274651603.0,274651603.0,7.685,12737072000.0,538930000.0,125831000.0,87965000.0,46.375,-390161000.0
32,CNX,MRT,2013-06-30,2013-06-30,2013-06-30,2021-08-25,-663768000.0,12752928000.0,12725077500.0,1472841000.0,11280087000.0,0.194,14.667,-737532000.0,71938000.0,71938000.0,1196987000.0,123533000.0,0.99,2.168,3398891000.0,227141000.0,3171750000.0,3398891000.0,0.0,339051000.0,0.0,0.015,0.347,374743000.0,713794000.0,0.289,713794000.0,374743000.0,161520000.0,0.458,0.458,0.458,4025651000.0,3937177250.0,4025651000.0,9366927929.0,25.0,13.123,16022000.0,0.058,1.0,1270392000.0,0.515,0.0,213223000.0,14592680000.0,14488094250.0,227994000.0,257609000.0,0.0,257609000.0,8727868000.0,1487201000.0,7240667000.0,6196357929.0,-128289000.0,0.0,724000.0,204612000.0,-114046000.0,99684000.0,-981527000.0,-18212000.0,753554000.0,0.0,124445000.0,124445000.0,124445000.0,-50642000.0,-912000.0,0.05,143404000.0,1126988000.0,461415000.0,0.758,1.539,49.792,49.308,10423745000.0,0.0,22.583,2.511,2.512,890332000.0,2351320000.0,2467379000.0,2467379000.0,59900000.0,0.01,0.032,0.026,0.152,48839000.0,257648000.0,1.0,274381523.0,274466376.0,274466376.0,8.99,12752928000.0,533637000.0,37075000.0,0.0,46.464,-14360000.0
33,CNX,MRT,2013-03-31,2013-03-31,2013-03-31,2021-08-25,-742893000.0,12593194000.0,12686319500.0,1439172000.0,11154022000.0,0.244,14.499,-597235000.0,45441000.0,45441000.0,1625158000.0,289056000.0,1.069,2.17,3216011000.0,43472000.0,3172539000.0,3216011000.0,0.0,383346000.0,0.0,0.012,0.347,571464000.0,954810000.0,0.309,954810000.0,571464000.0,356165000.0,1.058,1.058,1.058,3972538000.0,3898262250.0,3972538000.0,10837204391.0,19.0,11.35,169673000.0,0.619,1.0,1468541000.0,0.475,0.0,215299000.0,14417112000.0,14415058000.0,217034000.0,274122000.0,0.0,274122000.0,8620960000.0,1346652000.0,7274308000.0,7676765391.0,-262270000.0,0.0,-461000.0,21193000.0,-113891000.0,-85311000.0,-943867000.0,-25701000.0,766908000.0,0.0,289710000.0,289710000.0,289710000.0,-72017000.0,-654000.0,0.094,296504000.0,1172037000.0,463886000.0,0.328,1.932,26.498,26.505,10233204000.0,0.0,28.042,2.481,2.483,914572000.0,2393528000.0,3093699000.0,3093699000.0,49494000.0,0.023,0.074,0.04,0.185,50944000.0,235847000.0,1.0,273759553.0,273981748.0,273981748.0,11.292,12593194000.0,592431000.0,66455000.0,0.0,45.964,92520000.0
34,CNX,MRT,2012-12-31,2012-12-31,2012-12-31,2021-08-25,-747342000.0,12997594000.0,12686923750.0,1539094000.0,11458500000.0,0.29,14.477,-599876000.0,90535000.0,90535000.0,2103800000.0,388073000.0,1.11,2.287,3249989000.0,75403000.0,3174586000.0,3249989000.0,0.0,427115000.0,0.0,0.016,0.434,697240000.0,1124355000.0,0.306,1124355000.0,697240000.0,477198000.0,1.425,1.417,1.425,3953792000.0,3848655750.0,3953792000.0,10261499045.0,15.0,9.127,128237000.0,0.47,1.0,1573726000.0,0.428,0.0,220042000.0,14769949000.0,14331721500.0,170808000.0,567194000.0,318387000.0,248807000.0,9043849000.0,1387099000.0,7656750000.0,7311755045.0,-353874000.0,0.0,-1207000.0,54041000.0,-142278000.0,-81577000.0,-1000410000.0,-23451000.0,728113000.0,0.0,388470000.0,388470000.0,388470000.0,-70114000.0,-397000.0,0.106,455378000.0,1118348000.0,498515000.0,0.305,1.849,18.822,18.772,10190967000.0,0.0,26.75,1.988,1.987,597305000.0,2402551000.0,3677526000.0,3677526000.0,39005000.0,0.031,0.101,0.049,0.19,41127000.0,211224000.0,1.0,273336637.0,273112229.0,274970120.0,13.465,12997594000.0,84777000.0,88728000.0,360904000.0,47.591,151995000.0
35,CNX,MRT,2012-09-30,2012-09-30,2012-09-30,2021-08-25,-799791000.0,12556594000.0,12568950250.0,1710524000.0,10846070000.0,0.306,13.898,-696997000.0,251330000.0,251330000.0,2424026000.0,434068000.0,1.283,2.307,3201074000.0,22065000.0,3179009000.0,3201074000.0,0.0,427013000.0,0.0,0.014,0.347,799629000.0,1226642000.0,0.319,1226642000.0,799629000.0,572460000.0,1.592,1.575,1.592,3796728000.0,3762929000.0,3796728000.0,9815894325.0,12.0,8.002,108368000.0,0.397,1.0,1419331000.0,0.369,0.0,227169000.0,14172636000.0,14123617500.0,266539000.0,215168000.0,0.0,215168000.0,8759650000.0,1333702000.0,7425948000.0,6840338325.0,-241565000.0,0.0,4157000.0,-8325000.0,-113674000.0,-112938000.0,-933992000.0,-33685000.0,805365000.0,0.0,434202000.0,434202000.0,434202000.0,49178000.0,-134000.0,0.113,570658000.0,848673000.0,497604000.0,0.218,1.802,15.754,15.73,9928023000.0,0.0,25.042,1.78,1.78,857756000.0,2319530000.0,3843357000.0,3843357000.0,0.0,0.035,0.115,0.057,0.208,43471000.0,93648000.0,1.0,273154633.0,273185274.0,273185274.0,14.069,12556594000.0,630874000.0,138258000.0,0.0,45.964,376822000.0
36,CNX,MRT,2012-06-30,2012-06-30,2012-06-30,2021-08-25,-753444000.0,12597896000.0,12470563750.0,1680623000.0,10917273000.0,0.337,14.173,-315299000.0,220572000.0,220572000.0,2512732000.0,612870000.0,1.32,2.255,3196128000.0,20862000.0,3175266000.0,3196128000.0,0.0,432886000.0,0.0,0.013,0.33,1036126000.0,1469012000.0,0.349,1469012000.0,1036126000.0,804148000.0,2.25,2.225,2.25,3869991000.0,3670432750.0,3869991000.0,9769092848.0,9.0,6.65,784773000.0,2.874,1.0,1692265000.0,0.402,0.0,231978000.0,14300535000.0,13972048500.0,305061000.0,509580000.0,0.0,509580000.0,8727584000.0,1272917000.0,7454667000.0,6880966848.0,173688000.0,0.0,4587000.0,-339387000.0,-107896000.0,-437942000.0,-488442000.0,30167000.0,1100072000.0,0.0,612899000.0,612899000.0,612899000.0,49178000.0,-29000.0,0.146,606990000.0,1085275000.0,472804000.0,0.147,1.778,11.227,11.2,9670877000.0,0.0,25.2,1.636,1.636,831081000.0,2359609000.0,4204997000.0,4204997000.0,0.0,0.049,0.167,0.074,0.246,43491000.0,103659000.0,1.0,273054240.0,273058073.0,275102622.0,15.4,12597896000.0,588722000.0,191249000.0,35065000.0,46.136,407706000.0
37,CNX,MRT,2012-03-31,2012-03-31,2012-03-31,2021-08-25,-713846000.0,12595611000.0,12371369250.0,1866735000.0,10728876000.0,0.351,13.839,-454447000.0,309471000.0,309471000.0,2601491000.0,537544000.0,1.333,2.337,3197597000.0,20879000.0,3176718000.0,3197597000.0,0.0,436862000.0,0.0,0.011,0.312,931230000.0,1368092000.0,0.315,1368092000.0,931230000.0,691248000.0,1.975,1.95,1.975,3774112000.0,3507729500.0,3774112000.0,10544204175.0,11.0,7.707,867401000.0,3.181,1.0,1736947000.0,0.4,0.0,239982000.0,14083766000.0,13933999000.0,284997000.0,500603000.0,0.0,500603000.0,8821499000.0,1399971000.0,7421528000.0,7743974175.0,159618000.0,0.0,5497000.0,-445997000.0,-102118000.0,-548629000.0,-613601000.0,44156000.0,1321848000.0,0.0,537544000.0,537544000.0,537544000.0,49178000.0,0.0,0.124,740449000.0,996498000.0,471921000.0,0.158,2.052,14.406,14.388,9441437000.0,0.0,28.417,1.785,1.786,904703000.0,2235776000.0,4338438000.0,4338438000.0,0.0,0.043,0.153,0.067,0.215,44937000.0,113350000.0,1.0,272512024.0,272723123.0,276148813.0,15.908,12595611000.0,596657000.0,153704000.0,50313000.0,46.185,466764000.0
38,CNX,MRT,2011-12-31,2011-12-31,2011-12-31,2021-08-25,-801554000.0,12525700000.0,12278401750.0,1897977000.0,10627723000.0,0.356,13.275,-431090000.0,397884000.0,397884000.0,2505166000.0,632497000.0,1.367,2.469,3198114000.0,20691000.0,3177423000.0,3198114000.0,0.0,430577000.0,0.0,0.01,0.295,1072092000.0,1502669000.0,0.343,1502669000.0,1072092000.0,823748000.0,2.325,2.3,2.325,3610885000.0,3345667000.0,3610885000.0,11030482542.0,10.0,7.341,1096516000.0,4.031,1.0,1871879000.0,0.428,0.0,248344000.0,13937533000.0,13930337250.0,258335000.0,797478000.0,314950000.0,482528000.0,8914815000.0,1388397000.0,7526418000.0,8324258542.0,342942000.0,0.0,9033000.0,-510865000.0,-96356000.0,-606140000.0,-578524000.0,55876000.0,1527606000.0,0.0,632497000.0,632497000.0,632497000.0,49178000.0,0.0,0.145,734519000.0,1137360000.0,522003000.0,0.127,2.305,13.161,13.154,9326416000.0,0.0,30.583,1.902,1.901,568520000.0,2184737000.0,4377045000.0,4377045000.0,0.0,0.052,0.189,0.077,0.245,42131000.0,114643000.0,1.0,272185807.0,272016443.0,274804319.0,16.091,12525700000.0,648807000.0,191251000.0,75633000.0,46.048,509580000.0
39,CNX,MRT,2011-09-30,2011-09-30,2011-09-30,2021-08-25,-800896000.0,12163048000.0,12164629250.0,1901918000.0,10261130000.0,0.488,12.594,-599388000.0,492814000.0,492814000.0,3697203000.0,541323000.0,1.46,2.549,3199038000.0,20306000.0,3178732000.0,3199038000.0,0.0,620896000.0,0.0,0.01,0.278,944122000.0,1565018000.0,0.264,1565018000.0,944122000.0,688740000.0,1.992,1.983,1.992,3426743000.0,3179065000.0,3426743000.0,11184882791.0,12.0,7.147,905398000.0,3.328,1.0,2235152000.0,0.377,0.0,255382000.0,13566360000.0,13957869250.0,241691000.0,175818000.0,0.0,175818000.0,8736305000.0,1302912000.0,7433393000.0,7693412791.0,456941000.0,3987000.0,9611000.0,-441853000.0,-90557000.0,-527889000.0,-519956000.0,82312000.0,1504786000.0,0.0,541323000.0,541323000.0,541323000.0,0.0,0.0,0.091,1274940000.0,960212000.0,448667000.0,0.14,2.245,14.212,14.194,9071100000.0,0.0,28.275,1.297,1.297,834690000.0,2025794000.0,5932355000.0,5932355000.0,0.0,0.044,0.17,0.068,0.159,51096000.0,172624000.0,1.0,272092406.0,272092813.0,274996244.0,21.803,12163048000.0,627609000.0,147417000.0,0.0,44.702,599006000.0
40,CNX,MRT,2011-06-30,2011-06-30,2011-06-30,2021-08-25,-850554000.0,12201118000.0,12054306750.0,1150850000.0,11050268000.0,0.478,11.836,-1097003000.0,46810000.0,46810000.0,3650086000.0,449377000.0,0.745,2.792,3538280000.0,356033000.0,3182247000.0,3538280000.0,0.0,622575000.0,0.0,0.007,0.278,842386000.0,1464961000.0,0.254,1464961000.0,842386000.0,579458000.0,1.65,1.65,1.65,3219178000.0,3098949750.0,3219178000.0,14468822762.0,17.0,9.877,323950000.0,1.191,1.0,2109833000.0,0.366,0.0,262928000.0,14148337000.0,14014825250.0,259663000.0,100951000.0,0.0,100951000.0,8987069000.0,1544251000.0,7442818000.0,10987404762.0,-7794000.0,5453000.0,8830000.0,-256512000.0,-90460000.0,-347418000.0,-1081329000.0,10221000.0,1420953000.0,0.0,449377000.0,449377000.0,449377000.0,0.0,0.0,0.078,1251357000.0,858476000.0,351356000.0,0.168,3.413,24.45,24.485,10244548000.0,0.0,40.4,1.908,1.908,526944000.0,1883610000.0,5759919000.0,5759919000.0,0.0,0.037,0.145,0.06,0.146,53119000.0,164654000.0,1.0,271965464.0,271977302.0,274965629.0,21.178,12201118000.0,681113000.0,130081000.0,0.0,44.861,-393401000.0
41,CNX,MRT,2011-03-31,2011-03-31,2011-03-31,2021-08-25,-875704000.0,12223741000.0,11926050000.0,1233640000.0,10990101000.0,0.458,11.508,-1083466000.0,147986000.0,147986000.0,3506686000.0,442893000.0,0.754,2.912,3629404000.0,445501000.0,3183903000.0,3629404000.0,0.0,597539000.0,0.0,0.006,0.278,835959000.0,1433498000.0,0.262,1433498000.0,835959000.0,572590000.0,1.617,1.608,1.617,3125862000.0,3052301000.0,3125862000.0,15774999750.0,19.0,11.005,308980000.0,1.138,1.0,1954652000.0,0.358,0.0,263369000.0,14069119000.0,13932590500.0,287809000.0,97520000.0,0.0,97520000.0,9102392000.0,1636040000.0,7466352000.0,12133163750.0,-1751312000.0,-3470212000.0,8457000.0,2542727000.0,-90370000.0,2387582000.0,-5531340000.0,-977662000.0,1392446000.0,0.0,438661000.0,438661000.0,438661000.0,0.0,4232000.0,0.08,1114461000.0,840191000.0,335878000.0,0.172,3.882,27.66,27.639,10199298000.0,0.0,44.692,2.222,2.223,503228000.0,1832384000.0,5461338000.0,5461338000.0,0.0,0.037,0.144,0.06,0.153,51090000.0,160276000.0,1.0,271484018.0,271620713.0,274577806.0,20.106,12223741000.0,641667000.0,133929000.0,0.0,45.003,-402400000.0
42,CNX,MRT,2010-12-31,2010-12-31,2010-12-31,2021-08-25,-874338000.0,12070610000.0,11338755750.0,1115006000.0,10955604000.0,0.462,11.417,-1094180000.0,53085000.0,53085000.0,3451382000.0,358626000.0,0.67,3.102,3694921000.0,508783000.0,3186138000.0,3694921000.0,0.0,567663000.0,0.0,0.007,0.278,661100000.0,1228763000.0,0.235,1228763000.0,661100000.0,456068000.0,1.342,1.333,1.342,2944477000.0,3204481000.0,2944477000.0,14620046044.0,22.0,11.898,37132000.0,0.144,1.0,1784639000.0,0.341,0.0,205032000.0,14047661000.0,12280117750.0,258538000.0,100783000.0,408000.0,100375000.0,9134597000.0,1664785000.0,7469812000.0,11007756044.0,-32813000.0,-3470212000.0,1834855000.0,2699738000.0,-85861000.0,4379849000.0,-5543974000.0,-979582000.0,1131312000.0,0.0,346781000.0,346781000.0,346781000.0,0.0,11845000.0,0.066,1111694000.0,672945000.0,354011000.0,0.207,3.738,31.743,30.266,10129251000.0,0.0,40.617,2.102,2.001,473711000.0,1680597000.0,5236021000.0,5236021000.0,0.0,0.031,0.108,0.054,0.126,47593000.0,150210000.0,1.0,271013518.0,257904673.0,260445365.0,20.302,12070610000.0,691545000.0,109287000.0,0.0,46.803,-549779000.0
43,CNX,MRT,2010-09-30,2010-09-30,2010-09-30,2021-08-25,-619755000.0,11721758000.0,10264953500.0,1000761000.0,10720997000.0,0.498,11.465,-1028456000.0,15582000.0,15582000.0,3386678000.0,404211000.0,0.65,2.776,3627872000.0,429817000.0,3198055000.0,3627872000.0,0.0,527137000.0,0.0,0.009,0.278,660706000.0,1187843000.0,0.232,1187843000.0,660706000.0,512633000.0,1.642,1.617,1.642,3106282000.0,2914748750.0,3106282000.0,12084844704.0,18.0,10.174,182717000.0,0.674,1.0,1730064000.0,0.338,0.0,148073000.0,13794184000.0,10573792500.0,262331000.0,92261000.0,0.0,92261000.0,8624129000.0,1539864000.0,7084265000.0,8345354704.0,-16820000.0,-3474199000.0,1832875000.0,2577639000.0,-81361000.0,4257734000.0,-5485727000.0,-989939000.0,1211173000.0,0.0,385509000.0,385509000.0,385509000.0,0.0,18702000.0,0.075,1050656000.0,679408000.0,312910000.0,0.169,2.687,21.648,18.758,9990406000.0,0.0,30.8,1.631,1.631,444743000.0,1617769000.0,5116742000.0,5116742000.0,0.0,0.038,0.132,0.062,0.129,41739000.0,140517000.0,1.0,270953075.0,270937847.0,273710759.0,18.885,11721758000.0,510743000.0,127124000.0,0.0,43.264,-539103000.0
44,CNX,MRT,2010-06-30,2010-06-30,2010-06-30,2021-08-25,-626940000.0,11688091000.0,9164248250.0,1043844000.0,10644247000.0,0.531,11.196,-977099000.0,34313000.0,34313000.0,3229606000.0,422114000.0,0.649,2.857,3773803000.0,604854000.0,3168949000.0,3773803000.0,0.0,475673000.0,0.0,0.01,0.278,633227000.0,1108900000.0,0.228,1108900000.0,633227000.0,544082000.0,1.767,1.742,1.767,3032583000.0,2586665000.0,3032583000.0,6823315845.0,11.0,6.153,22948000.0,0.085,1.0,1632360000.0,0.336,0.0,89145000.0,13819398000.0,8868859000.0,293850000.0,87124000.0,0.0,87124000.0,8663998000.0,1608183000.0,7055815000.0,7619894845.0,-73998000.0,-3475665000.0,1832973000.0,2676052000.0,-76858000.0,4361887000.0,-5435932000.0,-983168000.0,1000047000.0,0.0,397496000.0,397496000.0,397496000.0,0.0,24618000.0,0.082,974515000.0,657845000.0,265089000.0,0.157,2.513,19.17,15.921,9922276000.0,0.0,28.133,1.567,1.567,460678000.0,1566921000.0,4861966000.0,4861966000.0,0.0,0.043,0.154,0.071,0.13,37298000.0,133437000.0,1.0,270852552.0,270858647.0,273697324.0,17.95,11688091000.0,524423000.0,146586000.0,0.0,43.152,-564339000.0
45,CNX,MRT,2010-03-31,2010-03-31,2010-03-31,2021-08-25,-609537000.0,9874564000.0,8081550500.0,2992748000.0,6881816000.0,0.575,17.125,-859655000.0,1879007000.0,1879007000.0,3046684000.0,470053000.0,1.849,1.577,1082428000.0,661840000.0,420588000.0,1082428000.0,0.0,450384000.0,0.0,0.008,0.278,650973000.0,1101357000.0,0.237,1101357000.0,650973000.0,619921000.0,2.042,2.017,2.042,3734582000.0,2266088250.0,3734582000.0,8603826803.0,13.0,7.812,125126000.0,0.574,1.0,1596500000.0,0.344,0.0,31052000.0,7459228000.0,7143850500.0,327443000.0,87856000.0,0.0,87856000.0,5887660000.0,1618757000.0,4268903000.0,7728281803.0,1807452000.0,0.0,1832523000.0,-85502000.0,-72348000.0,1678641000.0,-855970000.0,3685000.0,984781000.0,0.0,444167000.0,444167000.0,444167000.0,0.0,25886000.0,0.096,919641000.0,676859000.0,305310000.0,0.136,2.069,17.399,17.409,6209054000.0,0.0,35.55,1.664,1.67,536497000.0,1525007000.0,4643184000.0,4643184000.0,0.0,0.055,0.196,0.091,0.14,39075000.0,130019000.0,1.0,217391893.0,218071776.0,221218778.0,21.292,9874564000.0,472261000.0,175754000.0,42082000.0,45.281,1373991000.0
46,CNX,MRT,2009-12-31,2009-12-31,2009-12-31,2021-08-25,-640504000.0,7775401000.0,7464731250.0,991036000.0,6784365000.0,0.619,8.235,-850196000.0,65607000.0,65607000.0,2944777000.0,567142000.0,0.67,3.221,991152000.0,568244000.0,422908000.0,991152000.0,0.0,437417000.0,0.0,0.007,0.278,792339000.0,1229756000.0,0.266,1229756000.0,792339000.0,760920000.0,2.492,2.458,2.492,1785548000.0,1750975250.0,1785548000.0,9860345151.0,12.0,8.018,210255000.0,0.97,1.0,1677098000.0,0.363,0.0,31419000.0,7222360000.0,7025114500.0,307597000.0,83533000.0,0.0,83533000.0,5750922000.0,1478586000.0,4272336000.0,9005458151.0,-72905000.0,0.0,2547000.0,-219040000.0,-72292000.0,-288015000.0,-845341000.0,4855000.0,1060451000.0,0.0,539717000.0,539717000.0,539717000.0,0.0,27425000.0,0.117,857334000.0,819764000.0,269560000.0,0.112,5.044,16.686,16.653,6124290000.0,0.0,41.5,1.948,1.947,383443000.0,1456898000.0,4621875000.0,4621875000.0,0.0,0.072,0.308,0.113,0.171,39032000.0,130704000.0,1.0,216998992.0,216831892.0,219385363.0,21.315,7775401000.0,498680000.0,221203000.0,27944000.0,35.859,-487550000.0
47,CNX,MRT,2009-09-30,2009-09-30,2009-09-30,2021-08-25,-501140000.0,7318937000.0,7363495500.0,829934000.0,6489003000.0,0.628,8.272,-930973000.0,32402000.0,32402000.0,2928259000.0,603320000.0,0.692,2.95,887289000.0,432597000.0,454692000.0,887289000.0,0.0,428489000.0,0.0,0.007,0.278,875160000.0,1303649000.0,0.282,1303649000.0,875160000.0,843789000.0,2.633,2.617,2.633,1793947000.0,1670135000.0,1793947000.0,8978987895.0,10.0,6.888,103857000.0,0.479,1.0,1698286000.0,0.367,0.0,31371000.0,6974450000.0,6911689000.0,310539000.0,81724000.0,0.0,81724000.0,5291610000.0,1199374000.0,4092236000.0,8151475895.0,22100000.0,0.0,-96433000.0,151188000.0,-72286000.0,-20745000.0,-991985000.0,-61012000.0,1034830000.0,0.0,572850000.0,572850000.0,572850000.0,0.0,30470000.0,0.124,792656000.0,905630000.0,238826000.0,0.106,4.544,14.23,14.277,5981591000.0,0.0,37.592,1.762,1.762,187828000.0,1345112000.0,4626545000.0,4626545000.0,0.0,0.078,0.343,0.127,0.189,37148000.0,130108000.0,1.0,216840708.0,216870233.0,219830000.0,21.333,7318937000.0,382768000.0,270939000.0,0.0,33.748,-369440000.0
48,CNX,MRT,2009-06-30,2009-06-30,2009-06-30,2021-08-25,-467193000.0,7357300000.0,7210194000.0,926204000.0,6431096000.0,0.653,8.074,-1062714000.0,108311000.0,108311000.0,3000727000.0,612450000.0,0.732,3.068,935823000.0,474231000.0,461592000.0,935823000.0,0.0,414812000.0,0.0,0.01,0.278,885206000.0,1300018000.0,0.276,1300018000.0,885206000.0,852268000.0,2.642,2.625,2.642,1750276000.0,1582342000.0,1750276000.0,7069371902.0,8.0,5.438,23419000.0,0.108,1.0,1704407000.0,0.362,0.0,32938000.0,6919364000.0,6740256750.0,324655000.0,77706000.0,0.0,77706000.0,5370509000.0,1265448000.0,4105061000.0,6134474902.0,53122000.0,0.0,-96093000.0,258597000.0,-72536000.0,92174000.0,-1125185000.0,-62471000.0,1086133000.0,0.0,575534000.0,575534000.0,575534000.0,0.0,36916000.0,0.122,782285000.0,922122000.0,232136000.0,0.105,3.505,10.659,10.712,5903079000.0,0.0,28.3,1.304,1.304,201673000.0,1279979000.0,4705134000.0,4705134000.0,0.0,0.08,0.364,0.131,0.188,34544000.0,129872000.0,1.0,216765898.0,216773398.0,219688096.0,21.705,7357300000.0,364614000.0,276734000.0,4891000.0,33.94,-339244000.0
49,CNX,MRT,2009-03-31,2009-03-31,2009-03-31,2021-08-25,-436503000.0,7407287000.0,7018677750.0,998998000.0,6408289000.0,0.69,7.726,-1128670000.0,71555000.0,71555000.0,3152000000.0,606401000.0,0.736,3.29,1006452000.0,542445000.0,464007000.0,1006452000.0,0.0,403112000.0,0.0,0.013,0.278,881842000.0,1284954000.0,0.265,1284954000.0,881842000.0,847323000.0,2.575,2.558,2.575,1674130000.0,1454198250.0,1674130000.0,5467786246.0,6.0,4.255,-35119000.0,-0.162,1.0,1693465000.0,0.349,0.0,34519000.0,6984284000.0,6518347500.0,277676000.0,75637000.0,0.0,75637000.0,5507667000.0,1357900000.0,4149767000.0,4557846246.0,8780000.0,0.0,-87725000.0,258160000.0,-72762000.0,110095000.0,-1194866000.0,-66196000.0,1093551000.0,0.0,563207000.0,563207000.0,563207000.0,0.0,43194000.0,0.116,768429000.0,925036000.0,274730000.0,0.108,2.723,8.093,8.168,5840651000.0,0.0,21.033,0.941,0.941,331864000.0,1186324000.0,4845465000.0,4845465000.0,0.0,0.08,0.387,0.135,0.182,29435000.0,124889000.0,1.0,216699769.0,216691775.0,218580108.0,22.361,7407287000.0,359401000.0,284116000.0,28913000.0,34.184,-358902000.0
50,CNX,MRT,2008-12-31,2008-12-31,2008-12-31,2021-08-25,-461900000.0,7370458000.0,6763798750.0,983814000.0,6386644000.0,0.688,6.681,-1033476000.0,138512000.0,138512000.0,3142308000.0,485661000.0,0.651,3.896,1048452000.0,580101000.0,468351000.0,1048452000.0,0.0,389621000.0,0.0,0.012,0.278,718587000.0,1108208000.0,0.238,1108208000.0,718587000.0,682404000.0,2.025,2.0,2.025,1462187000.0,1338906250.0,1462187000.0,5942080081.0,8.0,5.362,-43612000.0,-0.199,1.0,1510137000.0,0.325,0.0,36183000.0,6768658000.0,6272676500.0,227810000.0,72996000.0,0.0,72996000.0,5696112000.0,1511740000.0,4184372000.0,5178590081.0,96861000.0,0.0,-82579000.0,339386000.0,-72957000.0,205853000.0,-1098856000.0,-65380000.0,989864000.0,0.0,442470000.0,442470000.0,442470000.0,0.0,43191000.0,0.095,748359000.0,761778000.0,385197000.0,0.137,3.542,11.704,11.761,5765972000.0,0.0,23.817,1.113,1.12,301281000.0,1010902000.0,4652445000.0,4652445000.0,0.0,0.065,0.33,0.115,0.154,25186000.0,124543000.0,1.0,217432510.0,218863213.0,221615510.0,21.257,7370458000.0,428004000.0,239934000.0,0.0,33.676,-527926000.0
51,CNX,MRT,2008-09-30,2008-09-30,2008-09-30,2021-08-25,-370825000.0,6705731000.0,6473206750.0,752143000.0,5953588000.0,0.669,6.563,-918173000.0,10302000.0,10302000.0,3026332000.0,331262000.0,0.637,3.648,773792000.0,291329000.0,482463000.0,773792000.0,0.0,374626000.0,0.0,0.007,0.278,459838000.0,834464000.0,0.193,834464000.0,459838000.0,420473000.0,1.242,1.233,1.242,1442775000.0,1276964250.0,1442775000.0,9076597015.0,20.0,10.877,-146933000.0,-0.668,1.0,1302039000.0,0.301,0.0,39365000.0,6288721000.0,6056699500.0,175981000.0,69657000.0,0.0,69657000.0,5262956000.0,1180500000.0,4082456000.0,8406543015.0,-68394000.0,9935000.0,26988000.0,88886000.0,-73071000.0,83235000.0,-922869000.0,-14631000.0,771240000.0,0.0,272935000.0,272935000.0,272935000.0,0.0,58327000.0,0.063,803434000.0,498605000.0,324590000.0,0.224,5.827,30.801,30.791,5462323000.0,0.0,38.242,1.942,1.942,290119000.0,882228000.0,4328371000.0,4328371000.0,0.0,0.042,0.214,0.076,0.106,22658000.0,122013000.0,1.0,219824879.0,219842503.0,222710111.0,19.689,6705731000.0,441390000.0,147538000.0,0.0,30.502,-428357000.0
52,CNX,MRT,2008-06-30,2008-06-30,2008-06-30,2021-08-25,-542789000.0,6591235000.0,6315879500.0,853758000.0,5737477000.0,0.637,5.637,-793776000.0,55189000.0,55189000.0,2891687000.0,223462000.0,0.694,4.325,725243000.0,227716000.0,497527000.0,725243000.0,0.0,360740000.0,0.0,0.003,0.257,324643000.0,685383000.0,0.17,685383000.0,324643000.0,288527000.0,0.808,0.8,0.808,1237701000.0,1226649250.0,1237701000.0,21271799276.0,66.0,31.036,-94236000.0,-0.429,1.0,1131954000.0,0.281,0.0,36116000.0,6031727000.0,5921060000.0,174660000.0,68199000.0,0.0,68199000.0,5353534000.0,1229562000.0,4123972000.0,20537922276.0,-251316000.0,-296724000.0,-26343000.0,210088000.0,-67498000.0,155280000.0,-1106136000.0,-15636000.0,699540000.0,0.0,177497000.0,177497000.0,177497000.0,0.0,45965000.0,0.044,775141000.0,356813000.0,267966000.0,0.318,16.594,115.709,115.894,5250446000.0,0.0,93.642,5.104,5.11,335145000.0,852123000.0,4023641000.0,4023641000.0,0.0,0.028,0.145,0.055,0.081,19951000.0,117230000.0,1.0,219323832.0,219573271.0,222764698.0,18.325,6591235000.0,585722000.0,111030000.0,0.0,30.018,-375804000.0
53,CNX,MRT,2008-03-31,2008-03-31,2008-03-31,2021-08-25,-459637000.0,6387771000.0,6146257000.0,804153000.0,5583618000.0,0.63,5.536,-672378000.0,62775000.0,62775000.0,2712420000.0,263789000.0,0.718,4.266,796652000.0,298786000.0,497866000.0,796652000.0,0.0,340654000.0,0.0,0.004,0.236,392122000.0,732776000.0,0.189,732776000.0,392122000.0,358358000.0,1.05,1.042,1.05,1212962000.0,1242714250.0,1212962000.0,13340366292.0,34.0,18.205,-25619000.0,-0.117,1.0,1160323000.0,0.3,0.0,33764000.0,6001600000.0,5771949250.0,184360000.0,66104000.0,0.0,66104000.0,5174809000.0,1120048000.0,4054761000.0,12627309292.0,-155287000.0,-296724000.0,-31113000.0,241551000.0,-61955000.0,180775000.0,-982821000.0,-13719000.0,646759000.0,0.0,229602000.0,229602000.0,229602000.0,0.0,34187000.0,0.059,740125000.0,420198000.0,218510000.0,0.225,10.41,54.997,54.912,5051054000.0,0.0,57.658,3.261,3.262,323520000.0,775707000.0,3872743000.0,3872743000.0,0.0,0.037,0.185,0.068,0.101,18361000.0,113125000.0,1.0,219003595.0,219087582.0,222231061.0,17.677,6387771000.0,557788000.0,128756000.0,0.0,29.156,-315895000.0
54,CNX,MRT,2007-12-31,2007-12-31,2007-12-31,2021-08-25,-419284000.0,6208090000.0,5997726000.0,683155000.0,5524935000.0,0.627,5.559,-658323000.0,41651000.0,41651000.0,2585992000.0,292820000.0,0.672,4.112,754708000.0,265783000.0,488925000.0,754708000.0,3162000.0,324715000.0,0.0,0.004,0.215,434770000.0,759485000.0,0.202,759485000.0,434770000.0,403919000.0,1.225,1.208,1.225,1214419000.0,1225037750.0,1214419000.0,13585960962.0,31.0,17.888,25710000.0,0.118,1.0,1176205000.0,0.313,0.0,30851000.0,5904750000.0,5619464000.0,163193000.0,94866000.0,0.0,94866000.0,4993671000.0,1016397000.0,3977274000.0,12976994962.0,-182232000.0,-296724000.0,-60933000.0,199565000.0,-56475000.0,105839000.0,-972104000.0,-17057000.0,684033000.0,0.0,267782000.0,267782000.0,267782000.0,0.0,25038000.0,0.071,716397000.0,459808000.0,238312000.0,0.176,10.686,48.461,48.653,4965042000.0,0.0,59.6,3.449,3.461,250316000.0,766536000.0,3762197000.0,3762197000.0,0.0,0.045,0.219,0.077,0.116,24243000.0,108664000.0,1.0,217734815.0,218460752.0,220979701.0,17.221,6208090000.0,524721000.0,136137000.0,0.0,28.417,-333242000.0
55,CNX,MRT,2007-09-30,2007-09-30,2007-09-30,2021-08-25,-371369000.0,6076422000.0,5861536500.0,698357000.0,5378065000.0,0.648,5.689,-636131000.0,78696000.0,78696000.0,2593530000.0,376343000.0,0.744,3.894,687662000.0,197964000.0,489698000.0,687662000.0,4636000.0,312029000.0,0.0,0.005,0.194,513702000.0,825731000.0,0.217,825731000.0,513702000.0,487170000.0,1.717,1.692,1.717,1241515000.0,1187970750.0,1241515000.0,8701923240.0,17.0,10.538,185154000.0,0.848,1.0,1203697000.0,0.317,0.0,26532000.0,5746163000.0,5456173500.0,165527000.0,92462000.0,0.0,92462000.0,4834907000.0,939225000.0,3895682000.0,8500230240.0,-136873000.0,-306659000.0,-72401000.0,133670000.0,-51067000.0,17227000.0,-975385000.0,-32595000.0,821285000.0,0.0,376343000.0,376343000.0,376343000.0,0.0,0.0,0.099,663351000.0,540346000.0,239606000.0,0.113,6.847,22.586,22.617,4801455000.0,0.0,38.833,2.239,2.232,249418000.0,803267000.0,3797227000.0,3797227000.0,0.0,0.064,0.317,0.094,0.135,33012000.0,103268000.0,1.0,218891928.0,218240072.0,218240072.0,17.399,6076422000.0,502999000.0,110827000.0,38318000.0,27.843,-240868000.0
56,CNX,MRT,2007-06-30,2007-06-30,2007-06-30,2021-08-25,-376868000.0,5912745000.0,5666038750.0,985531000.0,4927214000.0,0.666,5.955,-630177000.0,306505000.0,306505000.0,2519132000.0,430011000.0,1.451,3.541,508198000.0,14923000.0,493275000.0,508198000.0,6022000.0,302451000.0,0.0,0.005,0.194,575937000.0,878388000.0,0.233,878388000.0,575937000.0,549540000.0,1.958,1.933,1.958,1301961000.0,1187087250.0,1301961000.0,8726560293.0,15.0,9.935,139756000.0,0.639,1.0,1253071000.0,0.332,0.0,26397000.0,5435284000.0,5206846250.0,164305000.0,89192000.0,0.0,89192000.0,4610784000.0,679154000.0,3931630000.0,8396274293.0,-38762000.0,0.0,-51706000.0,-49740000.0,-51158000.0,-145212000.0,-663483000.0,-33306000.0,769933000.0,0.0,430011000.0,430011000.0,430011000.0,0.0,0.0,0.114,649293000.0,603778000.0,173248000.0,0.099,6.449,19.526,19.625,4250867000.0,0.0,38.425,2.226,2.227,341006000.0,829886000.0,3772203000.0,3772203000.0,0.0,0.076,0.362,0.111,0.153,33299000.0,101707000.0,1.0,218510717.0,218634468.0,222000146.0,17.253,5912745000.0,610631000.0,119529000.0,20071000.0,27.044,306377000.0
57,CNX,MRT,2007-03-31,2007-03-31,2007-03-31,2021-08-25,-384030000.0,5793647000.0,5514587000.0,969352000.0,4824295000.0,0.661,5.219,-666084000.0,218062000.0,218062000.0,2465638000.0,387388000.0,1.324,4.072,548348000.0,59941000.0,488407000.0,548348000.0,8821000.0,301210000.0,0.0,0.005,0.17,504501000.0,805711000.0,0.221,805711000.0,504501000.0,478025000.0,1.758,1.733,1.758,1142256000.0,1166362500.0,1142256000.0,7470334235.0,15.0,9.272,29354000.0,0.134,1.0,1178830000.0,0.323,0.0,26476000.0,5391659000.0,5005077750.0,173486000.0,86900000.0,0.0,86900000.0,4651391000.0,732274000.0,3919117000.0,7141954235.0,-84975000.0,24750000.0,-53641000.0,-9441000.0,-51243000.0,-106089000.0,-674324000.0,-32990000.0,695438000.0,0.0,387388000.0,387388000.0,387388000.0,0.0,0.0,0.106,647106000.0,531724000.0,200020000.0,0.097,6.252,18.436,18.548,4104969000.0,0.0,32.608,1.96,1.958,390734000.0,695699000.0,3644468000.0,3644468000.0,0.0,0.07,0.332,0.101,0.138,31709000.0,97079000.0,1.0,219024602.0,218845555.0,221778163.0,16.653,5793647000.0,656056000.0,90637000.0,21001000.0,26.474,237078000.0
58,CNX,MRT,2006-12-31,2006-12-31,2006-12-31,2021-08-25,-375717000.0,5663332000.0,5365325750.0,914496000.0,4748836000.0,0.692,4.846,-630583000.0,223883000.0,223883000.0,2499259000.0,408882000.0,1.236,4.312,552263000.0,59518000.0,492745000.0,552263000.0,13106000.0,296237000.0,0.0,0.005,0.146,546378000.0,842615000.0,0.227,842615000.0,546378000.0,521312000.0,1.858,1.833,1.858,1066151000.0,1159039750.0,1066151000.0,6129362940.0,11.0,7.274,33964000.0,0.154,1.0,1215912000.0,0.327,0.0,25066000.0,5251588000.0,4807428250.0,149307000.0,84219000.0,0.0,84219000.0,4597181000.0,740124000.0,3857057000.0,5867543940.0,-116757000.0,0.0,-101780000.0,-5107000.0,-51416000.0,-119758000.0,-661546000.0,-30963000.0,664547000.0,0.0,408882000.0,408882000.0,408882000.0,0.0,0.0,0.11,639926000.0,575986000.0,225060000.0,0.079,5.503,14.35,14.411,4040287000.0,0.0,26.775,1.579,1.586,355065000.0,600541000.0,3715171000.0,3715171000.0,0.0,0.076,0.353,0.114,0.147,22841000.0,91150000.0,1.0,219142631.0,220025678.0,222765727.0,16.885,5663332000.0,626505000.0,112430000.0,0.0,25.739,174372000.0
59,CNX,MRT,2006-09-30,2006-09-30,2006-09-30,2021-08-25,-76691000.0,5294431000.0,5217483500.0,938744000.0,4355687000.0,0.715,5.63,-691533000.0,215569000.0,215569000.0,2506037000.0,381127000.0,1.163,3.277,477388000.0,57017000.0,420371000.0,477388000.0,16333000.0,286680000.0,0.0,0.005,0.122,566976000.0,853656000.0,0.229,853656000.0,566976000.0,542772000.0,1.717,1.692,1.717,1237981000.0,1148841000.0,1237981000.0,5953560366.0,11.0,6.974,-33519000.0,-0.152,1.0,1224525000.0,0.328,0.0,24204000.0,4748854000.0,4591052750.0,182775000.0,54332000.0,0.0,54332000.0,4056450000.0,807396000.0,3249054000.0,5817797366.0,-137646000.0,0.0,-98530000.0,7407000.0,-51575000.0,-104820000.0,-690840000.0,693000.0,658014000.0,0.0,381127000.0,381127000.0,381127000.0,0.0,0.0,0.102,629000000.0,595525000.0,174733000.0,0.071,4.699,15.265,15.4,3827587000.0,0.0,26.442,1.559,1.559,307700000.0,486543000.0,3730562000.0,3730562000.0,0.0,0.073,0.332,0.123,0.152,11267000.0,88591000.0,1.0,220021079.0,219896132.0,222666824.0,16.965,5294431000.0,481065000.0,161645000.0,28219000.0,24.077,131348000.0
60,CNX,MRT,2006-06-30,2006-06-30,2006-06-30,2021-08-25,-84371000.0,5306938000.0,5130006750.0,1054157000.0,4252781000.0,0.798,5.543,-636083000.0,345267000.0,345267000.0,2562262000.0,709825000.0,1.294,3.353,481030000.0,56844000.0,424186000.0,481030000.0,19436000.0,277956000.0,0.0,0.002,0.097,890745000.0,1168701000.0,0.285,1168701000.0,890745000.0,865435000.0,3.208,3.158,3.208,1219062000.0,1068710500.0,1219062000.0,8736883055.0,10.0,7.476,-35361000.0,-0.161,1.0,1532201000.0,0.374,0.0,25310000.0,4628210000.0,4474448000.0,184977000.0,52877000.0,0.0,52877000.0,4087876000.0,814491000.0,3273385000.0,8558714055.0,340575000.0,420167000.0,-52826000.0,13499000.0,-51637000.0,-55168000.0,-204979000.0,10937000.0,600722000.0,0.0,709825000.0,709825000.0,709825000.0,0.0,0.0,0.173,616410000.0,915791000.0,147596000.0,0.03,7.021,12.057,12.136,3726387000.0,0.0,38.933,2.09,2.091,310323000.0,454907000.0,4094463000.0,4094463000.0,0.0,0.138,0.664,0.199,0.218,8058000.0,87505000.0,1.0,219831866.0,219943710.0,222984281.0,18.616,5306938000.0,481058000.0,155610000.0,24206000.0,24.129,239666000.0
61,CNX,MRT,2006-03-31,2006-03-31,2006-03-31,2021-08-25,-87784000.0,5196602000.0,4909239000.0,1011033000.0,4185569000.0,0.811,5.033,-551428000.0,303037000.0,303037000.0,2584419000.0,640405000.0,1.307,3.669,481206000.0,11567000.0,469639000.0,481206000.0,23023000.0,270288000.0,0.0,0.003,0.097,781242000.0,1051530000.0,0.264,1051530000.0,781242000.0,754996000.0,2.892,2.85,2.892,1112965000.0,908837000.0,1112965000.0,6958178428.0,9.0,6.617,-85550000.0,-0.387,1.0,1394930000.0,0.351,0.0,26246000.0,4601061000.0,4349821750.0,159127000.0,52142000.0,0.0,52142000.0,4083637000.0,773710000.0,3309927000.0,6855822428.0,281778000.0,395417000.0,-46069000.0,13312000.0,-51580000.0,-53117000.0,-130983000.0,10028000.0,465878000.0,0.0,640405000.0,640405000.0,640405000.0,0.0,0.0,0.161,595708000.0,799222000.0,179364000.0,0.034,6.16,10.705,10.685,3644695000.0,0.0,30.9,1.723,1.717,335788000.0,363607000.0,3979349000.0,3979349000.0,0.0,0.13,0.705,0.18,0.196,5827000.0,84391000.0,1.0,221871276.0,221123263.0,224007929.0,17.996,5196602000.0,501870000.0,114591000.0,35023000.0,23.501,237323000.0
62,CNX,MRT,2005-12-31,2005-12-31,2005-12-31,2021-08-25,-105162000.0,5071963000.0,4688892250.0,982811000.0,4089152000.0,0.813,4.657,-498576000.0,340640000.0,340640000.0,2557291000.0,580861000.0,1.247,3.947,442996000.0,4629000.0,438367000.0,442996000.0,27343000.0,261851000.0,0.0,0.004,0.097,672517000.0,934368000.0,0.245,934368000.0,672517000.0,645200000.0,2.642,2.608,2.642,1025356000.0,764873750.0,1025356000.0,6102785374.0,9.0,6.531,-89490000.0,-0.406,1.0,1253158000.0,0.329,0.0,27317000.0,4386086000.0,4195553750.0,140976000.0,52261000.0,0.0,52261000.0,4046607000.0,788233000.0,3258374000.0,6024245374.0,334218000.0,420167000.0,39150000.0,11716000.0,-51321000.0,-455000.0,-74413000.0,3996000.0,409086000.0,0.0,580861000.0,580861000.0,580861000.0,0.0,0.0,0.152,571157000.0,682001000.0,197375000.0,0.037,5.875,10.371,10.279,3534763000.0,0.0,27.158,1.581,1.569,299617000.0,252109000.0,3810449000.0,3810449000.0,0.0,0.124,0.759,0.16,0.176,3596000.0,80700000.0,1.0,221822129.0,220187890.0,222641976.0,17.305,5071963000.0,519958000.0,64339000.0,17557000.0,23.035,194578000.0
63,CNX,MRT,2005-09-30,2005-09-30,2005-09-30,2021-08-25,-133894000.0,4944524000.0,4469804250.0,1033354000.0,3911170000.0,0.813,4.15,-378559000.0,353215000.0,353215000.0,2445553000.0,560936000.0,1.395,4.389,431755000.0,6109000.0,425646000.0,431755000.0,32697000.0,290446000.0,0.0,0.003,0.097,590195000.0,880641000.0,0.242,880641000.0,590195000.0,561515000.0,2.55,2.517,2.55,917459000.0,625790000.0,917459000.0,7425450149.0,13.0,8.432,-25432000.0,-0.115,1.0,1187271000.0,0.327,0.0,28680000.0,4282435000.0,4075377750.0,137935000.0,53458000.0,0.0,53458000.0,4027065000.0,740629000.0,3286436000.0,7000532149.0,340586000.0,420167000.0,39698000.0,-43200000.0,-51037000.0,-54539000.0,41998000.0,390000.0,353127000.0,0.0,560936000.0,560936000.0,560936000.0,0.0,0.0,0.154,593617000.0,593654000.0,179762000.0,0.038,7.63,12.48,12.462,3358026000.0,0.0,31.779,1.927,1.934,315525000.0,177460000.0,3632824000.0,3632824000.0,0.0,0.125,0.896,0.145,0.162,3092000.0,77981000.0,1.0,220287994.0,221070648.0,224141494.0,16.433,4944524000.0,539418000.0,579000.0,14420000.0,22.366,292725000.0
64,CNX,MRT,2005-06-30,2005-06-30,2005-06-30,2021-08-25,-92923000.0,4423867000.0,4275568000.0,608387000.0,3815480000.0,0.722,2.641,-354800000.0,4692000.0,4692000.0,2319139000.0,172380000.0,0.846,6.633,429610000.0,3924000.0,425686000.0,429610000.0,38122000.0,289361000.0,0.0,0.004,0.097,187154000.0,476515000.0,0.154,476515000.0,187154000.0,158994000.0,0.787,0.779,0.787,579568000.0,492696500.0,579568000.0,5285829520.0,28.0,11.093,-26898000.0,-0.123,1.0,766308000.0,0.248,0.0,28160000.0,4129705000.0,3977939250.0,135601000.0,70641000.0,0.0,70641000.0,3844299000.0,719080000.0,3125219000.0,4892424520.0,-55436000.0,2611000.0,30318000.0,-479000.0,-50765000.0,92934000.0,-363330000.0,-11141000.0,327902000.0,0.0,172380000.0,172380000.0,172380000.0,0.0,0.0,0.056,579154000.0,187154000.0,149635000.0,0.123,8.442,28.382,28.367,3274692000.0,0.0,22.325,1.586,1.588,271909000.0,-186600000.0,3085447000.0,3085447000.0,0.0,0.04,0.35,0.047,0.061,2664000.0,72196000.0,1.0,219145555.0,219448771.0,222202346.0,14.06,4423867000.0,504136000.0,-13386000.0,180000.0,20.159,-110693000.0
65,CNX,MRT,2005-03-31,2005-03-31,2005-03-31,2021-08-25,-96592000.0,4315215000.0,4218789500.0,572117000.0,3743098000.0,0.698,2.461,-361084000.0,36259000.0,36259000.0,2214240000.0,157511000.0,0.79,7.034,429664000.0,3919000.0,425745000.0,429664000.0,44124000.0,284306000.0,0.0,0.005,0.097,163825000.0,448131000.0,0.152,448131000.0,163825000.0,134533000.0,0.725,0.717,0.725,537112000.0,449302250.0,537112000.0,4712553334.0,29.0,10.516,-2858000.0,-0.013,1.0,728642000.0,0.248,0.0,29292000.0,3983989000.0,3913142500.0,144477000.0,69778000.0,0.0,69778000.0,3778103000.0,724631000.0,3053472000.0,4284270334.0,-6367000.0,1206000.0,25547000.0,-145486000.0,-50584000.0,20395000.0,-384988000.0,-10110000.0,358226000.0,0.0,157511000.0,157511000.0,157511000.0,0.0,0.0,0.054,564817000.0,163825000.0,161375000.0,0.134,7.976,27.2,27.023,3177632000.0,0.0,19.592,1.456,1.453,209309000.0,-214895000.0,2942882000.0,2942882000.0,0.0,0.037,0.351,0.042,0.056,1593000.0,70662000.0,1.0,218674476.0,218263766.0,220943498.0,13.483,4315215000.0,506153000.0,-22978000.0,0.0,19.771,-152514000.0
66,CNX,MRT,2004-12-31,2004-12-31,2004-12-31,2021-08-25,-89193000.0,4195611000.0,4219994750.0,475237000.0,3720374000.0,0.658,2.166,-396239000.0,6422000.0,6422000.0,2111185000.0,198582000.0,0.661,7.945,434705000.0,8945000.0,425760000.0,434705000.0,50208000.0,280397000.0,0.0,0.006,0.097,197365000.0,477762000.0,0.172,477762000.0,197365000.0,165936000.0,0.917,0.908,0.917,469021000.0,411814250.0,469021000.0,4175232351.0,21.0,8.739,-38148000.0,-0.176,1.0,665564000.0,0.24,0.0,31429000.0,3905382000.0,3777996250.0,121902000.0,47684000.0,0.0,47684000.0,3726590000.0,718512000.0,3008078000.0,3714378351.0,-91000.0,0.0,14864000.0,-112951000.0,-50471000.0,42360000.0,-400542000.0,-4303000.0,358091000.0,0.0,198582000.0,198582000.0,198582000.0,0.0,0.0,0.072,551572000.0,113992000.0,166068000.0,0.106,7.919,18.705,18.652,3182580000.0,0.0,17.104,1.338,1.334,141831000.0,-277406000.0,2776749000.0,2776749000.0,0.0,0.047,0.482,0.052,0.071,1153000.0,72870000.0,1.0,217164310.0,216553663.0,218879868.0,12.822,4195611000.0,515512000.0,-32646000.0,0.0,19.374,-243275000.0
67,CNX,MRT,2004-09-30,2004-09-30,2004-09-30,2021-08-25,-113354000.0,4167579000.0,4250836500.0,501076000.0,3666503000.0,0.597,1.776,-367552000.0,12629000.0,12629000.0,1980993000.0,110295000.0,0.681,9.822,473483000.0,48831000.0,424652000.0,473483000.0,54311000.0,242247000.0,0.0,0.007,0.097,141736000.0,383983000.0,0.151,383983000.0,141736000.0,109634000.0,0.496,0.492,0.496,385085000.0,367218250.0,385085000.0,3519121314.0,25.0,9.165,-108061000.0,-0.498,1.0,558301000.0,0.22,0.0,32102000.0,3892681000.0,3765713250.0,110409000.0,46539000.0,0.0,46539000.0,3782494000.0,735752000.0,3046742000.0,3151381314.0,-157489000.0,-4044000.0,11550000.0,-4687000.0,-50373000.0,-42592000.0,-374388000.0,-2792000.0,259491000.0,0.0,110295000.0,110295000.0,110295000.0,0.0,0.0,0.043,499938000.0,58363000.0,141531000.0,0.196,8.184,28.572,29.31,3161309000.0,0.0,14.538,1.241,1.242,180007000.0,-332402000.0,2539294000.0,2539294000.0,0.0,0.026,0.3,0.038,0.056,715000.0,74928000.0,1.0,216768559.0,216866458.0,216866458.0,11.709,4167579000.0,511189000.0,-661000.0,0.0,19.217,-234676000.0
68,CNX,MRT,2004-06-30,2004-06-30,2004-06-30,2021-08-25,-111678000.0,4196753000.0,4284276250.0,562791000.0,3633962000.0,0.568,1.878,-346619000.0,61046000.0,61046000.0,1879407000.0,115974000.0,0.811,9.337,428786000.0,3812000.0,424974000.0,428786000.0,58043000.0,240348000.0,0.0,0.006,0.097,143467000.0,383815000.0,0.158,383815000.0,143467000.0,109600000.0,0.521,0.517,0.521,405991000.0,352786250.0,405991000.0,3596364900.0,25.0,9.37,-16957000.0,-0.078,1.0,552171000.0,0.227,0.0,33867000.0,3870518000.0,3666754500.0,111886000.0,46914000.0,0.0,46914000.0,3790762000.0,693975000.0,3096787000.0,3241062900.0,46161000.0,-10571000.0,196887000.0,-73525000.0,-48755000.0,-39253000.0,-357190000.0,0.0,329662000.0,0.0,115974000.0,115974000.0,115974000.0,0.0,0.0,0.048,492077000.0,60094000.0,123674000.0,0.186,7.983,27.946,28.791,3134876000.0,0.0,15.0,1.333,1.334,174750000.0,-308179000.0,2431578000.0,2431578000.0,0.0,0.027,0.329,0.039,0.059,286000.0,76955000.0,1.0,216070860.0,216186998.0,218313972.0,11.248,4196753000.0,494080000.0,-6374000.0,0.0,19.413,-131184000.0
69,CNX,MRT,2004-03-31,2004-03-31,2004-03-31,2021-08-25,-109465000.0,4320036000.0,4285343750.0,543081000.0,3776955000.0,0.54,1.794,-312797000.0,218544000.0,218544000.0,1776117000.0,100328000.0,0.632,10.158,573846000.0,148871000.0,424975000.0,573846000.0,61508000.0,239909000.0,0.0,0.009,0.097,132679000.0,372588000.0,0.161,372588000.0,132679000.0,98643000.0,0.454,0.45,0.454,387160000.0,288931000.0,387160000.0,2776878194.0,21.0,7.453,120519000.0,0.558,1.0,537395000.0,0.232,372610000.0,34036000.0,3443404000.0,3599101500.0,109922000.0,46528000.0,0.0,46528000.0,3932876000.0,859324000.0,3073552000.0,2410307194.0,7682000.0,-13045000.0,193076000.0,-54777000.0,-47173000.0,-99792000.0,-325842000.0,0.0,433316000.0,0.0,100328000.0,100328000.0,100328000.0,0.0,0.0,0.043,488089000.0,49306000.0,142179000.0,0.214,6.226,24.024,24.597,2716223000.0,0.0,11.167,1.042,1.042,201976000.0,-323938000.0,2313512000.0,2313512000.0,0.0,0.023,0.347,0.037,0.057,0.0,79081000.0,1.0,215841962.0,215825534.0,217315990.0,10.719,3947426000.0,502644000.0,-1685000.0,0.0,18.29,-316243000.0
70,CNX,MRT,2003-12-31,2003-12-31,2003-12-31,2021-08-25,-102601000.0,4318978000.0,4281763500.0,470840000.0,3848138000.0,0.519,1.482,-191944000.0,197431000.0,197431000.0,1738598000.0,-7798000.0,0.568,13.86,564002000.0,122090000.0,441912000.0,564002000.0,61673000.0,242152000.0,0.0,0.009,0.097,5712000.0,247864000.0,0.112,247864000.0,5712000.0,-28739000.0,-0.042,-0.042,-0.042,290637000.0,231414250.0,290637000.0,2656745921.0,465.0,10.719,189183000.0,0.964,1.0,483868000.0,0.218,0.0,34451000.0,3856250000.0,3683029500.0,103358000.0,84878000.0,0.0,84878000.0,4028341000.0,829299000.0,3199042000.0,2325991921.0,-5004000.0,-12670000.0,191232000.0,-136218000.0,-45613000.0,-181517000.0,-204614000.0,0.0,381127000.0,0.0,-7798000.0,-7798000.0,-7798000.0,0.0,0.0,-0.004,482924000.0,944000.0,134772000.0,-2.31,8.003,-298.281,-256.952,3061507000.0,0.0,10.792,1.047,0.953,181372000.0,-425470000.0,2222466000.0,2222466000.0,0.0,-0.002,-0.034,0.002,0.003,0.0,77571000.0,1.0,215529274.0,196158214.0,196158214.0,11.33,4318978000.0,555285000.0,-20941000.0,0.0,22.018,-358459000.0
71,CNX,MRT,2003-09-30,2003-09-30,2003-09-30,2021-08-25,-98047000.0,4301338000.0,4275309000.0,607664000.0,3693674000.0,0.52,1.716,-142644000.0,171036000.0,171036000.0,1715005000.0,16955000.0,0.802,12.14,501790000.0,54413000.0,447377000.0,501790000.0,68792000.0,242270000.0,0.0,0.013,0.097,24813000.0,267083000.0,0.12,267083000.0,24813000.0,-13792000.0,0.087,0.087,0.087,327357000.0,199266750.0,327357000.0,1975751154.0,80.0,7.398,324607000.0,1.701,1.0,508033000.0,0.229,377906000.0,38605000.0,3496846000.0,3664076750.0,110511000.0,86005000.0,0.0,86005000.0,3973981000.0,757340000.0,3216641000.0,1463886154.0,158078000.0,-17804000.0,190217000.0,-293918000.0,-44067000.0,-148725000.0,-160448000.0,0.0,467251000.0,0.0,16955000.0,16955000.0,16955000.0,0.0,0.0,0.008,487988000.0,20045000.0,114135000.0,1.115,4.472,86.339,88.989,2671563000.0,0.0,7.742,0.659,0.664,178169000.0,-392277000.0,2223038000.0,2223038000.0,0.0,0.004,0.085,0.007,0.011,0.0,72999000.0,1.0,189083719.0,190801903.0,190801903.0,11.651,3923432000.0,557607000.0,-30747000.0,0.0,20.563,-149676000.0
72,CNX,MRT,2003-06-30,2003-06-30,2003-06-30,2021-08-25,-101859000.0,4201023000.0,4309428500.0,529211000.0,3671812000.0,0.515,0.797,-156033000.0,13967000.0,13967000.0,1731237000.0,15864000.0,0.723,26.901,525832000.0,81061000.0,444771000.0,525832000.0,80715000.0,248674000.0,0.0,0.01,0.097,4824000.0,253498000.0,0.114,253498000.0,4824000.0,-37370000.0,0.079,0.079,0.079,150570000.0,173676750.0,150570000.0,2423422206.0,502.0,9.56,336896000.0,1.782,1.0,486014000.0,0.219,381485000.0,42194000.0,3599906000.0,3871882750.0,129298000.0,81573000.0,0.0,81573000.0,4050453000.0,731497000.0,3318956000.0,1791061206.0,3753000.0,-37759000.0,553000.0,-251765000.0,-44064000.0,-295384000.0,-193792000.0,0.0,492929000.0,0.0,15864000.0,15864000.0,15864000.0,0.0,0.0,0.007,485958000.0,56000.0,109973000.0,1.228,11.895,112.901,119.937,2650838000.0,0.0,9.475,0.808,0.808,252353000.0,-375353000.0,2217251000.0,2217251000.0,0.0,0.004,0.091,0.001,0.002,0.0,68509000.0,1.0,189030206.0,189023700.0,189851796.0,11.73,3819538000.0,546223000.0,-53234000.0,0.0,20.207,-202286000.0
73,CNX,MRT,2003-03-31,2003-03-31,2003-03-31,2021-08-25,-95465000.0,4305715000.0,4369355250.0,628183000.0,3677532000.0,0.502,0.831,-171213000.0,19944000.0,19944000.0,1718725000.0,14332000.0,0.809,26.409,652305000.0,162104000.0,490201000.0,652305000.0,91655000.0,254065000.0,0.0,0.018,0.122,-7854000.0,246211000.0,0.112,246211000.0,-7854000.0,-53406000.0,0.071,0.071,0.071,157093000.0,196835250.0,157093000.0,1991708802.0,-254.0,8.089,170790000.0,0.904,1.0,474674000.0,0.216,382257000.0,45552000.0,3779116000.0,4059789500.0,127360000.0,83024000.0,0.0,83024000.0,4148622000.0,776703000.0,3371919000.0,1301634802.0,-4354000.0,-63389000.0,492000.0,-56701000.0,-55077000.0,-111755000.0,-234602000.0,0.0,342003000.0,0.0,14332000.0,14332000.0,14332000.0,0.0,0.0,0.007,487296000.0,-12622000.0,118828000.0,1.718,8.286,90.82,97.0,2646614000.0,0.0,6.887,0.593,0.593,347971000.0,-374885000.0,2193399000.0,2193399000.0,0.0,0.003,0.073,-0.002,-0.004,0.0,66315000.0,1.0,188998810.0,188998032.0,189228854.0,11.605,3923458000.0,547133000.0,-67738000.0,0.0,20.759,-148520000.0
74,CNX,MRT,2002-12-31,2002-12-31,2002-12-31,2021-08-25,-93370000.0,4293160000.0,4389144500.0,622837000.0,3670323000.0,0.497,0.858,-271967000.0,11517000.0,11517000.0,1677605000.0,11676000.0,0.765,25.493,701591000.0,213160000.0,488431000.0,701591000.0,102400000.0,262873000.0,0.0,0.02,0.146,5790000.0,268663000.0,0.123,268663000.0,5790000.0,-40423000.0,0.062,0.062,0.062,162047000.0,221551750.0,162047000.0,2138361782.0,369.0,7.959,57589000.0,0.305,1.0,505993000.0,0.232,388362000.0,46213000.0,3780439000.0,4191569000.0,135621000.0,135362000.0,0.0,135362000.0,4131113000.0,814433000.0,3316680000.0,1360771782.0,-4065000.0,-67969000.0,609000.0,71525000.0,-66086000.0,6315000.0,-339936000.0,0.0,329556000.0,0.0,11676000.0,11676000.0,11676000.0,0.0,0.0,0.005,500203000.0,5790000.0,151371000.0,2.355,8.397,116.544,116.129,2606223000.0,0.0,7.2,0.623,0.623,333117000.0,-372017000.0,2183598000.0,2183598000.0,0.0,0.003,0.053,0.001,0.003,0.0,65888000.0,1.0,188996081.0,188948544.0,189201655.0,11.557,3904798000.0,534889000.0,-52099000.0,0.0,20.666,-191596000.0
75,CNX,MRT,2002-09-30,2002-09-30,2002-09-30,2021-08-25,-37302000.0,4437816000.0,4390537500.0,698053000.0,3739763000.0,0.492,1.191,-335924000.0,12040000.0,12040000.0,1660676000.0,20110000.0,0.787,18.724,789630000.0,305037000.0,484593000.0,789630000.0,199722000.0,268971000.0,0.0,0.032,0.17,-33000.0,268938000.0,0.124,268938000.0,-33000.0,-42060000.0,0.104,0.104,0.104,224997000.0,248929750.0,224997000.0,1757415815.0,-53255.0,6.535,-136104000.0,-0.72,1.0,499961000.0,0.231,0.0,42027000.0,4328070000.0,4212052000.0,140956000.0,130422000.0,0.0,130422000.0,4212819000.0,887336000.0,3325483000.0,996738815.0,-954000.0,-77388000.0,609000.0,288718000.0,-77095000.0,212538000.0,-413312000.0,0.0,199820000.0,0.0,20110000.0,20110000.0,20110000.0,0.0,0.0,0.009,499994000.0,-33000.0,135287000.0,1.635,4.43,49.564,50.721,2927890000.0,0.0,5.275,0.461,0.461,337783000.0,-365126000.0,2160637000.0,2160637000.0,0.0,0.005,0.081,0.0,0.0,0.0,66396000.0,1.0,188955226.0,188964641.0,189048787.0,11.434,4437816000.0,644368000.0,-62170000.0,0.0,23.485,-189283000.0
76,CNX,MRT,2002-06-30,2002-06-30,2002-06-30,2021-08-25,-36872000.0,4440730000.0,4336410250.0,660524000.0,3780206000.0,0.495,1.287,-309558000.0,10214000.0,10214000.0,1627560000.0,15587000.0,0.777,17.259,770891000.0,298166000.0,472725000.0,770891000.0,206075000.0,262826000.0,0.0,0.022,0.194,24853000.0,287679000.0,0.134,287679000.0,24853000.0,-13696000.0,0.079,0.079,0.079,243204000.0,272208750.0,243204000.0,2350230463.0,95.0,8.17,-140745000.0,-0.745,1.0,521111000.0,0.243,0.0,38549000.0,4351533000.0,4088470500.0,201701000.0,118805000.0,0.0,118805000.0,4197526000.0,849874000.0,3347652000.0,1672606463.0,-6411000.0,113899000.0,384000.0,107780000.0,-88104000.0,20435000.0,-195659000.0,0.0,168813000.0,0.0,15587000.0,15587000.0,15587000.0,0.0,0.0,0.007,496258000.0,24853000.0,139717000.0,2.456,6.877,107.308,112.076,2911085000.0,0.0,8.854,0.778,0.779,338985000.0,-347118000.0,2148671000.0,2148671000.0,0.0,0.004,0.057,0.006,0.012,0.0,65345000.0,1.0,188909698.0,188934667.0,189444041.0,11.373,4440730000.0,604650000.0,-29283000.0,0.0,23.504,-189350000.0
77,CNX,MRT,2002-03-31,2002-03-31,2002-03-31,2021-08-25,-36852000.0,4384872000.0,4199970500.0,677145000.0,3707727000.0,0.559,1.355,-285262000.0,24298000.0,24298000.0,1797688000.0,55907000.0,0.895,16.131,701922000.0,228269000.0,473653000.0,701922000.0,216043000.0,263317000.0,0.0,0.018,0.194,86529000.0,349846000.0,0.149,349846000.0,86529000.0,47698000.0,0.296,0.296,0.296,255959000.0,299319500.0,255959000.0,2673967090.0,31.0,7.643,-36562000.0,-0.194,1.0,551084000.0,0.235,0.0,38831000.0,4306234000.0,3793183000.0,183618000.0,82515000.0,0.0,82515000.0,4128913000.0,756262000.0,3372651000.0,2066240090.0,9003000.0,145926000.0,1206000.0,-14209000.0,-88094000.0,-100361000.0,-139336000.0,0.0,248700000.0,0.0,55907000.0,55907000.0,55907000.0,0.0,0.0,0.024,464555000.0,86529000.0,142527000.0,0.655,8.073,36.959,36.953,2893239000.0,0.0,10.938,0.88,0.88,353471000.0,-334103000.0,2348772000.0,2348772000.0,0.0,0.013,0.187,0.023,0.037,0.0,63525000.0,1.0,188904744.0,188896968.0,189389510.0,12.434,4384872000.0,578347000.0,-8209000.0,0.0,23.213,-79117000.0
78,CNX,MRT,2001-12-31,2001-12-31,2001-12-31,2021-08-25,-37659000.0,4298732000.0,4075940500.0,570236000.0,3728496000.0,0.595,1.438,-270595000.0,15582000.0,15582000.0,1852397000.0,151206000.0,0.89,14.83,623309000.0,150640000.0,472669000.0,623309000.0,227595000.0,260641000.0,0.0,0.019,0.194,226726000.0,487367000.0,0.201,487367000.0,226726000.0,183370000.0,0.8,0.796,0.8,271559000.0,316141000.0,271559000.0,2442559957.0,11.0,5.012,76760000.0,0.406,1.0,574303000.0,0.237,403347000.0,43356000.0,3862371000.0,3639786500.0,113894000.0,77928000.0,0.0,77928000.0,4027173000.0,640741000.0,3386432000.0,1955034957.0,5012000.0,156436000.0,1510000.0,-141620000.0,-88074000.0,-228184000.0,-114159000.0,0.0,347355000.0,0.0,151206000.0,151206000.0,151206000.0,0.0,0.0,0.062,347577000.0,226726000.0,171923000.0,0.242,7.199,12.93,12.938,2604607000.0,0.0,10.35,0.806,0.806,343778000.0,-317566000.0,2426700000.0,2426700000.0,0.0,0.037,0.478,0.062,0.093,0.0,61155000.0,1.0,188892266.0,188887438.0,189424740.0,12.847,3895385000.0,575614000.0,32164000.0,4799000.0,20.623,-70505000.0
79,CNX,MRT,2001-09-30,2001-09-30,2001-09-30,2021-08-25,-337000.0,4221307000.0,3954273500.0,571372000.0,3649935000.0,0.613,1.684,-208266000.0,12994000.0,12994000.0,1810370000.0,168045000.0,0.653,12.27,500519000.0,270668000.0,229851000.0,500519000.0,0.0,259040000.0,0.0,0.022,0.194,272651000.0,531691000.0,0.219,531691000.0,272651000.0,222170000.0,0.887,0.883,0.887,318113000.0,309258500.0,318113000.0,2333436302.0,9.0,4.389,169420000.0,0.897,1.0,613550000.0,0.253,0.0,50481000.0,3833744000.0,3584539750.0,103810000.0,52117000.0,0.0,52117000.0,3903194000.0,875088000.0,3028106000.0,1686437302.0,2341000.0,136704000.0,1598000.0,-217338000.0,-88043000.0,-303783000.0,-71562000.0,0.0,377686000.0,0.0,168045000.0,168045000.0,168045000.0,0.0,0.0,0.069,340899000.0,272651000.0,182688000.0,0.219,5.301,10.036,10.067,2875355000.0,0.0,8.929,0.696,0.696,371683000.0,-308097000.0,2423920000.0,2423920000.0,0.0,0.042,0.543,0.076,0.112,0.0,61204000.0,1.0,188871912.0,188871276.0,189391481.0,12.834,4221307000.0,496689000.0,54125000.0,58913000.0,22.35,-303716000.0
80,CNX,MRT,2001-06-30,2001-06-30,2001-06-30,2021-08-25,-337000.0,3894971000.0,3843607250.0,565855000.0,3329116000.0,0.613,1.864,-206363000.0,16625000.0,16625000.0,1715807000.0,183650000.0,0.606,10.076,663624000.0,432596000.0,231028000.0,663624000.0,40024000.0,260464000.0,0.0,0.018,0.194,297933000.0,558397000.0,0.237,558397000.0,297933000.0,240335000.0,0.975,0.971,0.975,351647000.0,288806000.0,351647000.0,2690432030.0,9.0,4.818,229476000.0,1.216,1.0,638792000.0,0.271,437614000.0,57598000.0,3170383000.0,3525041250.0,95046000.0,223667000.0,0.0,223667000.0,3543324000.0,933973000.0,2609351000.0,1989648030.0,8444000.0,-26958000.0,1622000.0,-107682000.0,-88014000.0,-194074000.0,-233321000.0,0.0,435839000.0,0.0,183650000.0,183650000.0,183650000.0,0.0,0.0,0.078,340859000.0,297933000.0,144195000.0,0.199,5.658,10.834,10.812,2191095000.0,0.0,10.542,0.845,0.845,379972000.0,-274553000.0,2354599000.0,2354599000.0,0.0,0.048,0.636,0.085,0.127,0.0,63043000.0,1.0,188735347.0,188672592.0,189163044.0,12.48,3457357000.0,355533000.0,56685000.0,2322000.0,18.325,-368118000.0
81,CNX,MRT,2001-03-31,2001-03-31,2001-03-31,2021-08-25,-322000.0,3888752000.0,3836442250.0,611253000.0,3277499000.0,0.621,1.713,-219061000.0,15295000.0,15295000.0,1730409000.0,171140000.0,0.682,11.03,716079000.0,441342000.0,274737000.0,716079000.0,0.0,258568000.0,0.0,0.013,0.194,284036000.0,542604000.0,0.228,542604000.0,284036000.0,223236000.0,0.904,0.9,0.904,323245000.0,264439000.0,323245000.0,3469364350.0,12.0,6.394,170345000.0,0.903,1.0,651993000.0,0.274,0.0,60800000.0,3692648000.0,3651695500.0,98797000.0,221876000.0,0.0,221876000.0,3565507000.0,896888000.0,2668619000.0,2711848350.0,469000.0,-35128000.0,-1679000.0,-45073000.0,-87996000.0,-134748000.0,-254189000.0,0.0,389406000.0,0.0,171140000.0,171140000.0,171140000.0,0.0,0.0,0.072,367957000.0,284036000.0,130879000.0,0.215,8.389,15.846,15.902,2544601000.0,0.0,14.375,1.138,1.138,374057000.0,-301871000.0,2382402000.0,2382402000.0,0.0,0.045,0.647,0.078,0.119,0.0,63824000.0,1.0,188650320.0,188679780.0,190084303.0,12.627,3888752000.0,375499000.0,52096000.0,14634000.0,20.61,-285635000.0
82,CNX,MRT,2000-12-31,2000-12-31,2000-12-31,2021-08-25,-322000.0,3812064000.0,3839163500.0,495690000.0,3316374000.0,0.597,1.294,-170917000.0,10570000.0,10570000.0,1645284000.0,93310000.0,0.534,14.621,768086000.0,469395000.0,298691000.0,768086000.0,0.0,259643000.0,0.0,0.017,0.194,161679000.0,421322000.0,0.184,421322000.0,161679000.0,100958000.0,0.492,0.492,0.492,244029000.0,243760500.0,244029000.0,2902646797.0,18.0,6.889,113321000.0,0.601,1.0,646054000.0,0.282,0.0,60721000.0,3641384000.0,3650575000.0,99470000.0,221391000.0,0.0,221391000.0,3568035000.0,928196000.0,2639839000.0,2195373797.0,-3032000.0,-200380000.0,-10982000.0,183181000.0,-88172000.0,84027000.0,-371297000.0,0.0,284238000.0,0.0,93310000.0,93310000.0,93310000.0,0.0,0.0,0.041,484375000.0,161679000.0,127210000.0,0.394,8.996,23.528,23.661,2559215000.0,0.0,11.641,0.958,0.958,266862000.0,-380656000.0,2291338000.0,2291338000.0,0.0,0.024,0.383,0.044,0.071,0.0,64327000.0,1.0,188589794.0,188618050.0,188618050.0,12.148,3812064000.0,392726000.0,7648000.0,0.0,20.21,-432506000.0
83,CNX,MRT,2000-09-30,2000-09-30,2000-09-30,2021-08-25,-322000.0,3778642000.0,3822435750.0,501701000.0,3276941000.0,0.604,1.253,-168345000.0,10653000.0,10653000.0,1656380000.0,100409000.0,0.564,14.991,717926000.0,418288000.0,299638000.0,717926000.0,0.0,264642000.0,0.0,0.029,0.194,158288000.0,422930000.0,0.183,422930000.0,158288000.0,100573000.0,0.529,0.529,0.529,236303000.0,244955000.0,236303000.0,2025698399.0,13.0,4.79,166296000.0,0.882,1.0,654048000.0,0.283,0.0,57715000.0,3595750000.0,3621507500.0,120768000.0,177097000.0,0.0,177097000.0,3542339000.0,890165000.0,2652174000.0,1262207399.0,-10859000.0,-162051000.0,-17716000.0,91188000.0,-88576000.0,-15104000.0,-330396000.0,0.0,334641000.0,0.0,100409000.0,100409000.0,100409000.0,0.0,0.0,0.043,495760000.0,158288000.0,137776000.0,0.367,5.341,12.571,12.652,2571586000.0,0.0,6.693,0.546,0.546,242821000.0,-388058000.0,2310428000.0,2310428000.0,0.0,0.026,0.41,0.044,0.069,0.0,63418000.0,1.0,188586194.0,188586127.0,188835482.0,12.251,3778642000.0,393706000.0,164000.0,0.0,20.037,-388464000.0
84,CNX,MRT,2000-06-30,2000-06-30,2000-06-30,2021-08-25,-322000.0,3866311000.0,3832357000.0,577728000.0,3288583000.0,0.607,1.332,-133749000.0,8181000.0,8181000.0,1664916000.0,107040000.0,0.606,14.211,771672000.0,471067000.0,300605000.0,771672000.0,56148000.0,266321000.0,0.0,0.031,0.193,161836000.0,428157000.0,0.184,428157000.0,161836000.0,106547000.0,0.562,0.562,0.562,254179000.0,246165250.0,254179000.0,1936175934.0,12.0,4.522,161279000.0,0.845,1.0,660227000.0,0.284,0.0,55289000.0,3677000000.0,3619707750.0,156853000.0,177272000.0,0.0,177272000.0,3612132000.0,952802000.0,2659330000.0,1190118934.0,-15378000.0,-165805000.0,-19396000.0,97599000.0,-89055000.0,-10852000.0,-299554000.0,0.0,295028000.0,0.0,107040000.0,107040000.0,107040000.0,0.0,0.0,0.046,498391000.0,161836000.0,143815000.0,0.343,4.682,11.118,11.226,2574444000.0,0.0,6.309,0.512,0.518,287792000.0,-370152000.0,2325143000.0,2325143000.0,0.0,0.028,0.435,0.045,0.07,0.0,62164000.0,1.0,188638284.0,190798982.0,190803182.0,12.186,3866311000.0,392455000.0,-493000.0,0.0,20.264,-375074000.0
85,CNX,MRT,2000-03-31,2000-03-31,2000-03-31,2021-08-25,-1346000.0,3899637000.0,3834535750.0,585423000.0,3314214000.0,0.588,1.265,-146431000.0,14826000.0,14826000.0,1634226000.0,84637000.0,0.611,15.213,760883000.0,458406000.0,302477000.0,760883000.0,0.0,262997000.0,0.0,0.033,0.144,124850000.0,387847000.0,0.172,387847000.0,124850000.0,70870000.0,0.442,,0.442,240531000.0,246301750.0,240531000.0,1412034464.0,11.0,3.641,125204000.0,0.659,1.0,619465000.0,0.275,0.0,53980000.0,3688166000.0,3610310750.0,164572000.0,163683000.0,0.0,163683000.0,3659106000.0,957528000.0,2701578000.0,842618464.0,-11644000.0,-160153000.0,323562000.0,-210703000.0,-89554000.0,23305000.0,-306584000.0,0.0,271635000.0,0.0,84637000.0,84637000.0,84637000.0,0.0,0.0,0.038,494615000.0,124850000.0,138110000.0,0.326,3.503,9.956,10.016,2583425000.0,0.0,4.427,0.374,0.373,240955000.0,-384982000.0,2253691000.0,2253691000.0,0.0,0.022,0.344,0.035,0.055,0.0,61539000.0,1.0,190336224.0,190122552.0,,11.854,3899637000.0,391570000.0,-13767000.0,0.0,20.511,-372105000.0
86,CNX,MRT,1999-12-31,1999-12-31,1999-12-31,2021-08-25,-1163000.0,3745153000.0,3825760750.0,576271000.0,3168882000.0,0.6,1.297,-159807000.0,13602000.0,13602000.0,1662804000.0,87272000.0,0.73,14.052,583018000.0,279549000.0,303469000.0,583018000.0,0.0,259429000.0,0.0,0.023,0.095,138972000.0,398401000.0,0.174,398401000.0,138972000.0,83094000.0,0.504,0.504,0.504,248807000.0,166664750.0,248807000.0,1403971576.0,10.0,3.524,117546000.0,0.613,1.0,632457000.0,0.276,0.0,55878000.0,3525114000.0,3591968500.0,161851000.0,0.0,0.0,0.0,3496346000.0,789455000.0,2706891000.0,800009576.0,-17683000.0,0.0,332444000.0,-400300000.0,-67373000.0,-135229000.0,-159807000.0,0.0,277353000.0,0.0,87272000.0,87272000.0,87272000.0,0.0,0.0,0.038,493485000.0,138972000.0,166725000.0,0.188,3.215,9.167,8.268,2609203000.0,0.0,4.167,0.349,0.348,272669000.0,-385765000.0,2295261000.0,2295261000.0,0.0,0.023,0.524,0.039,0.061,0.0,60331000.0,1.0,191986939.0,191764363.0,192183043.0,11.969,3745153000.0,378429000.0,-4178000.0,0.0,19.53,-213184000.0
87,CNX,MRT,1999-09-30,1999-09-30,1999-09-30,2021-08-25,-1139000.0,3818327000.0,3855320000.0,610098000.0,3208229000.0,0.617,1.252,-52994000.0,21512000.0,21512000.0,1724647000.0,100706000.0,0.732,14.834,625474000.0,313139000.0,312335000.0,625474000.0,0.0,130458000.0,0.0,0.008,0.047,159023000.0,289481000.0,0.122,289481000.0,159023000.0,100039000.0,0.583,,0.583,241144000.0,78657750.0,241144000.0,1801897192.0,11.0,6.225,19625000.0,0.102,1.0,655193000.0,0.275,0.0,58984000.0,3588551000.0,3609963750.0,169753000.0,0.0,0.0,0.0,3577183000.0,833738000.0,2743445000.0,1153436192.0,-27055000.0,100408000.0,339090000.0,-353788000.0,-44975000.0,-59673000.0,-40001000.0,-87415000.0,72619000.0,0.0,100706000.0,100706000.0,100706000.0,0.0,0.0,0.042,496170000.0,159023000.0,192585000.0,0.081,4.783,11.454,10.274,2635675000.0,0.0,5.99,0.485,0.485,290023000.0,-399811000.0,2379840000.0,2379840000.0,0.0,0.026,1.28,0.044,0.067,0.0,58814000.0,1.0,192560299.0,192601723.0,,12.356,3818327000.0,363991000.0,-667000.0,0.0,19.825,-223640000.0
88,CNX,MRT,1999-06-30,1999-06-30,1999-06-30,2021-08-25,-962000.0,3875026000.0,3869208000.0,622648000.0,3252378000.0,0.615,1.476,-100790000.0,23559000.0,23559000.0,1717280000.0,108339000.0,0.704,14.213,672020000.0,359277000.0,312743000.0,672020000.0,0.0,127300000.0,0.0,0.0,0.0,166719000.0,294019000.0,0.123,294019000.0,166719000.0,110857000.0,0.6,,0.6,254725000.0,75752000.0,254725000.0,1908622696.0,11.0,6.491,-15795000.0,-0.092,1.0,663709000.0,0.279,0.0,55862000.0,3639412000.0,3618253500.0,206995000.0,1979000.0,0.0,1979000.0,3620301000.0,884075000.0,2736226000.0,963210696.0,-7726000.0,0.0,340746000.0,-310177000.0,-22500000.0,8069000.0,-100790000.0,0.0,84995000.0,0.0,108339000.0,108339000.0,108339000.0,0.0,0.0,0.046,496990000.0,166719000.0,194592000.0,0.0,3.781,8.891,8.333,2674266000.0,0.0,5.0,0.405,0.362,262827000.0,-388063000.0,2380989000.0,2380989000.0,0.0,0.028,1.43,0.046,0.07,0.0,57898000.0,1.0,192642139.0,172564349.0,,13.798,3875026000.0,361879000.0,2518000.0,2393000.0,22.456,-261427000.0
89,CNX,MRT,1999-03-31,1999-03-31,1999-03-31,2021-08-25,-1024000.0,3864537000.0,,651933000.0,3212604000.0,,-0.564,-240146000.0,26470000.0,26470000.0,,,0.545,-50.535,971882000.0,656949000.0,314933000.0,971882000.0,0.0,257883000.0,0.0,,0.0,,,,,,,,,,-78017000.0,,-78017000.0,,,,119267000.0,0.862,1.0,,,0.0,,3614797000.0,,212334000.0,0.0,0.0,0.0,3942554000.0,1195152000.0,2747402000.0,,12847000.0,-100408000.0,-500000000.0,428653000.0,-80000000.0,-151347000.0,-195219000.0,145335000.0,359413000.0,0.0,,,,,,,,,188589000.0,,,,,2651723000.0,,,,,280418000.0,-379997000.0,,,,,,,,0.0,,1.0,192642139.0,138402139.0,,,3864537000.0,345610000.0,,9074000.0,27.923,-543219000.0
90,CNX,MRT,1998-12-31,1998-12-31,1998-12-31,2021-08-25,-623000.0,3863390000.0,3705700500.0,615189000.0,3248201000.0,0.696,-0.427,-250339000.0,31285000.0,31285000.0,1820217000.0,174637000.0,0.505,-38.428,982607000.0,667512000.0,315095000.0,982607000.0,0.0,255504000.0,0.0,,0.0,260620000.0,516124000.0,0.2,516124000.0,260620000.0,212482000.0,0.721,0.721,0.721,-103221000.0,99772000.0,-103221000.0,,,,144974000.0,0.599,1.0,759816000.0,0.294,0.0,48138000.0,3597095000.0,3492850000.0,170574000.0,1532000.0,0.0,1532000.0,3966611000.0,1217617000.0,2748994000.0,,12497000.0,-100408000.0,-500000000.0,433102000.0,-80000000.0,-146898000.0,-235918000.0,114829000.0,395313000.0,0.0,174637000.0,174637000.0,174637000.0,0.0,0.0,0.068,499196000.0,260620000.0,211835000.0,0.0,,,,2686124000.0,0.0,,,,289333000.0,-405602000.0,2580033000.0,2580033000.0,0.0,0.047,1.75,0.075,0.101,0.0,59475000.0,1.0,,241969438.0,241969438.0,10.663,3863390000.0,342376000.0,37845000.0,11260000.0,15.966,-602428000.0
91,CNX,MRT,1998-09-30,1998-09-30,1998-09-30,2021-08-25,,,,,,,,,,,,,,,,,,,,,,,0.0,,,,,,,,,,,,,,,,,,1.0,,,,,,,,,,,,,,,,,,,,,,,,,,,,,,,,,,,,,,,,,,,,,,,,,,,,,,1.0,,261136114.0,,,,,,,,
92,CNX,MRT,1998-06-30,1998-06-30,1998-06-30,2021-08-25,-623000.0,3863390000.0,,615189000.0,3248201000.0,,,,31285000.0,31285000.0,,,0.505,-38.428,982607000.0,667512000.0,315095000.0,982607000.0,0.0,,0.0,,0.0,,,,,,,,,,-103221000.0,,-103221000.0,,,,,,1.0,,,0.0,,3597095000.0,,170574000.0,0.0,0.0,0.0,3966611000.0,1217617000.0,2748994000.0,,,,,,,,,,,,,,,,,,,,211835000.0,,,,,2686124000.0,,,,,289333000.0,-405602000.0,,,,,,,,,,1.0,,,,,3863390000.0,342376000.0,,11260000.0,,-602428000.0
93,CNX,MRT,1998-03-31,1998-03-31,1998-03-31,2021-08-25,,,,,,,,,,,,,,,,,,,,,,,0.0,,,,,,,,,,,,,,,,,,1.0,,,,,,,,,,,,,,,,,,,,,,,,,,,,,,,,,,,,,,,,,,,,,,,,,,,,,,1.0,,261136114.0,,,,,,,,
94,CNX,MRT,1997-12-31,1997-12-31,1997-12-31,2021-08-25,0.0,3548011000.0,,670239000.0,2877772000.0,,1.159,-187201000.0,18788000.0,18788000.0,1592413000.0,183789000.0,1.13,10.719,452308000.0,62690000.0,389618000.0,452308000.0,0.0,247921000.0,0.0,,0.0,279552000.0,527473000.0,0.224,527473000.0,279552000.0,233676000.0,0.704,0.704,0.704,302765000.0,,302765000.0,,,,240712000.0,0.922,1.0,757225000.0,0.322,0.0,45876000.0,3388605000.0,,140724000.0,114829000.0,114829000.0,0.0,3245246000.0,592926000.0,2652320000.0,,-21198000.0,0.0,0.0,-41354000.0,-460000000.0,-501354000.0,52243000.0,239444000.0,427913000.0,0.0,183789000.0,183789000.0,183789000.0,0.0,0.0,0.078,477673000.0,279552000.0,200985000.0,0.0,,,,2439090000.0,0.0,,,,282598000.0,-500239000.0,2349638000.0,2349638000.0,0.0,,,,0.119,0.0,55429000.0,1.0,,261136114.0,261136114.0,8.998,3548011000.0,295297000.0,49887000.0,13581000.0,13.587,77313000.0
95,CNX,MRT,1996-12-31,1996-12-31,1996-12-31,2021-08-25,,,,,,,,-155142000.0,,,1687836000.0,152729000.0,,,,,,,,257968000.0,,,0.0,233209000.0,491177000.0,0.205,491177000.0,233209000.0,188699000.0,0.583,,0.583,,,,,,,217440000.0,0.833,1.0,709118000.0,0.296,,44510000.0,,,,,,,,,,,2092000.0,0.0,0.0,-39254000.0,-80000000.0,-119254000.0,-251236000.0,-96094000.0,372582000.0,0.0,152729000.0,152729000.0,152729000.0,0.0,0.0,0.064,475909000.0,233209000.0,,0.0,,,,,0.0,,,,,,2396954000.0,2396954000.0,0.0,,,,0.097,0.0,53354000.0,1.0,,261136114.0,,9.179,,,35970000.0,,,
