None,ticker,dimension,calendardate,datekey,reportperiod,lastupdated,accoci,assets,assetsavg,assetsc,assetsnc,assetturnover,bvps,capex,cashneq,cashnequsd,cor,consolinc,currentratio,de,debt,debtc,debtnc,debtusd,deferredrev,depamor,deposits,divyield,dps,ebit,ebitda,ebitdamargin,ebitdausd,ebitusd,ebt,eps,epsdil,epsusd,equity,equityavg,equityusd,ev,evebit,evebitda,fcf,fcfps,fxusd,gp,grossmargin,intangibles,intexp,invcap,invcapavg,inventory,investments,investmentsc,investmentsnc,liabilities,liabilitiesc,liabilitiesnc,marketcap,ncf,ncfbus,ncfcommon,ncfdebt,ncfdiv,ncff,ncfi,ncfinv,ncfo,ncfx,netinc,netinccmn,netinccmnusd,netincdis,netincnci,netmargin,opex,opinc,payables,payoutratio,pb,pe,pe1,ppnenet,prefdivis,price,ps,ps1,receivables,retearn,revenue,revenueusd,rnd,roa,roe,roic,ros,sbcomp,sgna,sharefactor,sharesbas,shareswa,shareswadil,sps,tangibles,taxassets,taxexp,taxliabilities,tbvps,workingcapital
0,OKE,MRY,2020-12-31,2020-12-31,2020-12-31,2021-08-25,-551449000.0,23078754000.0,22705384250.0,1869775000.0,21208979000.0,0.376,14.016,-2195381000.0,524496000.0,524496000.0,5235174000.0,612809000.0,1.391,2.819,14337291000.0,21260000.0,14316031000.0,14337291000.0,0.0,578662000.0,0.0,0.097,3.74,1515202000.0,2093864000.0,0.245,2093864000.0,1515202000.0,802316000.0,1.42,1.42,1.42,6042398000.0,5997450750.0,6042398000.0,30970284749.0,20.0,14.791,-296313000.0,-0.687,1.0,3307068000.0,0.387,773723000.0,712886000.0,34773279000.0,34453220750.0,370988000.0,805032000.0,0.0,805032000.0,17036356000.0,1344547000.0,15691809000.0,17055972749.0,503538000.0,31808000.0,969759000.0,1567555000.0,-1605366000.0,874999000.0,-2270529000.0,0.0,1899068000.0,0.0,612809000.0,612809000.0,612809000.0,0.0,0.0,0.072,1964784000.0,1342284000.0,719302000.0,2.634,2.823,27.832,27.028,19154928000.0,1100000.0,38.38,1.997,1.937,829796000.0,0.0,8542242000.0,8542242000.0,0.0,0.027,0.102,0.044,0.177,0.0,0.0,1.0,444397414.0,431105000.0,431782000.0,19.815,22305031000.0,0.0,189507000.0,759125000.0,51.739,525228000.0
1,OKE,MRY,2019-12-31,2019-12-31,2019-12-31,2021-08-25,-374000000.0,21812121000.0,20458486750.0,1470334000.0,20341787000.0,0.497,15.055,-3848349000.0,20958000.0,20958000.0,6907196000.0,1278577000.0,0.728,2.503,12722799000.0,229533000.0,12493266000.0,12722799000.0,0.0,476535000.0,0.0,0.047,3.53,2142764000.0,2619299000.0,0.258,2619299000.0,2142764000.0,1650991000.0,3.09,3.07,3.09,6225951000.0,6308749750.0,6225951000.0,43098610466.0,20.0,16.454,-1901570000.0,-4.598,1.0,3257171000.0,0.32,957833000.0,491773000.0,31535831000.0,29160612250.0,506675000.0,861844000.0,0.0,861844000.0,15586170000.0,2020298000.0,13565872000.0,31258115466.0,8983000.0,94168000.0,29040000.0,3348087000.0,-1457628000.0,1830962000.0,-3768758000.0,0.0,1946779000.0,0.0,1278577000.0,1278577000.0,1278577000.0,0.0,0.0,0.126,1360821000.0,1896350000.0,1209900000.0,1.142,5.021,24.448,24.489,18348685000.0,1100000.0,75.67,3.075,3.079,835121000.0,0.0,10164367000.0,10164367000.0,0.0,0.062,0.203,0.073,0.211,0.0,0.0,1.0,413084650.0,413560000.0,415444000.0,24.578,20854288000.0,0.0,372414000.0,611485000.0,50.426,-549964000.0
2,OKE,MRY,2018-12-31,2018-12-31,2018-12-31,2021-08-25,-188239000.0,18231671000.0,17372263000.0,1398632000.0,16833039000.0,0.725,15.99,-2141475000.0,11975000.0,11975000.0,9526630000.0,1155032000.0,0.663,1.771,9408993000.0,509415000.0,8899578000.0,9408993000.0,0.0,428557000.0,0.0,0.06,3.245,1984226000.0,2412783000.0,0.192,2412783000.0,1984226000.0,1514606000.0,2.8,2.78,2.8,6579543000.0,6649651750.0,6579543000.0,31061845684.0,16.0,12.874,45244000.0,0.11,1.0,3066566000.0,0.244,967142000.0,469620000.0,24553111000.0,22707419250.0,437841000.0,969150000.0,0.0,969150000.0,11652128000.0,2108436000.0,9543692000.0,22192951684.0,-25218000.0,26757000.0,1203981000.0,248450000.0,-1335058000.0,-97049000.0,-2114888000.0,0.0,2186719000.0,0.0,1151703000.0,1151703000.0,1151703000.0,0.0,3329000.0,0.091,1246030000.0,1820536000.0,1116337000.0,1.159,3.373,19.27,19.268,14766651000.0,1100000.0,53.95,1.762,1.763,818958000.0,0.0,12593196000.0,12593196000.0,0.0,0.066,0.173,0.087,0.158,0.0,0.0,1.0,411361477.0,411485000.0,414195000.0,30.604,17264529000.0,0.0,362903000.0,219731000.0,41.957,-709804000.0
3,OKE,MRY,2017-12-31,2017-12-31,2017-12-31,2021-08-25,-188530000.0,16845937000.0,16587814750.0,1764458000.0,15081479000.0,0.734,18.583,-512393000.0,37193000.0,37193000.0,9636441000.0,593519000.0,0.662,2.019,9138952000.0,1047323000.0,8091629000.0,9138952000.0,0.0,406335000.0,0.0,0.051,2.72,1320781000.0,1727116000.0,0.142,1727116000.0,1320781000.0,835123000.0,1.3,1.29,1.3,5527867000.0,4133372750.0,5527867000.0,29939914920.0,23.0,17.335,803019000.0,2.699,1.0,2537466000.0,0.208,993460000.0,485658000.0,22286901000.0,22122097000.0,432594000.0,1003156000.0,0.0,1003156000.0,11160585000.0,2667335000.0,8493250000.0,20494690920.0,-211682000.0,-59119000.0,471358000.0,-299884000.0,-829414000.0,-959461000.0,-567633000.0,0.0,1315412000.0,0.0,387841000.0,387841000.0,387841000.0,0.0,205678000.0,0.032,1181507000.0,1355959000.0,1140571000.0,2.092,3.708,52.843,41.115,12698126000.0,767000.0,53.45,1.683,1.306,1202951000.0,0.0,12173907000.0,12173907000.0,0.0,0.023,0.094,0.06,0.108,26262000.0,0.0,1.0,383436687.0,297477000.0,299780000.0,40.924,15852477000.0,205907000.0,447282000.0,52697000.0,53.29,-902877000.0
4,OKE,MRY,2016-12-31,2016-12-31,2016-12-31,2021-08-25,-154350000.0,16138751000.0,15861208750.0,1429684000.0,14709067000.0,0.562,0.894,-599214000.0,248875000.0,248875000.0,6584973000.0,743499000.0,0.504,67.339,9440923000.0,1520927000.0,7919996000.0,9440923000.0,0.0,391585000.0,0.0,0.043,2.46,1034096000.0,1425681000.0,0.16,1425681000.0,1034096000.0,564445000.0,1.67,1.66,1.67,188745000.0,231839500.0,188745000.0,21322950355.0,21.0,14.956,754006000.0,3.571,1.0,2335961000.0,0.262,1005359000.0,469651000.0,21488739000.0,21741941000.0,200946000.0,958807000.0,0.0,958807000.0,12709836000.0,2836701000.0,9873135000.0,12086066355.0,151256000.0,-16231000.0,21971000.0,455897000.0,-517601000.0,-586519000.0,-615445000.0,0.0,1353220000.0,0.0,352039000.0,352039000.0,352039000.0,2051000.0,391460000.0,0.039,1054344000.0,1281617000.0,874731000.0,1.473,64.034,34.332,34.377,12571403000.0,0.0,57.41,1.355,1.359,872430000.0,0.0,8920934000.0,8920934000.0,0.0,0.022,1.518,0.048,0.116,40563000.0,0.0,1.0,210521971.0,211128000.0,211128000.0,42.254,15133392000.0,0.0,212406000.0,1623822000.0,71.679,-1407017000.0
5,OKE,MRY,2015-12-31,2015-12-31,2015-12-31,2021-08-25,-127242000.0,15446111000.0,15534665500.0,975210000.0,14470901000.0,0.5,1.597,-1184487000.0,97619000.0,97619000.0,5728635000.0,379195000.0,0.595,34.782,8980572000.0,656990000.0,8323582000.0,8980572000.0,0.0,354620000.0,0.0,0.099,2.43,798364000.0,1152984000.0,0.149,1152984000.0,798364000.0,381577000.0,1.17,1.16,1.17,335798000.0,449484000.0,335798000.0,13844092345.0,17.0,12.007,-161659000.0,-0.769,1.0,2034571000.0,0.262,1017258000.0,416787000.0,21673540000.0,21015227250.0,204780000.0,948221000.0,0.0,948221000.0,11679775000.0,1638266000.0,10041509000.0,5160785345.0,-75150000.0,6375000.0,396329000.0,774797000.0,-509197000.0,92741000.0,-1190719000.0,0.0,1022828000.0,0.0,244977000.0,244977000.0,244977000.0,0.0,134218000.0,0.032,1043172000.0,991399000.0,615982000.0,2.077,15.369,21.066,21.077,12373989000.0,0.0,24.66,0.665,0.668,593979000.0,0.0,7763206000.0,7763206000.0,0.0,0.016,0.545,0.038,0.103,16435000.0,0.0,1.0,209277589.0,210208000.0,210208000.0,36.931,14428853000.0,0.0,136600000.0,1436715000.0,68.641,-663056000.0
6,OKE,MRY,2014-12-31,2014-12-31,2014-12-31,2021-08-25,-136353000.0,15261773000.0,14402910250.0,1307244000.0,13954529000.0,0.847,2.828,-1771333000.0,172812000.0,172812000.0,10164292000.0,663108000.0,0.546,19.01,8216088000.0,1065946000.0,7150142000.0,8216088000.0,0.0,306038000.0,0.0,0.043,2.125,821428000.0,1127466000.0,0.092,1127466000.0,821428000.0,465265000.0,1.5,1.49,1.5,592115000.0,614068000.0,592115000.0,17420385507.0,21.0,15.451,-485723000.0,-2.32,1.0,2030799000.0,0.167,1014740000.0,356163000.0,19897964000.0,18673189000.0,189967000.0,1132653000.0,0.0,1132653000.0,11255890000.0,2392345000.0,8863545000.0,10366181507.0,23886000.0,-794890000.0,1132289000.0,1133149000.0,-443817000.0,1304499000.0,-2566223000.0,0.0,1285610000.0,0.0,314107000.0,314107000.0,314107000.0,0.0,349001000.0,0.026,916301000.0,1114498000.0,891413000.0,1.417,17.507,33.002,33.193,11662437000.0,0.0,49.79,0.85,0.855,745494000.0,138128000.0,12195091000.0,12195091000.0,0.0,0.022,0.512,0.044,0.067,26226000.0,0.0,1.0,208198062.0,209391000.0,209391000.0,58.241,14247033000.0,0.0,151158000.0,1395222000.0,68.04,-1085101000.0
7,OKE,MRY,2013-12-31,2013-12-31,2013-12-31,2021-08-25,-121987000.0,17741481000.0,16660079250.0,2404724000.0,15336757000.0,0.713,11.346,-2242968000.0,145565000.0,145565000.0,10284634000.0,576961000.0,0.881,5.516,8328769000.0,575112000.0,7753657000.0,8328769000.0,0.0,384377000.0,0.0,0.024,1.48,703259000.0,1087636000.0,0.092,1087636000.0,703259000.0,432613000.0,1.29,1.27,1.29,2337851000.0,2186812000.0,2337851000.0,20377528250.0,29.0,18.736,-948201000.0,-4.602,1.0,1587245000.0,0.134,1024562000.0,270646000.0,22169793000.0,20572095250.0,188286000.0,1229838000.0,0.0,1229838000.0,12896301000.0,2730330000.0,10165971000.0,12826908250.0,-434305000.0,-399063000.0,604531000.0,987246000.0,-304742000.0,912959000.0,-2642031000.0,0.0,1294767000.0,0.0,266533000.0,266533000.0,266533000.0,0.0,310428000.0,0.022,720626000.0,866619000.0,1273102000.0,1.147,5.487,48.125,48.202,9231954000.0,0.0,62.18,1.08,1.079,1109510000.0,2020815000.0,11871879000.0,11871879000.0,0.0,0.016,0.122,0.034,0.059,46194000.0,0.0,1.0,206286720.0,206044000.0,206044000.0,57.618,16716919000.0,0.0,166080000.0,1146562000.0,81.133,-325606000.0
8,OKE,MRY,2012-12-31,2012-12-31,2012-12-31,2021-08-25,-216798000.0,15855275000.0,14822212250.0,2764660000.0,13090615000.0,0.687,10.331,-1853913000.0,583618000.0,583618000.0,8594394000.0,743530000.0,0.983,5.458,7343397000.0,828025000.0,6515372000.0,7343397000.0,0.0,335852000.0,0.0,0.03,1.27,779015000.0,1114867000.0,0.109,1114867000.0,779015000.0,541377000.0,1.75,1.71,1.75,2129609000.0,2135251750.0,2129609000.0,14973734742.0,19.0,13.431,-869918000.0,-4.22,1.0,1589727000.0,0.156,996206000.0,237638000.0,18805854000.0,17279107750.0,517014000.0,1221405000.0,0.0,1221405000.0,11622825000.0,2812994000.0,8809831000.0,8747208742.0,508806000.0,37477000.0,325556000.0,1593381000.0,-261969000.0,1339010000.0,-1814199000.0,0.0,983995000.0,0.0,360619000.0,360619000.0,360619000.0,0.0,382911000.0,0.035,638894000.0,950833000.0,1333489000.0,0.726,4.107,24.256,24.429,10114340000.0,0.0,42.75,0.859,0.865,1349371000.0,2059024000.0,10184121000.0,10184121000.0,0.0,0.024,0.169,0.045,0.076,36692000.0,0.0,1.0,204613070.0,206140000.0,206140000.0,49.404,14859069000.0,0.0,180758000.0,1592802000.0,72.082,-48334000.0
9,OKE,MRY,2011-12-31,2011-12-31,2011-12-31,2021-08-25,-206121000.0,13696635000.0,13235922000.0,2318812000.0,11377823000.0,1.119,10.693,-1334779000.0,65953000.0,65953000.0,12520092000.0,759744000.0,0.714,4.421,5735924000.0,1206373000.0,4529551000.0,5735924000.0,0.0,312288000.0,0.0,0.025,1.08,883648000.0,1195936000.0,0.081,1195936000.0,883648000.0,586642000.0,1.72,1.68,1.72,2238573000.0,2285176500.0,2238573000.0,14327027633.0,16.0,11.98,21387000.0,0.102,1.0,2285702000.0,0.154,1014127000.0,297006000.0,15106304000.0,14534969750.0,549915000.0,1223398000.0,0.0,1223398000.0,9896903000.0,3246175000.0,6650728000.0,8928128633.0,43778000.0,-40847000.0,-282202000.0,842029000.0,-227020000.0,59238000.0,-1371626000.0,0.0,1356166000.0,0.0,360594000.0,360594000.0,360594000.0,0.0,399150000.0,0.024,1136125000.0,1149577000.0,1341718000.0,0.628,3.988,24.76,25.201,8444333000.0,0.0,43.345,0.603,0.613,1339933000.0,1960374000.0,14805794000.0,14805794000.0,0.0,0.027,0.158,0.061,0.06,66371000.0,0.0,1.0,205978282.0,209344000.0,209344000.0,70.725,12682508000.0,0.0,226048000.0,1446591000.0,60.582,-927363000.0
10,OKE,MRY,2010-12-31,2010-12-31,2010-12-31,2021-08-25,-108802000.0,12499175000.0,12219507750.0,2379735000.0,10119440000.0,1.038,11.51,-153840000.0,30341000.0,30341000.0,10706653000.0,541330000.0,0.755,3.503,4886633000.0,1200091000.0,3686542000.0,4886633000.0,0.0,307317000.0,0.0,0.033,0.91,840584000.0,1147901000.0,0.091,1147901000.0,840584000.0,548352000.0,1.57,1.55,1.57,2448623000.0,2407757000.0,2448623000.0,10518262223.0,13.0,9.163,680202000.0,3.197,1.0,1972138000.0,0.156,1022894000.0,292232000.0,13181142000.0,13150902250.0,706912000.0,1188124000.0,0.0,1188124000.0,8578334000.0,3151431000.0,5426903000.0,5907086223.0,1635000.0,16516000.0,343606000.0,-587730000.0,-193542000.0,-698051000.0,-134356000.0,0.0,834042000.0,0.0,334632000.0,334632000.0,334632000.0,0.0,206698000.0,0.026,1040553000.0,931585000.0,1212323000.0,0.58,2.412,17.652,17.666,7312948000.0,0.0,27.735,0.466,0.465,1283891000.0,1826800000.0,12678791000.0,12678791000.0,0.0,0.027,0.139,0.064,0.066,24372000.0,0.0,1.0,212983098.0,212736000.0,212736000.0,59.599,11476281000.0,0.0,213720000.0,1171997000.0,53.946,-771696000.0
11,OKE,MRY,2009-12-31,2009-12-31,2009-12-31,2021-08-25,-118613000.0,12827683000.0,12157710000.0,2588464000.0,10239219000.0,0.889,10.474,-780263000.0,29399000.0,29399000.0,8908776000.0,491204000.0,0.775,4.251,5484289000.0,1150085000.0,4334204000.0,5484289000.0,0.0,288991000.0,0.0,0.037,0.82,809279000.0,1098270000.0,0.102,1098270000.0,809279000.0,508459000.0,1.45,1.435,1.45,2207194000.0,2173123750.0,2207194000.0,10081955527.0,12.0,9.18,672431000.0,3.191,1.0,1896977000.0,0.176,1030560000.0,300820000.0,13913101000.0,13787554250.0,583127000.0,765163000.0,0.0,765163000.0,9382221000.0,3338912000.0,6043309000.0,4701714527.0,-480659000.0,-12031000.0,258705000.0,-1008780000.0,-172774000.0,-1145559000.0,-787794000.0,0.0,1452694000.0,0.0,305451000.0,305451000.0,305451000.0,0.0,185753000.0,0.028,1028812000.0,868165000.0,1240207000.0,0.566,2.13,15.393,15.369,7793658000.0,0.0,22.285,0.435,0.435,1437994000.0,1685710000.0,10805753000.0,10805753000.0,0.0,0.025,0.141,0.059,0.075,23148000.0,0.0,1.0,210981132.0,210724000.0,210724000.0,51.279,11797123000.0,0.0,203008000.0,1037665000.0,55.984,-750448000.0
12,OKE,MRY,2008-12-31,2008-12-31,2008-12-31,2021-08-25,-70616000.0,13126062000.0,12189257750.0,3377602000.0,9748460000.0,1.326,10.004,-1470506000.0,510058000.0,510058000.0,14304221000.0,600467000.0,0.805,4.769,6500776000.0,2388195000.0,4112581000.0,6500776000.0,0.0,243927000.0,0.0,0.054,0.78,770147000.0,1014074000.0,0.063,1014074000.0,770147000.0,505980000.0,1.495,1.475,1.495,2088170000.0,2034068750.0,2088170000.0,8512724345.0,11.0,8.395,-994829000.0,-4.766,1.0,1853212000.0,0.115,1038226000.0,264167000.0,13884790000.0,12698675250.0,858966000.0,755492000.0,0.0,755492000.0,9958523000.0,4193764000.0,5764759000.0,3043014345.0,490953000.0,3963000.0,163435000.0,1651360000.0,-162785000.0,1469577000.0,-1454301000.0,0.0,475677000.0,0.0,311909000.0,311909000.0,311909000.0,0.0,288558000.0,0.019,963683000.0,889529000.0,1122761000.0,0.522,1.457,9.756,9.739,7263769000.0,0.0,14.56,0.188,0.188,1265300000.0,1553033000.0,16157433000.0,16157433000.0,0.0,0.026,0.153,0.061,0.048,30791000.0,0.0,1.0,208998238.0,208738000.0,211520000.0,77.405,12087836000.0,0.0,194071000.0,890815000.0,57.909,-816162000.0
13,OKE,MRY,2007-12-31,2007-12-31,2007-12-31,2021-08-25,-7069000.0,11062034000.0,10580464750.0,2951475000.0,8110559000.0,1.274,9.173,-879681000.0,19105000.0,19105000.0,11753241000.0,498120000.0,1.024,4.617,4838125000.0,623079000.0,4215046000.0,4838125000.0,0.0,227964000.0,0.0,0.031,0.7,745843000.0,973807000.0,0.072,973807000.0,745843000.0,489518000.0,1.42,1.395,1.42,1969308000.0,1979294250.0,1969308000.0,8806563551.0,12.0,9.043,149979000.0,0.699,1.0,1724173000.0,0.128,1043773000.0,256325000.0,11955614000.0,11184710250.0,841362000.0,756260000.0,0.0,756260000.0,9092726000.0,2881667000.0,6211059000.0,4644292551.0,-49163000.0,-303228000.0,-369483000.0,775353000.0,-150188000.0,72961000.0,-1151784000.0,31125000.0,1029660000.0,0.0,304921000.0,304921000.0,304921000.0,0.0,193199000.0,0.023,909509000.0,814664000.0,1436005000.0,0.493,2.358,15.231,15.764,5845181000.0,0.0,22.385,0.345,0.357,1723212000.0,1411492000.0,13477414000.0,13477414000.0,0.0,0.029,0.154,0.067,0.055,20909000.0,0.0,1.0,207473422.0,214692000.0,218596000.0,62.776,10018261000.0,0.0,184597000.0,680543000.0,46.663,69808000.0
14,OKE,MRY,2006-12-31,2006-12-31,2006-12-31,2021-08-25,39532000.0,10391082000.0,10371784000.0,3124961000.0,7266121000.0,1.149,9.892,-77342000.0,68268000.0,68268000.0,10276428000.0,306312000.0,1.602,3.689,4055014000.0,24159000.0,4030855000.0,4055014000.0,0.0,235543000.0,0.0,0.028,0.61,739801000.0,975344000.0,0.082,975344000.0,739801000.0,500076000.0,1.37,1.34,1.37,2215958000.0,2273149250.0,2215958000.0,8402224055.0,11.0,8.615,795934000.0,3.553,1.0,1643898000.0,0.138,1051440000.0,239725000.0,11375850000.0,10435208500.0,925194000.0,780004000.0,31125000.0,748879000.0,8175124000.0,1950538000.0,6224586000.0,4752461055.0,17263000.0,-123205000.0,131833000.0,-401034000.0,-135451000.0,-618776000.0,-237237000.0,-31125000.0,873276000.0,0.0,306312000.0,306312000.0,306312000.0,365000.0,0.0,0.026,805850000.0,838048000.0,1076954000.0,0.445,2.145,15.515,15.737,4844921000.0,0.0,21.56,0.399,0.405,1348490000.0,1256759000.0,11920326000.0,11920326000.0,0.0,0.03,0.135,0.071,0.062,16499000.0,0.0,1.0,220429548.0,224012000.0,228954000.0,53.213,9339642000.0,0.0,193764000.0,707444000.0,41.693,1174423000.0
15,OKE,MRY,2005-12-31,2005-12-31,2005-12-31,2021-08-25,-56991000.0,9311748000.0,8305248000.0,3798388000.0,5513360000.0,1.526,8.926,305941000.0,158523000.0,158523000.0,11405540000.0,546545000.0,0.907,4.188,3572116000.0,1548046000.0,2024070000.0,3572116000.0,0.0,183394000.0,0.0,0.041,0.545,936674000.0,1120068000.0,0.088,1120068000.0,936674000.0,789066000.0,2.72,2.53,2.72,1794757000.0,1562688500.0,1794757000.0,6038037839.0,6.0,5.391,135564000.0,0.674,1.0,1270690000.0,0.1,683211000.0,147608000.0,7854194000.0,7294353500.0,911393000.0,245009000.0,0.0,245009000.0,7516991000.0,4187936000.0,3329055000.0,2598342839.0,-1543000.0,-802419000.0,-228402000.0,1060004000.0,-110157000.0,694904000.0,-526070000.0,0.0,-170377000.0,0.0,546545000.0,546545000.0,546545000.0,-143397000.0,0.0,0.043,485950000.0,784740000.0,1514620000.0,0.2,1.448,4.754,4.895,3994227000.0,0.0,13.315,0.205,0.211,1961208000.0,1085845000.0,12676230000.0,12676230000.0,0.0,0.066,0.35,0.128,0.074,11842000.0,0.0,1.0,195144036.0,201072000.0,216012000.0,63.043,8628537000.0,0.0,242521000.0,603835000.0,42.913,-389548000.0
16,OKE,MRY,2004-12-31,2004-12-31,2004-12-31,2021-08-25,-9591000.0,7199152000.0,6412562750.0,2494452000.0,4704700000.0,0.902,7.874,-242869000.0,9458000.0,9458000.0,4708717000.0,242178000.0,0.863,3.483,2528734000.0,985532000.0,1543202000.0,2528734000.0,0.0,158053000.0,0.0,0.031,0.44,466700000.0,624753000.0,0.108,624753000.0,466700000.0,379399000.0,1.19,1.15,1.19,1605704000.0,1486300000.0,1605704000.0,5179999580.0,11.0,8.291,-2633000.0,-0.013,1.0,1076811000.0,0.186,225188000.0,87301000.0,6604445000.0,6145010750.0,593028000.0,589805000.0,0.0,589805000.0,5593448000.0,2888795000.0,2704653000.0,2938969580.0,-2714000.0,-176709000.0,154422000.0,42636000.0,-89229000.0,180340000.0,-423290000.0,0.0,240236000.0,0.0,242178000.0,242178000.0,242178000.0,-17505000.0,0.0,0.042,645215000.0,431596000.0,1161984000.0,0.37,1.83,12.136,11.941,3313157000.0,0.0,14.21,0.508,0.501,1412861000.0,649240000.0,5785528000.0,5785528000.0,0.0,0.038,0.163,0.076,0.081,14330000.0,0.0,1.0,206824038.0,203930000.0,210922000.0,28.37,6973964000.0,0.0,137221000.0,601281000.0,34.198,-394343000.0
17,OKE,MRY,2003-12-31,2003-12-31,2003-12-31,2021-08-25,-17626000.0,6211886000.0,5842544500.0,1823335000.0,4388551000.0,0.491,7.704,-212064000.0,54596000.0,54596000.0,1848910000.0,112488000.0,0.901,4.004,2584890000.0,606334000.0,1978556000.0,2584890000.0,0.0,144695000.0,34692000.0,0.031,0.345,336824000.0,481519000.0,0.168,481519000.0,336824000.0,238592000.0,0.74,0.61,0.74,1241392000.0,1227085250.0,1241392000.0,3945862374.0,12.0,8.195,-210098000.0,-1.304,1.0,1021556000.0,0.356,225615000.0,98232000.0,6491788000.0,6043043250.0,519401000.0,69283000.0,0.0,69283000.0,4970494000.0,2024777000.0,2945717000.0,1794466374.0,-61350000.0,-409633000.0,187028000.0,720752000.0,-71242000.0,557112000.0,-620428000.0,0.0,1966000.0,0.0,112488000.0,88277000.0,88277000.0,-49924000.0,0.0,0.031,598899000.0,422657000.0,813895000.0,0.466,1.446,20.328,14.919,3691826000.0,24211000.0,11.04,0.625,0.62,970141000.0,495971000.0,2870466000.0,2870466000.0,0.0,0.015,0.072,0.056,0.117,6289000.0,0.0,1.0,162542244.0,161138000.0,193998000.0,17.814,5986271000.0,0.0,126104000.0,668187000.0,37.15,-201442000.0
18,OKE,MRY,2002-12-31,2002-12-31,2002-12-31,2021-08-25,-5546000.0,5809594000.0,5684168000.0,1695516000.0,4114078000.0,0.37,6.834,-108262000.0,73522000.0,73522000.0,1183631000.0,166624000.0,0.947,3.254,1892003000.0,271834000.0,1620169000.0,1892003000.0,0.0,147843000.0,21096000.0,0.032,0.31,375514000.0,523357000.0,0.249,523357000.0,375514000.0,269109000.0,0.7,0.695,0.7,1365612000.0,1345714250.0,1365612000.0,3159328667.0,8.0,6.037,700784000.0,3.507,1.0,920649000.0,0.438,113510000.0,106405000.0,5724989000.0,5942416250.0,75493000.0,55526000.0,0.0,55526000.0,4443982000.0,1789576000.0,2654406000.0,1160379667.0,45293000.0,-4036000.0,3673000.0,-635729000.0,-74510000.0,-691982000.0,-71771000.0,57461000.0,809046000.0,0.0,166624000.0,129524000.0,129524000.0,-10648000.0,0.0,0.062,568209000.0,352440000.0,672153000.0,0.443,0.85,8.959,13.714,3015932000.0,37100000.0,9.6,0.551,0.912,773017000.0,507836000.0,2104280000.0,2104280000.0,0.0,0.023,0.096,0.063,0.178,2121000.0,0.0,1.0,120872882.0,199828000.0,201056000.0,10.53,5696084000.0,0.0,102485000.0,647413000.0,28.505,-94060000.0
19,OKE,MRY,2001-12-31,2001-12-31,2001-12-31,2021-08-25,-1780000.0,5853300000.0,5943538000.0,1542767000.0,4310533000.0,0.139,6.362,-298111000.0,28229000.0,28229000.0,55644000.0,101565000.0,0.861,3.626,2469129000.0,849106000.0,1620023000.0,2469129000.0,0.0,133533000.0,21697000.0,0.035,0.31,279213000.0,412746000.0,0.499,412746000.0,279213000.0,139055000.0,0.425,0.425,0.425,1265290000.0,1272967750.0,1265290000.0,3431008387.0,12.0,8.313,107240000.0,0.539,1.0,770731000.0,0.933,113510000.0,140158000.0,6388132000.0,6189788000.0,102827000.0,107982000.0,0.0,107982000.0,4588010000.0,1792558000.0,2795452000.0,1065184387.0,27980000.0,-14940000.0,10661000.0,26861000.0,-73841000.0,-36319000.0,-341052000.0,7425000.0,405351000.0,0.0,101565000.0,64465000.0,64465000.0,-24879000.0,0.0,0.078,524098000.0,246633000.0,445443000.0,0.729,0.842,16.523,20.988,3047846000.0,37100000.0,8.92,1.289,2.147,658466000.0,415513000.0,826375000.0,826375000.0,0.0,0.011,0.051,0.045,0.338,1110000.0,0.0,1.0,119415290.0,198898000.0,199342000.0,4.155,5739790000.0,0.0,37490000.0,480809000.0,28.858,-249791000.0
20,OKE,MRY,2000-12-31,2000-12-31,2000-12-31,2021-08-25,0.0,7360345000.0,5663487000.0,3324959000.0,4035386000.0,0.132,6.228,-239582000.0,121049000.0,121049000.0,53303000.0,145607000.0,0.943,5.009,2308086000.0,834873000.0,1473213000.0,2308086000.0,0.0,119425000.0,18319000.0,0.026,0.31,350920000.0,470345000.0,0.631,470345000.0,350920000.0,232290000.0,0.615,0.615,0.615,1224957000.0,1198701000.0,1224957000.0,3371349897.0,10.0,7.168,-502914000.0,-2.557,1.0,692349000.0,0.929,92909000.0,118630000.0,5927912000.0,5216219750.0,75919000.0,202193000.0,0.0,202193000.0,6135388000.0,3526561000.0,2608827000.0,1405197897.0,177000.0,-490779000.0,-453000.0,1080017000.0,-70475000.0,1009089000.0,-745580000.0,0.0,-263332000.0,0.0,145607000.0,108507000.0,108507000.0,-5826000.0,0.0,0.146,389789000.0,302560000.0,1247519000.0,0.504,1.147,12.95,19.565,3096013000.0,37100000.0,12.033,1.885,3.174,1627714000.0,387789000.0,745652000.0,745652000.0,0.0,0.019,0.091,0.067,0.471,632000.0,0.0,1.0,116783536.0,196680000.0,196776000.0,3.791,7267436000.0,10425000.0,86683000.0,391098000.0,36.951,-201602000.0
21,OKE,MRY,1999-12-31,1999-08-31,1999-08-31,2021-08-25,0.0,3024945000.0,2723716000.0,439267000.0,2585678000.0,0.23,5.696,-147670000.0,60464000.0,60464000.0,39715000.0,106357000.0,0.808,1.576,1096651000.0,286564000.0,810087000.0,1096651000.0,0.0,129704000.0,17139000.0,0.04,0.31,226222000.0,355926000.0,0.569,355926000.0,226222000.0,173413000.0,0.43,0.43,0.43,1174459000.0,1171665000.0,1174459000.0,1913180487.0,8.0,5.375,-13473000.0,-0.065,1.0,585756000.0,0.937,81560000.0,52809000.0,3435990000.0,2930710000.0,118951000.0,188631000.0,0.0,188631000.0,1850486000.0,543582000.0,1306904000.0,981564487.0,4316000.0,-344494000.0,-21483000.0,522767000.0,-76281000.0,421705000.0,-551586000.0,0.0,134197000.0,0.0,106357000.0,69110000.0,69110000.0,0.0,0.0,0.11,370034000.0,215722000.0,183759000.0,0.721,0.836,14.203,18.058,2068829000.0,37247000.0,7.765,1.569,2.56,228336000.0,301536000.0,625471000.0,625471000.0,0.0,0.025,0.059,0.077,0.362,0.0,0.0,1.0,126408820.0,206204000.0,206284000.0,3.033,2943385000.0,9702000.0,67056000.0,334810000.0,14.274,-104315000.0
22,OKE,MRY,1998-12-31,1998-08-31,1998-08-31,2021-08-25,0.0,2422487000.0,2340145250.0,338073000.0,2084414000.0,0.233,9.527,-110887000.0,86000.0,86000.0,33217000.0,101795000.0,0.734,1.073,541264000.0,228909000.0,312355000.0,541264000.0,0.0,101653000.0,17042000.0,0.04,0.3,203455000.0,305108000.0,0.559,305108000.0,203455000.0,168380000.0,0.61,0.557,0.61,1168871000.0,1168068000.0,1168871000.0,1358900239.0,7.0,4.454,235815000.0,1.922,1.0,512422000.0,0.939,77422000.0,35075000.0,2425430000.0,2300946750.0,138380000.0,10505000.0,0.0,10505000.0,1253616000.0,460813000.0,792803000.0,947370239.0,-14291000.0,-185049000.0,6081000.0,-12557000.0,-54803000.0,-61279000.0,-299714000.0,0.0,346702000.0,0.0,101795000.0,74816000.0,74816000.0,0.0,0.0,0.137,323611000.0,188811000.0,136601000.0,0.492,0.811,12.663,12.32,1686161000.0,26979000.0,7.515,1.736,1.69,177649000.0,270808000.0,545639000.0,545639000.0,0.0,0.032,0.064,0.088,0.373,0.0,0.0,1.0,126063904.0,122696000.0,182916000.0,4.447,2345065000.0,10094000.0,66585000.0,330784000.0,19.113,-122740000.0
23,OKE,MRY,1997-12-31,1997-08-31,1997-08-31,2021-08-25,0.0,1237407000.0,,207277000.0,1030130000.0,,4.184,-90530000.0,14377000.0,14377000.0,22491000.0,59268000.0,1.096,1.675,392123000.0,63909000.0,328214000.0,392123000.0,0.0,74509000.0,6218000.0,0.037,0.3,128115000.0,202624000.0,0.465,202624000.0,128115000.0,94107000.0,0.532,0.532,0.532,462626000.0,,462626000.0,,,,61521000.0,0.556,1.0,413476000.0,0.948,4756000.0,34008000.0,1421350000.0,,78330000.0,324000.0,0.0,324000.0,774781000.0,189047000.0,585734000.0,,13779000.0,0.0,7363000.0,-19230000.0,-28033000.0,-49440000.0,-88832000.0,0.0,152051000.0,0.0,59268000.0,58983000.0,58983000.0,0.0,0.0,0.135,285361000.0,128115000.0,80155000.0,0.564,,,15.216,843337000.0,285000.0,8.095,,2.053,100937000.0,232823000.0,435967000.0,435967000.0,0.0,,,,0.294,0.0,0.0,1.0,,110576724.0,110576724.0,3.943,1232651000.0,0.0,34839000.0,197681000.0,11.147,18230000.0
24,OKE,MRY,1996-12-31,1996-08-31,1996-08-31,2021-08-25,,,,,,,,-71985000.0,,,829183000.0,52836000.0,,,,,,,,72868000.0,,0.043,0.295,120650000.0,193518000.0,0.158,193518000.0,120650000.0,85873000.0,0.482,0.482,0.482,,,,,,,33065000.0,,1.0,395162000.0,0.323,,34777000.0,,,,,,,,,,,-11901000.0,0.0,0.0,-17052000.0,-27914000.0,-44966000.0,-71985000.0,0.0,105050000.0,0.0,52836000.0,52408000.0,52408000.0,0.0,0.0,0.043,274512000.0,120650000.0,,0.612,,,14.263,,428000.0,6.875,,,,,1224345000.0,1224345000.0,0.0,,,,0.099,0.0,0.0,1.0,,,,,,,33037000.0,,,
0,OKE,MRQ,2021-06-30,2021-06-30,2021-06-30,2021-08-25,-601443000.0,23437248000.0,,2235623000.0,21201625000.0,,13.242,-147388000.0,374377000.0,374377000.0,2408919000.0,342139000.0,0.934,2.965,14269965000.0,550677000.0,13719288000.0,14269965000.0,0.0,156921000.0,0.0,0.067,0.935,637165000.0,794086000.0,0.234,794086000.0,637165000.0,452208000.0,0.77,0.77,0.77,5910386000.0,,5910386000.0,38668468866.0,15.0,12.369,397278000.0,0.89,1.0,980045000.0,0.289,768509000.0,184957000.0,34169726000.0,,599584000.0,800351000.0,0.0,800351000.0,17526862000.0,2394601000.0,15132261000.0,24789654866.0,-28036000.0,1504000.0,16327000.0,-12295000.0,-416854000.0,-418828000.0,-153874000.0,0.0,544666000.0,0.0,342139000.0,341864000.0,341864000.0,0.0,0.0,0.101,376031000.0,604014000.0,1052561000.0,1.214,4.194,18.381,18.243,19181519000.0,275000.0,55.64,2.188,2.192,1091982000.0,0.0,3388964000.0,3388964000.0,0.0,,,,,0.0,0.0,1.0,445536572.0,446337000.0,446903000.0,7.593,22668739000.0,0.0,110069000.0,975759000.0,50.788,-158978000.0
1,OKE,MRQ,2021-03-31,2021-03-31,2021-03-31,2021-08-25,-465596000.0,23179929000.0,,1997594000.0,21182335000.0,,13.674,-176734000.0,402413000.0,402413000.0,2165949000.0,386176000.0,0.975,2.802,14281227000.0,557165000.0,13724062000.0,14281227000.0,0.0,157120000.0,0.0,0.074,0.935,693831000.0,850951000.0,0.266,850951000.0,693831000.0,508308000.0,0.87,0.86,0.87,6096965000.0,,6096965000.0,36355663923.0,16.0,12.671,356583000.0,0.8,1.0,1028730000.0,0.322,771116000.0,185523000.0,34239673000.0,,513187000.0,807721000.0,0.0,807721000.0,17082964000.0,2047954000.0,15035010000.0,22542868923.0,-122083000.0,10191000.0,0.0,-56492000.0,-416229000.0,-484709000.0,-170691000.0,0.0,533317000.0,0.0,386176000.0,385901000.0,385901000.0,0.0,0.0,0.121,369246000.0,659484000.0,929771000.0,1.075,3.697,19.76,19.485,19125251000.0,275000.0,50.66,2.348,2.353,909972000.0,0.0,3194679000.0,3194679000.0,0.0,,,,,0.0,0.0,1.0,444983595.0,445894000.0,446885000.0,7.165,22408813000.0,0.0,122132000.0,880390000.0,50.256,-50360000.0
2,OKE,MRQ,2020-12-31,2020-12-31,2020-12-31,2021-08-25,-551449000.0,23078754000.0,,1869775000.0,21208979000.0,,13.569,-271378000.0,524496000.0,524496000.0,1654463000.0,308029000.0,1.391,2.819,14337291000.0,21260000.0,14316031000.0,14337291000.0,0.0,152648000.0,0.0,0.097,0.935,580167000.0,732815000.0,0.285,732815000.0,580167000.0,403236000.0,0.71,0.71,0.71,6042398000.0,,6042398000.0,30970284749.0,20.0,14.791,524562000.0,1.178,1.0,916114000.0,0.356,773723000.0,176931000.0,34773279000.0,,370988000.0,805032000.0,0.0,805032000.0,17036356000.0,1344547000.0,15691809000.0,17055972749.0,77367000.0,9528000.0,10106000.0,-23742000.0,-415791000.0,-429915000.0,-288658000.0,0.0,795940000.0,0.0,308029000.0,308854000.0,308854000.0,0.0,0.0,0.12,381857000.0,534257000.0,719302000.0,1.317,2.823,27.832,27.028,19154928000.0,275000.0,38.38,1.997,1.937,829796000.0,0.0,2570577000.0,2570577000.0,0.0,,,,,0.0,0.0,1.0,444397414.0,445313000.0,446137000.0,5.773,22305031000.0,0.0,95207000.0,759125000.0,50.088,525228000.0
3,OKE,MRQ,2020-09-30,2020-09-30,2020-09-30,2021-08-25,-530618000.0,22780876000.0,,1721362000.0,21059514000.0,,13.808,-380042000.0,447129000.0,447129000.0,1297055000.0,312316000.0,1.573,2.707,14361441000.0,21296000.0,14340145000.0,14361441000.0,0.0,153245000.0,0.0,0.143,0.935,595242000.0,748487000.0,0.344,748487000.0,595242000.0,418871000.0,0.7,0.7,0.7,6146112000.0,,6146112000.0,24985796661.0,17.0,12.28,-13332000.0,-0.03,1.0,877209000.0,0.403,776330000.0,176371000.0,34824716000.0,,459527000.0,790373000.0,0.0,790373000.0,16634764000.0,1094142000.0,15540622000.0,11540366661.0,-498603000.0,4199000.0,5230000.0,-27361000.0,-415614000.0,-438328000.0,-426985000.0,0.0,366710000.0,0.0,312316000.0,312041000.0,312041000.0,0.0,0.0,0.144,331272000.0,545937000.0,624483000.0,1.336,1.878,18.464,17.917,19029315000.0,275000.0,25.98,1.336,1.339,717852000.0,0.0,2174264000.0,2174264000.0,0.0,,,,,0.0,0.0,1.0,444201950.0,445103000.0,445510000.0,4.885,22004546000.0,0.0,106555000.0,686112000.0,49.437,627220000.0
4,OKE,MRQ,2020-06-30,2020-06-30,2020-06-30,2021-08-25,-524903000.0,22992467000.0,,2179859000.0,20812608000.0,,14.869,-594282000.0,945732000.0,945732000.0,974784000.0,134321000.0,1.712,2.684,14391162000.0,21214000.0,14369948000.0,14391162000.0,0.0,140416000.0,0.0,0.111,0.935,396429000.0,536845000.0,0.323,536845000.0,396429000.0,177461000.0,0.32,0.32,0.32,6240652000.0,,6240652000.0,27482523549.0,19.0,14.139,-280585000.0,-0.669,1.0,685945000.0,0.413,778937000.0,218968000.0,34385858000.0,,515255000.0,790035000.0,0.0,790035000.0,16751815000.0,1273102000.0,15478713000.0,13749997549.0,414102000.0,11132000.0,954423000.0,142826000.0,-387294000.0,690499000.0,-590094000.0,0.0,313697000.0,0.0,134321000.0,134046000.0,134046000.0,0.0,0.0,0.081,336391000.0,349554000.0,755474000.0,2.922,2.203,22.111,22.147,18981173000.0,275000.0,33.22,1.576,1.598,608923000.0,-7536000.0,1660729000.0,1660729000.0,0.0,,,,,0.0,0.0,1.0,413907211.0,419722000.0,420116000.0,3.957,22213530000.0,0.0,43140000.0,553656000.0,52.924,906757000.0
5,OKE,MRQ,2020-03-31,2020-03-31,2020-03-31,2021-08-25,-499386000.0,21969440000.0,,1488282000.0,20481158000.0,,13.422,-949679000.0,531630000.0,531630000.0,1308872000.0,-141857000.0,1.364,2.951,14264156000.0,21075000.0,14243081000.0,14264156000.0,0.0,132353000.0,0.0,0.165,0.935,-56636000.0,75717000.0,0.035,75717000.0,-56636000.0,-197252000.0,-0.34,-0.34,-0.34,5560641000.0,,5560641000.0,21727181390.0,14.0,10.597,-526958000.0,-1.272,1.0,827800000.0,0.387,781544000.0,140616000.0,33829030000.0,,386112000.0,810479000.0,0.0,810479000.0,16408799000.0,1091392000.0,15317407000.0,9014487390.0,510672000.0,6949000.0,0.0,1475832000.0,-386667000.0,1052743000.0,-964792000.0,0.0,422721000.0,0.0,-141857000.0,-142132000.0,-142132000.0,0.0,0.0,-0.067,923217000.0,-95417000.0,742369000.0,-2.75,1.621,11.275,11.301,18629492000.0,275000.0,21.81,0.947,0.949,497556000.0,-141857000.0,2136672000.0,2136672000.0,0.0,,,,,0.0,0.0,1.0,413319000.0,414282000.0,414282000.0,5.158,21187896000.0,0.0,-55395000.0,503710000.0,51.144,396890000.0
6,OKE,MRQ,2019-12-31,2019-12-31,2019-12-31,2021-08-25,-374000000.0,21812121000.0,,1470334000.0,20341787000.0,,15.042,-1109011000.0,20958000.0,20958000.0,1819240000.0,320251000.0,0.728,2.503,12722799000.0,229533000.0,12493266000.0,12722799000.0,0.0,125983000.0,0.0,0.047,0.915,547714000.0,673697000.0,0.253,673697000.0,547714000.0,418431000.0,0.77,0.76,0.77,6225951000.0,,6225951000.0,43098610466.0,20.0,16.454,-489077000.0,-1.182,1.0,844366000.0,0.317,957833000.0,129283000.0,31535831000.0,,506675000.0,861844000.0,0.0,861844000.0,15586170000.0,2020298000.0,13565872000.0,31258115466.0,-652351000.0,11997000.0,9707000.0,218088000.0,-378249000.0,-151401000.0,-1120884000.0,0.0,619934000.0,0.0,320251000.0,321076000.0,321076000.0,0.0,0.0,0.121,361031000.0,483335000.0,1209900000.0,1.188,5.021,24.448,24.489,18348685000.0,275000.0,75.67,3.075,3.079,835121000.0,0.0,2663606000.0,2663606000.0,0.0,,,,,0.0,0.0,1.0,413084650.0,413911000.0,415945000.0,6.435,20854288000.0,0.0,98180000.0,611485000.0,50.384,-549964000.0
7,OKE,MRQ,2019-09-30,2019-09-30,2019-09-30,2021-08-25,-421104000.0,21335907000.0,,1967585000.0,19368322000.0,,15.028,-1019174000.0,673309000.0,673309000.0,1441358000.0,309155000.0,1.256,2.431,12513804000.0,9551000.0,12504253000.0,12513804000.0,0.0,121430000.0,0.0,0.047,0.89,536097000.0,657527000.0,0.291,657527000.0,536097000.0,406520000.0,0.75,0.74,0.75,6218906000.0,,6218906000.0,41247120406.0,20.0,16.085,-660280000.0,-1.596,1.0,821870000.0,0.363,960808000.0,129577000.0,30648442000.0,,476478000.0,870511000.0,0.0,870511000.0,15117001000.0,1567152000.0,13549849000.0,30431632406.0,399912000.0,4922000.0,5175000.0,1441042000.0,-367845000.0,1056831000.0,-1015813000.0,0.0,358894000.0,0.0,309155000.0,308880000.0,308880000.0,0.0,0.0,0.136,345784000.0,476086000.0,1129849000.0,1.187,4.893,24.338,24.32,17362856000.0,275000.0,73.69,2.861,2.867,718708000.0,0.0,2263228000.0,2263228000.0,0.0,,,,,0.0,0.0,1.0,412968278.0,413816000.0,415578000.0,5.469,20375099000.0,0.0,97365000.0,498094000.0,49.237,400433000.0
8,OKE,MRQ,2019-06-30,2019-06-30,2019-06-30,2021-08-25,-336396000.0,19751594000.0,,1401170000.0,18350424000.0,,15.348,-830459000.0,273397000.0,273397000.0,1656731000.0,311963000.0,0.806,2.111,11088885000.0,309504000.0,10779381000.0,11088885000.0,0.0,114964000.0,0.0,0.049,0.865,528391000.0,643355000.0,0.262,643355000.0,528391000.0,410898000.0,0.75,0.75,0.75,6348136000.0,,6348136000.0,38713516223.0,18.0,15.168,-216114000.0,-0.523,1.0,800844000.0,0.326,963783000.0,117493000.0,27865926000.0,,362467000.0,881084000.0,0.0,881084000.0,13403458000.0,1737373000.0,11666085000.0,28401755223.0,245583000.0,63722000.0,14158000.0,748088000.0,-357331000.0,398470000.0,-767232000.0,0.0,614345000.0,0.0,311963000.0,311688000.0,311688000.0,0.0,0.0,0.127,329195000.0,471649000.0,907377000.0,1.153,4.474,22.635,22.635,16336239000.0,275000.0,68.81,2.413,2.418,669289000.0,0.0,2457575000.0,2457575000.0,0.0,,,,,0.0,0.0,1.0,412756216.0,413606000.0,415049000.0,5.942,18787811000.0,0.0,98935000.0,347831000.0,45.424,-336203000.0
9,OKE,MRQ,2019-03-31,2019-03-31,2019-03-31,2021-08-25,-269524000.0,18934325000.0,,1342779000.0,17591546000.0,,15.602,-889705000.0,27814000.0,27814000.0,1989867000.0,337208000.0,0.795,1.939,10339575000.0,309459000.0,10030116000.0,10339575000.0,0.0,114158000.0,0.0,0.048,0.86,530562000.0,644720000.0,0.232,644720000.0,530562000.0,415142000.0,0.82,0.81,0.82,6442006000.0,,6442006000.0,38115947919.0,19.0,15.263,-536099000.0,-1.298,1.0,790091000.0,0.284,964167000.0,115420000.0,26592250000.0,,406954000.0,950924000.0,0.0,950924000.0,12492319000.0,1689669000.0,10802650000.0,28746938919.0,15839000.0,13527000.0,0.0,940869000.0,-354203000.0,527062000.0,-864829000.0,0.0,353606000.0,0.0,337208000.0,336933000.0,336933000.0,0.0,0.0,0.121,324811000.0,465280000.0,1027322000.0,1.049,4.462,23.484,23.515,15518032000.0,275000.0,69.84,2.343,2.35,812869000.0,0.0,2779958000.0,2779958000.0,0.0,,,,,0.0,0.0,1.0,411611382.0,412908000.0,415233000.0,6.733,17970158000.0,0.0,77934000.0,270751000.0,43.521,-346890000.0
10,OKE,MRQ,2018-12-31,2018-12-31,2018-12-31,2021-08-25,-188239000.0,18231671000.0,,1398632000.0,16833039000.0,,15.98,-831820000.0,11975000.0,11975000.0,2340758000.0,292888000.0,0.663,1.771,9408993000.0,509415000.0,8899578000.0,9408993000.0,0.0,110649000.0,0.0,0.06,0.855,507995000.0,618644000.0,0.197,618644000.0,507995000.0,389506000.0,0.71,0.71,0.71,6579543000.0,,6579543000.0,31061845684.0,16.0,12.874,-161551000.0,-0.392,1.0,795942000.0,0.254,967142000.0,118489000.0,24553111000.0,,437841000.0,969150000.0,0.0,969150000.0,11652128000.0,2108436000.0,9543692000.0,22192951684.0,-72489000.0,7975000.0,8853000.0,428088000.0,-351990000.0,82310000.0,-825068000.0,0.0,670269000.0,0.0,292888000.0,292888000.0,292888000.0,0.0,0.0,0.093,327901000.0,468041000.0,1116337000.0,1.204,3.373,19.27,19.268,14766651000.0,275000.0,53.95,1.762,1.763,818958000.0,0.0,3136700000.0,3136700000.0,0.0,,,,,-23963000.0,0.0,1.0,411361477.0,411740000.0,414675000.0,7.618,17264529000.0,0.0,96618000.0,219731000.0,41.931,-709804000.0
11,OKE,MRQ,2018-09-30,2018-09-30,2018-09-30,2021-08-25,-158138000.0,17911314000.0,,1807908000.0,16103406000.0,,16.143,-694303000.0,84464000.0,84464000.0,2584889000.0,313916000.0,0.738,1.692,8953358000.0,627650000.0,8325708000.0,8953358000.0,0.0,107383000.0,0.0,0.046,0.825,538152000.0,645535000.0,0.19,645535000.0,538152000.0,416242000.0,0.76,0.75,0.76,6652758000.0,,6652758000.0,36043202842.0,19.0,15.426,-180823000.0,-0.439,1.0,809001000.0,0.238,970117000.0,121910000.0,23359885000.0,,554867000.0,981592000.0,0.0,981592000.0,11258556000.0,2450206000.0,8808350000.0,27878601842.0,69169000.0,5488000.0,8410000.0,782860000.0,-339575000.0,244108000.0,-688419000.0,0.0,513480000.0,0.0,313259000.0,313259000.0,313259000.0,0.0,657000.0,0.092,316871000.0,492130000.0,1339507000.0,1.086,4.191,30.242,31.096,13960527000.0,275000.0,67.79,2.104,2.109,1085075000.0,0.0,3393890000.0,3393890000.0,0.0,,,,,7892000.0,0.0,1.0,411249474.0,412117000.0,414847000.0,8.235,16941197000.0,0.0,102983000.0,132242000.0,41.108,-642298000.0
12,OKE,MRQ,2018-06-30,2018-06-30,2018-06-30,2021-08-25,-178589000.0,16913720000.0,,1433687000.0,15480033000.0,,16.179,-351126000.0,15295000.0,15295000.0,2203934000.0,282179000.0,0.557,1.512,8179896000.0,1088650000.0,7091246000.0,8179896000.0,0.0,106288000.0,0.0,0.044,0.795,482075000.0,588363000.0,0.199,588363000.0,482075000.0,368579000.0,0.68,0.68,0.68,6664860000.0,,6664860000.0,36712377208.0,21.0,16.82,156523000.0,0.38,1.0,756595000.0,0.256,987510000.0,113496000.0,21518730000.0,,399607000.0,986979000.0,0.0,986979000.0,10075237000.0,2572081000.0,7503156000.0,28705450208.0,-2179000.0,4720000.0,4601000.0,154088000.0,-327085000.0,-164079000.0,-345749000.0,0.0,507649000.0,0.0,281048000.0,281048000.0,281048000.0,0.0,1131000.0,0.095,312620000.0,443975000.0,1027467000.0,1.169,4.307,37.071,37.746,13303917000.0,275000.0,69.83,2.249,2.254,934664000.0,0.0,2960529000.0,2960529000.0,0.0,,,,,8868000.0,0.0,1.0,411076188.0,411946000.0,414641000.0,7.187,15926210000.0,31503000.0,87531000.0,54726000.0,38.661,-1138394000.0
13,OKE,MRQ,2018-03-31,2018-03-31,2018-03-31,2021-08-25,-174692000.0,16432347000.0,,1290745000.0,15141602000.0,,16.358,-264226000.0,17474000.0,17474000.0,2397049000.0,266049000.0,0.629,1.427,8024401000.0,932650000.0,7091751000.0,8024401000.0,0.0,104237000.0,0.0,0.051,0.77,456004000.0,560241000.0,0.181,560241000.0,456004000.0,340279000.0,0.65,0.64,0.65,6701446000.0,,6701446000.0,32475059201.0,21.0,16.834,231095000.0,0.564,1.0,705028000.0,0.227,990485000.0,115725000.0,21397951000.0,,283993000.0,997380000.0,0.0,997380000.0,9563095000.0,2050838000.0,7512257000.0,23373300201.0,-19719000.0,8574000.0,1182117000.0,-1116586000.0,-316408000.0,-259388000.0,-255652000.0,0.0,495321000.0,0.0,264508000.0,264508000.0,264508000.0,0.0,1541000.0,0.085,288638000.0,416390000.0,773054000.0,1.185,3.488,41.37,37.695,12878189000.0,275000.0,56.92,1.866,1.862,844218000.0,0.0,3102077000.0,3102077000.0,0.0,,,,,7203000.0,0.0,1.0,410634227.0,409676000.0,412173000.0,7.572,15441862000.0,116120000.0,75771000.0,53805000.0,37.693,-760093000.0
14,OKE,MRQ,2017-12-31,2017-12-31,2017-12-31,2021-08-25,-188530000.0,16845937000.0,,1764458000.0,15081479000.0,,18.583,-183872000.0,37193000.0,37193000.0,3096062000.0,64812000.0,0.662,2.019,9138952000.0,1047323000.0,8091629000.0,9138952000.0,0.0,103769000.0,0.0,0.051,0.745,438604000.0,542373000.0,0.143,542373000.0,438604000.0,314414000.0,0.09,0.09,0.09,5527867000.0,,5527867000.0,29939914920.0,23.0,17.335,195544000.0,0.657,1.0,696096000.0,0.184,993460000.0,124190000.0,22286901000.0,,432594000.0,1003156000.0,0.0,1003156000.0,11160585000.0,2667335000.0,8493250000.0,20494690920.0,25517000.0,6957000.0,425509000.0,-319060000.0,-285969000.0,-180863000.0,-173036000.0,0.0,379416000.0,0.0,63045000.0,63045000.0,63045000.0,0.0,1767000.0,0.017,299765000.0,396331000.0,1140571000.0,8.278,3.708,52.843,41.115,12698126000.0,274000.0,53.45,1.683,1.306,1202951000.0,0.0,3792158000.0,3792158000.0,0.0,,,,,6574000.0,0.0,1.0,383436687.0,297477000.0,299780000.0,12.748,15852477000.0,205907000.0,251369000.0,52697000.0,53.29,-902877000.0
15,OKE,MRQ,2017-09-30,2017-09-30,2017-09-30,2021-08-25,-181771000.0,16764841000.0,,1518865000.0,15245976000.0,,14.07,-134507000.0,11676000.0,11676000.0,2254057000.0,166531000.0,0.554,2.099,9456900000.0,1364900000.0,8092000000.0,9456900000.0,0.0,102298000.0,0.0,0.047,0.745,389403000.0,491701000.0,0.169,491701000.0,389403000.0,262870000.0,0.43,0.43,0.43,5359495000.0,,5359495000.0,30328602465.0,27.0,19.648,158598000.0,0.416,1.0,652309000.0,0.224,996435000.0,126533000.0,22472550000.0,,391632000.0,1013702000.0,0.0,1013702000.0,11248458000.0,2741080000.0,8507378000.0,21056257465.0,-320695000.0,-76359000.0,35004000.0,-141056000.0,-283687000.0,-402934000.0,-210866000.0,0.0,293105000.0,0.0,165742000.0,165742000.0,165742000.0,0.0,789000.0,0.057,301241000.0,351068000.0,922820000.0,1.733,3.929,50.701,34.416,12578607000.0,276000.0,55.41,1.908,1.912,939595000.0,0.0,2906366000.0,2906366000.0,0.0,,,,,6211000.0,0.0,1.0,380008256.0,380907000.0,383419000.0,7.63,15768406000.0,474967000.0,97128000.0,76262000.0,41.397,-1222215000.0
16,OKE,MRQ,2017-06-30,2017-06-30,2017-06-30,2021-08-25,-176085000.0,16672923000.0,,1447811000.0,15225112000.0,,25.534,-81573000.0,332371000.0,332371000.0,2115326000.0,175991000.0,0.506,2.054,9604716000.0,1769110000.0,7835606000.0,9604716000.0,0.0,100849000.0,0.0,0.047,0.615,234010000.0,334859000.0,0.123,334859000.0,234010000.0,115537000.0,0.34,0.33,0.34,5407747000.0,,5407747000.0,20311427496.0,20.0,14.346,292228000.0,1.38,1.0,610446000.0,0.224,999409000.0,118473000.0,22085340000.0,,275305000.0,944562000.0,0.0,944562000.0,11107692000.0,2860519000.0,8247173000.0,11001030496.0,21563000.0,7305000.0,7123000.0,-18269000.0,-129916000.0,-277970000.0,-74268000.0,0.0,373801000.0,0.0,71693000.0,71693000.0,71693000.0,0.0,104298000.0,0.026,315556000.0,294890000.0,696834000.0,1.809,2.034,32.195,32.198,12546992000.0,217000.0,52.16,1.049,1.053,749345000.0,0.0,2725772000.0,2725772000.0,0.0,,,,,7570000.0,0.0,1.0,210909327.0,211785000.0,214012000.0,12.87,15673514000.0,563364000.0,43844000.0,73983000.0,74.007,-1412708000.0
17,OKE,MRQ,2017-03-31,2017-03-31,2017-03-31,2021-08-25,-139062000.0,16067558000.0,,1378447000.0,14689111000.0,,1.126,-112441000.0,310808000.0,310808000.0,2170996000.0,186185000.0,0.505,52.848,9621205000.0,1701379000.0,7919826000.0,9621205000.0,0.0,99419000.0,0.0,0.044,0.615,258764000.0,358183000.0,0.13,358183000.0,258764000.0,142302000.0,0.41,0.41,0.41,238382000.0,,238382000.0,20876460765.0,20.0,14.521,156649000.0,0.74,1.0,578615000.0,0.21,1002384000.0,116462000.0,21643597000.0,,193339000.0,956388000.0,0.0,956388000.0,12598045000.0,2731974000.0,9866071000.0,11684412765.0,61933000.0,2978000.0,3722000.0,178501000.0,-129842000.0,-97694000.0,-109463000.0,0.0,269090000.0,0.0,87361000.0,87361000.0,87361000.0,0.0,98824000.0,0.032,264945000.0,313670000.0,703278000.0,1.5,49.015,32.826,32.805,12553584000.0,0.0,55.44,1.181,1.186,734844000.0,30887000.0,2749611000.0,2749611000.0,0.0,,,,,5907000.0,0.0,1.0,210757806.0,211619000.0,213602000.0,12.993,15065174000.0,0.0,54941000.0,1612039000.0,71.19,-1353527000.0
18,OKE,MRQ,2016-12-31,2016-12-31,2016-12-31,2021-08-25,-154350000.0,16138751000.0,,1429684000.0,14709067000.0,,0.893,-126785000.0,248875000.0,248875000.0,2045790000.0,194465000.0,0.504,67.339,9440923000.0,1520927000.0,7919996000.0,9440923000.0,0.0,99310000.0,0.0,0.043,0.615,259563000.0,358873000.0,0.135,358873000.0,259563000.0,145375000.0,0.43,0.43,0.43,188745000.0,,188745000.0,21322950355.0,21.0,14.956,304407000.0,1.44,1.0,608671000.0,0.229,1005359000.0,114188000.0,21488739000.0,,200946000.0,958807000.0,0.0,958807000.0,12709836000.0,2836701000.0,9873135000.0,12086066355.0,11237000.0,-4072000.0,7023000.0,-35146000.0,-129498000.0,-289098000.0,-130857000.0,0.0,431192000.0,0.0,90505000.0,90505000.0,90505000.0,296000.0,103960000.0,0.034,280842000.0,327829000.0,874731000.0,1.43,64.034,34.332,34.377,12571403000.0,0.0,57.41,1.355,1.359,872430000.0,0.0,2654461000.0,2654461000.0,0.0,,,,,9451000.0,0.0,1.0,210521971.0,211398000.0,211398000.0,12.557,15133392000.0,0.0,54870000.0,1623822000.0,71.587,-1407017000.0
19,OKE,MRQ,2016-09-30,2016-09-30,2016-09-30,2021-08-25,-154351000.0,15982035000.0,,1369291000.0,14612744000.0,,1.014,-157407000.0,237410000.0,237410000.0,1770080000.0,194216000.0,0.585,58.526,9474294000.0,1154150000.0,8320144000.0,9474294000.0,0.0,98550000.0,0.0,0.048,0.615,265396000.0,363946000.0,0.154,363946000.0,265396000.0,147156000.0,0.44,0.43,0.44,214296000.0,,214296000.0,19990213201.0,22.0,15.27,233015000.0,1.103,1.0,587827000.0,0.249,1008334000.0,118240000.0,21868621000.0,,299470000.0,943390000.0,0.0,943390000.0,12541821000.0,2341964000.0,10199857000.0,10813833201.0,56512000.0,-28702000.0,3847000.0,115227000.0,-129595000.0,-147801000.0,-186109000.0,0.0,390422000.0,0.0,92144000.0,92144000.0,92144000.0,576000.0,102072000.0,0.039,259180000.0,328647000.0,711817000.0,1.398,50.462,37.672,37.239,12526749000.0,0.0,51.39,1.319,1.325,737224000.0,0.0,2357907000.0,2357907000.0,0.0,,,,,7918000.0,0.0,1.0,210426799.0,211309000.0,211309000.0,11.159,14973701000.0,0.0,55012000.0,1573950000.0,70.862,-972673000.0
20,OKE,MRQ,2016-06-30,2016-06-30,2016-06-30,2021-08-25,-159246000.0,15822900000.0,,1281188000.0,14541712000.0,,1.125,-133469000.0,180854000.0,180854000.0,1551495000.0,179859000.0,0.585,51.934,9357234000.0,1036957000.0,8320277000.0,9357234000.0,0.0,99247000.0,0.0,0.052,0.615,257378000.0,356625000.0,0.167,356625000.0,257378000.0,138402000.0,0.41,0.4,0.41,237429000.0,,237429000.0,19057909755.0,22.0,15.116,167470000.0,0.793,1.0,582612000.0,0.273,1011309000.0,118976000.0,21799550000.0,,331073000.0,913813000.0,0.0,913813000.0,12330723000.0,2188421000.0,10142302000.0,9969460755.0,43918000.0,4937000.0,7137000.0,129737000.0,-129273000.0,-128489000.0,-128532000.0,0.0,300939000.0,0.0,85944000.0,85944000.0,85944000.0,227000.0,93915000.0,0.04,268268000.0,314344000.0,697833000.0,1.5,41.989,35.983,35.677,12484622000.0,0.0,47.45,1.288,1.294,672059000.0,0.0,2134107000.0,2134107000.0,0.0,,,,,14962000.0,0.0,1.0,210104547.0,211075000.0,211075000.0,10.111,14811591000.0,0.0,52458000.0,1518328000.0,70.172,-907233000.0
21,OKE,MRQ,2016-03-31,2016-03-31,2016-03-31,2021-08-25,-134614000.0,15501149000.0,,991021000.0,14510128000.0,,1.361,-181553000.0,137219000.0,137219000.0,1217608000.0,174959000.0,0.562,41.325,9225668000.0,905217000.0,8320451000.0,9225668000.0,0.0,94478000.0,0.0,0.082,0.615,251759000.0,346237000.0,0.195,346237000.0,251759000.0,133512000.0,0.4,0.4,0.4,286888000.0,,286888000.0,15153245770.0,18.0,12.438,49114000.0,0.233,1.0,556851000.0,0.314,1014284000.0,118247000.0,21810854000.0,,239219000.0,929209000.0,0.0,929209000.0,11855642000.0,1764460000.0,10091182000.0,6270292770.0,39589000.0,11606000.0,3964000.0,246079000.0,-129235000.0,-21131000.0,-169947000.0,0.0,230667000.0,0.0,83446000.0,83446000.0,83446000.0,0.0,91513000.0,0.047,246054000.0,310797000.0,522317000.0,1.538,21.856,23.43,23.328,12437127000.0,0.0,29.86,0.811,0.814,521436000.0,0.0,1774459000.0,1774459000.0,0.0,,,,,8232000.0,0.0,1.0,209989711.0,210781000.0,210781000.0,8.418,14486865000.0,0.0,50066000.0,1484745000.0,68.729,-773439000.0
22,OKE,MRQ,2015-12-31,2015-12-31,2015-12-31,2021-08-25,-127242000.0,15446111000.0,,975210000.0,14470901000.0,,1.596,-257342000.0,97619000.0,97619000.0,1354503000.0,-28216000.0,0.595,34.782,8980572000.0,656990000.0,8323582000.0,8980572000.0,0.0,93379000.0,0.0,0.099,0.615,148897000.0,242276000.0,0.125,242276000.0,148897000.0,38167000.0,0.13,0.12,0.13,335798000.0,,335798000.0,13844092345.0,17.0,12.007,70409000.0,0.335,1.0,576399000.0,0.299,1017258000.0,110730000.0,21673540000.0,,204780000.0,948221000.0,0.0,948221000.0,11679775000.0,1638266000.0,10041509000.0,5160785345.0,59239000.0,8804000.0,6830000.0,257110000.0,-128699000.0,-19974000.0,-248538000.0,0.0,327751000.0,0.0,25515000.0,25515000.0,25515000.0,0.0,-53731000.0,0.013,331388000.0,245011000.0,615982000.0,4.731,15.369,21.066,21.077,12373989000.0,0.0,24.66,0.665,0.668,593979000.0,0.0,1930902000.0,1930902000.0,0.0,,,,,2703000.0,0.0,1.0,209277589.0,210418000.0,210418000.0,9.177,14428853000.0,0.0,12652000.0,1436715000.0,68.572,-663056000.0
23,OKE,MRQ,2015-09-30,2015-09-30,2015-09-30,2021-08-25,-136112000.0,15508298000.0,,952790000.0,14555508000.0,,1.971,-298388000.0,38371000.0,38371000.0,1378007000.0,160838000.0,0.486,27.676,8721678000.0,947922000.0,7773756000.0,8721678000.0,0.0,88299000.0,0.0,0.075,0.605,227378000.0,315677000.0,0.166,315677000.0,227378000.0,120455000.0,0.39,0.39,0.39,414472000.0,,414472000.0,15331518207.0,17.0,12.482,62769000.0,0.298,1.0,520939000.0,0.274,1020233000.0,106923000.0,21210551000.0,,204912000.0,1137059000.0,0.0,1137059000.0,11470993000.0,1960821000.0,9510172000.0,6735177207.0,-187388000.0,11979000.0,104103000.0,-92522000.0,-128082000.0,-262136000.0,-286409000.0,0.0,361157000.0,0.0,82157000.0,82157000.0,82157000.0,0.0,78681000.0,0.043,243512000.0,277427000.0,620568000.0,1.551,16.25,21.449,21.611,12278593000.0,0.0,32.2,0.776,0.78,586157000.0,0.0,1898946000.0,1898946000.0,0.0,,,,,5848000.0,0.0,1.0,209166994.0,210296000.0,210296000.0,9.03,14488065000.0,0.0,38298000.0,1437087000.0,68.894,-1008031000.0
24,OKE,MRQ,2015-06-30,2015-06-30,2015-06-30,2021-08-25,-135334000.0,15651180000.0,,1263796000.0,14387384000.0,,2.462,-285028000.0,226193000.0,226193000.0,1627574000.0,150880000.0,0.485,22.515,8822534000.0,1531134000.0,7291400000.0,8822534000.0,0.0,86987000.0,0.0,0.06,0.605,227111000.0,314098000.0,0.148,314098000.0,227111000.0,124727000.0,0.36,0.36,0.36,517508000.0,,517508000.0,16828334709.0,20.0,14.315,9622000.0,0.046,1.0,500478000.0,0.235,1023209000.0,102384000.0,20617750000.0,,150137000.0,1146407000.0,0.0,1146407000.0,11651821000.0,2606562000.0,9045259000.0,8241854709.0,-13447000.0,-24362000.0,228212000.0,43082000.0,-126363000.0,13900000.0,-321997000.0,0.0,294650000.0,0.0,76505000.0,76505000.0,76505000.0,0.0,74375000.0,0.036,229694000.0,270784000.0,694914000.0,1.681,15.926,27.815,28.0,12075850000.0,0.0,39.48,0.833,0.838,684899000.0,23119000.0,2128052000.0,2128052000.0,0.0,,,,,2241000.0,0.0,1.0,208760251.0,210204000.0,210204000.0,10.124,14627971000.0,0.0,48222000.0,1451833000.0,69.589,-1342766000.0
25,OKE,MRQ,2015-03-31,2015-03-31,2015-03-31,2021-08-25,-139892000.0,15533073000.0,,1321949000.0,14211124000.0,,2.526,-343729000.0,239411000.0,239411000.0,1368551000.0,95693000.0,0.519,21.955,8825891000.0,1486125000.0,7339766000.0,8825891000.0,0.0,85955000.0,0.0,0.048,0.605,194978000.0,280933000.0,0.156,280933000.0,194978000.0,98228000.0,0.29,0.29,0.29,530158000.0,,530158000.0,18139305387.0,22.0,16.106,-304459000.0,-1.451,1.0,436755000.0,0.242,1011765000.0,96750000.0,20559068000.0,,218691000.0,1124204000.0,0.0,1124204000.0,11639785000.0,2548720000.0,9091065000.0,10053242387.0,66446000.0,9954000.0,57184000.0,567127000.0,-126053000.0,360951000.0,-333775000.0,0.0,39270000.0,0.0,60800000.0,60800000.0,60800000.0,0.0,34893000.0,0.034,241596000.0,195159000.0,721535000.0,2.086,18.963,35.727,36.0,11891321000.0,0.0,48.24,0.928,0.934,628064000.0,72976000.0,1805306000.0,1805306000.0,0.0,,,,,5643000.0,0.0,1.0,208400547.0,209874000.0,209874000.0,8.602,14521308000.0,0.0,37428000.0,1430478000.0,69.191,-1226771000.0
26,OKE,MRQ,2014-12-31,2014-12-31,2014-12-31,2021-08-25,-136353000.0,15261773000.0,,1307244000.0,13954529000.0,,2.826,-569335000.0,172812000.0,172812000.0,2296846000.0,201565000.0,0.546,19.01,8216088000.0,1065946000.0,7150142000.0,8216088000.0,0.0,80555000.0,0.0,0.043,0.59,237006000.0,317561000.0,0.112,317561000.0,237006000.0,150547000.0,0.45,0.45,0.45,592115000.0,,592115000.0,17420385507.0,21.0,15.451,-154264000.0,-0.736,1.0,547922000.0,0.193,1014740000.0,86459000.0,19897964000.0,,189967000.0,1132653000.0,0.0,1132653000.0,11255890000.0,2392345000.0,8863545000.0,10366181507.0,21211000.0,-804752000.0,171909000.0,1053385000.0,-122766000.0,980227000.0,-1374087000.0,0.0,415071000.0,0.0,94544000.0,94544000.0,94544000.0,0.0,107021000.0,0.033,242421000.0,305501000.0,891413000.0,1.311,17.507,33.002,33.193,11662437000.0,0.0,49.79,0.85,0.855,745494000.0,138128000.0,2844768000.0,2844768000.0,0.0,,,,,2867000.0,0.0,1.0,208198062.0,209541000.0,209541000.0,13.576,14247033000.0,0.0,56003000.0,1395222000.0,67.992,-1085101000.0
27,OKE,MRQ,2014-09-30,2014-09-30,2014-09-30,2021-08-25,-107656000.0,14312196000.0,,1712787000.0,12599409000.0,,2.975,-380116000.0,151403000.0,151403000.0,2602291000.0,114281000.0,0.961,16.932,7205607000.0,10650000.0,7194957000.0,7205607000.0,0.0,74588000.0,0.0,0.029,0.575,188368000.0,262956000.0,0.084,262956000.0,188368000.0,102316000.0,0.31,0.31,0.31,623232000.0,,623232000.0,20483647512.0,26.0,18.258,-45884000.0,-0.219,1.0,517854000.0,0.166,1017715000.0,86052000.0,18566784000.0,,338345000.0,1128509000.0,0.0,1128509000.0,10552801000.0,1781901000.0,8770900000.0,13634569512.0,-207055000.0,8476000.0,72449000.0,-1913000.0,-121367000.0,-169647000.0,-371640000.0,0.0,334232000.0,0.0,64458000.0,64458000.0,64458000.0,0.0,49823000.0,0.021,228968000.0,288886000.0,1221934000.0,1.855,21.877,43.94,43.993,10242122000.0,0.0,65.55,1.065,1.073,971285000.0,170249000.0,3120145000.0,3120145000.0,0.0,,,,,6071000.0,0.0,1.0,208002586.0,209489000.0,209489000.0,14.894,13294481000.0,0.0,37858000.0,1394229000.0,63.461,-69114000.0
28,OKE,MRQ,2014-06-30,2014-06-30,2014-06-30,2021-08-25,-113127000.0,14384538000.0,,2059655000.0,12324883000.0,,3.135,-392450000.0,358560000.0,358560000.0,2590101000.0,140751000.0,1.113,16.135,7207638000.0,10650000.0,7196988000.0,7207638000.0,0.0,72127000.0,0.0,0.025,0.56,192654000.0,264781000.0,0.086,264781000.0,192654000.0,103903000.0,0.29,0.29,0.29,656425000.0,,656425000.0,21276152211.0,28.0,18.883,-346526000.0,-1.655,1.0,476781000.0,0.155,1018679000.0,88751000.0,18363766000.0,,335116000.0,1212408000.0,0.0,1212408000.0,10591207000.0,1851171000.0,8740036000.0,14151700211.0,148816000.0,11288000.0,832072000.0,-126922000.0,-116409000.0,484054000.0,-381162000.0,0.0,45924000.0,0.0,61590000.0,61590000.0,61590000.0,0.0,79161000.0,0.02,226858000.0,249923000.0,1271539000.0,1.931,21.559,45.918,46.0,9870664000.0,0.0,68.08,1.104,1.112,1097008000.0,225423000.0,3066882000.0,3066882000.0,0.0,,,,,12838000.0,0.0,1.0,207868687.0,209403000.0,209403000.0,14.646,13365859000.0,0.0,42313000.0,1253099000.0,63.828,208484000.0
29,OKE,MRQ,2014-03-31,2014-03-31,2014-03-31,2021-08-25,-109913000.0,13653134000.0,,1656327000.0,11996807000.0,,2.795,-429432000.0,210227000.0,210227000.0,2675054000.0,206511000.0,0.876,18.008,7334679000.0,135650000.0,7199029000.0,7334679000.0,0.0,78768000.0,0.0,0.026,0.4,203400000.0,282168000.0,0.089,282168000.0,203400000.0,108499000.0,0.45,0.45,0.45,584500000.0,,584500000.0,20493764596.0,30.0,19.265,60951000.0,0.291,1.0,488242000.0,0.154,1021620000.0,94901000.0,17864242000.0,,231237000.0,1229054000.0,0.0,1229054000.0,10525427000.0,1891724000.0,8633703000.0,12312984596.0,60914000.0,-9902000.0,55859000.0,208599000.0,-83275000.0,9865000.0,-439334000.0,0.0,490383000.0,0.0,93515000.0,93515000.0,93515000.0,0.0,112996000.0,0.03,219659000.0,268583000.0,1155114000.0,0.889,21.066,49.744,49.79,9510794000.0,0.0,59.25,0.984,0.99,883673000.0,280242000.0,3163296000.0,3163296000.0,0.0,,,,,4450000.0,0.0,1.0,207814086.0,209130000.0,209130000.0,15.126,12631514000.0,0.0,14984000.0,1144348000.0,60.4,-235397000.0
30,OKE,MRQ,2013-12-31,2013-12-31,2013-12-31,2021-08-25,-121987000.0,17741481000.0,,2404724000.0,15336757000.0,,11.331,-646833000.0,145565000.0,145565000.0,3019489000.0,184063000.0,0.881,5.516,8328769000.0,575112000.0,7753657000.0,8328769000.0,0.0,108034000.0,0.0,0.024,0.38,203982000.0,312016000.0,0.09,312016000.0,203982000.0,130129000.0,0.44,0.43,0.44,2337851000.0,,2337851000.0,20377528250.0,29.0,18.736,-373612000.0,-1.811,1.0,430070000.0,0.125,1024562000.0,73853000.0,22169793000.0,,188286000.0,1229838000.0,0.0,1229838000.0,12896301000.0,2730330000.0,10165971000.0,12826908250.0,-630211000.0,-114507000.0,26747000.0,10284000.0,-78393000.0,-142092000.0,-761340000.0,0.0,273221000.0,0.0,90737000.0,90737000.0,90737000.0,0.0,93326000.0,0.026,195486000.0,234584000.0,1273102000.0,0.864,5.487,48.125,48.202,9231954000.0,0.0,62.18,1.08,1.079,1109510000.0,2020815000.0,3449559000.0,3449559000.0,0.0,,,,,18560000.0,0.0,1.0,206286720.0,206320000.0,206320000.0,16.719,16716919000.0,0.0,39392000.0,1146562000.0,81.024,-325606000.0
31,OKE,MRQ,2013-09-30,2013-09-30,2013-09-30,2021-08-25,-219492000.0,17610343000.0,,2882024000.0,14728319000.0,,10.617,-539135000.0,779524000.0,779524000.0,2725482000.0,147698000.0,1.099,5.9,8330144000.0,572985000.0,7757159000.0,8330144000.0,0.0,94267000.0,0.0,0.027,0.38,173504000.0,267771000.0,0.085,267771000.0,173504000.0,107317000.0,0.3,0.3,0.3,2189694000.0,,2189694000.0,18317006985.0,28.0,18.021,-305870000.0,-1.483,1.0,409899000.0,0.131,990456000.0,66187000.0,21548797000.0,,664213000.0,1201873000.0,0.0,1201873000.0,12919697000.0,2621710000.0,10297987000.0,10994643985.0,745843000.0,-297956000.0,555840000.0,964020000.0,-78367000.0,1349669000.0,-837091000.0,0.0,233265000.0,0.0,62356000.0,62356000.0,62356000.0,0.0,85342000.0,0.02,179102000.0,230797000.0,1382785000.0,1.267,5.021,38.264,38.36,11770796000.0,0.0,53.32,1.141,1.141,1166994000.0,2008471000.0,3135381000.0,3135381000.0,0.0,,,,,8616000.0,0.0,1.0,206201125.0,206235000.0,206235000.0,15.203,16619887000.0,0.0,44961000.0,1776949000.0,80.587,260314000.0
32,OKE,MRQ,2013-06-30,2013-06-30,2013-06-30,2021-08-25,-211970000.0,15842274000.0,,1889589000.0,13952685000.0,,10.116,-558531000.0,33681000.0,33681000.0,2373085000.0,79495000.0,0.713,5.595,7356044000.0,844685000.0,6511359000.0,7356044000.0,0.0,91855000.0,0.0,0.033,0.36,109962000.0,201817000.0,0.073,201817000.0,109962000.0,43842000.0,0.0,0.0,0.0,2085349000.0,,2085349000.0,15445683442.0,23.0,15.304,-241748000.0,-1.173,1.0,395899000.0,0.143,992373000.0,66120000.0,19523485000.0,,434996000.0,1208787000.0,0.0,1208787000.0,11667918000.0,2648779000.0,9019139000.0,8514282442.0,-110266000.0,9738000.0,6294000.0,280837000.0,-74201000.0,121744000.0,-548793000.0,0.0,316783000.0,0.0,919000.0,919000.0,919000.0,0.0,78576000.0,0.0,167890000.0,228009000.0,1214322000.0,,4.083,29.339,29.298,10979485000.0,0.0,41.31,0.894,0.894,1158738000.0,2024482000.0,2768984000.0,2768984000.0,0.0,,,,,2262000.0,0.0,1.0,206107055.0,206143000.0,206143000.0,13.432,14849901000.0,0.0,42923000.0,1716547000.0,72.037,-759190000.0
33,OKE,MRQ,2013-03-31,2013-03-31,2013-03-31,2021-08-25,-223153000.0,15446219000.0,,1949663000.0,13496556000.0,,10.387,-498469000.0,143947000.0,143947000.0,2166578000.0,165705000.0,0.834,5.267,7075348000.0,562021000.0,6513327000.0,7075348000.0,0.0,90221000.0,0.0,0.028,0.36,215811000.0,306032000.0,0.122,306032000.0,215811000.0,151325000.0,0.55,0.54,0.55,2134354000.0,,2134354000.0,16531846079.0,23.0,15.523,-26971000.0,-0.131,1.0,351377000.0,0.14,994289000.0,64486000.0,19046306000.0,,302473000.0,1220129000.0,0.0,1220129000.0,11242086000.0,2337025000.0,8905061000.0,9772067079.0,-439671000.0,3662000.0,15650000.0,-267895000.0,-73781000.0,-416362000.0,-494807000.0,0.0,471498000.0,0.0,112521000.0,112521000.0,112521000.0,0.0,53184000.0,0.045,178148000.0,173229000.0,1205248000.0,0.655,4.578,27.898,28.041,10521218000.0,0.0,47.67,1.052,1.055,1261804000.0,2097764000.0,2517955000.0,2517955000.0,0.0,,,,,16756000.0,0.0,1.0,204994065.0,205479000.0,205479000.0,12.254,14451930000.0,0.0,38804000.0,1678887000.0,70.333,-387362000.0
34,OKE,MRQ,2012-12-31,2012-12-31,2012-12-31,2021-08-25,-216798000.0,15855275000.0,,2764660000.0,13090615000.0,,10.406,-616923000.0,583618000.0,583618000.0,1286809000.0,195875000.0,0.983,5.458,7343397000.0,828025000.0,6515372000.0,7343397000.0,0.0,86415000.0,0.0,0.03,0.33,154389000.0,240804000.0,0.199,240804000.0,154389000.0,135465000.0,0.54,0.53,0.54,2129609000.0,,2129609000.0,14973734742.0,19.0,13.431,-395787000.0,-1.934,1.0,-75323000.0,-0.062,996206000.0,18924000.0,18805854000.0,,517014000.0,1221405000.0,0.0,1221405000.0,11622825000.0,2812994000.0,8809831000.0,8747208742.0,-395207000.0,59000.0,8808000.0,138204000.0,-67526000.0,-728000.0,-615615000.0,0.0,221136000.0,0.0,111542000.0,111542000.0,111542000.0,14279000.0,84333000.0,0.092,-227232000.0,151909000.0,1333489000.0,0.611,4.107,24.256,24.429,10114340000.0,0.0,42.75,0.859,0.865,1349371000.0,2059024000.0,1211486000.0,1211486000.0,0.0,,,,,722000.0,0.0,1.0,204613070.0,204646000.0,204646000.0,5.92,14859069000.0,0.0,23923000.0,1592802000.0,72.609,-48334000.0
35,OKE,MRQ,2012-09-30,2012-09-30,2012-09-30,2021-08-25,-240476000.0,15364307000.0,,2956030000.0,12408277000.0,,10.076,-458121000.0,978825000.0,978825000.0,2497960000.0,164988000.0,1.212,5.416,7205351000.0,687887000.0,6517464000.0,7205351000.0,0.0,81434000.0,0.0,0.025,0.33,179167000.0,260601000.0,0.086,260601000.0,179167000.0,107803000.0,0.32,0.31,0.32,2065706000.0,,2065706000.0,15624161457.0,18.0,12.942,-347872000.0,-1.697,1.0,530815000.0,0.175,998122000.0,71364000.0,18153598000.0,,644719000.0,1218282000.0,0.0,1218282000.0,11188748000.0,2439113000.0,8749635000.0,9906265457.0,863905000.0,-2058000.0,2477000.0,1363139000.0,-67671000.0,1213789000.0,-460133000.0,0.0,110249000.0,0.0,65219000.0,65219000.0,65219000.0,0.0,99769000.0,0.022,288821000.0,241994000.0,1153750000.0,1.031,4.796,27.209,27.606,9490382000.0,0.0,48.31,0.759,0.759,984724000.0,2015008000.0,3028775000.0,3028775000.0,0.0,,,,,19042000.0,0.0,1.0,205056209.0,205005000.0,205005000.0,14.774,14366185000.0,0.0,42584000.0,1539960000.0,70.077,516917000.0
36,OKE,MRQ,2012-06-30,2012-06-30,2012-06-30,2021-08-25,-205640000.0,13817191000.0,,1807319000.0,12009872000.0,,10.08,-430953000.0,114920000.0,114920000.0,2007435000.0,149205000.0,0.801,4.6,5832816000.0,608193000.0,5224623000.0,5832816000.0,0.0,84586000.0,0.0,0.028,0.305,172940000.0,257526000.0,0.102,257526000.0,172940000.0,101405000.0,0.29,0.29,0.29,2089540000.0,,2089540000.0,14023068891.0,16.0,11.776,-204428000.0,-0.986,1.0,521825000.0,0.206,1000039000.0,71535000.0,16278371000.0,,561802000.0,1210268000.0,0.0,1210268000.0,9611203000.0,2256677000.0,7354526000.0,8794257891.0,-666272000.0,5983000.0,-147692000.0,-176920000.0,-63397000.0,-468745000.0,-424052000.0,0.0,226525000.0,0.0,60993000.0,60993000.0,60993000.0,-267000.0,88212000.0,0.024,292644000.0,229181000.0,911977000.0,1.052,4.209,24.484,24.599,9098053000.0,0.0,42.31,0.649,0.648,793842000.0,2017460000.0,2529260000.0,2529260000.0,0.0,,,,,11920000.0,0.0,1.0,207852940.0,207292000.0,207292000.0,12.201,12817152000.0,0.0,40412000.0,1457896000.0,61.831,-449358000.0
37,OKE,MRQ,2012-03-31,2012-03-31,2012-03-31,2021-08-25,-178845000.0,14252076000.0,,2609275000.0,11642801000.0,,10.867,-347916000.0,781192000.0,781192000.0,2802190000.0,233462000.0,1.003,4.376,6010003000.0,784154000.0,5225849000.0,6010003000.0,0.0,83417000.0,0.0,0.028,0.305,272519000.0,355936000.0,0.104,355936000.0,272519000.0,196704000.0,0.59,0.58,0.59,2256152000.0,,2256152000.0,14153937891.0,16.0,12.008,78169000.0,0.377,1.0,612410000.0,0.179,1001956000.0,75815000.0,15878608000.0,,299130000.0,1219635000.0,0.0,1219635000.0,9872621000.0,2600323000.0,7272298000.0,8483966891.0,706380000.0,33493000.0,461963000.0,268958000.0,-63375000.0,594694000.0,-314399000.0,0.0,426085000.0,0.0,122865000.0,122865000.0,122865000.0,0.0,110597000.0,0.036,288762000.0,323648000.0,1110108000.0,0.517,3.76,24.012,24.16,8701036000.0,0.0,40.83,0.587,0.586,1154951000.0,2019864000.0,3414600000.0,3414600000.0,0.0,,,,,5008000.0,0.0,1.0,207787580.0,207617000.0,207617000.0,16.447,13250120000.0,0.0,73839000.0,1408420000.0,63.82,8952000.0
38,OKE,MRQ,2011-12-31,2011-12-31,2011-12-31,2021-08-25,-206121000.0,13696635000.0,,2318812000.0,11377823000.0,,10.864,-473420000.0,65953000.0,65953000.0,3389776000.0,264752000.0,0.714,4.421,5735924000.0,1206373000.0,4529551000.0,5735924000.0,0.0,78087000.0,0.0,0.025,0.28,255115000.0,333202000.0,0.082,333202000.0,255115000.0,186797000.0,0.55,0.54,0.55,2238573000.0,,2238573000.0,14327027633.0,16.0,11.98,-146873000.0,-0.713,1.0,681261000.0,0.167,1014127000.0,68318000.0,15106304000.0,,549915000.0,1223398000.0,0.0,1223398000.0,9896903000.0,3246175000.0,6650728000.0,8928128633.0,-73595000.0,-5319000.0,10764000.0,188825000.0,-57683000.0,74597000.0,-474739000.0,0.0,326547000.0,0.0,115001000.0,115001000.0,115001000.0,0.0,149751000.0,0.028,312038000.0,369223000.0,1341718000.0,0.509,3.988,24.76,25.201,8444333000.0,0.0,43.345,0.603,0.613,1339933000.0,1960374000.0,4071037000.0,4071037000.0,0.0,,,,,27074000.0,0.0,1.0,205978282.0,206056000.0,206056000.0,19.757,12682508000.0,0.0,71796000.0,1446591000.0,61.549,-927363000.0
39,OKE,MRQ,2011-09-30,2011-09-30,2011-09-30,2021-08-25,-174573000.0,13171124000.0,,2312043000.0,10859081000.0,,10.58,-338375000.0,148407000.0,148407000.0,3018869000.0,160880000.0,0.777,4.341,5547306000.0,1015253000.0,4532053000.0,5547306000.0,0.0,75986000.0,0.0,0.031,0.28,168190000.0,244176000.0,0.069,244176000.0,168190000.0,94349000.0,0.29,0.28,0.29,2185960000.0,,2185960000.0,11877320917.0,14.0,10.352,-184355000.0,-0.892,1.0,510490000.0,0.145,1016044000.0,73841000.0,14577215000.0,,658059000.0,1224397000.0,0.0,1224397000.0,9489064000.0,2976764000.0,6512300000.0,6837396917.0,-329166000.0,-49623000.0,2219000.0,30278000.0,-57981000.0,-95188000.0,-387998000.0,0.0,154020000.0,0.0,60321000.0,60321000.0,60321000.0,0.0,100559000.0,0.017,274434000.0,236056000.0,1241633000.0,0.966,3.128,20.803,21.372,8019313000.0,0.0,33.02,0.498,0.497,1141132000.0,1903056000.0,3529359000.0,3529359000.0,0.0,,,,,9682000.0,0.0,1.0,207068350.0,206606000.0,206606000.0,17.083,12155080000.0,0.0,34028000.0,1386959000.0,58.832,-664721000.0
40,OKE,MRQ,2011-06-30,2011-06-30,2011-06-30,2021-08-25,-131266000.0,13036333000.0,,2529261000.0,10507072000.0,,10.524,-328845000.0,477573000.0,477573000.0,2951802000.0,134766000.0,0.89,4.212,5517497000.0,894881000.0,4622616000.0,5517497000.0,0.0,78824000.0,0.0,0.027,0.26,166544000.0,245368000.0,0.071,245368000.0,166544000.0,91046000.0,0.26,0.25,0.26,2217089000.0,,2217089000.0,12452574821.0,15.0,10.956,-101027000.0,-0.48,1.0,492996000.0,0.143,1020865000.0,75498000.0,14214775000.0,,574173000.0,1177219000.0,0.0,1177219000.0,9338629000.0,2840617000.0,6498012000.0,7927960821.0,-392513000.0,9441000.0,-300209000.0,123454000.0,-55705000.0,-300927000.0,-319404000.0,0.0,227818000.0,0.0,55142000.0,55142000.0,55142000.0,0.0,79624000.0,0.016,277549000.0,215447000.0,1194103000.0,1.0,3.576,24.496,24.426,7712574000.0,0.0,37.005,0.603,0.593,1125338000.0,1900716000.0,3444798000.0,3444798000.0,0.0,,,,,21713000.0,0.0,1.0,214240260.0,210674000.0,210674000.0,16.351,12015468000.0,0.0,35904000.0,1288438000.0,57.033,-311356000.0
41,OKE,MRQ,2011-03-31,2011-03-31,2011-03-31,2021-08-25,-135137000.0,13039596000.0,,2795774000.0,10243822000.0,,11.676,-194139000.0,870086000.0,870086000.0,3159645000.0,199346000.0,1.215,3.634,5394700000.0,418242000.0,4976458000.0,5394700000.0,0.0,79391000.0,0.0,0.028,0.26,293799000.0,373190000.0,0.099,373190000.0,293799000.0,214450000.0,0.61,0.595,0.61,2499084000.0,,2499084000.0,12013174850.0,15.0,10.775,453642000.0,2.119,1.0,600955000.0,0.16,1020977000.0,79349000.0,14241585000.0,,407671000.0,1186588000.0,0.0,1186588000.0,9082578000.0,2301648000.0,6780930000.0,7157575850.0,839052000.0,4654000.0,5024000.0,499472000.0,-55651000.0,380756000.0,-189485000.0,0.0,647781000.0,0.0,130130000.0,130130000.0,130130000.0,0.0,69216000.0,0.035,274911000.0,326044000.0,1131922000.0,0.426,2.864,23.072,23.062,7438893000.0,0.0,33.44,0.572,0.572,1280125000.0,1901279000.0,3760600000.0,3760600000.0,0.0,,,,,7902000.0,0.0,1.0,214042340.0,214040000.0,214040000.0,17.57,12018619000.0,0.0,84320000.0,1223250000.0,56.151,494126000.0
42,OKE,MRQ,2010-12-31,2010-12-31,2010-12-31,2021-08-25,-108802000.0,12499175000.0,,2379735000.0,10119440000.0,,11.491,-222291000.0,30341000.0,30341000.0,2493975000.0,147935000.0,0.755,3.503,4886633000.0,1200091000.0,3686542000.0,4886633000.0,0.0,76717000.0,0.0,0.033,0.24,207914000.0,284631000.0,0.095,284631000.0,207914000.0,138470000.0,0.385,0.38,0.385,2448623000.0,,2448623000.0,10518262223.0,13.0,9.163,-148280000.0,-0.696,1.0,511014000.0,0.17,1022894000.0,69444000.0,13181142000.0,,706912000.0,1188124000.0,0.0,1188124000.0,8578334000.0,3151431000.0,5426903000.0,5907086223.0,-19449000.0,8487000.0,11553000.0,227403000.0,-51116000.0,120344000.0,-213804000.0,0.0,74011000.0,0.0,83074000.0,83074000.0,83074000.0,0.0,64861000.0,0.028,277040000.0,233974000.0,1212323000.0,0.623,2.412,17.652,17.666,7312948000.0,0.0,27.735,0.466,0.465,1283891000.0,1826800000.0,3004989000.0,3004989000.0,0.0,,,,,8423000.0,0.0,1.0,212983098.0,213084000.0,206454000.0,14.102,11476281000.0,0.0,55396000.0,1171997000.0,53.858,-771696000.0
43,OKE,MRQ,2010-09-30,2010-09-30,2010-09-30,2021-08-25,-90268000.0,11929753000.0,,1988776000.0,9940977000.0,,11.342,247784000.0,50483000.0,50483000.0,2510798000.0,120301000.0,0.766,3.328,4661659000.0,969616000.0,3692043000.0,4661659000.0,0.0,77233000.0,0.0,0.039,0.23,156167000.0,233400000.0,0.079,233400000.0,156167000.0,85260000.0,0.26,0.255,0.26,2414479000.0,,2414479000.0,9710665625.0,11.0,8.328,416688000.0,1.957,1.0,431905000.0,0.147,1024810000.0,70907000.0,12919178000.0,,703677000.0,1194087000.0,0.0,1194087000.0,8034358000.0,2596941000.0,5437417000.0,4793106625.0,-52768000.0,-1419000.0,1470000.0,-356720000.0,-48954000.0,-471005000.0,249333000.0,0.0,168904000.0,0.0,55295000.0,55295000.0,55295000.0,0.0,65006000.0,0.019,247098000.0,184807000.0,885017000.0,0.885,1.985,13.893,13.816,7138972000.0,0.0,22.52,0.366,0.366,858819000.0,1794842000.0,2942703000.0,2942703000.0,0.0,,,,,5744000.0,0.0,1.0,212837772.0,212886000.0,215302000.0,13.823,10904943000.0,0.0,29965000.0,1127023000.0,51.224,-608165000.0
44,OKE,MRQ,2010-06-30,2010-06-30,2010-06-30,2021-08-25,-103486000.0,12119911000.0,,1878255000.0,10241656000.0,,11.223,-111623000.0,103251000.0,103251000.0,2374157000.0,86374000.0,0.653,3.456,5020810000.0,1323225000.0,3697585000.0,5020810000.0,0.0,75511000.0,0.0,0.04,0.22,148133000.0,223644000.0,0.08,223644000.0,148133000.0,72772000.0,0.195,0.195,0.195,2387229000.0,,2387229000.0,9336390125.0,11.0,8.05,-79213000.0,-0.372,1.0,432974000.0,0.154,1026726000.0,75361000.0,13135136000.0,,572941000.0,757232000.0,0.0,757232000.0,8249337000.0,2875608000.0,5373729000.0,4597270125.0,-64182000.0,8114000.0,3204000.0,116790000.0,-46771000.0,6917000.0,-103509000.0,0.0,32410000.0,0.0,41724000.0,41724000.0,41724000.0,0.0,44650000.0,0.015,261813000.0,171161000.0,830015000.0,1.128,1.926,13.611,13.516,7847340000.0,0.0,21.625,0.367,0.367,904325000.0,1788501000.0,2807131000.0,2807131000.0,0.0,,,,,5639000.0,0.0,1.0,212590526.0,212712000.0,215676000.0,13.197,11093185000.0,0.0,31048000.0,1053931000.0,52.151,-997353000.0
45,OKE,MRQ,2010-03-31,2010-03-31,2010-03-31,2021-08-25,-105564000.0,12329192000.0,,2108728000.0,10220464000.0,,11.216,-67710000.0,167433000.0,167433000.0,3327721000.0,186720000.0,0.789,3.549,4906553000.0,803220000.0,4103333000.0,4906553000.0,0.0,77856000.0,0.0,0.037,0.22,328370000.0,406226000.0,0.104,406226000.0,328370000.0,251850000.0,0.73,0.72,0.73,2380697000.0,,2380697000.0,10300204921.0,12.0,8.936,491007000.0,2.313,1.0,596246000.0,0.152,1028643000.0,76520000.0,13368153000.0,,397254000.0,762435000.0,0.0,762435000.0,8449551000.0,2671516000.0,5778035000.0,4845314921.0,138034000.0,1334000.0,327379000.0,-575203000.0,-46701000.0,-354307000.0,-66376000.0,0.0,558717000.0,0.0,154539000.0,154539000.0,154539000.0,0.0,32181000.0,0.039,259967000.0,336279000.0,965015000.0,0.301,2.035,14.348,14.221,7794404000.0,0.0,22.825,0.406,0.406,1202293000.0,1793548000.0,3923967000.0,3923967000.0,0.0,,,,,4566000.0,0.0,1.0,212281048.0,212264000.0,214820000.0,18.486,11300549000.0,0.0,97311000.0,1033396000.0,53.238,-562788000.0
46,OKE,MRQ,2009-12-31,2009-12-31,2009-12-31,2021-08-25,-118613000.0,12827683000.0,,2588464000.0,10239219000.0,,10.458,-176013000.0,29399000.0,29399000.0,2886889000.0,143997000.0,0.775,4.251,5484289000.0,1150085000.0,4334204000.0,5484289000.0,0.0,73298000.0,0.0,0.037,0.21,229454000.0,302752000.0,0.088,302752000.0,229454000.0,152676000.0,0.445,0.435,0.445,2207194000.0,,2207194000.0,10081955527.0,12.0,9.18,5744000.0,0.027,1.0,536674000.0,0.157,1030560000.0,76778000.0,13913101000.0,,583127000.0,765163000.0,0.0,765163000.0,9382221000.0,3338912000.0,6043309000.0,4701714527.0,-22781000.0,7847000.0,10575000.0,54401000.0,-44307000.0,-38303000.0,-166235000.0,0.0,181757000.0,0.0,93445000.0,93445000.0,93445000.0,0.0,50552000.0,0.027,283756000.0,252918000.0,1240207000.0,0.472,2.13,15.393,15.369,7793658000.0,0.0,22.285,0.435,0.435,1437994000.0,1685710000.0,3423563000.0,3423563000.0,0.0,,,,,7915000.0,0.0,1.0,210981132.0,211060000.0,206530000.0,16.221,11797123000.0,0.0,59231000.0,1037665000.0,55.895,-750448000.0
47,OKE,MRQ,2009-09-30,2009-09-30,2009-09-30,2021-08-25,-118540000.0,12029470000.0,,1856962000.0,10172508000.0,,10.148,-206679000.0,52180000.0,52180000.0,1937782000.0,102308000.0,0.702,4.033,5432421000.0,1092210000.0,4340211000.0,5432421000.0,0.0,72318000.0,0.0,0.044,0.21,154811000.0,227129000.0,0.096,227129000.0,154811000.0,82122000.0,0.23,0.225,0.23,2139615000.0,,2139615000.0,9116903060.0,12.0,8.631,-11594000.0,-0.055,1.0,426954000.0,0.181,1032476000.0,72689000.0,13732774000.0,,657403000.0,774347000.0,0.0,774347000.0,8629695000.0,2644461000.0,5985234000.0,3859541060.0,5142000.0,-37271000.0,244038000.0,130554000.0,-44265000.0,51438000.0,-241381000.0,0.0,195085000.0,0.0,48042000.0,48042000.0,48042000.0,0.0,54266000.0,0.02,254171000.0,172783000.0,766580000.0,0.913,1.804,13.775,13.715,7698596000.0,0.0,18.31,0.377,0.378,726719000.0,1636572000.0,2364736000.0,2364736000.0,0.0,,,,,6682000.0,0.0,1.0,210788698.0,210840000.0,212976000.0,11.216,10996994000.0,0.0,34080000.0,893213000.0,52.158,-787499000.0
48,OKE,MRQ,2009-06-30,2009-06-30,2009-06-30,2021-08-25,-82960000.0,11833723000.0,,1793915000.0,10039808000.0,,10.264,-155627000.0,47038000.0,47038000.0,1820462000.0,81350000.0,0.736,3.894,5304400000.0,958115000.0,4346285000.0,5304400000.0,0.0,71249000.0,0.0,0.054,0.2,145329000.0,216578000.0,0.097,216578000.0,145329000.0,71937000.0,0.2,0.195,0.2,2162393000.0,,2162393000.0,8533898229.0,11.0,8.264,129367000.0,0.614,1.0,407165000.0,0.183,1034393000.0,73392000.0,13619649000.0,,564530000.0,735394000.0,0.0,735394000.0,8420857000.0,2437043000.0,5983814000.0,3105350229.0,-29715000.0,14031000.0,1830000.0,-300723000.0,-42122000.0,-173113000.0,-141596000.0,0.0,284994000.0,0.0,41679000.0,41679000.0,41679000.0,0.0,39671000.0,0.019,253760000.0,153405000.0,826414000.0,1.0,1.436,10.702,10.646,7590860000.0,0.0,14.745,0.257,0.257,771196000.0,1632795000.0,2227627000.0,2227627000.0,0.0,,,,,4378000.0,0.0,1.0,210603610.0,210670000.0,211900000.0,10.574,10799330000.0,0.0,30258000.0,867015000.0,51.262,-643128000.0
49,OKE,MRQ,2009-03-31,2009-03-31,2009-03-31,2021-08-25,-56152000.0,11939964000.0,,2038729000.0,9901235000.0,,10.381,-241944000.0,179108000.0,179108000.0,2263643000.0,163549000.0,0.833,3.984,5607656000.0,1004900000.0,4602756000.0,5607656000.0,0.0,72126000.0,0.0,0.07,0.2,279685000.0,351811000.0,0.126,351811000.0,279685000.0,201724000.0,0.58,0.58,0.58,2183293000.0,,2183293000.0,8372287794.0,11.0,8.311,548914000.0,2.61,1.0,526184000.0,0.189,1036309000.0,77961000.0,13884693000.0,,443244000.0,747990000.0,0.0,747990000.0,8698831000.0,2447510000.0,6251321000.0,2381569794.0,-433305000.0,3362000.0,2262000.0,-893012000.0,-42080000.0,-985581000.0,-238582000.0,0.0,790858000.0,0.0,122285000.0,122285000.0,122285000.0,0.0,41264000.0,0.044,237125000.0,289059000.0,798625000.0,0.345,1.091,8.202,8.17,7436655000.0,0.0,11.315,0.17,0.169,1014142000.0,1633238000.0,2789827000.0,2789827000.0,0.0,,,,,4173000.0,0.0,1.0,210478992.0,210324000.0,211466000.0,13.264,10903655000.0,0.0,79439000.0,866497000.0,51.842,-408781000.0
50,OKE,MRQ,2008-12-31,2008-12-31,2008-12-31,2021-08-25,-70616000.0,13126062000.0,,3377602000.0,9748460000.0,,9.989,-439217000.0,510058000.0,510058000.0,2385720000.0,121321000.0,0.805,4.769,6500776000.0,2388195000.0,4112581000.0,6500776000.0,0.0,64498000.0,0.0,0.054,0.2,196339000.0,260837000.0,0.092,260837000.0,196339000.0,115272000.0,0.325,0.325,0.325,2088170000.0,,2088170000.0,8512724345.0,11.0,8.395,-441938000.0,-2.114,1.0,457525000.0,0.161,1038226000.0,81067000.0,13884790000.0,,858966000.0,755492000.0,0.0,755492000.0,9958523000.0,4193764000.0,5764759000.0,3043014345.0,437114000.0,-1550000.0,156215000.0,943965000.0,-41799000.0,878152000.0,-438317000.0,0.0,-2721000.0,0.0,68174000.0,68174000.0,68174000.0,0.0,53147000.0,0.024,249963000.0,207562000.0,1122761000.0,0.615,1.457,9.756,9.739,7263769000.0,0.0,14.56,0.188,0.188,1265300000.0,1553033000.0,2843245000.0,2843245000.0,0.0,,,,,4015000.0,0.0,1.0,208998238.0,209038000.0,211022000.0,13.602,12087836000.0,0.0,47098000.0,890815000.0,57.826,-816162000.0
51,OKE,MRQ,2008-09-30,2008-09-30,2008-09-30,2021-08-25,-68763000.0,12222063000.0,,3020650000.0,9201413000.0,,9.852,-391442000.0,72944000.0,72944000.0,3808288000.0,153387000.0,0.835,4.939,5542654000.0,1440404000.0,4102250000.0,5542654000.0,0.0,60249000.0,0.0,0.044,0.2,143244000.0,203493000.0,0.048,203493000.0,143244000.0,82064000.0,0.28,0.275,0.28,2058015000.0,,2058015000.0,8518419074.0,11.0,8.192,-447849000.0,-2.144,1.0,430958000.0,0.102,1040142000.0,61180000.0,13034162000.0,,1120077000.0,756449000.0,0.0,756449000.0,10164048000.0,3617469000.0,6546579000.0,3592490074.0,-25800000.0,-3417000.0,-145506000.0,517291000.0,-41774000.0,425466000.0,-394859000.0,0.0,-56407000.0,0.0,58033000.0,58033000.0,58033000.0,0.0,95354000.0,0.014,250111000.0,180847000.0,1294630000.0,0.714,1.746,10.363,10.361,6893171000.0,0.0,17.2,0.208,0.208,1066606000.0,1534241000.0,4239246000.0,4239246000.0,0.0,,,,,12360000.0,0.0,1.0,208865702.0,208892000.0,211272000.0,20.294,11181921000.0,0.0,24031000.0,832407000.0,53.53,-596819000.0
52,OKE,MRQ,2008-06-30,2008-06-30,2008-06-30,2021-08-25,-113396000.0,12169072000.0,,3268527000.0,8900545000.0,,9.504,-300477000.0,98744000.0,98744000.0,3768718000.0,112962000.0,0.876,5.136,5024673000.0,919679000.0,4104994000.0,5024673000.0,0.0,59701000.0,0.0,0.03,0.19,131498000.0,191199000.0,0.046,191199000.0,131498000.0,72439000.0,0.2,0.195,0.2,1983298000.0,,1983298000.0,9325187547.0,13.0,9.54,-636187000.0,-3.049,1.0,404148000.0,0.097,1042059000.0,59059000.0,12323344000.0,,902129000.0,752952000.0,0.0,752952000.0,10185774000.0,3729598000.0,6456176000.0,5091752547.0,-169996000.0,3169000.0,10839000.0,532608000.0,-39676000.0,453230000.0,-287516000.0,0.0,-335710000.0,0.0,41865000.0,41865000.0,41865000.0,0.0,71097000.0,0.01,231543000.0,172605000.0,1730041000.0,0.95,2.567,16.83,16.896,6476581000.0,0.0,24.415,0.321,0.321,1507639000.0,1517982000.0,4172866000.0,4172866000.0,0.0,,,,,6434000.0,0.0,1.0,208550176.0,208680000.0,212144000.0,19.996,11127013000.0,0.0,30574000.0,755818000.0,53.321,-461071000.0
53,OKE,MRQ,2008-03-31,2008-03-31,2008-03-31,2021-08-25,-75177000.0,11239834000.0,,2742664000.0,8497170000.0,,9.632,-339370000.0,268740000.0,268740000.0,4341495000.0,212797000.0,0.953,4.601,4502175000.0,383781000.0,4118394000.0,4502175000.0,0.0,59479000.0,0.0,0.032,0.19,299066000.0,358545000.0,0.073,358545000.0,299066000.0,236205000.0,0.69,0.68,0.69,2006792000.0,,2006792000.0,9463241856.0,13.0,9.825,531145000.0,2.549,1.0,560581000.0,0.114,1041857000.0,62861000.0,11552405000.0,,329307000.0,754304000.0,0.0,754304000.0,9233042000.0,2879007000.0,6354035000.0,4644221856.0,249635000.0,5761000.0,141887000.0,-342504000.0,-39536000.0,-287271000.0,-333609000.0,0.0,870515000.0,0.0,143837000.0,143837000.0,143837000.0,0.0,68960000.0,0.029,232066000.0,328515000.0,1585757000.0,0.275,2.314,15.696,15.883,6206267000.0,0.0,22.315,0.319,0.319,1723572000.0,1515793000.0,4902076000.0,4902076000.0,0.0,,,,,7982000.0,0.0,1.0,208121078.0,208340000.0,211642000.0,23.529,10197977000.0,0.0,92368000.0,720733000.0,48.949,-136343000.0
54,OKE,MRQ,2007-12-31,2007-12-31,2007-12-31,2021-08-25,-7069000.0,11062034000.0,,2951475000.0,8110559000.0,,9.49,-356183000.0,19105000.0,19105000.0,3471187000.0,296123000.0,1.024,4.617,4838125000.0,623079000.0,4215046000.0,4838125000.0,0.0,59506000.0,0.0,0.031,0.18,227148000.0,286654000.0,0.072,286654000.0,227148000.0,158326000.0,0.49,0.48,0.49,1969308000.0,,1969308000.0,8806563551.0,12.0,9.043,-276480000.0,-1.332,1.0,513781000.0,0.129,1043773000.0,68822000.0,11955614000.0,,841362000.0,756260000.0,0.0,756260000.0,9092726000.0,2881667000.0,6211059000.0,4644292551.0,-814640000.0,-297682000.0,9267000.0,-171390000.0,-37346000.0,-240478000.0,-653865000.0,0.0,79703000.0,0.0,102924000.0,102924000.0,102924000.0,0.0,193199000.0,0.026,263720000.0,250061000.0,1436005000.0,0.367,2.358,15.231,15.764,5845181000.0,0.0,22.385,0.345,0.357,1723212000.0,1411492000.0,3984968000.0,3984968000.0,0.0,,,,,-1539000.0,0.0,1.0,207473422.0,207510000.0,211096000.0,19.204,10018261000.0,0.0,55402000.0,680543000.0,48.278,69808000.0
55,OKE,MRQ,2007-09-30,2007-09-30,2007-09-30,2021-08-25,-27724000.0,10922384000.0,,3278256000.0,7644128000.0,,9.027,-245827000.0,833745000.0,833745000.0,2490570000.0,13914000.0,1.309,4.824,4996016000.0,785475000.0,4210541000.0,4996016000.0,0.0,56364000.0,0.0,0.029,0.18,84727000.0,141091000.0,0.05,141091000.0,84727000.0,22052000.0,0.065,0.065,0.065,1875508000.0,,1875508000.0,8755208351.0,12.0,9.437,-263019000.0,-1.266,1.0,319427000.0,0.114,1045690000.0,62675000.0,11533618000.0,,971788000.0,741310000.0,0.0,741310000.0,9046876000.0,2505347000.0,6541529000.0,4924186351.0,530457000.0,2107000.0,2321000.0,851630000.0,-37398000.0,765332000.0,-217683000.0,26037000.0,-17192000.0,0.0,13914000.0,13914000.0,13914000.0,0.0,0.0,0.005,217311000.0,102116000.0,979700000.0,2.769,2.626,17.801,18.884,5247993000.0,0.0,23.7,0.392,0.392,923445000.0,1345914000.0,2809997000.0,2809997000.0,0.0,,,,,4957000.0,0.0,1.0,207771576.0,207764000.0,211862000.0,13.525,9876694000.0,0.0,8138000.0,789491000.0,47.538,772909000.0
56,OKE,MRQ,2007-06-30,2007-06-30,2007-06-30,2021-08-25,-57709000.0,9988530000.0,,2591169000.0,7397361000.0,,8.395,-179243000.0,303288000.0,303288000.0,2526467000.0,35203000.0,1.127,4.366,4134310000.0,525470000.0,3608840000.0,4134310000.0,0.0,55644000.0,0.0,0.026,0.17,121229000.0,176873000.0,0.061,176873000.0,121229000.0,58413000.0,0.16,0.155,0.16,1861585000.0,,1861585000.0,9419409810.0,13.0,9.981,-81387000.0,-0.367,1.0,349774000.0,0.122,1047606000.0,62816000.0,10472054000.0,,787650000.0,767888000.0,26037000.0,741851000.0,8126945000.0,2299892000.0,5827053000.0,5597410810.0,77778000.0,-7512000.0,-363684000.0,101633000.0,-37753000.0,-345316000.0,325238000.0,511993000.0,97856000.0,0.0,35203000.0,35203000.0,35203000.0,0.0,0.0,0.012,214943000.0,134831000.0,1088612000.0,1.062,3.007,19.496,19.388,5044351000.0,0.0,25.205,0.451,0.451,1028968000.0,1369398000.0,2876241000.0,2876241000.0,0.0,,,,,8850000.0,0.0,1.0,222075414.0,221758000.0,225972000.0,12.97,8940924000.0,0.0,23210000.0,772821000.0,40.318,291277000.0
57,OKE,MRQ,2007-03-31,2007-03-31,2007-03-31,2021-08-25,-65373000.0,10348911000.0,,3080348000.0,7268563000.0,,9.97,-98428000.0,225510000.0,225510000.0,3265017000.0,152880000.0,1.314,3.681,4047509000.0,420466000.0,3627043000.0,4047509000.0,0.0,56450000.0,0.0,0.028,0.17,312739000.0,369189000.0,0.097,369189000.0,312739000.0,250727000.0,0.69,0.68,0.69,2210776000.0,,2210776000.0,8874720275.0,11.0,8.675,770865000.0,3.476,1.0,541191000.0,0.142,1049523000.0,62012000.0,10777555000.0,,499058000.0,1284413000.0,538030000.0,746383000.0,8138135000.0,2343832000.0,5794303000.0,4988137275.0,157242000.0,-141000.0,-17387000.0,-6520000.0,-37691000.0,-106577000.0,-605474000.0,-506905000.0,869293000.0,0.0,152880000.0,152880000.0,152880000.0,0.0,0.0,0.04,213535000.0,327656000.0,1073934000.0,0.246,2.256,15.129,15.306,4901596000.0,0.0,22.5,0.417,0.417,1286444000.0,1371948000.0,3806208000.0,3806208000.0,0.0,,,,,8641000.0,0.0,1.0,221694990.0,221736000.0,225448000.0,17.165,9299388000.0,0.0,97847000.0,762637000.0,41.939,736516000.0
58,OKE,MRQ,2006-12-31,2006-12-31,2006-12-31,2021-08-25,39532000.0,10391082000.0,,3124961000.0,7266121000.0,,10.049,-132212000.0,68268000.0,68268000.0,2622970000.0,74625000.0,1.602,3.689,4055014000.0,24159000.0,4030855000.0,4055014000.0,0.0,56654000.0,0.0,0.028,0.16,183961000.0,240615000.0,0.078,240615000.0,183961000.0,120884000.0,0.34,0.33,0.34,2215958000.0,,2215958000.0,8402224055.0,11.0,8.615,-99477000.0,-0.451,1.0,450682000.0,0.147,1051440000.0,63077000.0,11375850000.0,,925194000.0,780004000.0,31125000.0,748879000.0,8175124000.0,1950538000.0,6224586000.0,4752461055.0,-16913000.0,32443000.0,2146000.0,-1621000.0,-35270000.0,-79168000.0,29520000.0,131169000.0,32735000.0,0.0,74625000.0,74625000.0,74625000.0,-45000.0,0.0,0.024,260072000.0,190610000.0,1076954000.0,0.471,2.145,15.515,15.737,4844921000.0,0.0,21.56,0.399,0.405,1348490000.0,1256759000.0,3073652000.0,3073652000.0,0.0,,,,,3447000.0,0.0,1.0,220429548.0,220514000.0,226410000.0,13.939,9339642000.0,0.0,46259000.0,707444000.0,42.354,1174423000.0
59,OKE,MRQ,2006-09-30,2006-09-30,2006-09-30,2021-08-25,33251000.0,10188518000.0,,3076898000.0,7111620000.0,,9.521,-111339000.0,409047000.0,409047000.0,2314547000.0,24400000.0,1.449,3.727,4058810000.0,22683000.0,4036127000.0,4058810000.0,0.0,55469000.0,0.0,0.031,0.16,101586000.0,157055000.0,0.059,157055000.0,101586000.0,40126000.0,0.11,0.105,0.11,2155597000.0,,2155597000.0,7809950411.0,8.0,6.416,-55876000.0,-0.247,1.0,330288000.0,0.125,1025420000.0,61460000.0,10689517000.0,,1028007000.0,755772000.0,0.0,755772000.0,8032921000.0,2123344000.0,5909577000.0,4442494411.0,-63642000.0,-381000.0,-276122000.0,16542000.0,-37617000.0,-340308000.0,221203000.0,334232000.0,55463000.0,0.0,24400000.0,24400000.0,24400000.0,13000.0,0.0,0.009,211577000.0,118711000.0,1021732000.0,1.455,2.061,9.466,8.416,4767427000.0,0.0,18.895,0.326,0.314,944732000.0,1217404000.0,2644835000.0,2644835000.0,0.0,,,,,4557000.0,0.0,1.0,235114814.0,226400000.0,229840000.0,11.682,9163098000.0,0.0,15726000.0,577591000.0,40.473,953554000.0
60,OKE,MRQ,2006-06-30,2006-06-30,2006-06-30,2021-08-25,-43701000.0,10176104000.0,,3224327000.0,6951777000.0,,10.075,220761000.0,645349000.0,645349000.0,2053592000.0,77795000.0,0.971,3.301,4012805000.0,1382485000.0,2630320000.0,4012805000.0,0.0,67095000.0,0.0,0.033,0.15,189036000.0,256131000.0,0.105,256131000.0,189036000.0,129433000.0,0.33,0.325,0.33,2365992000.0,,2365992000.0,7814943735.0,7.0,5.771,208189000.0,0.886,1.0,378314000.0,0.156,1027336000.0,59603000.0,9194201000.0,,905098000.0,1127460000.0,0.0,1127460000.0,7810112000.0,3322023000.0,4488089000.0,3996138735.0,126353000.0,-128851000.0,3437000.0,624786000.0,-35220000.0,547019000.0,-408094000.0,-496526000.0,-12572000.0,0.0,77795000.0,77795000.0,77795000.0,150000.0,0.0,0.032,114703000.0,263611000.0,943194000.0,0.455,1.689,6.432,5.636,4710504000.0,0.0,17.02,0.282,0.282,971855000.0,1230621000.0,2431906000.0,2431906000.0,0.0,,,,,6985000.0,0.0,1.0,234790760.0,234846000.0,238052000.0,10.355,9148768000.0,0.0,51638000.0,572738000.0,38.956,-97696000.0
61,OKE,MRQ,2006-03-31,2006-03-31,2006-03-31,2021-08-25,-505000.0,10731432000.0,,2811196000.0,7920236000.0,,10.99,-54552000.0,36800000.0,36800000.0,3364802000.0,129492000.0,0.913,3.557,3855605000.0,751551000.0,3104054000.0,3855605000.0,0.0,56325000.0,0.0,0.035,0.14,265218000.0,321543000.0,0.084,321543000.0,265218000.0,209633000.0,0.605,0.585,0.605,2355050000.0,,2355050000.0,7345296716.0,7.0,6.113,743098000.0,3.468,1.0,482902000.0,0.126,991264000.0,55585000.0,10481266000.0,,625029000.0,822695000.0,0.0,822695000.0,8376382000.0,3077707000.0,5298675000.0,3781095716.0,-28535000.0,-26416000.0,402372000.0,-1040741000.0,-27344000.0,-746319000.0,-79866000.0,0.0,797650000.0,0.0,129492000.0,129492000.0,129492000.0,247000.0,0.0,0.034,217786000.0,265116000.0,1308421000.0,0.231,1.606,6.652,5.728,5929861000.0,0.0,16.125,0.274,0.25,1501651000.0,1188046000.0,3847704000.0,3847704000.0,0.0,,,,,1510000.0,0.0,1.0,234486556.0,214286000.0,221512000.0,17.956,9740168000.0,0.0,80141000.0,604405000.0,45.454,-266511000.0
62,OKE,MRQ,2005-12-31,2005-12-31,2005-12-31,2021-08-25,-56991000.0,9311748000.0,,3798388000.0,5513360000.0,,9.21,468351000.0,158523000.0,158523000.0,4304135000.0,237642000.0,0.907,4.188,3572116000.0,1548046000.0,2024070000.0,3572116000.0,0.0,48374000.0,0.0,0.041,0.14,434211000.0,482585000.0,0.103,482585000.0,434211000.0,378285000.0,1.2,1.12,1.2,1794757000.0,,1794757000.0,6038037839.0,6.0,5.391,55101000.0,0.283,1.0,392058000.0,0.083,683211000.0,55926000.0,7854194000.0,,911393000.0,245009000.0,0.0,245009000.0,7516991000.0,4187936000.0,3329055000.0,2598342839.0,-78245000.0,-104061000.0,-42923000.0,38520000.0,-27323000.0,-24359000.0,359364000.0,0.0,-413250000.0,0.0,237642000.0,237642000.0,237642000.0,2040000.0,0.0,0.051,-52142000.0,444200000.0,1514620000.0,0.117,1.448,4.754,4.895,3994227000.0,0.0,13.315,0.205,0.211,1961208000.0,1085845000.0,4696193000.0,4696193000.0,0.0,,,,,1939000.0,0.0,1.0,195144036.0,194880000.0,206718000.0,24.098,8628537000.0,0.0,140643000.0,603835000.0,44.276,-389548000.0
63,OKE,MRQ,2005-09-30,2005-09-30,2005-09-30,2021-08-25,-266099000.0,10362455000.0,,4482959000.0,5879496000.0,,6.935,-39389000.0,173781000.0,173781000.0,2881002000.0,176387000.0,0.881,6.479,3613476000.0,1509043000.0,2104433000.0,3613476000.0,0.0,48131000.0,41025000.0,0.031,0.14,245724000.0,293855000.0,0.092,293855000.0,245724000.0,204123000.0,0.885,0.81,0.885,1385494000.0,,1385494000.0,5876672750.0,9.0,6.873,-219562000.0,-1.099,1.0,311205000.0,0.097,720779000.0,41601000.0,7993611000.0,,902667000.0,391939000.0,0.0,391939000.0,8976961000.0,5087760000.0,3889201000.0,3433713750.0,69557000.0,-698358000.0,-80829000.0,1090648000.0,-28258000.0,979149000.0,-729419000.0,0.0,-180173000.0,0.0,176387000.0,176387000.0,176387000.0,-131773000.0,0.0,0.055,204504000.0,106701000.0,1531696000.0,0.158,2.478,8.43,8.463,4199058000.0,0.0,17.01,0.326,0.323,1471986000.0,856029000.0,3192207000.0,3192207000.0,0.0,,,,,3920000.0,0.0,1.0,201864418.0,199788000.0,217204000.0,15.978,9641676000.0,136668000.0,27736000.0,836639000.0,48.26,-604801000.0
64,OKE,MRQ,2005-06-30,2005-06-30,2005-06-30,2021-08-25,-67963000.0,6696870000.0,,2020779000.0,4676091000.0,,7.407,-64709000.0,93410000.0,93410000.0,1866460000.0,24852000.0,1.14,3.469,2536369000.0,118039000.0,2418330000.0,2536369000.0,0.0,43672000.0,39665000.0,0.031,0.14,59959000.0,103631000.0,0.05,103631000.0,59959000.0,35968000.0,0.125,0.115,0.125,1498370000.0,,1498370000.0,5530656520.0,11.0,8.653,-161259000.0,-0.797,1.0,214330000.0,0.103,225188000.0,23991000.0,7141489000.0,,573051000.0,266311000.0,0.0,266311000.0,5198500000.0,1773152000.0,3425348000.0,3329765520.0,-18892000.0,0.0,-44243000.0,221660000.0,-28555000.0,150989000.0,-73331000.0,0.0,-96550000.0,0.0,24852000.0,24852000.0,24852000.0,-7778000.0,0.0,0.012,166087000.0,48243000.0,919868000.0,1.12,2.222,13.226,13.327,3811407000.0,0.0,16.325,0.37,0.367,930074000.0,699110000.0,2080790000.0,2080790000.0,0.0,,,,,3350000.0,0.0,1.0,203967260.0,202286000.0,218124000.0,10.286,6471682000.0,18172000.0,11116000.0,707297000.0,31.993,247627000.0
65,OKE,MRQ,2005-03-31,2005-03-31,2005-03-31,2021-08-25,-67031000.0,6849919000.0,,2181246000.0,4668673000.0,,7.583,-58312000.0,106301000.0,106301000.0,2353943000.0,107664000.0,0.827,3.357,2307192000.0,695035000.0,1612157000.0,2307192000.0,0.0,43217000.0,39831000.0,0.03,0.125,196780000.0,239997000.0,0.089,239997000.0,196780000.0,170690000.0,0.52,0.485,0.52,1572133000.0,,1572133000.0,5785267790.0,12.0,9.094,461284000.0,2.225,1.0,353097000.0,0.13,225188000.0,26090000.0,6188120000.0,,323377000.0,258054000.0,0.0,258054000.0,5277786000.0,2637502000.0,2640284000.0,3211568790.0,26037000.0,0.0,-60407000.0,-290824000.0,-26021000.0,-410875000.0,-82684000.0,0.0,519596000.0,0.0,107664000.0,107664000.0,107664000.0,-5886000.0,0.0,0.04,167501000.0,185596000.0,1088831000.0,0.24,2.043,13.125,13.004,3792047000.0,0.0,15.41,0.426,0.423,1262960000.0,730933000.0,2707040000.0,2707040000.0,0.0,,,,,2633000.0,0.0,1.0,208408098.0,207332000.0,222002000.0,13.057,6624731000.0,18547000.0,63026000.0,746645000.0,31.952,-456256000.0
66,OKE,MRQ,2004-12-31,2004-12-31,2004-12-31,2021-08-25,-9591000.0,7199152000.0,,2494452000.0,4704700000.0,,7.774,-67783000.0,9458000.0,9458000.0,2210861000.0,98397000.0,0.863,3.483,2528734000.0,985532000.0,1543202000.0,2528734000.0,0.0,40048000.0,0.0,0.031,0.125,177466000.0,217514000.0,0.086,217514000.0,177466000.0,152217000.0,0.48,0.46,0.48,1605704000.0,,1605704000.0,5179999580.0,11.0,8.291,-114547000.0,-0.555,1.0,332969000.0,0.131,225188000.0,25249000.0,6604445000.0,,593028000.0,589805000.0,0.0,589805000.0,5593448000.0,2888795000.0,2704653000.0,2938969580.0,-8301000.0,-176709000.0,-21685000.0,345677000.0,-25855000.0,284287000.0,-245824000.0,0.0,-46764000.0,0.0,98397000.0,98397000.0,98397000.0,-3867000.0,0.0,0.039,165815000.0,167154000.0,1161984000.0,0.26,1.83,12.136,11.941,3313157000.0,0.0,14.21,0.508,0.501,1412861000.0,649240000.0,2543830000.0,2543830000.0,0.0,,,,,7635000.0,0.0,1.0,206824038.0,206540000.0,219208000.0,12.316,6973964000.0,0.0,53820000.0,601281000.0,33.766,-394343000.0
67,OKE,MRQ,2004-09-30,2004-09-30,2004-09-30,2021-08-25,-96183000.0,6424336000.0,,1942581000.0,4481755000.0,,6.799,-75757000.0,37722000.0,37722000.0,1457790000.0,20839000.0,0.837,3.591,2278752000.0,639334000.0,1639418000.0,2278752000.0,0.0,25039000.0,36970000.0,0.031,0.115,52997000.0,78036000.0,0.047,78036000.0,52997000.0,31849000.0,0.1,0.095,0.1,1399388000.0,,1399388000.0,4642720638.0,11.0,8.345,-266508000.0,-1.295,1.0,206621000.0,0.124,225363000.0,21148000.0,6118957000.0,,656814000.0,83459000.0,0.0,83459000.0,5024948000.0,2321046000.0,2703902000.0,2681288638.0,-1201000.0,0.0,8360000.0,257424000.0,-23617000.0,261542000.0,-71992000.0,0.0,-190751000.0,0.0,20839000.0,20839000.0,20839000.0,-4288000.0,0.0,0.013,159548000.0,47073000.0,775078000.0,1.15,1.916,12.972,11.881,3761280000.0,0.0,13.01,0.662,0.662,696907000.0,550858000.0,1664411000.0,1664411000.0,0.0,,,,,2055000.0,0.0,1.0,206094438.0,205828000.0,213884000.0,8.086,6198973000.0,22408000.0,11010000.0,638447000.0,30.117,-378465000.0
68,OKE,MRQ,2004-06-30,2004-06-30,2004-06-30,2021-08-25,-34603000.0,6068855000.0,,1587717000.0,4481138000.0,,7.101,-63500000.0,39445000.0,39445000.0,418661000.0,17789000.0,0.846,3.167,2000877000.0,381334000.0,1619543000.0,2000877000.0,0.0,46226000.0,35700000.0,0.034,0.105,54378000.0,100604000.0,0.159,100604000.0,54378000.0,29429000.0,0.085,0.085,0.085,1456386000.0,,1456386000.0,4218406776.0,11.0,7.656,-35531000.0,-0.173,1.0,213478000.0,0.338,225363000.0,24949000.0,5929259000.0,,466145000.0,86668000.0,0.0,86668000.0,4612469000.0,1875665000.0,2736804000.0,2257678776.0,-3277000.0,0.0,7827000.0,39805000.0,-21648000.0,33654000.0,-64900000.0,0.0,27969000.0,0.0,17789000.0,17789000.0,17789000.0,0.0,0.0,0.028,160755000.0,52723000.0,882773000.0,1.235,1.55,12.109,10.995,3723349000.0,0.0,10.995,0.765,0.764,815657000.0,555783000.0,632139000.0,632139000.0,0.0,,,,,1596000.0,0.0,1.0,205336860.0,205090000.0,207942000.0,3.082,5843492000.0,0.0,11640000.0,649406000.0,28.492,-287948000.0
69,OKE,MRQ,2004-03-31,2004-03-31,2004-03-31,2021-08-25,-24318000.0,5957908000.0,,1503960000.0,4453948000.0,,7.485,-35829000.0,48597000.0,48597000.0,658352000.0,105153000.0,0.852,3.016,2009325000.0,341334000.0,1667991000.0,2009325000.0,0.0,46740000.0,35662000.0,0.031,0.095,195332000.0,242072000.0,0.235,242072000.0,195332000.0,171644000.0,0.53,0.52,0.53,1483722000.0,,1483722000.0,4838588377.0,12.0,8.747,413953000.0,2.088,1.0,372223000.0,0.361,225363000.0,23688000.0,5927382000.0,,277489000.0,78005000.0,0.0,78005000.0,4474186000.0,1765891000.0,2708295000.0,2308294377.0,10065000.0,0.0,159920000.0,-600270000.0,-18109000.0,-399143000.0,-40574000.0,0.0,449782000.0,0.0,105153000.0,105153000.0,105153000.0,0.0,0.0,0.102,184705000.0,187518000.0,820360000.0,0.179,1.556,12.399,10.894,3696760000.0,0.0,11.275,0.905,0.876,944341000.0,583083000.0,1030575000.0,1030575000.0,0.0,,,,,3044000.0,0.0,1.0,204726774.0,198232000.0,202596000.0,5.199,5732545000.0,0.0,66491000.0,674317000.0,28.918,-261931000.0
70,OKE,MRQ,2003-12-31,2003-12-31,2003-12-31,2021-08-25,-17626000.0,6211886000.0,,1823335000.0,4388551000.0,,7.19,-61379000.0,54596000.0,54596000.0,478445000.0,62912000.0,0.901,4.004,2584890000.0,606334000.0,1978556000.0,2584890000.0,0.0,24454000.0,34692000.0,0.031,0.09,111165000.0,135619000.0,0.188,135619000.0,111165000.0,91451000.0,0.38,0.325,0.38,1241392000.0,,1241392000.0,3945862374.0,12.0,8.195,-194388000.0,-1.126,1.0,242053000.0,0.336,225615000.0,19714000.0,6491788000.0,,519401000.0,69283000.0,0.0,69283000.0,4970494000.0,2024777000.0,2945717000.0,1794466374.0,57000.0,26997000.0,11149000.0,432391000.0,-18832000.0,445282000.0,-312216000.0,0.0,-133009000.0,0.0,62912000.0,62912000.0,62912000.0,-9213000.0,0.0,0.087,144072000.0,97981000.0,813895000.0,0.237,1.446,20.328,14.919,3691826000.0,0.0,11.04,0.625,0.62,970141000.0,495971000.0,720498000.0,720498000.0,0.0,,,,,2701000.0,0.0,1.0,162542244.0,172652000.0,191682000.0,4.173,5986271000.0,0.0,28539000.0,668187000.0,34.672,-201442000.0
71,OKE,MRQ,2003-09-30,2003-09-30,2003-09-30,2021-08-25,19066000.0,5549491000.0,,1414705000.0,4134786000.0,,7.711,-66244000.0,20080000.0,20080000.0,389912000.0,4595000.0,1.029,3.622,2171476000.0,173334000.0,1998142000.0,2171476000.0,0.0,40105000.0,32375000.0,0.033,0.085,32600000.0,72705000.0,0.128,72705000.0,32600000.0,7628000.0,0.005,0.005,0.005,1200771000.0,,1200771000.0,3384231753.0,11.0,7.221,-234873000.0,-1.508,1.0,178358000.0,0.314,228662000.0,24972000.0,6097340000.0,,532136000.0,71980000.0,0.0,71980000.0,4348720000.0,1374885000.0,2973835000.0,1515183753.0,-145878000.0,-3676000.0,-45087000.0,157762000.0,-17730000.0,94945000.0,-72194000.0,0.0,-168629000.0,0.0,4595000.0,595000.0,595000.0,0.0,0.0,0.001,147010000.0,31348000.0,650003000.0,17.0,1.262,28.052,18.505,3375763000.0,4000000.0,10.085,0.59,0.612,601931000.0,433075000.0,568270000.0,568270000.0,0.0,,,,,1493000.0,0.0,1.0,150241324.0,155730000.0,157402000.0,3.649,5320829000.0,0.0,3033000.0,683340000.0,34.167,39820000.0
72,OKE,MRQ,2003-06-30,2003-06-30,2003-06-30,2021-08-25,-968000.0,5618675000.0,,1457480000.0,4161195000.0,,8.296,-50958000.0,157993000.0,157993000.0,16598000.0,22548000.0,1.069,3.551,2027041000.0,6334000.0,2020707000.0,2027041000.0,0.0,39709000.0,31634000.0,0.033,0.085,63055000.0,102764000.0,0.442,102764000.0,63055000.0,38086000.0,0.12,0.115,0.12,1234597000.0,,1234597000.0,3590972138.0,11.0,7.26,-88592000.0,-0.595,1.0,215838000.0,0.929,230729000.0,24969000.0,5893221000.0,,350782000.0,67076000.0,0.0,67076000.0,4384078000.0,1363773000.0,3020305000.0,1871052138.0,-124995000.0,-12954000.0,1288000.0,-10341000.0,-14382000.0,-23435000.0,-63926000.0,0.0,-37634000.0,0.0,22548000.0,17503000.0,17503000.0,0.0,0.0,0.075,154834000.0,61004000.0,763486000.0,0.708,1.516,28.846,15.704,3340929000.0,5045000.0,9.815,0.848,0.662,666218000.0,447043000.0,232436000.0,232436000.0,0.0,,,,,1763000.0,0.0,1.0,190631904.0,148824000.0,194050000.0,1.562,5387946000.0,0.0,15538000.0,636835000.0,36.203,93707000.0
73,OKE,MRQ,2003-03-31,2003-03-31,2003-03-31,2021-08-25,-11255000.0,5990126000.0,,1914741000.0,4075385000.0,,7.354,-33483000.0,293965000.0,293965000.0,17645000.0,22433000.0,1.067,3.864,2013885000.0,6334000.0,2007551000.0,2013885000.0,0.0,40427000.0,33420000.0,0.035,0.085,130004000.0,170431000.0,0.423,170431000.0,130004000.0,101427000.0,0.255,0.14,0.255,1231581000.0,,1231581000.0,3186792289.0,9.0,6.152,307755000.0,1.838,1.0,385307000.0,0.956,226101000.0,28577000.0,5689824000.0,,94237000.0,82116000.0,0.0,82116000.0,4758545000.0,1794121000.0,2964424000.0,1368311289.0,209466000.0,-420000000.0,219678000.0,140940000.0,-20298000.0,40320000.0,-172092000.0,0.0,341238000.0,0.0,22433000.0,7267000.0,7267000.0,-40711000.0,0.0,0.018,152983000.0,232324000.0,1189689000.0,0.333,1.111,18.625,14.108,3317209000.0,15166000.0,9.17,0.618,0.694,1256552000.0,456581000.0,402952000.0,402952000.0,0.0,,,,,332000.0,0.0,1.0,149216062.0,167466000.0,197028000.0,2.406,5764025000.0,0.0,78994000.0,611487000.0,34.419,120620000.0
74,OKE,MRQ,2002-12-31,2002-12-31,2002-12-31,2021-08-25,-5546000.0,5809594000.0,,1695516000.0,4114078000.0,,6.821,55768000.0,73522000.0,73522000.0,1141088000.0,37924000.0,0.947,3.254,1892003000.0,271834000.0,1620169000.0,1892003000.0,0.0,36521000.0,21096000.0,0.032,0.077,86262000.0,122783000.0,0.09,122783000.0,86262000.0,62883000.0,0.165,0.165,0.165,1365612000.0,,1365612000.0,3159328667.0,8.0,6.037,158409000.0,0.791,1.0,221277000.0,0.162,113510000.0,23379000.0,5724989000.0,,75493000.0,55526000.0,0.0,55526000.0,4443982000.0,1789576000.0,2654406000.0,1160379667.0,67613000.0,-373000.0,304391000.0,-390491000.0,-18811000.0,-90327000.0,55299000.0,0.0,102641000.0,0.0,37924000.0,28649000.0,28649000.0,-3335000.0,0.0,0.021,139981000.0,81296000.0,672153000.0,0.467,0.85,8.959,13.714,3015932000.0,9275000.0,9.6,0.551,0.912,773017000.0,507836000.0,1362365000.0,1362365000.0,0.0,,,,,474000.0,0.0,1.0,120872882.0,200200000.0,201116000.0,6.805,5696084000.0,0.0,24959000.0,647413000.0,28.452,-94060000.0
75,OKE,MRQ,2002-09-30,2002-09-30,2002-09-30,2021-08-25,-808000.0,5693836000.0,,1450453000.0,4243383000.0,,6.731,-44291000.0,5909000.0,5909000.0,13732000.0,20719000.0,0.892,3.232,2004858000.0,377440000.0,1627418000.0,2004858000.0,0.0,38517000.0,20615000.0,0.033,0.077,60115000.0,98632000.0,0.472,98632000.0,60115000.0,31124000.0,0.085,0.085,0.085,1345523000.0,,1345523000.0,3093829897.0,10.0,7.217,18822000.0,0.094,1.0,195110000.0,0.934,113868000.0,28991000.0,5953351000.0,,64913000.0,53926000.0,0.0,53926000.0,4348313000.0,1625566000.0,2722747000.0,1141721897.0,-37869000.0,-174000.0,-304516000.0,272559000.0,-18586000.0,-50543000.0,-50439000.0,0.0,63113000.0,0.0,20719000.0,11444000.0,11444000.0,-3343000.0,0.0,0.055,139509000.0,55601000.0,362869000.0,0.906,0.849,13.29,18.529,3327039000.0,9275000.0,9.45,1.337,2.213,487998000.0,488514000.0,208842000.0,208842000.0,0.0,,,,,589000.0,0.0,1.0,120817132.0,199914000.0,201146000.0,1.045,5579968000.0,0.0,10405000.0,674829000.0,27.912,-175113000.0
76,OKE,MRQ,2002-06-30,2002-06-30,2002-06-30,2021-08-25,-747000.0,5706131000.0,,1505219000.0,4200912000.0,,6.718,-66542000.0,43778000.0,43778000.0,14502000.0,35383000.0,0.956,3.252,1995886000.0,361106000.0,1634780000.0,1995886000.0,0.0,38705000.0,21147000.0,0.028,0.077,87487000.0,126192000.0,0.529,126192000.0,87487000.0,59634000.0,0.145,0.145,0.145,1341931000.0,,1341931000.0,3430836623.0,12.0,8.107,155979000.0,0.781,1.0,224135000.0,0.939,113868000.0,27853000.0,5969505000.0,,75206000.0,176207000.0,0.0,176207000.0,4364200000.0,1574866000.0,2789334000.0,1324534623.0,-106927000.0,-3459000.0,2038000.0,-294289000.0,-18568000.0,-310819000.0,-18629000.0,57461000.0,222521000.0,0.0,35383000.0,26108000.0,26108000.0,-3065000.0,0.0,0.109,148738000.0,75397000.0,435940000.0,0.531,0.987,15.772,21.733,3322488000.0,9275000.0,10.975,1.563,2.586,561753000.0,486381000.0,238637000.0,238637000.0,0.0,,,,,571000.0,0.0,1.0,120686526.0,199754000.0,201414000.0,1.195,5592263000.0,0.0,24251000.0,585415000.0,27.996,-69647000.0
77,OKE,MRQ,2002-03-31,2002-03-31,2002-03-31,2021-08-25,6151000.0,5527111000.0,,1353225000.0,4173886000.0,,6.644,-53197000.0,160413000.0,160413000.0,14309000.0,72598000.0,0.968,3.156,2266715000.0,654045000.0,1612670000.0,2266715000.0,0.0,34100000.0,22547000.0,0.03,0.077,141650000.0,175750000.0,0.597,175750000.0,141650000.0,115468000.0,0.305,0.3,0.305,1329791000.0,,1329791000.0,3655303728.0,13.0,8.973,367574000.0,1.837,1.0,280127000.0,0.951,113868000.0,26182000.0,6121820000.0,,58982000.0,247098000.0,0.0,247098000.0,4197320000.0,1397725000.0,2799595000.0,1256184728.0,122476000.0,-30000.0,1760000.0,-223508000.0,-18545000.0,-240293000.0,-58002000.0,0.0,420771000.0,0.0,72598000.0,63323000.0,63323000.0,-905000.0,0.0,0.215,139981000.0,140146000.0,355506000.0,0.252,0.945,17.398,22.663,3300397000.0,9275000.0,10.425,1.514,2.514,719842000.0,469566000.0,294436000.0,294436000.0,0.0,,,,,487000.0,0.0,1.0,120497336.0,200140000.0,200552000.0,1.471,5413243000.0,0.0,42870000.0,567933000.0,27.047,-44500000.0
78,OKE,MRQ,2001-12-31,2001-12-31,2001-12-31,2021-08-25,-1780000.0,5853300000.0,,1542767000.0,4310533000.0,,6.349,-62778000.0,28229000.0,28229000.0,9392000.0,-5689000.0,0.861,3.626,2469129000.0,849106000.0,1620023000.0,2469129000.0,0.0,19400000.0,21697000.0,0.035,0.077,8692000.0,28092000.0,0.251,28092000.0,8692000.0,-22951000.0,-0.025,-0.025,-0.025,1265290000.0,,1265290000.0,3431008387.0,12.0,8.313,120340000.0,0.604,1.0,102411000.0,0.916,113510000.0,31643000.0,6388132000.0,,102827000.0,107982000.0,0.0,107982000.0,4588010000.0,1792558000.0,2795452000.0,1065184387.0,28123000.0,405000.0,2233000.0,-40202000.0,-18471000.0,-56440000.0,-98555000.0,0.0,183118000.0,0.0,-5689000.0,-14964000.0,-14964000.0,-24879000.0,0.0,-0.134,126499000.0,-24088000.0,445443000.0,-3.08,0.842,16.523,20.988,3047846000.0,9275000.0,8.92,1.289,2.147,658466000.0,415513000.0,111803000.0,111803000.0,0.0,,,,,266000.0,0.0,1.0,119415290.0,199300000.0,199480000.0,0.561,5739790000.0,0.0,-17262000.0,480809000.0,28.8,-249791000.0
79,OKE,MRQ,2001-09-30,2001-09-30,2001-09-30,2021-08-25,5623000.0,5691940000.0,,1543291000.0,4148649000.0,,6.443,-69254000.0,68911000.0,68911000.0,15209000.0,18787000.0,0.87,3.438,2434735000.0,795331000.0,1639404000.0,2434735000.0,0.0,39322000.0,19604000.0,0.037,0.077,53819000.0,93141000.0,0.459,93141000.0,53819000.0,19088000.0,0.08,0.08,0.08,1282431000.0,,1282431000.0,3208829901.0,9.0,6.399,-101333000.0,-0.509,1.0,187547000.0,0.925,117279000.0,34731000.0,6167297000.0,,114231000.0,217786000.0,0.0,217786000.0,4409509000.0,1773188000.0,2636321000.0,986460901.0,-136000.0,-8000.0,2420000.0,118007000.0,-18474000.0,101953000.0,-70010000.0,0.0,-32079000.0,0.0,18787000.0,9512000.0,9512000.0,0.0,0.0,0.047,131814000.0,55733000.0,363004000.0,0.963,0.769,8.541,12.938,3215286000.0,9275000.0,8.28,1.159,1.936,539456000.0,430348000.0,202756000.0,202756000.0,0.0,,,,,217000.0,0.0,1.0,119137790.0,199042000.0,199266000.0,1.019,5574661000.0,8009000.0,301000.0,508475000.0,28.007,-229897000.0
80,OKE,MRQ,2001-06-30,2001-06-30,2001-06-30,2021-08-25,1954000.0,5935697000.0,,1801207000.0,4134490000.0,,6.417,-75552000.0,83872000.0,83872000.0,14978000.0,23608000.0,0.905,3.653,2306241000.0,683356000.0,1622885000.0,2306241000.0,0.0,37856000.0,18782000.0,0.031,0.077,72508000.0,110364000.0,0.499,110364000.0,72508000.0,36259000.0,0.1,0.1,0.1,1275789000.0,,1275789000.0,3222245438.0,9.0,6.552,-180651000.0,-0.909,1.0,205977000.0,0.932,117934000.0,36249000.0,6048811000.0,,95841000.0,200682000.0,0.0,200682000.0,4659908000.0,1991321000.0,2668587000.0,1171866438.0,-7000.0,-14711000.0,1897000.0,203392000.0,-18464000.0,186825000.0,-81733000.0,7425000.0,-105099000.0,0.0,23608000.0,14333000.0,14333000.0,0.0,0.0,0.065,134035000.0,71942000.0,527058000.0,0.77,0.919,10.974,17.434,3181862000.0,9275000.0,9.85,1.398,2.336,671416000.0,430060000.0,220955000.0,220955000.0,0.0,,,,,295000.0,0.0,1.0,118971212.0,198814000.0,199466000.0,1.111,5817763000.0,6861000.0,12651000.0,406319000.0,29.262,-190114000.0
81,OKE,MRQ,2001-03-31,2001-03-31,2001-03-31,2021-08-25,-7538000.0,6293215000.0,,2271417000.0,4021798000.0,,6.392,-90527000.0,13239000.0,13239000.0,16065000.0,64859000.0,1.086,3.962,2063618000.0,199558000.0,1864060000.0,2063618000.0,0.0,36955000.0,19040000.0,0.03,0.077,144194000.0,181149000.0,0.623,181149000.0,144194000.0,106659000.0,0.27,0.27,0.27,1268361000.0,,1268361000.0,3399477553.0,9.0,6.886,268884000.0,1.355,1.0,274796000.0,0.945,97038000.0,37535000.0,6154912000.0,,51949000.0,215904000.0,0.0,215904000.0,5024854000.0,2091644000.0,2933210000.0,1212440553.0,0.0,-626000.0,4111000.0,-254336000.0,-18432000.0,-268657000.0,-90754000.0,0.0,359411000.0,0.0,64859000.0,55584000.0,55584000.0,0.0,0.0,0.191,131750000.0,143046000.0,1062885000.0,0.285,0.956,10.988,17.625,3131479000.0,9275000.0,10.223,1.5,2.51,1354772000.0,434117000.0,290861000.0,290861000.0,0.0,,,,,332000.0,0.0,1.0,118605092.0,198428000.0,199192000.0,1.466,6196177000.0,10425000.0,41800000.0,419827000.0,31.226,179773000.0
82,OKE,MRQ,2000-12-31,2000-12-31,2000-12-31,2021-08-25,0.0,7360345000.0,,3324959000.0,4035386000.0,,6.224,-82337000.0,121049000.0,121049000.0,13709000.0,45337000.0,0.943,5.009,2308086000.0,834873000.0,1473213000.0,2308086000.0,0.0,11869000.0,18319000.0,0.026,0.077,104900000.0,116769000.0,0.855,116769000.0,104900000.0,68935000.0,0.19,0.19,0.19,1224957000.0,,1224957000.0,3371349897.0,10.0,7.168,-353965000.0,-1.799,1.0,122914000.0,0.9,92909000.0,35965000.0,5927912000.0,,75919000.0,202193000.0,0.0,202193000.0,6135388000.0,3526561000.0,2608827000.0,1405197897.0,112000.0,-30307000.0,9948000.0,405041000.0,-15497000.0,399492000.0,-127752000.0,0.0,-271628000.0,0.0,45337000.0,36062000.0,36062000.0,-5826000.0,0.0,0.264,45692000.0,77222000.0,1247519000.0,0.405,1.147,12.95,19.565,3096013000.0,9275000.0,12.033,1.885,3.174,1627714000.0,387789000.0,136623000.0,136623000.0,0.0,,,,,140000.0,0.0,1.0,116783536.0,196800000.0,197148000.0,0.694,7267436000.0,10425000.0,23598000.0,391098000.0,36.928,-201602000.0
83,OKE,MRQ,2000-09-30,2000-09-30,2000-09-30,2021-08-25,0.0,6346951000.0,,2405842000.0,3941109000.0,,6.042,-92548000.0,137000.0,137000.0,15239000.0,10086000.0,0.943,4.344,1966289000.0,495472000.0,1470817000.0,1966289000.0,0.0,36068000.0,0.0,0.031,0.077,47452000.0,83520000.0,0.44,83520000.0,47452000.0,15115000.0,0.005,0.005,0.005,1187704000.0,,1187704000.0,2894635060.0,9.0,5.996,-282226000.0,-1.436,1.0,174614000.0,0.92,92496000.0,32337000.0,5668734000.0,,322983000.0,216905000.0,0.0,216905000.0,5159247000.0,2551873000.0,2607374000.0,1161315060.0,-7000000.0,0.0,-220000.0,293096000.0,-18369000.0,274507000.0,-91829000.0,0.0,-189678000.0,0.0,10086000.0,811000.0,811000.0,0.0,0.0,0.004,127546000.0,47068000.0,1129389000.0,15.4,0.978,12.17,19.047,2976553000.0,9275000.0,9.943,1.448,2.437,1147918000.0,362557000.0,189853000.0,189853000.0,0.0,,,,,168000.0,0.0,1.0,116803124.0,196584000.0,196600000.0,0.966,6254455000.0,0.0,5029000.0,392788000.0,31.816,-146031000.0
84,OKE,MRQ,2000-06-30,2000-06-30,2000-06-30,2021-08-25,0.0,5372104000.0,,1786863000.0,3585241000.0,,6.083,-66222000.0,7137000.0,7137000.0,12116000.0,27162000.0,0.956,3.493,1740457000.0,257870000.0,1482587000.0,1740457000.0,0.0,37161000.0,0.0,0.048,0.077,75115000.0,112276000.0,0.589,112276000.0,75115000.0,46772000.0,0.115,0.115,0.115,1195635000.0,,1195635000.0,2106614436.0,7.0,4.655,-136976000.0,-0.697,1.0,178631000.0,0.936,91523000.0,28343000.0,5144010000.0,,161018000.0,210374000.0,0.0,210374000.0,4176469000.0,1869891000.0,2306578000.0,757563436.0,-42864000.0,-154975000.0,-64000.0,267184000.0,-18305000.0,248815000.0,-220925000.0,0.0,-70754000.0,0.0,27162000.0,17887000.0,17887000.0,0.0,0.0,0.094,104598000.0,74033000.0,777079000.0,0.67,0.634,8.694,14.165,2919512000.0,9275000.0,6.487,1.026,1.727,841290000.0,370815000.0,190747000.0,190747000.0,0.0,,,,,163000.0,0.0,1.0,116772784.0,196568000.0,196584000.0,0.97,5280581000.0,0.0,19610000.0,407506000.0,26.864,-83028000.0
85,OKE,MRQ,2000-03-31,2000-03-31,2000-03-31,2021-08-25,0.0,3574548000.0,,612423000.0,2962125000.0,,6.03,1525000.0,50001000.0,50001000.0,12239000.0,63022000.0,0.849,2.013,1399052000.0,276868000.0,1122184000.0,1399052000.0,0.0,34327000.0,0.0,0.05,0.077,123453000.0,157780000.0,0.779,157780000.0,123453000.0,101468000.0,0.268,0.268,0.268,1186508000.0,,1186508000.0,1997876575.0,8.0,4.974,270253000.0,1.374,1.0,190305000.0,0.94,77698000.0,21985000.0,4124223000.0,,61345000.0,204093000.0,0.0,204093000.0,2388040000.0,721678000.0,1666362000.0,738865575.0,49929000.0,-305497000.0,-10117000.0,114696000.0,-18304000.0,86275000.0,-305074000.0,0.0,268728000.0,0.0,63022000.0,53747000.0,53747000.0,0.0,0.0,0.265,85379000.0,104926000.0,286618000.0,0.287,0.623,10.643,18.116,2423817000.0,9275000.0,6.25,1.057,1.76,394444000.0,361988000.0,202544000.0,202544000.0,0.0,,,,,161000.0,0.0,1.0,118218492.0,196752000.0,196756000.0,1.029,3496850000.0,0.0,38446000.0,399549000.0,17.773,-109255000.0
86,OKE,MRQ,1999-12-31,1999-12-31,1999-12-31,2021-08-25,0.0,3241240000.0,,595386000.0,2645854000.0,,5.715,-76016000.0,41000000.0,41000000.0,14755000.0,35344000.0,0.757,1.815,1259083000.0,484009000.0,775074000.0,1259083000.0,0.0,43227000.0,18212000.0,0.049,0.077,85964000.0,129191000.0,0.59,129191000.0,85964000.0,58081000.0,0.135,0.135,0.135,1151524000.0,,1151524000.0,1868369574.0,8.0,4.81,-104414000.0,-0.518,1.0,204042000.0,0.933,80743000.0,27883000.0,3591867000.0,,134871000.0,195847000.0,0.0,195847000.0,2089716000.0,786713000.0,1303003000.0,776120574.0,-4330000.0,-17482000.0,-39610000.0,184242000.0,-28060000.0,116572000.0,-92504000.0,0.0,-28398000.0,0.0,35344000.0,22977000.0,22977000.0,0.0,0.0,0.105,120474000.0,83568000.0,237653000.0,0.57,0.674,11.619,13.007,2121778000.0,12367000.0,6.282,1.09,1.777,371313000.0,317985000.0,218797000.0,218797000.0,0.0,,,,,108000.0,0.0,1.0,123536900.0,201484000.0,201536000.0,1.086,3160497000.0,8383000.0,22737000.0,350242000.0,15.686,-191327000.0
87,OKE,MRQ,1999-09-30,1999-08-31,1999-08-31,2021-08-25,0.0,3024945000.0,,439267000.0,2585678000.0,,5.696,288074000.0,60464000.0,60464000.0,-851721000.0,2379000.0,0.808,1.576,1096651000.0,286564000.0,810087000.0,1096651000.0,0.0,33162000.0,17139000.0,0.04,0.077,20927000.0,54089000.0,-0.071,54089000.0,20927000.0,4467000.0,-0.173,-0.072,-0.173,1174459000.0,,1174459000.0,1913180487.0,8.0,5.375,248279000.0,1.204,1.0,91474000.0,-0.12,81560000.0,16460000.0,3435990000.0,,118951000.0,188631000.0,0.0,188631000.0,1850486000.0,543582000.0,1306904000.0,981564487.0,-2357000.0,-344494000.0,-23620000.0,125657000.0,-18920000.0,79819000.0,-42381000.0,0.0,-39795000.0,0.0,2379000.0,-6896000.0,-6896000.0,0.0,0.0,0.009,76054000.0,15420000.0,183759000.0,-0.445,0.836,14.203,18.058,2068829000.0,9275000.0,7.765,1.569,2.56,228336000.0,301536000.0,-760247000.0,-760247000.0,0.0,,,,,0.0,0.0,1.0,126408820.0,206204000.0,,-3.687,2943385000.0,9702000.0,2088000.0,334810000.0,14.274,-104315000.0
88,OKE,MRQ,1999-06-30,1999-06-30,1999-06-30,2021-08-25,,,,,,,,-42208000.0,,,9953000.0,9481000.0,,,,,,,,34168000.0,,0.039,0.077,27215000.0,61383000.0,0.406,61383000.0,27215000.0,12878000.0,0.003,0.003,0.003,,,,1695626778.0,,,25262000.0,0.2,1.0,141176000.0,0.934,,14337000.0,,,,,,,,,,1004446778.0,14574000.0,-296287000.0,-5506000.0,311812000.0,-19131000.0,287175000.0,-340071000.0,0.0,67470000.0,0.0,9481000.0,174000.0,174000.0,0.0,0.0,0.001,113961000.0,27215000.0,,25.667,,,,,9307000.0,7.938,,,,,151129000.0,151129000.0,0.0,,,,,0.0,0.0,1.0,126544476.0,126360000.0,126412000.0,1.196,,,3397000.0,,,
89,OKE,MRQ,1999-03-31,1999-03-31,1999-03-31,2021-08-25,,,,,,,,-63080000.0,,,10298000.0,60450000.0,,,,,,,,32092000.0,,0.049,0.077,112462000.0,144554000.0,0.669,144554000.0,112462000.0,99880000.0,0.405,0.292,0.405,,,,1377697603.0,,,78400000.0,0.62,1.0,205802000.0,0.952,,12582000.0,,,,,,,,,,780473603.0,76000.0,0.0,1380000.0,433000.0,-19131000.0,-17318000.0,-124086000.0,0.0,141480000.0,0.0,60450000.0,51126000.0,51126000.0,0.0,0.0,0.237,93340000.0,112462000.0,,0.19,,,,,9324000.0,6.188,,,,,216100000.0,216100000.0,0.0,,,,,0.0,0.0,1.0,126137148.0,126516000.0,206860000.0,1.708,,,39430000.0,,,
90,OKE,MRQ,1998-12-31,1998-12-31,1998-12-31,2021-08-25,,,,,,,,-51267000.0,,,12485000.0,34828000.0,,,,,,,,41736000.0,,0.033,0.077,73131000.0,114867000.0,0.542,114867000.0,73131000.0,57564000.0,0.177,0.168,0.177,,,,1682029249.0,,,-70205000.0,-0.557,1.0,199433000.0,0.941,,15567000.0,,,,,,,,,,1140851249.0,-86000.0,0.0,0.0,96413000.0,-28107000.0,68306000.0,-49454000.0,0.0,-18938000.0,0.0,34828000.0,22396000.0,22396000.0,0.0,0.0,0.106,131295000.0,68138000.0,,0.435,,,,,12432000.0,9.033,,,,,211918000.0,211918000.0,0.0,,,,,0.0,0.0,1.0,126305148.0,126140000.0,206592000.0,1.68,,,22736000.0,,,
91,OKE,MRQ,1998-09-30,1998-08-31,1998-08-31,2021-08-25,0.0,2422487000.0,,338073000.0,2084414000.0,,9.527,90679000.0,86000.0,86000.0,-963569000.0,-11497000.0,0.734,1.073,541264000.0,228909000.0,312355000.0,541264000.0,0.0,26300000.0,17042000.0,0.04,0.075,-6330000.0,19970000.0,-0.022,19970000.0,-6330000.0,-16231000.0,-0.172,-0.09,-0.172,1168871000.0,,1168871000.0,1358900239.0,7.0,4.454,65166000.0,0.531,1.0,43590000.0,-0.047,77422000.0,9901000.0,2425430000.0,,138380000.0,10505000.0,0.0,10505000.0,1253616000.0,460813000.0,792803000.0,947370239.0,-26648000.0,-185049000.0,26000.0,103000000.0,-9474000.0,93552000.0,-94687000.0,0.0,-25513000.0,0.0,-11497000.0,-20517000.0,-20517000.0,0.0,0.0,0.022,49920000.0,-6330000.0,136601000.0,-0.436,0.811,12.663,12.32,1686161000.0,9020000.0,7.515,1.736,1.69,177649000.0,270808000.0,-919979000.0,-919979000.0,0.0,,,,,0.0,0.0,1.0,126063904.0,122696000.0,,-7.498,2345065000.0,10094000.0,-4734000.0,330784000.0,19.113,-122740000.0
92,OKE,MRQ,1998-06-30,1998-05-31,1998-05-31,2021-08-25,0.0,2309007000.0,,351342000.0,1957665000.0,,9.466,-168107000.0,26734000.0,26734000.0,297401000.0,26936000.0,0.872,0.932,438264000.0,123909000.0,314355000.0,438264000.0,0.0,28301000.0,0.0,0.031,0.075,50050000.0,78351000.0,0.176,78351000.0,50050000.0,44206000.0,0.142,0.13,0.142,1195345000.0,,1195345000.0,1641833018.0,8.0,5.429,16460000.0,0.13,1.0,146647000.0,0.33,90924000.0,5844000.0,2226823000.0,,99814000.0,0.0,0.0,0.0,1113662000.0,402790000.0,710872000.0,1233155018.0,-59967000.0,0.0,48000.0,-57616000.0,-18453000.0,-76021000.0,-168513000.0,0.0,184567000.0,0.0,26936000.0,17953000.0,17953000.0,0.0,0.0,0.04,96597000.0,50050000.0,158177000.0,0.528,1.032,13.639,13.562,1642870000.0,8983000.0,9.765,1.282,1.282,212196000.0,300786000.0,444048000.0,444048000.0,0.0,,,,,0.0,0.0,1.0,126283156.0,126283156.0,,3.516,2218083000.0,0.0,17270000.0,312204000.0,17.564,-51448000.0
93,OKE,MRQ,1998-03-31,1998-02-28,1998-02-28,2021-08-25,0.0,2334845000.0,,539948000.0,1794897000.0,,9.494,-7252000.0,86701000.0,86701000.0,484667000.0,73836000.0,1.262,0.967,495379000.0,171024000.0,324355000.0,495379000.0,0.0,29539000.0,0.0,0.034,0.075,131249000.0,160788000.0,0.223,160788000.0,131249000.0,120447000.0,0.515,0.357,0.515,1186814000.0,,1186814000.0,1649493165.0,9.0,6.022,200774000.0,1.606,1.0,237387000.0,0.329,91075000.0,10802000.0,2224609000.0,,67170000.0,0.0,0.0,0.0,1148031000.0,427839000.0,720192000.0,1093859165.0,73806000.0,0.0,3603000.0,-108140000.0,-18448000.0,-122985000.0,-11235000.0,0.0,208026000.0,0.0,73836000.0,64860000.0,64860000.0,0.0,0.0,0.09,106138000.0,131249000.0,151280000.0,0.146,0.922,12.696,12.5,1491972000.0,8976000.0,8.75,1.459,1.459,368899000.0,292303000.0,722054000.0,722054000.0,0.0,,,,,0.0,0.0,1.0,125012476.0,125012476.0,,5.776,2243770000.0,0.0,46611000.0,313751000.0,17.948,112109000.0
94,OKE,MRQ,1997-12-31,1997-11-30,1997-11-30,2021-08-25,0.0,2294242000.0,,532681000.0,1761561000.0,,9.916,-26207000.0,12895000.0,12895000.0,214718000.0,12520000.0,1.202,1.046,568529000.0,240315000.0,328214000.0,568529000.0,0.0,17513000.0,0.0,0.032,0.075,28486000.0,45999000.0,0.146,45999000.0,28486000.0,19958000.0,0.11,0.107,0.11,1121242000.0,,1121242000.0,,,,-46585000.0,-0.412,1.0,99442000.0,0.317,79871000.0,8528000.0,2326925000.0,,143801000.0,0.0,0.0,0.0,1173000000.0,443080000.0,729920000.0,1168241588.0,-1482000.0,0.0,2404000.0,50199000.0,-8428000.0,44175000.0,-25279000.0,0.0,-20378000.0,0.0,12520000.0,12520000.0,12520000.0,0.0,0.0,0.04,70956000.0,28486000.0,131775000.0,0.682,1.042,19.656,17.566,1477741000.0,0.0,9.345,2.33,2.108,322826000.0,236914000.0,314160000.0,314160000.0,0.0,,,,,0.0,0.0,1.0,125012476.0,113072000.0,,2.778,2214371000.0,0.0,7438000.0,306023000.0,19.584,89601000.0
95,OKE,MRQ,1997-09-30,1997-08-31,1997-08-31,2021-08-25,0.0,1237407000.0,,207277000.0,1030130000.0,,4.184,-31947000.0,14377000.0,14377000.0,-589464000.0,-4917000.0,1.096,1.675,392123000.0,63909000.0,328214000.0,392123000.0,0.0,18794000.0,6218000.0,0.037,0.075,-1494000.0,17300000.0,-0.033,17300000.0,-1494000.0,-9733000.0,-0.047,-0.047,-0.047,462626000.0,,462626000.0,,,,-32679000.0,-0.296,1.0,71400000.0,-0.138,4756000.0,8239000.0,1421350000.0,,78330000.0,324000.0,0.0,324000.0,774781000.0,189047000.0,585734000.0,,1526000.0,0.0,659000.0,39931000.0,-6523000.0,34067000.0,-31809000.0,0.0,-732000.0,0.0,-4917000.0,-4917000.0,-4917000.0,0.0,0.0,0.009,72894000.0,-1494000.0,80155000.0,-1.596,,,15.216,843337000.0,0.0,8.095,,2.053,100937000.0,232823000.0,-518064000.0,-518064000.0,0.0,,,,,0.0,0.0,1.0,,110576724.0,,-4.685,1232651000.0,0.0,-4816000.0,197681000.0,11.147,18230000.0
96,OKE,MRQ,1997-06-30,1997-05-31,1997-05-31,2021-08-25,,,,,,,,-20279000.0,,,129356000.0,13769000.0,,,,,,,,19719000.0,,0.04,0.075,30113000.0,49832000.0,0.215,49832000.0,30113000.0,21943000.0,0.122,0.122,0.122,,,,,,,62939000.0,,1.0,102271000.0,0.442,,8170000.0,,,,,,,,,,,6756000.0,0.0,3377000.0,-44003000.0,-6779000.0,-56945000.0,-19517000.0,0.0,83218000.0,0.0,13769000.0,13698000.0,13698000.0,0.0,0.0,0.059,72158000.0,30113000.0,,0.615,,,,,71000.0,7.562,,,,,231627000.0,231627000.0,0.0,,,,,0.0,0.0,1.0,,,,,,,8174000.0,,,
97,OKE,MRQ,1997-03-31,1997-02-28,1997-02-28,2021-08-25,,,,,,,,-25603000.0,,,330074000.0,38241000.0,,,,,,,,19012000.0,,0.042,0.075,70952000.0,89964000.0,0.19,89964000.0,70952000.0,62059000.0,0.347,0.347,0.347,,,,,,,47258000.0,,1.0,143579000.0,0.303,,8893000.0,,,,,,,,,,,-6933000.0,0.0,2749000.0,-50155000.0,-7014000.0,-54420000.0,-25374000.0,0.0,72861000.0,0.0,38241000.0,38134000.0,38134000.0,0.0,0.0,0.081,72627000.0,70952000.0,,0.216,,,,,107000.0,7.125,,,,,473653000.0,473653000.0,0.0,,,,,0.0,0.0,1.0,,,,,,,23818000.0,,,
98,OKE,MRQ,1996-12-31,1996-11-30,1996-11-30,2021-08-25,,,,,,,,-12701000.0,,,152524000.0,12174000.0,,,,,,,,16984000.0,,0.043,0.075,28678000.0,45662000.0,0.184,45662000.0,28678000.0,19839000.0,0.11,,0.11,,,,,,,-15997000.0,-0.146,1.0,96228000.0,0.387,,8839000.0,,,,,,,,,,,12430000.0,0.0,578000.0,34997000.0,-7717000.0,27858000.0,-12132000.0,0.0,-3296000.0,0.0,12174000.0,12067000.0,12067000.0,0.0,0.0,0.049,67550000.0,28678000.0,,0.682,,,,,107000.0,6.875,,,,,248752000.0,248752000.0,0.0,,,,,0.0,0.0,1.0,,109220000.0,,2.278,,,7665000.0,,,
0,OKE,MRT,2021-06-30,2021-06-30,2021-06-30,2021-08-25,-601443000.0,23437248000.0,23119201750.0,2235623000.0,21201625000.0,0.49,13.242,-975542000.0,374377000.0,374377000.0,7526386000.0,1348660000.0,0.934,2.965,14269965000.0,550677000.0,13719288000.0,14269965000.0,0.0,619934000.0,0.0,0.067,3.74,2506405000.0,3126339000.0,0.276,3126339000.0,2506405000.0,1782623000.0,3.05,3.04,3.05,5910386000.0,6048965250.0,5910386000.0,38668468866.0,15.0,12.369,1265091000.0,2.834,1.0,3802098000.0,0.336,768509000.0,723782000.0,34169726000.0,34501848500.0,599584000.0,800351000.0,0.0,800351000.0,17526862000.0,2394601000.0,15132261000.0,24789654866.0,-571355000.0,25422000.0,31663000.0,-119890000.0,-1664488000.0,-1771780000.0,-1040208000.0,0.0,2240633000.0,0.0,1348660000.0,1348660000.0,1348660000.0,0.0,0.0,0.119,1458406000.0,2343692000.0,1052561000.0,1.226,4.194,18.381,18.243,19181519000.0,1100000.0,55.64,2.188,2.192,1091982000.0,0.0,11328484000.0,11328484000.0,0.0,0.058,0.223,0.073,0.221,0.0,0.0,1.0,445536572.0,446337000.0,446903000.0,25.381,22668739000.0,0.0,433963000.0,975759000.0,50.788,-158978000.0
1,OKE,MRT,2021-03-31,2021-03-31,2021-03-31,2021-08-25,-465596000.0,23179929000.0,23008006500.0,1997594000.0,21182335000.0,0.417,13.674,-1422436000.0,402413000.0,402413000.0,6092251000.0,1140842000.0,0.975,2.802,14281227000.0,557165000.0,13724062000.0,14281227000.0,0.0,603429000.0,0.0,0.074,3.74,2265669000.0,2869098000.0,0.299,2869098000.0,2265669000.0,1507876000.0,2.6,2.59,2.6,6096965000.0,6131531750.0,6096965000.0,36355663923.0,16.0,12.671,587228000.0,1.317,1.0,3507998000.0,0.365,771116000.0,757793000.0,34239673000.0,34555881500.0,513187000.0,807721000.0,0.0,807721000.0,17082964000.0,2047954000.0,15035010000.0,22542868923.0,-129217000.0,35050000.0,969759000.0,35231000.0,-1634928000.0,-662453000.0,-1476428000.0,0.0,2009664000.0,0.0,1140842000.0,1140842000.0,1140842000.0,0.0,0.0,0.119,1418766000.0,2089232000.0,929771000.0,1.438,3.697,19.76,19.485,19125251000.0,1100000.0,50.66,2.348,2.353,909972000.0,0.0,9600249000.0,9600249000.0,0.0,0.05,0.186,0.066,0.236,0.0,0.0,1.0,444983595.0,445894000.0,446885000.0,21.53,22408813000.0,0.0,367034000.0,880390000.0,50.256,-50360000.0
2,OKE,MRT,2020-12-31,2020-12-31,2020-12-31,2021-08-25,-551449000.0,23078754000.0,22705384250.0,1869775000.0,21208979000.0,0.376,14.016,-2195381000.0,524496000.0,524496000.0,5235174000.0,612809000.0,1.391,2.819,14337291000.0,21260000.0,14316031000.0,14337291000.0,0.0,578662000.0,0.0,0.097,3.74,1515202000.0,2093864000.0,0.245,2093864000.0,1515202000.0,802316000.0,1.42,1.42,1.42,6042398000.0,5997450750.0,6042398000.0,30970284749.0,20.0,14.791,-296313000.0,-0.687,1.0,3307068000.0,0.387,773723000.0,712886000.0,34773279000.0,34453220750.0,370988000.0,805032000.0,0.0,805032000.0,17036356000.0,1344547000.0,15691809000.0,17055972749.0,503538000.0,31808000.0,969759000.0,1567555000.0,-1605366000.0,874999000.0,-2270529000.0,0.0,1899068000.0,0.0,612809000.0,612809000.0,612809000.0,0.0,0.0,0.072,1964784000.0,1342284000.0,719302000.0,2.634,2.823,27.832,27.028,19154928000.0,1100000.0,38.38,1.997,1.937,829796000.0,0.0,8542242000.0,8542242000.0,0.0,0.027,0.102,0.044,0.177,0.0,0.0,1.0,444397414.0,431105000.0,431782000.0,19.815,22305031000.0,0.0,189507000.0,759125000.0,51.739,525228000.0
3,OKE,MRT,2020-09-30,2020-09-30,2020-09-30,2021-08-25,-530618000.0,22780876000.0,22388726000.0,1721362000.0,21059514000.0,0.386,13.808,-3033014000.0,447129000.0,447129000.0,5399951000.0,625031000.0,1.573,2.707,14361441000.0,21296000.0,14340145000.0,14361441000.0,0.0,551997000.0,0.0,0.143,3.72,1482749000.0,2034746000.0,0.236,2034746000.0,1482749000.0,817511000.0,1.45,1.44,1.45,6146112000.0,6043339000.0,6146112000.0,24985796661.0,17.0,12.28,-1309952000.0,-2.943,1.0,3235320000.0,0.375,776330000.0,665238000.0,34824716000.0,33643858750.0,459527000.0,790373000.0,0.0,790373000.0,16634764000.0,1094142000.0,15540622000.0,11540366661.0,-226180000.0,34277000.0,969360000.0,1809385000.0,-1567824000.0,1153513000.0,-3102755000.0,0.0,1723062000.0,0.0,625031000.0,625031000.0,625031000.0,0.0,0.0,0.072,1951911000.0,1283409000.0,624483000.0,2.566,1.878,18.464,17.917,19029315000.0,1100000.0,25.98,1.336,1.339,717852000.0,0.0,8635271000.0,8635271000.0,0.0,0.028,0.103,0.044,0.172,0.0,0.0,1.0,444201950.0,445103000.0,445510000.0,19.401,22004546000.0,0.0,192480000.0,686112000.0,49.437,627220000.0
4,OKE,MRT,2020-06-30,2020-06-30,2020-06-30,2021-08-25,-524903000.0,22992467000.0,22027483750.0,2179859000.0,20812608000.0,0.396,14.869,-3672146000.0,945732000.0,945732000.0,5544254000.0,621870000.0,1.712,2.684,14391162000.0,21214000.0,14369948000.0,14391162000.0,0.0,520182000.0,0.0,0.111,3.675,1423604000.0,1943786000.0,0.223,1943786000.0,1423604000.0,805160000.0,1.5,1.48,1.5,6240652000.0,6061537500.0,6240652000.0,27482523549.0,19.0,14.139,-1956900000.0,-4.662,1.0,3179981000.0,0.364,778937000.0,618444000.0,34385858000.0,32599790250.0,515255000.0,790035000.0,0.0,790035000.0,16751815000.0,1273102000.0,15478713000.0,13749997549.0,672335000.0,35000000.0,969305000.0,3277788000.0,-1520055000.0,2648672000.0,-3691583000.0,0.0,1715246000.0,0.0,621870000.0,621870000.0,621870000.0,0.0,0.0,0.071,1966423000.0,1213558000.0,755474000.0,2.45,2.203,22.111,22.147,18981173000.0,1100000.0,33.22,1.576,1.598,608923000.0,-7536000.0,8724235000.0,8724235000.0,0.0,0.028,0.103,0.044,0.163,0.0,0.0,1.0,413907211.0,419722000.0,420116000.0,20.786,22213530000.0,0.0,183290000.0,553656000.0,52.924,906757000.0
5,OKE,MRT,2020-03-31,2020-03-31,2020-03-31,2021-08-25,-499386000.0,21969440000.0,21217265500.0,1488282000.0,20481158000.0,0.449,13.422,-3908323000.0,531630000.0,531630000.0,6226201000.0,799512000.0,1.364,2.951,14264156000.0,21075000.0,14243081000.0,14264156000.0,0.0,494730000.0,0.0,0.165,3.605,1555566000.0,2050296000.0,0.215,2050296000.0,1555566000.0,1038597000.0,1.93,1.91,1.93,5560641000.0,6088408500.0,5560641000.0,21727181390.0,14.0,10.597,-1892429000.0,-4.568,1.0,3294880000.0,0.346,781544000.0,516969000.0,33829030000.0,30969807250.0,386112000.0,810479000.0,0.0,810479000.0,16408799000.0,1091392000.0,15317407000.0,9014487390.0,503816000.0,87590000.0,29040000.0,3883050000.0,-1490092000.0,2356643000.0,-3868721000.0,0.0,2015894000.0,0.0,799512000.0,799512000.0,799512000.0,0.0,0.0,0.084,1959227000.0,1335653000.0,742369000.0,1.868,1.621,11.275,11.301,18629492000.0,1100000.0,21.81,0.947,0.949,497556000.0,-141857000.0,9521081000.0,9521081000.0,0.0,0.038,0.131,0.05,0.163,0.0,0.0,1.0,413319000.0,414282000.0,414282000.0,22.982,21187896000.0,0.0,239085000.0,503710000.0,51.144,396890000.0
6,OKE,MRT,2019-12-31,2019-12-31,2019-12-31,2021-08-25,-374000000.0,21812121000.0,20458486750.0,1470334000.0,20341787000.0,0.497,15.055,-3848349000.0,20958000.0,20958000.0,6907196000.0,1278577000.0,0.728,2.503,12722799000.0,229533000.0,12493266000.0,12722799000.0,0.0,476535000.0,0.0,0.047,3.53,2142764000.0,2619299000.0,0.258,2619299000.0,2142764000.0,1650991000.0,3.09,3.07,3.09,6225951000.0,6308749750.0,6225951000.0,43098610466.0,20.0,16.454,-1901570000.0,-4.598,1.0,3257171000.0,0.32,957833000.0,491773000.0,31535831000.0,29160612250.0,506675000.0,861844000.0,0.0,861844000.0,15586170000.0,2020298000.0,13565872000.0,31258115466.0,8983000.0,94168000.0,29040000.0,3348087000.0,-1457628000.0,1830962000.0,-3768758000.0,0.0,1946779000.0,0.0,1278577000.0,1278577000.0,1278577000.0,0.0,0.0,0.126,1360821000.0,1896350000.0,1209900000.0,1.142,5.021,24.448,24.489,18348685000.0,1100000.0,75.67,3.075,3.079,835121000.0,0.0,10164367000.0,10164367000.0,0.0,0.062,0.203,0.073,0.211,0.0,0.0,1.0,413084650.0,413560000.0,415444000.0,24.578,20854288000.0,0.0,372414000.0,611485000.0,50.426,-549964000.0
7,OKE,MRT,2019-09-30,2019-09-30,2019-09-30,2021-08-25,-421104000.0,21335907000.0,19563374250.0,1967585000.0,19368322000.0,0.544,15.028,-3571158000.0,673309000.0,673309000.0,7428714000.0,1251214000.0,1.256,2.431,12513804000.0,9551000.0,12504253000.0,12513804000.0,0.0,461201000.0,0.0,0.047,3.47,2103045000.0,2564246000.0,0.241,2564246000.0,2103045000.0,1622066000.0,3.03,3.01,3.03,6218906000.0,6397147750.0,6218906000.0,41247120406.0,20.0,16.085,-1574044000.0,-3.804,1.0,3208747000.0,0.302,960808000.0,480979000.0,30648442000.0,27414932250.0,476478000.0,870511000.0,0.0,870511000.0,15117001000.0,1567152000.0,13549849000.0,30431632406.0,588845000.0,90146000.0,28186000.0,3558087000.0,-1431369000.0,2064673000.0,-3472942000.0,0.0,1997114000.0,0.0,1251214000.0,1250389000.0,1250389000.0,0.0,0.0,0.118,1327691000.0,1881056000.0,1129849000.0,1.145,4.893,24.338,24.32,17362856000.0,1100000.0,73.69,2.861,2.867,718708000.0,0.0,10637461000.0,10637461000.0,0.0,0.064,0.195,0.077,0.198,-23963000.0,0.0,1.0,412968278.0,413816000.0,415578000.0,25.706,20375099000.0,0.0,370852000.0,498094000.0,49.237,400433000.0
8,OKE,MRT,2019-06-30,2019-06-30,2019-06-30,2021-08-25,-336396000.0,19751594000.0,18707226000.0,1401170000.0,18350424000.0,0.629,15.348,-3246287000.0,273397000.0,273397000.0,8572245000.0,1255975000.0,0.806,2.111,11088885000.0,309504000.0,10779381000.0,11088885000.0,0.0,447154000.0,0.0,0.049,3.405,2105100000.0,2552254000.0,0.217,2552254000.0,2105100000.0,1631788000.0,3.04,3.02,3.04,6348136000.0,6505610750.0,6348136000.0,38713516223.0,18.0,15.168,-1094587000.0,-2.646,1.0,3195878000.0,0.272,963783000.0,473312000.0,27865926000.0,25592793000.0,362467000.0,881084000.0,0.0,881084000.0,13403458000.0,1737373000.0,11666085000.0,28401755223.0,258102000.0,90712000.0,31421000.0,2899905000.0,-1403099000.0,1251950000.0,-3145548000.0,0.0,2151700000.0,0.0,1255318000.0,1254768000.0,1254768000.0,0.0,657000.0,0.107,1298778000.0,1897100000.0,907377000.0,1.12,4.474,22.635,22.635,16336239000.0,1100000.0,68.81,2.413,2.418,669289000.0,0.0,11768123000.0,11768123000.0,0.0,0.067,0.193,0.082,0.179,-16071000.0,0.0,1.0,412756216.0,413606000.0,415049000.0,28.452,18787811000.0,0.0,376470000.0,347831000.0,45.424,-336203000.0
9,OKE,MRT,2019-03-31,2019-03-31,2019-03-31,2021-08-25,-269524000.0,18934325000.0,17997757500.0,1342779000.0,17591546000.0,0.682,15.602,-2766954000.0,27814000.0,27814000.0,9119448000.0,1226191000.0,0.795,1.939,10339575000.0,309459000.0,10030116000.0,10339575000.0,0.0,438478000.0,0.0,0.048,3.335,2058784000.0,2497262000.0,0.204,2497262000.0,2058784000.0,1589469000.0,2.97,2.95,2.97,6442006000.0,6584791750.0,6442006000.0,38115947919.0,19.0,15.263,-721950000.0,-1.748,1.0,3151629000.0,0.257,964167000.0,469315000.0,26592250000.0,24005994000.0,406954000.0,950924000.0,0.0,950924000.0,12492319000.0,1689669000.0,10802650000.0,28746938919.0,10340000.0,31710000.0,21864000.0,2305905000.0,-1372853000.0,689401000.0,-2724065000.0,0.0,2045004000.0,0.0,1224403000.0,1224128000.0,1224128000.0,0.0,1788000.0,0.1,1282203000.0,1869426000.0,1027322000.0,1.123,4.462,23.484,23.515,15518032000.0,1100000.0,69.84,2.343,2.35,812869000.0,0.0,12271077000.0,12271077000.0,0.0,0.068,0.186,0.086,0.168,-7203000.0,0.0,1.0,411611382.0,412908000.0,415233000.0,29.719,17970158000.0,0.0,365066000.0,270751000.0,43.521,-346890000.0
10,OKE,MRT,2018-12-31,2018-12-31,2018-12-31,2021-08-25,-188239000.0,18231671000.0,17372263000.0,1398632000.0,16833039000.0,0.725,15.99,-2141475000.0,11975000.0,11975000.0,9526630000.0,1155032000.0,0.663,1.771,9408993000.0,509415000.0,8899578000.0,9408993000.0,0.0,428557000.0,0.0,0.06,3.245,1984226000.0,2412783000.0,0.192,2412783000.0,1984226000.0,1514606000.0,2.8,2.78,2.8,6579543000.0,6649651750.0,6579543000.0,31061845684.0,16.0,12.874,45244000.0,0.11,1.0,3066566000.0,0.244,967142000.0,469620000.0,24553111000.0,22707419250.0,437841000.0,969150000.0,0.0,969150000.0,11652128000.0,2108436000.0,9543692000.0,22192951684.0,-25218000.0,26757000.0,1203981000.0,248450000.0,-1335058000.0,-97049000.0,-2114888000.0,0.0,2186719000.0,0.0,1151703000.0,1151703000.0,1151703000.0,0.0,3329000.0,0.091,1246030000.0,1820536000.0,1116337000.0,1.159,3.373,19.27,19.268,14766651000.0,1100000.0,53.95,1.762,1.763,818958000.0,0.0,12593196000.0,12593196000.0,0.0,0.066,0.173,0.087,0.158,0.0,0.0,1.0,411361477.0,411485000.0,414195000.0,30.604,17264529000.0,0.0,362903000.0,219731000.0,41.957,-709804000.0
11,OKE,MRT,2018-09-30,2018-09-30,2018-09-30,2021-08-25,-158138000.0,17911314000.0,17025829500.0,1807908000.0,16103406000.0,0.778,16.143,-1493527000.0,84464000.0,84464000.0,10281934000.0,926956000.0,0.738,1.692,8953358000.0,627650000.0,8325708000.0,8953358000.0,0.0,421677000.0,0.0,0.046,3.135,1914835000.0,2336512000.0,0.176,2336512000.0,1914835000.0,1439514000.0,2.18,2.16,2.18,6652758000.0,6386732750.0,6652758000.0,36043202842.0,19.0,15.426,402339000.0,0.976,1.0,2966720000.0,0.224,970117000.0,475321000.0,23359885000.0,22140866750.0,554867000.0,981592000.0,0.0,981592000.0,11258556000.0,2450206000.0,8808350000.0,27878601842.0,72788000.0,25739000.0,1620637000.0,-498698000.0,-1269037000.0,-360222000.0,-1462856000.0,0.0,1895866000.0,0.0,921860000.0,921860000.0,921860000.0,0.0,5096000.0,0.07,1217894000.0,1748826000.0,1339507000.0,1.438,4.191,30.242,31.096,13960527000.0,1099000.0,67.79,2.104,2.109,1085075000.0,0.0,13248654000.0,13248654000.0,0.0,0.054,0.144,0.086,0.145,30537000.0,0.0,1.0,411249474.0,412117000.0,414847000.0,32.148,16941197000.0,0.0,517654000.0,132242000.0,41.108,-642298000.0
12,OKE,MRT,2018-06-30,2018-06-30,2018-06-30,2021-08-25,-178589000.0,16913720000.0,16739211250.0,1433687000.0,15480033000.0,0.762,16.179,-933731000.0,15295000.0,15295000.0,9951102000.0,779571000.0,0.557,1.512,8179896000.0,1088650000.0,7091246000.0,8179896000.0,0.0,416592000.0,0.0,0.044,3.055,1766086000.0,2182678000.0,0.171,2182678000.0,1766086000.0,1286142000.0,1.85,1.84,1.85,6664860000.0,6063417000.0,6664860000.0,36712377208.0,21.0,16.82,741760000.0,1.801,1.0,2810028000.0,0.22,987510000.0,479944000.0,21518730000.0,21919033000.0,399607000.0,986979000.0,0.0,986979000.0,10075237000.0,2572081000.0,7503156000.0,28705450208.0,-317076000.0,-56108000.0,1647231000.0,-1422614000.0,-1213149000.0,-1007264000.0,-985303000.0,0.0,1675491000.0,0.0,774343000.0,774343000.0,774343000.0,0.0,5228000.0,0.061,1202264000.0,1607764000.0,1027467000.0,1.651,4.307,37.071,37.746,13303917000.0,1100000.0,69.83,2.249,2.254,934664000.0,0.0,12761130000.0,12761130000.0,0.0,0.046,0.128,0.081,0.138,28856000.0,0.0,1.0,411076188.0,411946000.0,414641000.0,30.978,15926210000.0,31503000.0,511799000.0,54726000.0,38.661,-1138394000.0
13,OKE,MRT,2018-03-31,2018-03-31,2018-03-31,2021-08-25,-174692000.0,16432347000.0,16679012000.0,1290745000.0,15141602000.0,0.751,16.358,-664178000.0,17474000.0,17474000.0,9862494000.0,673383000.0,0.629,1.427,8024401000.0,932650000.0,7091751000.0,8024401000.0,0.0,411153000.0,0.0,0.051,2.875,1518021000.0,1929174000.0,0.154,1929174000.0,1518021000.0,1033100000.0,1.51,1.49,1.51,6701446000.0,5749138750.0,6701446000.0,32475059201.0,21.0,16.834,877465000.0,2.142,1.0,2663879000.0,0.213,990485000.0,484921000.0,21397951000.0,22060685500.0,283993000.0,997380000.0,0.0,997380000.0,9563095000.0,2050838000.0,7512257000.0,23373300201.0,-293334000.0,-53523000.0,1649753000.0,-1594971000.0,-1015980000.0,-1121155000.0,-713822000.0,0.0,1541643000.0,0.0,564988000.0,564988000.0,564988000.0,0.0,108395000.0,0.045,1205200000.0,1458679000.0,773054000.0,1.904,3.488,41.37,37.695,12878189000.0,1042000.0,56.92,1.866,1.862,844218000.0,0.0,12526373000.0,12526373000.0,0.0,0.034,0.098,0.069,0.121,27558000.0,0.0,1.0,410634227.0,409676000.0,412173000.0,30.576,15441862000.0,116120000.0,468112000.0,53805000.0,37.693,-760093000.0
14,OKE,MRT,2017-12-31,2017-12-31,2017-12-31,2021-08-25,-188530000.0,16845937000.0,16587814750.0,1764458000.0,15081479000.0,0.734,18.583,-512393000.0,37193000.0,37193000.0,9636441000.0,593519000.0,0.662,2.019,9138952000.0,1047323000.0,8091629000.0,9138952000.0,0.0,406335000.0,0.0,0.051,2.72,1320781000.0,1727116000.0,0.142,1727116000.0,1320781000.0,835123000.0,1.3,1.29,1.3,5527867000.0,4133372750.0,5527867000.0,29939914920.0,23.0,17.335,803019000.0,2.699,1.0,2537466000.0,0.208,993460000.0,485658000.0,22286901000.0,22122097000.0,432594000.0,1003156000.0,0.0,1003156000.0,11160585000.0,2667335000.0,8493250000.0,20494690920.0,-211682000.0,-59119000.0,471358000.0,-299884000.0,-829414000.0,-959461000.0,-567633000.0,0.0,1315412000.0,0.0,387841000.0,387841000.0,387841000.0,0.0,205678000.0,0.032,1181507000.0,1355959000.0,1140571000.0,2.092,3.708,52.843,41.115,12698126000.0,767000.0,53.45,1.683,1.306,1202951000.0,0.0,12173907000.0,12173907000.0,0.0,0.023,0.094,0.06,0.108,26262000.0,0.0,1.0,383436687.0,297477000.0,299780000.0,40.924,15852477000.0,205907000.0,447282000.0,52697000.0,53.29,-902877000.0
15,OKE,MRT,2017-09-30,2017-09-30,2017-09-30,2021-08-25,-181771000.0,16764841000.0,16411018250.0,1518865000.0,15245976000.0,0.672,14.07,-455306000.0,11676000.0,11676000.0,8586169000.0,723172000.0,0.554,2.099,9456900000.0,1364900000.0,8092000000.0,9456900000.0,0.0,401876000.0,0.0,0.047,2.59,1141740000.0,1543616000.0,0.14,1543616000.0,1141740000.0,666084000.0,1.61,1.6,1.61,5359495000.0,2798592250.0,5359495000.0,30328602465.0,27.0,19.648,911882000.0,2.394,1.0,2450041000.0,0.222,996435000.0,475656000.0,22472550000.0,21922556500.0,391632000.0,1013702000.0,0.0,1013702000.0,11248458000.0,2741080000.0,8507378000.0,21056257465.0,-225962000.0,-70148000.0,52872000.0,-15970000.0,-672943000.0,-1067696000.0,-525454000.0,0.0,1367188000.0,0.0,415301000.0,415301000.0,415301000.0,296000.0,307871000.0,0.038,1162584000.0,1287457000.0,922820000.0,1.609,3.929,50.701,34.416,12578607000.0,493000.0,55.41,1.908,1.912,939595000.0,0.0,11036210000.0,11036210000.0,0.0,0.025,0.148,0.052,0.103,29139000.0,0.0,1.0,380008256.0,380907000.0,383419000.0,28.974,15768406000.0,474967000.0,250783000.0,76262000.0,41.397,-1222215000.0
16,OKE,MRT,2017-06-30,2017-06-30,2017-06-30,2021-08-25,-176085000.0,16672923000.0,16215316750.0,1447811000.0,15225112000.0,0.647,25.534,-478206000.0,332371000.0,332371000.0,8102192000.0,750857000.0,0.506,2.054,9604716000.0,1769110000.0,7835606000.0,9604716000.0,0.0,398128000.0,0.0,0.047,2.46,1017733000.0,1415861000.0,0.135,1415861000.0,1017733000.0,550370000.0,1.62,1.6,1.62,5407747000.0,1512292500.0,5407747000.0,20311427496.0,20.0,14.346,986299000.0,4.657,1.0,2385559000.0,0.227,999409000.0,467363000.0,22085340000.0,21771574250.0,275305000.0,944562000.0,0.0,944562000.0,11107692000.0,2860519000.0,8247173000.0,11001030496.0,151245000.0,-22491000.0,21715000.0,240313000.0,-518851000.0,-812563000.0,-500697000.0,0.0,1464505000.0,0.0,341703000.0,341703000.0,341703000.0,872000.0,409154000.0,0.033,1120523000.0,1265036000.0,696834000.0,1.519,2.034,32.195,32.198,12546992000.0,217000.0,52.16,1.049,1.053,749345000.0,0.0,10487751000.0,10487751000.0,0.0,0.021,0.226,0.047,0.097,30846000.0,0.0,1.0,210909327.0,211785000.0,214012000.0,49.521,15673514000.0,563364000.0,208667000.0,73983000.0,74.007,-1412708000.0
17,OKE,MRT,2017-03-31,2017-03-31,2017-03-31,2021-08-25,-139062000.0,16067558000.0,16002811000.0,1378447000.0,14689111000.0,0.618,1.126,-530102000.0,310808000.0,310808000.0,7538361000.0,754725000.0,0.505,52.848,9621205000.0,1701379000.0,7919826000.0,9621205000.0,0.0,396526000.0,0.0,0.044,2.46,1041101000.0,1437627000.0,0.145,1437627000.0,1041101000.0,573235000.0,1.69,1.67,1.69,238382000.0,219713000.0,238382000.0,20876460765.0,20.0,14.521,861541000.0,4.071,1.0,2357725000.0,0.238,1002384000.0,467866000.0,21643597000.0,21700126750.0,193339000.0,956388000.0,0.0,956388000.0,12598045000.0,2731974000.0,9866071000.0,11684412765.0,173600000.0,-24859000.0,21729000.0,388319000.0,-518208000.0,-663082000.0,-554961000.0,0.0,1391643000.0,0.0,355954000.0,355954000.0,355954000.0,1099000.0,398771000.0,0.036,1073235000.0,1284490000.0,703278000.0,1.456,49.015,32.826,32.805,12553584000.0,0.0,55.44,1.181,1.186,734844000.0,30887000.0,9896086000.0,9896086000.0,0.0,0.022,1.62,0.048,0.105,38238000.0,0.0,1.0,210757806.0,211619000.0,213602000.0,46.764,15065174000.0,0.0,217281000.0,1612039000.0,71.19,-1353527000.0
18,OKE,MRT,2016-12-31,2016-12-31,2016-12-31,2021-08-25,-154350000.0,16138751000.0,15861208750.0,1429684000.0,14709067000.0,0.562,0.894,-599214000.0,248875000.0,248875000.0,6584973000.0,743499000.0,0.504,67.339,9440923000.0,1520927000.0,7919996000.0,9440923000.0,0.0,391585000.0,0.0,0.043,2.46,1034096000.0,1425681000.0,0.16,1425681000.0,1034096000.0,564445000.0,1.67,1.66,1.67,188745000.0,231839500.0,188745000.0,21322950355.0,21.0,14.956,754006000.0,3.571,1.0,2335961000.0,0.262,1005359000.0,469651000.0,21488739000.0,21741941000.0,200946000.0,958807000.0,0.0,958807000.0,12709836000.0,2836701000.0,9873135000.0,12086066355.0,151256000.0,-16231000.0,21971000.0,455897000.0,-517601000.0,-586519000.0,-615445000.0,0.0,1353220000.0,0.0,352039000.0,352039000.0,352039000.0,2051000.0,391460000.0,0.039,1054344000.0,1281617000.0,874731000.0,1.473,64.034,34.332,34.377,12571403000.0,0.0,57.41,1.355,1.359,872430000.0,0.0,8920934000.0,8920934000.0,0.0,0.022,1.518,0.048,0.116,40563000.0,0.0,1.0,210521971.0,211128000.0,211128000.0,42.254,15133392000.0,0.0,212406000.0,1623822000.0,71.679,-1407017000.0
19,OKE,MRT,2016-09-30,2016-09-30,2016-09-30,2021-08-25,-154351000.0,15982035000.0,15688048750.0,1369291000.0,14612744000.0,0.523,1.014,-729771000.0,237410000.0,237410000.0,5893686000.0,520818000.0,0.585,58.526,9474294000.0,1154150000.0,8320144000.0,9474294000.0,0.0,385654000.0,0.0,0.048,2.46,923430000.0,1309084000.0,0.16,1309084000.0,923430000.0,457237000.0,1.38,1.35,1.38,214296000.0,268602750.0,214296000.0,19990213201.0,22.0,15.27,520008000.0,2.461,1.0,2303689000.0,0.281,1008334000.0,466193000.0,21868621000.0,21788141250.0,299470000.0,943390000.0,0.0,943390000.0,12541821000.0,2341964000.0,10199857000.0,10813833201.0,199258000.0,-3355000.0,21778000.0,748153000.0,-516802000.0,-317395000.0,-733126000.0,0.0,1249779000.0,0.0,287049000.0,287049000.0,287049000.0,803000.0,233769000.0,0.035,1104890000.0,1198799000.0,711817000.0,1.783,50.462,37.672,37.239,12526749000.0,0.0,51.39,1.319,1.325,737224000.0,0.0,8197375000.0,8197375000.0,0.0,0.018,1.069,0.042,0.113,33815000.0,0.0,1.0,210426799.0,211309000.0,211309000.0,38.793,14973701000.0,0.0,170188000.0,1573950000.0,70.862,-972673000.0
20,OKE,MRT,2016-06-30,2016-06-30,2016-06-30,2021-08-25,-159246000.0,15822900000.0,15569614500.0,1281188000.0,14541712000.0,0.497,1.125,-870752000.0,180854000.0,180854000.0,5501613000.0,487440000.0,0.585,51.934,9357234000.0,1036957000.0,8320277000.0,9357234000.0,0.0,375403000.0,0.0,0.052,2.45,885412000.0,1260815000.0,0.163,1260815000.0,885412000.0,430536000.0,1.33,1.31,1.33,237429000.0,318646750.0,237429000.0,19057909755.0,22.0,15.116,349762000.0,1.657,1.0,2236801000.0,0.289,1011309000.0,454876000.0,21799550000.0,21623623750.0,331073000.0,913813000.0,0.0,913813000.0,12330723000.0,2188421000.0,10142302000.0,9969460755.0,-44642000.0,37326000.0,122034000.0,540404000.0,-515289000.0,-431730000.0,-833426000.0,0.0,1220514000.0,0.0,277062000.0,277062000.0,277062000.0,227000.0,210378000.0,0.036,1089222000.0,1147579000.0,697833000.0,1.842,41.989,35.983,35.677,12484622000.0,0.0,47.45,1.288,1.294,672059000.0,0.0,7738414000.0,7738414000.0,0.0,0.018,0.869,0.041,0.114,31745000.0,0.0,1.0,210104547.0,211075000.0,211075000.0,36.662,14811591000.0,0.0,153474000.0,1518328000.0,70.172,-907233000.0
21,OKE,MRT,2016-03-31,2016-03-31,2016-03-31,2021-08-25,-134614000.0,15501149000.0,15526684500.0,991021000.0,14510128000.0,0.498,1.361,-1022311000.0,137219000.0,137219000.0,5577692000.0,458461000.0,0.562,41.325,9225668000.0,905217000.0,8320451000.0,9225668000.0,0.0,363143000.0,0.0,0.082,2.44,855145000.0,1218288000.0,0.158,1218288000.0,855145000.0,416861000.0,1.28,1.27,1.28,286888000.0,388666500.0,286888000.0,15153245770.0,18.0,12.438,191914000.0,0.91,1.0,2154667000.0,0.279,1014284000.0,438284000.0,21810854000.0,21328173750.0,239219000.0,929209000.0,0.0,929209000.0,11855642000.0,1764460000.0,10091182000.0,6270292770.0,-102007000.0,8027000.0,343109000.0,453749000.0,-512379000.0,-289341000.0,-1026891000.0,0.0,1214225000.0,0.0,267623000.0,267623000.0,267623000.0,0.0,190838000.0,0.035,1050648000.0,1104019000.0,522317000.0,1.906,21.856,23.43,23.328,12437127000.0,0.0,29.86,0.811,0.814,521436000.0,0.0,7732359000.0,7732359000.0,0.0,0.017,0.689,0.04,0.111,19024000.0,0.0,1.0,209989711.0,210781000.0,210781000.0,36.684,14486865000.0,0.0,149238000.0,1484745000.0,68.729,-773439000.0
22,OKE,MRT,2015-12-31,2015-12-31,2015-12-31,2021-08-25,-127242000.0,15446111000.0,15534665500.0,975210000.0,14470901000.0,0.5,1.597,-1184487000.0,97619000.0,97619000.0,5728635000.0,379195000.0,0.595,34.782,8980572000.0,656990000.0,8323582000.0,8980572000.0,0.0,354620000.0,0.0,0.099,2.43,798364000.0,1152984000.0,0.149,1152984000.0,798364000.0,381577000.0,1.17,1.16,1.17,335798000.0,449484000.0,335798000.0,13844092345.0,17.0,12.007,-161659000.0,-0.769,1.0,2034571000.0,0.262,1017258000.0,416787000.0,21673540000.0,21015227250.0,204780000.0,948221000.0,0.0,948221000.0,11679775000.0,1638266000.0,10041509000.0,5160785345.0,-75150000.0,6375000.0,396329000.0,774797000.0,-509197000.0,92741000.0,-1190719000.0,0.0,1022828000.0,0.0,244977000.0,244977000.0,244977000.0,0.0,134218000.0,0.032,1043172000.0,991399000.0,615982000.0,2.077,15.369,21.066,21.077,12373989000.0,0.0,24.66,0.665,0.668,593979000.0,0.0,7763206000.0,7763206000.0,0.0,0.016,0.545,0.038,0.103,16435000.0,0.0,1.0,209277589.0,210208000.0,210208000.0,36.931,14428853000.0,0.0,136600000.0,1436715000.0,68.641,-663056000.0
23,OKE,MRT,2015-09-30,2015-09-30,2015-09-30,2021-08-25,-136112000.0,15508298000.0,15488581000.0,952790000.0,14555508000.0,0.56,1.971,-1496480000.0,38371000.0,38371000.0,6670978000.0,608976000.0,0.486,27.676,8721678000.0,947922000.0,7773756000.0,8721678000.0,0.0,341796000.0,0.0,0.075,2.405,886473000.0,1228269000.0,0.142,1228269000.0,886473000.0,493957000.0,1.49,1.49,1.49,414472000.0,513563250.0,414472000.0,15331518207.0,17.0,12.482,-386332000.0,-1.837,1.0,2006094000.0,0.231,1020233000.0,392516000.0,21210551000.0,20571333250.0,204912000.0,1137059000.0,0.0,1137059000.0,11470993000.0,1960821000.0,9510172000.0,6735177207.0,-113178000.0,-807181000.0,561408000.0,1571072000.0,-503264000.0,1092942000.0,-2316268000.0,0.0,1110148000.0,0.0,314006000.0,314006000.0,314006000.0,0.0,294970000.0,0.036,957223000.0,1048871000.0,620568000.0,1.614,16.25,21.449,21.611,12278593000.0,0.0,32.2,0.776,0.78,586157000.0,0.0,8677072000.0,8677072000.0,0.0,0.02,0.611,0.043,0.102,16599000.0,0.0,1.0,209166994.0,210296000.0,210296000.0,41.261,14488065000.0,0.0,179951000.0,1437087000.0,68.894,-1008031000.0
24,OKE,MRT,2015-06-30,2015-06-30,2015-06-30,2021-08-25,-135334000.0,15651180000.0,15189555500.0,1263796000.0,14387384000.0,0.652,2.462,-1578208000.0,226193000.0,226193000.0,7895262000.0,562419000.0,0.485,22.515,8822534000.0,1531134000.0,7291400000.0,8822534000.0,0.0,328085000.0,0.0,0.06,2.375,847463000.0,1175548000.0,0.119,1175548000.0,847463000.0,475818000.0,1.41,1.41,1.41,517508000.0,565753250.0,517508000.0,16828334709.0,20.0,14.315,-494985000.0,-2.355,1.0,2003009000.0,0.202,1023209000.0,371645000.0,20617750000.0,19910391500.0,150137000.0,1146407000.0,0.0,1146407000.0,11651821000.0,2606562000.0,9045259000.0,8241854709.0,-132845000.0,-810684000.0,529754000.0,1661681000.0,-496549000.0,1185431000.0,-2401499000.0,0.0,1083223000.0,0.0,296307000.0,296307000.0,296307000.0,0.0,266112000.0,0.03,942679000.0,1060330000.0,694914000.0,1.684,15.926,27.815,28.0,12075850000.0,0.0,39.48,0.833,0.838,684899000.0,23119000.0,9898271000.0,9898271000.0,0.0,0.02,0.524,0.043,0.086,16822000.0,0.0,1.0,208760251.0,210204000.0,210204000.0,47.089,14627971000.0,0.0,179511000.0,1451833000.0,69.589,-1342766000.0
25,OKE,MRT,2015-03-31,2015-03-31,2015-03-31,2021-08-25,-139892000.0,15533073000.0,14872895000.0,1321949000.0,14211124000.0,0.729,2.526,-1685630000.0,239411000.0,239411000.0,8857789000.0,552290000.0,0.519,21.955,8825891000.0,1486125000.0,7339766000.0,8825891000.0,0.0,313225000.0,0.0,0.048,2.33,813006000.0,1126231000.0,0.104,1126231000.0,813006000.0,454994000.0,1.34,1.34,1.34,530158000.0,600482500.0,530158000.0,18139305387.0,22.0,16.106,-851133000.0,-4.055,1.0,1979312000.0,0.183,1011765000.0,358012000.0,20559068000.0,19346895500.0,218691000.0,1124204000.0,0.0,1124204000.0,11639785000.0,2548720000.0,9091065000.0,10053242387.0,29418000.0,-775034000.0,1133614000.0,1491677000.0,-486595000.0,1655585000.0,-2460664000.0,0.0,834497000.0,0.0,281392000.0,281392000.0,281392000.0,0.0,270898000.0,0.026,939843000.0,1039469000.0,721535000.0,1.739,18.963,35.727,36.0,11891321000.0,0.0,48.24,0.928,0.934,628064000.0,72976000.0,10837101000.0,10837101000.0,0.0,0.019,0.469,0.042,0.075,27419000.0,0.0,1.0,208400547.0,209874000.0,209874000.0,51.636,14521308000.0,0.0,173602000.0,1430478000.0,69.191,-1226771000.0
26,OKE,MRT,2014-12-31,2014-12-31,2014-12-31,2021-08-25,-136353000.0,15261773000.0,14402910250.0,1307244000.0,13954529000.0,0.847,2.828,-1771333000.0,172812000.0,172812000.0,10164292000.0,663108000.0,0.546,19.01,8216088000.0,1065946000.0,7150142000.0,8216088000.0,0.0,306038000.0,0.0,0.043,2.125,821428000.0,1127466000.0,0.092,1127466000.0,821428000.0,465265000.0,1.5,1.49,1.5,592115000.0,614068000.0,592115000.0,17420385507.0,21.0,15.451,-485723000.0,-2.32,1.0,2030799000.0,0.167,1014740000.0,356163000.0,19897964000.0,18673189000.0,189967000.0,1132653000.0,0.0,1132653000.0,11255890000.0,2392345000.0,8863545000.0,10366181507.0,23886000.0,-794890000.0,1132289000.0,1133149000.0,-443817000.0,1304499000.0,-2566223000.0,0.0,1285610000.0,0.0,314107000.0,314107000.0,314107000.0,0.0,349001000.0,0.026,916301000.0,1114498000.0,891413000.0,1.417,17.507,33.002,33.193,11662437000.0,0.0,49.79,0.85,0.855,745494000.0,138128000.0,12195091000.0,12195091000.0,0.0,0.022,0.512,0.044,0.067,26226000.0,0.0,1.0,208198062.0,209391000.0,209391000.0,58.241,14247033000.0,0.0,151158000.0,1395222000.0,68.04,-1085101000.0
27,OKE,MRT,2014-09-30,2014-09-30,2014-09-30,2021-08-25,-107656000.0,14312196000.0,15022837250.0,1712787000.0,12599409000.0,0.852,2.975,-1848831000.0,151403000.0,151403000.0,10886935000.0,645606000.0,0.961,16.932,7205607000.0,10650000.0,7194957000.0,7205607000.0,0.0,333517000.0,0.0,0.029,1.915,788404000.0,1121921000.0,0.088,1121921000.0,788404000.0,444847000.0,1.49,1.48,1.49,623232000.0,1050502000.0,623232000.0,20483647512.0,26.0,18.258,-705071000.0,-3.366,1.0,1912947000.0,0.149,1017715000.0,343557000.0,18566784000.0,19241146250.0,338345000.0,1128509000.0,0.0,1128509000.0,10552801000.0,1781901000.0,8770900000.0,13634569512.0,-627536000.0,-104645000.0,987127000.0,90048000.0,-399444000.0,182180000.0,-1953476000.0,0.0,1143760000.0,0.0,310300000.0,310300000.0,310300000.0,0.0,335306000.0,0.024,870971000.0,1041976000.0,1221934000.0,1.285,21.877,43.94,43.993,10242122000.0,0.0,65.55,1.065,1.073,971285000.0,170249000.0,12799882000.0,12799882000.0,0.0,0.021,0.295,0.041,0.062,41919000.0,0.0,1.0,208002586.0,209489000.0,209489000.0,61.1,13294481000.0,0.0,134547000.0,1394229000.0,63.461,-69114000.0
28,OKE,MRT,2014-06-30,2014-06-30,2014-06-30,2021-08-25,-113127000.0,14384538000.0,15847374000.0,2059655000.0,12324883000.0,0.809,3.135,-2007850000.0,358560000.0,358560000.0,11010126000.0,679023000.0,1.113,16.135,7207638000.0,10650000.0,7196988000.0,7207638000.0,0.0,353196000.0,0.0,0.025,1.72,773540000.0,1126736000.0,0.088,1126736000.0,773540000.0,449848000.0,1.48,1.47,1.48,656425000.0,1442117500.0,656425000.0,21276152211.0,28.0,18.883,-965057000.0,-4.609,1.0,1804992000.0,0.141,1018679000.0,323692000.0,18363766000.0,19986649500.0,335116000.0,1212408000.0,0.0,1212408000.0,10591207000.0,1851171000.0,8740036000.0,14151700211.0,325362000.0,-411077000.0,1470518000.0,1055981000.0,-356444000.0,1701496000.0,-2418927000.0,0.0,1042793000.0,0.0,308198000.0,308198000.0,308198000.0,0.0,370825000.0,0.024,821105000.0,983887000.0,1271539000.0,1.162,21.559,45.918,46.0,9870664000.0,0.0,68.08,1.104,1.112,1097008000.0,225423000.0,12815118000.0,12815118000.0,0.0,0.019,0.214,0.039,0.06,44464000.0,0.0,1.0,207868687.0,209403000.0,209403000.0,61.198,13365859000.0,0.0,141650000.0,1253099000.0,63.828,208484000.0
29,OKE,MRT,2014-03-31,2014-03-31,2014-03-31,2021-08-25,-109913000.0,13653134000.0,16211808000.0,1656327000.0,11996807000.0,0.772,2.795,-2173931000.0,210227000.0,210227000.0,10793110000.0,617767000.0,0.876,18.008,7334679000.0,135650000.0,7199029000.0,7334679000.0,0.0,372924000.0,0.0,0.026,1.52,690848000.0,1063772000.0,0.085,1063772000.0,690848000.0,389787000.0,1.19,1.18,1.19,584500000.0,1799348500.0,584500000.0,20493764596.0,30.0,19.265,-860279000.0,-4.114,1.0,1724110000.0,0.138,1021620000.0,301061000.0,17864242000.0,20276579250.0,231237000.0,1229054000.0,0.0,1229054000.0,10525427000.0,1891724000.0,8633703000.0,12312984596.0,66280000.0,-412627000.0,644740000.0,1463740000.0,-314236000.0,1339186000.0,-2586558000.0,0.0,1313652000.0,0.0,247527000.0,247527000.0,247527000.0,0.0,370240000.0,0.02,762137000.0,961973000.0,1155114000.0,1.277,21.066,49.744,49.79,9510794000.0,0.0,59.25,0.984,0.99,883673000.0,280242000.0,12517220000.0,12517220000.0,0.0,0.015,0.138,0.034,0.055,33888000.0,0.0,1.0,207814086.0,209130000.0,209130000.0,59.854,12631514000.0,0.0,142260000.0,1144348000.0,60.4,-235397000.0
30,OKE,MRT,2013-12-31,2013-12-31,2013-12-31,2021-08-25,-121987000.0,17741481000.0,16660079250.0,2404724000.0,15336757000.0,0.713,11.346,-2242968000.0,145565000.0,145565000.0,10284634000.0,576961000.0,0.881,5.516,8328769000.0,575112000.0,7753657000.0,8328769000.0,0.0,384377000.0,0.0,0.024,1.48,703259000.0,1087636000.0,0.092,1087636000.0,703259000.0,432613000.0,1.29,1.27,1.29,2337851000.0,2186812000.0,2337851000.0,20377528250.0,29.0,18.736,-948201000.0,-4.602,1.0,1587245000.0,0.134,1024562000.0,270646000.0,22169793000.0,20572095250.0,188286000.0,1229838000.0,0.0,1229838000.0,12896301000.0,2730330000.0,10165971000.0,12826908250.0,-434305000.0,-399063000.0,604531000.0,987246000.0,-304742000.0,912959000.0,-2642031000.0,0.0,1294767000.0,0.0,266533000.0,266533000.0,266533000.0,0.0,310428000.0,0.022,720626000.0,866619000.0,1273102000.0,1.147,5.487,48.125,48.202,9231954000.0,0.0,62.18,1.08,1.079,1109510000.0,2020815000.0,11871879000.0,11871879000.0,0.0,0.016,0.122,0.034,0.059,46194000.0,0.0,1.0,206286720.0,206044000.0,206044000.0,57.618,16716919000.0,0.0,166080000.0,1146562000.0,81.133,-325606000.0
31,OKE,MRT,2013-09-30,2013-09-30,2013-09-30,2021-08-25,-219492000.0,17610343000.0,16188527750.0,2882024000.0,14728319000.0,0.595,10.617,-2213058000.0,779524000.0,779524000.0,8551954000.0,588773000.0,1.099,5.9,8330144000.0,572985000.0,7757159000.0,8330144000.0,0.0,362758000.0,0.0,0.027,1.43,653666000.0,1016424000.0,0.106,1016424000.0,653666000.0,437949000.0,1.39,1.37,1.39,2189694000.0,2134751500.0,2189694000.0,18317006985.0,28.0,18.021,-970376000.0,-4.705,1.0,1081852000.0,0.112,990456000.0,215717000.0,21548797000.0,19731110500.0,664213000.0,1201873000.0,0.0,1201873000.0,12919697000.0,2621710000.0,10297987000.0,10994643985.0,-199301000.0,-284497000.0,586592000.0,1115166000.0,-293875000.0,1054323000.0,-2496306000.0,0.0,1242682000.0,0.0,287338000.0,287338000.0,287338000.0,14279000.0,301435000.0,0.03,297908000.0,783944000.0,1382785000.0,1.029,5.021,38.264,38.36,11770796000.0,0.0,53.32,1.141,1.141,1166994000.0,2008471000.0,9633806000.0,9633806000.0,0.0,0.018,0.135,0.033,0.068,28356000.0,0.0,1.0,206201125.0,206235000.0,206235000.0,46.713,16619887000.0,0.0,150611000.0,1776949000.0,80.587,260314000.0
32,OKE,MRT,2013-06-30,2013-06-30,2013-06-30,2021-08-25,-211970000.0,15842274000.0,15627018750.0,1889589000.0,13952685000.0,0.61,10.116,-2132044000.0,33681000.0,33681000.0,8324432000.0,606063000.0,0.713,5.595,7356044000.0,844685000.0,6511359000.0,7356044000.0,0.0,349925000.0,0.0,0.033,1.38,659329000.0,1009254000.0,0.106,1009254000.0,659329000.0,438435000.0,1.41,1.38,1.41,2085349000.0,2103754500.0,2085349000.0,15445683442.0,23.0,15.304,-1012378000.0,-4.911,1.0,1202768000.0,0.126,992373000.0,220894000.0,19523485000.0,18882310750.0,434996000.0,1208787000.0,0.0,1208787000.0,11667918000.0,2648779000.0,9019139000.0,8514282442.0,-81239000.0,11401000.0,33229000.0,1514285000.0,-283179000.0,918443000.0,-2119348000.0,0.0,1119666000.0,0.0,290201000.0,290201000.0,290201000.0,14279000.0,315862000.0,0.03,407627000.0,795141000.0,1214322000.0,0.979,4.083,29.339,29.298,10979485000.0,0.0,41.31,0.894,0.894,1158738000.0,2024482000.0,9527200000.0,9527200000.0,0.0,0.019,0.138,0.035,0.069,38782000.0,0.0,1.0,206107055.0,206143000.0,206143000.0,46.216,14849901000.0,0.0,148234000.0,1716547000.0,72.037,-759190000.0
33,OKE,MRT,2013-03-31,2013-03-31,2013-03-31,2021-08-25,-223153000.0,15446219000.0,15120748000.0,1949663000.0,13496556000.0,0.614,10.387,-2004466000.0,143947000.0,143947000.0,7958782000.0,675773000.0,0.834,5.267,7075348000.0,562021000.0,6513327000.0,7075348000.0,0.0,342656000.0,0.0,0.028,1.325,722307000.0,1064963000.0,0.115,1064963000.0,722307000.0,495998000.0,1.7,1.67,1.7,2134354000.0,2104802250.0,2134354000.0,16531846079.0,23.0,15.523,-975058000.0,-4.745,1.0,1328694000.0,0.143,994289000.0,226309000.0,19046306000.0,18071032250.0,302473000.0,1220129000.0,0.0,1220129000.0,11242086000.0,2337025000.0,8905061000.0,9772067079.0,-637245000.0,7646000.0,-120757000.0,1056528000.0,-272375000.0,327954000.0,-1994607000.0,0.0,1029408000.0,0.0,350275000.0,350275000.0,350275000.0,14012000.0,325498000.0,0.038,532381000.0,796313000.0,1205248000.0,0.779,4.578,27.898,28.041,10521218000.0,0.0,47.67,1.052,1.055,1261804000.0,2097764000.0,9287476000.0,9287476000.0,0.0,0.023,0.166,0.04,0.078,48440000.0,0.0,1.0,204994065.0,205479000.0,205479000.0,45.199,14451930000.0,0.0,145723000.0,1678887000.0,70.333,-387362000.0
34,OKE,MRT,2012-12-31,2012-12-31,2012-12-31,2021-08-25,-216798000.0,15855275000.0,14822212250.0,2764660000.0,13090615000.0,0.687,10.331,-1853913000.0,583618000.0,583618000.0,8594394000.0,743530000.0,0.983,5.458,7343397000.0,828025000.0,6515372000.0,7343397000.0,0.0,335852000.0,0.0,0.03,1.27,779015000.0,1114867000.0,0.109,1114867000.0,779015000.0,541377000.0,1.75,1.71,1.75,2129609000.0,2135251750.0,2129609000.0,14973734742.0,19.0,13.431,-869918000.0,-4.22,1.0,1589727000.0,0.156,996206000.0,237638000.0,18805854000.0,17279107750.0,517014000.0,1221405000.0,0.0,1221405000.0,11622825000.0,2812994000.0,8809831000.0,8747208742.0,508806000.0,37477000.0,325556000.0,1593381000.0,-261969000.0,1339010000.0,-1814199000.0,0.0,983995000.0,0.0,360619000.0,360619000.0,360619000.0,0.0,382911000.0,0.035,638894000.0,950833000.0,1333489000.0,0.726,4.107,24.256,24.429,10114340000.0,0.0,42.75,0.859,0.865,1349371000.0,2059024000.0,10184121000.0,10184121000.0,0.0,0.024,0.169,0.045,0.076,36692000.0,0.0,1.0,204613070.0,206140000.0,206140000.0,49.404,14859069000.0,0.0,180758000.0,1592802000.0,72.082,-48334000.0
35,OKE,MRT,2012-09-30,2012-09-30,2012-09-30,2021-08-25,-240476000.0,15364307000.0,14282552250.0,2956030000.0,12408277000.0,0.913,10.076,-1710410000.0,978825000.0,978825000.0,10697361000.0,812407000.0,1.212,5.416,7205351000.0,687887000.0,6517464000.0,7205351000.0,0.0,327524000.0,0.0,0.025,1.22,879741000.0,1207265000.0,0.093,1207265000.0,879741000.0,592709000.0,1.75,1.72,1.75,2065706000.0,2162492750.0,2065706000.0,15624161457.0,18.0,12.942,-621004000.0,-3.029,1.0,2346311000.0,0.18,998122000.0,287032000.0,18153598000.0,16354220250.0,644719000.0,1218282000.0,0.0,1218282000.0,11188748000.0,2439113000.0,8749635000.0,9906265457.0,830418000.0,32099000.0,327512000.0,1644002000.0,-252126000.0,1414335000.0,-1673323000.0,0.0,1089406000.0,0.0,364078000.0,364078000.0,364078000.0,-267000.0,448329000.0,0.028,1182265000.0,1164046000.0,1153750000.0,0.697,4.796,27.209,27.606,9490382000.0,0.0,48.31,0.759,0.759,984724000.0,2015008000.0,13043672000.0,13043672000.0,0.0,0.025,0.168,0.054,0.067,63044000.0,0.0,1.0,205056209.0,205005000.0,205005000.0,63.626,14366185000.0,0.0,228631000.0,1539960000.0,70.077,516917000.0
36,OKE,MRT,2012-06-30,2012-06-30,2012-06-30,2021-08-25,-205640000.0,13817191000.0,13734256500.0,1807319000.0,12009872000.0,0.986,10.08,-1590664000.0,114920000.0,114920000.0,11218270000.0,808299000.0,0.801,4.6,5832816000.0,608193000.0,5224623000.0,5832816000.0,0.0,322076000.0,0.0,0.028,1.17,868764000.0,1190840000.0,0.088,1190840000.0,868764000.0,579255000.0,1.72,1.69,1.72,2089540000.0,2192556250.0,2089540000.0,14023068891.0,16.0,11.776,-457487000.0,-2.207,1.0,2325986000.0,0.172,1000039000.0,289509000.0,16278371000.0,15460124500.0,561802000.0,1210268000.0,0.0,1210268000.0,9611203000.0,2256677000.0,7354526000.0,8794257891.0,-362653000.0,-15466000.0,327254000.0,311141000.0,-242436000.0,105358000.0,-1601188000.0,0.0,1133177000.0,0.0,359180000.0,359180000.0,359180000.0,-267000.0,449119000.0,0.027,1167878000.0,1158108000.0,911977000.0,0.68,4.209,24.484,24.599,9098053000.0,0.0,42.31,0.649,0.648,793842000.0,2017460000.0,13544256000.0,13544256000.0,0.0,0.026,0.164,0.056,0.064,53684000.0,0.0,1.0,207852940.0,207292000.0,207292000.0,65.339,12817152000.0,0.0,220075000.0,1457896000.0,61.831,-449358000.0
37,OKE,MRT,2012-03-31,2012-03-31,2012-03-31,2021-08-25,-178845000.0,14252076000.0,13539042000.0,2609275000.0,11642801000.0,1.068,10.867,-1488556000.0,781192000.0,781192000.0,12162637000.0,793860000.0,1.003,4.376,6010003000.0,784154000.0,5225849000.0,6010003000.0,0.0,316314000.0,0.0,0.028,1.125,862368000.0,1178682000.0,0.082,1178682000.0,862368000.0,568896000.0,1.69,1.65,1.69,2256152000.0,2224443500.0,2256152000.0,14153937891.0,16.0,12.008,-354086000.0,-1.705,1.0,2297157000.0,0.159,1001956000.0,293472000.0,15878608000.0,14944225500.0,299130000.0,1219635000.0,0.0,1219635000.0,9872621000.0,2600323000.0,7272298000.0,8483966891.0,-88894000.0,-12008000.0,174737000.0,611515000.0,-234744000.0,273176000.0,-1496540000.0,0.0,1134470000.0,0.0,353329000.0,353329000.0,353329000.0,0.0,440531000.0,0.024,1152783000.0,1144374000.0,1110108000.0,0.666,3.76,24.012,24.16,8701036000.0,0.0,40.83,0.587,0.586,1154951000.0,2019864000.0,14459794000.0,14459794000.0,0.0,0.026,0.159,0.058,0.06,63477000.0,0.0,1.0,207787580.0,207617000.0,207617000.0,69.646,13250120000.0,0.0,215567000.0,1408420000.0,63.82,8952000.0
38,OKE,MRT,2011-12-31,2011-12-31,2011-12-31,2021-08-25,-206121000.0,13696635000.0,13235922000.0,2318812000.0,11377823000.0,1.119,10.693,-1334779000.0,65953000.0,65953000.0,12520092000.0,759744000.0,0.714,4.421,5735924000.0,1206373000.0,4529551000.0,5735924000.0,0.0,312288000.0,0.0,0.025,1.08,883648000.0,1195936000.0,0.081,1195936000.0,883648000.0,586642000.0,1.72,1.68,1.72,2238573000.0,2285176500.0,2238573000.0,14327027633.0,16.0,11.98,21387000.0,0.102,1.0,2285702000.0,0.154,1014127000.0,297006000.0,15106304000.0,14534969750.0,549915000.0,1223398000.0,0.0,1223398000.0,9896903000.0,3246175000.0,6650728000.0,8928128633.0,43778000.0,-40847000.0,-282202000.0,842029000.0,-227020000.0,59238000.0,-1371626000.0,0.0,1356166000.0,0.0,360594000.0,360594000.0,360594000.0,0.0,399150000.0,0.024,1136125000.0,1149577000.0,1341718000.0,0.628,3.988,24.76,25.201,8444333000.0,0.0,43.345,0.603,0.613,1339933000.0,1960374000.0,14805794000.0,14805794000.0,0.0,0.027,0.158,0.061,0.06,66371000.0,0.0,1.0,205978282.0,209344000.0,209344000.0,70.725,12682508000.0,0.0,226048000.0,1446591000.0,60.582,-927363000.0
39,OKE,MRT,2011-09-30,2011-09-30,2011-09-30,2021-08-25,-174573000.0,13171124000.0,12936557000.0,2312043000.0,10859081000.0,1.062,10.58,-1083650000.0,148407000.0,148407000.0,11624291000.0,642927000.0,0.777,4.341,5547306000.0,1015253000.0,4532053000.0,5547306000.0,0.0,310918000.0,0.0,0.031,1.04,836447000.0,1147365000.0,0.084,1147365000.0,836447000.0,538315000.0,1.545,1.505,1.545,2185960000.0,2337689000.0,2185960000.0,11877320917.0,14.0,10.352,19980000.0,0.097,1.0,2115455000.0,0.154,1016044000.0,298132000.0,14577215000.0,14053679250.0,658059000.0,1224397000.0,0.0,1224397000.0,9489064000.0,2976764000.0,6512300000.0,6837396917.0,97924000.0,-27041000.0,-281413000.0,880607000.0,-220453000.0,104985000.0,-1110691000.0,0.0,1103630000.0,0.0,328667000.0,328667000.0,328667000.0,0.0,314260000.0,0.024,1103934000.0,1011521000.0,1241633000.0,0.673,3.128,20.803,21.372,8019313000.0,0.0,33.02,0.498,0.497,1141132000.0,1903056000.0,13739746000.0,13739746000.0,0.0,0.025,0.141,0.06,0.061,47720000.0,0.0,1.0,207068350.0,206606000.0,206606000.0,66.502,12155080000.0,0.0,209648000.0,1386959000.0,58.832,-664721000.0
40,OKE,MRT,2011-06-30,2011-06-30,2011-06-30,2021-08-25,-131266000.0,13036333000.0,12626214250.0,2529261000.0,10507072000.0,1.042,10.524,-497491000.0,477573000.0,477573000.0,11116220000.0,602348000.0,0.89,4.212,5517497000.0,894881000.0,4622616000.0,5517497000.0,0.0,312165000.0,0.0,0.027,0.99,824424000.0,1136589000.0,0.086,1136589000.0,824424000.0,529226000.0,1.515,1.48,1.515,2217089000.0,2394818750.0,2217089000.0,12452574821.0,15.0,10.956,621023000.0,2.948,1.0,2036870000.0,0.155,1020865000.0,295198000.0,14214775000.0,13639170000.0,574173000.0,1177219000.0,0.0,1177219000.0,9338629000.0,2840617000.0,6498012000.0,7927960821.0,374322000.0,21163000.0,-282162000.0,493609000.0,-211426000.0,-270832000.0,-473360000.0,0.0,1118514000.0,0.0,323641000.0,323641000.0,323641000.0,0.0,278707000.0,0.025,1076598000.0,960272000.0,1194103000.0,0.653,3.576,24.496,24.426,7712574000.0,0.0,37.005,0.603,0.593,1125338000.0,1900716000.0,13153090000.0,13153090000.0,0.0,0.026,0.135,0.06,0.063,43782000.0,0.0,1.0,214240260.0,210674000.0,210674000.0,62.433,12015468000.0,0.0,205585000.0,1288438000.0,57.033,-311356000.0
41,OKE,MRT,2011-03-31,2011-03-31,2011-03-31,2021-08-25,-135137000.0,13039596000.0,12397108750.0,2795774000.0,10243822000.0,1.01,11.676,-280269000.0,870086000.0,870086000.0,10538575000.0,553956000.0,1.215,3.634,5394700000.0,418242000.0,4976458000.0,5394700000.0,0.0,308852000.0,0.0,0.028,0.95,806013000.0,1114865000.0,0.089,1114865000.0,806013000.0,510952000.0,1.45,1.425,1.45,2499084000.0,2437353750.0,2499084000.0,12013174850.0,15.0,10.775,642837000.0,3.003,1.0,1976848000.0,0.158,1020977000.0,295061000.0,14241585000.0,13369260250.0,407671000.0,1186588000.0,0.0,1186588000.0,9082578000.0,2301648000.0,6780930000.0,7157575850.0,702653000.0,19836000.0,21251000.0,486945000.0,-202492000.0,37012000.0,-257465000.0,0.0,923106000.0,0.0,310223000.0,310223000.0,310223000.0,0.0,243733000.0,0.025,1060862000.0,915986000.0,1131922000.0,0.655,2.864,23.072,23.062,7438893000.0,0.0,33.44,0.572,0.572,1280125000.0,1901279000.0,12515423000.0,12515423000.0,0.0,0.025,0.127,0.06,0.064,27708000.0,0.0,1.0,214042340.0,214040000.0,214040000.0,58.472,12018619000.0,0.0,200729000.0,1223250000.0,56.151,494126000.0
42,OKE,MRT,2010-12-31,2010-12-31,2010-12-31,2021-08-25,-108802000.0,12499175000.0,12219507750.0,2379735000.0,10119440000.0,1.038,11.51,-153840000.0,30341000.0,30341000.0,10706653000.0,541330000.0,0.755,3.503,4886633000.0,1200091000.0,3686542000.0,4886633000.0,0.0,307317000.0,0.0,0.033,0.91,840584000.0,1147901000.0,0.091,1147901000.0,840584000.0,548352000.0,1.57,1.55,1.57,2448623000.0,2407757000.0,2448623000.0,10518262223.0,13.0,9.163,680202000.0,3.197,1.0,1972138000.0,0.156,1022894000.0,292232000.0,13181142000.0,13150902250.0,706912000.0,1188124000.0,0.0,1188124000.0,8578334000.0,3151431000.0,5426903000.0,5907086223.0,1635000.0,16516000.0,343606000.0,-587730000.0,-193542000.0,-698051000.0,-134356000.0,0.0,834042000.0,0.0,334632000.0,334632000.0,334632000.0,0.0,206698000.0,0.026,1040553000.0,931585000.0,1212323000.0,0.58,2.412,17.652,17.666,7312948000.0,0.0,27.735,0.466,0.465,1283891000.0,1826800000.0,12678791000.0,12678791000.0,0.0,0.027,0.139,0.064,0.066,24372000.0,0.0,1.0,212983098.0,212736000.0,212736000.0,59.599,11476281000.0,0.0,213720000.0,1171997000.0,53.946,-771696000.0
43,OKE,MRT,2010-09-30,2010-09-30,2010-09-30,2021-08-25,-90268000.0,11929753000.0,12301634750.0,1988776000.0,9940977000.0,1.065,11.342,-107562000.0,50483000.0,50483000.0,11099565000.0,537392000.0,0.766,3.328,4661659000.0,969616000.0,3692043000.0,4661659000.0,0.0,303898000.0,0.0,0.039,0.88,862124000.0,1166022000.0,0.089,1166022000.0,862124000.0,562558000.0,1.63,1.605,1.63,2414479000.0,2347399750.0,2414479000.0,9710665625.0,11.0,8.328,834226000.0,3.919,1.0,1997799000.0,0.153,1024810000.0,299566000.0,12919178000.0,13333892000.0,703677000.0,1194087000.0,0.0,1194087000.0,8034358000.0,2596941000.0,5437417000.0,4793106625.0,-1697000.0,15876000.0,342628000.0,-760732000.0,-186733000.0,-856698000.0,-86787000.0,0.0,941788000.0,0.0,345003000.0,345003000.0,345003000.0,0.0,192389000.0,0.026,1052634000.0,945165000.0,885017000.0,0.54,1.985,13.893,13.816,7138972000.0,0.0,22.52,0.366,0.366,858819000.0,1794842000.0,13097364000.0,13097364000.0,0.0,0.028,0.147,0.065,0.066,23864000.0,0.0,1.0,212837772.0,212886000.0,215302000.0,61.523,10904943000.0,0.0,217555000.0,1127023000.0,51.224,-608165000.0
44,OKE,MRT,2010-06-30,2010-06-30,2010-06-30,2021-08-25,-103486000.0,12119911000.0,12326564000.0,1878255000.0,10241656000.0,1.016,11.223,-562025000.0,103251000.0,103251000.0,10526549000.0,519399000.0,0.653,3.456,5020810000.0,1323225000.0,3697585000.0,5020810000.0,0.0,298983000.0,0.0,0.04,0.86,860768000.0,1159751000.0,0.093,1159751000.0,860768000.0,559420000.0,1.6,1.575,1.6,2387229000.0,2278683750.0,2387229000.0,9336390125.0,11.0,8.05,405944000.0,1.908,1.0,1992848000.0,0.159,1026726000.0,301348000.0,13135136000.0,13537291000.0,572941000.0,757232000.0,0.0,757232000.0,8249337000.0,2875608000.0,5373729000.0,4597270125.0,56213000.0,-19976000.0,585196000.0,-273458000.0,-182044000.0,-334255000.0,-577501000.0,0.0,967969000.0,0.0,337750000.0,337750000.0,337750000.0,0.0,181649000.0,0.027,1059707000.0,933141000.0,830015000.0,0.537,1.926,13.611,13.516,7847340000.0,0.0,21.625,0.367,0.367,904325000.0,1788501000.0,12519397000.0,12519397000.0,0.0,0.027,0.148,0.064,0.069,24802000.0,0.0,1.0,212590526.0,212712000.0,215676000.0,58.856,11093185000.0,0.0,221670000.0,1053931000.0,52.151,-997353000.0
45,OKE,MRT,2010-03-31,2010-03-31,2010-03-31,2021-08-25,-105564000.0,12329192000.0,12255017000.0,2108728000.0,10220464000.0,0.974,11.216,-606029000.0,167433000.0,167433000.0,9972854000.0,514375000.0,0.789,3.549,4906553000.0,803220000.0,4103333000.0,4906553000.0,0.0,294721000.0,0.0,0.037,0.84,857964000.0,1152685000.0,0.097,1152685000.0,857964000.0,558585000.0,1.605,1.575,1.605,2380697000.0,2222474750.0,2380697000.0,10300204921.0,12.0,8.936,614524000.0,2.895,1.0,1967039000.0,0.165,1028643000.0,299379000.0,13368153000.0,13658419250.0,397254000.0,762435000.0,0.0,762435000.0,8449551000.0,2671516000.0,5778035000.0,4845314921.0,90680000.0,-14059000.0,583822000.0,-690971000.0,-177395000.0,-514285000.0,-615588000.0,0.0,1220553000.0,0.0,337705000.0,337705000.0,337705000.0,0.0,176670000.0,0.028,1051654000.0,915385000.0,965015000.0,0.523,2.035,14.348,14.221,7794404000.0,0.0,22.825,0.406,0.406,1202293000.0,1793548000.0,11939893000.0,11939893000.0,0.0,0.028,0.152,0.063,0.072,23541000.0,0.0,1.0,212281048.0,212264000.0,214820000.0,56.25,11300549000.0,0.0,220880000.0,1033396000.0,53.238,-562788000.0
46,OKE,MRT,2009-12-31,2009-12-31,2009-12-31,2021-08-25,-118613000.0,12827683000.0,12157710000.0,2588464000.0,10239219000.0,0.889,10.474,-780263000.0,29399000.0,29399000.0,8908776000.0,491204000.0,0.775,4.251,5484289000.0,1150085000.0,4334204000.0,5484289000.0,0.0,288991000.0,0.0,0.037,0.82,809279000.0,1098270000.0,0.102,1098270000.0,809279000.0,508459000.0,1.45,1.435,1.45,2207194000.0,2173123750.0,2207194000.0,10081955527.0,12.0,9.18,672431000.0,3.191,1.0,1896977000.0,0.176,1030560000.0,300820000.0,13913101000.0,13787554250.0,583127000.0,765163000.0,0.0,765163000.0,9382221000.0,3338912000.0,6043309000.0,4701714527.0,-480659000.0,-12031000.0,258705000.0,-1008780000.0,-172774000.0,-1145559000.0,-787794000.0,0.0,1452694000.0,0.0,305451000.0,305451000.0,305451000.0,0.0,185753000.0,0.028,1028812000.0,868165000.0,1240207000.0,0.566,2.13,15.393,15.369,7793658000.0,0.0,22.285,0.435,0.435,1437994000.0,1685710000.0,10805753000.0,10805753000.0,0.0,0.025,0.141,0.059,0.075,23148000.0,0.0,1.0,210981132.0,210724000.0,210724000.0,51.279,11797123000.0,0.0,203008000.0,1037665000.0,55.984,-750448000.0
47,OKE,MRT,2009-09-30,2009-09-30,2009-09-30,2021-08-25,-118540000.0,12029470000.0,12232304750.0,1856962000.0,10172508000.0,0.836,10.148,-1043467000.0,52180000.0,52180000.0,8407607000.0,468528000.0,0.702,4.033,5432421000.0,1092210000.0,4340211000.0,5432421000.0,0.0,280191000.0,0.0,0.044,0.81,776164000.0,1056355000.0,0.103,1056355000.0,776164000.0,471055000.0,1.335,1.325,1.335,2139615000.0,2143367750.0,2139615000.0,9116903060.0,12.0,8.631,224749000.0,1.066,1.0,1817828000.0,0.178,1032476000.0,305109000.0,13732774000.0,13780476500.0,657403000.0,774347000.0,0.0,774347000.0,8629695000.0,2644461000.0,5985234000.0,3859541060.0,-20764000.0,-21428000.0,404345000.0,-119216000.0,-170266000.0,-229104000.0,-1059876000.0,0.0,1268216000.0,0.0,280180000.0,280180000.0,280180000.0,0.0,188348000.0,0.027,995019000.0,822809000.0,766580000.0,0.607,1.804,13.775,13.715,7698596000.0,0.0,18.31,0.377,0.378,726719000.0,1636572000.0,10225435000.0,10225435000.0,0.0,0.023,0.131,0.056,0.076,19248000.0,0.0,1.0,210788698.0,210840000.0,212976000.0,48.499,10996994000.0,0.0,190875000.0,893213000.0,52.158,-787499000.0
48,OKE,MRT,2009-06-30,2009-06-30,2009-06-30,2021-08-25,-82960000.0,11833723000.0,12280453000.0,1793915000.0,10039808000.0,0.985,10.264,-1228230000.0,47038000.0,47038000.0,10278113000.0,519607000.0,0.736,3.894,5304400000.0,958115000.0,4346285000.0,5304400000.0,0.0,268122000.0,0.0,0.054,0.8,764597000.0,1032719000.0,0.085,1032719000.0,764597000.0,470997000.0,1.385,1.375,1.385,2162393000.0,2122967750.0,2162393000.0,8533898229.0,11.0,8.264,-211506000.0,-1.004,1.0,1821832000.0,0.151,1034393000.0,293600000.0,13619649000.0,13605823500.0,564530000.0,735394000.0,0.0,735394000.0,8420857000.0,2437043000.0,5983814000.0,3105350229.0,-51706000.0,12426000.0,14801000.0,267521000.0,-167775000.0,144924000.0,-1213354000.0,0.0,1016724000.0,0.0,290171000.0,290171000.0,290171000.0,0.0,229436000.0,0.024,990959000.0,830873000.0,826414000.0,0.578,1.436,10.702,10.646,7590860000.0,0.0,14.745,0.257,0.257,771196000.0,1632795000.0,12099945000.0,12099945000.0,0.0,0.024,0.137,0.056,0.063,24926000.0,0.0,1.0,210603610.0,210670000.0,211900000.0,57.436,10799330000.0,0.0,180826000.0,867015000.0,51.262,-643128000.0
49,OKE,MRT,2009-03-31,2009-03-31,2009-03-31,2021-08-25,-56152000.0,11939964000.0,12364290250.0,2038729000.0,9901235000.0,1.136,10.381,-1373080000.0,179108000.0,179108000.0,12226369000.0,551219000.0,0.833,3.984,5607656000.0,1004900000.0,4602756000.0,5607656000.0,0.0,256574000.0,0.0,0.07,0.79,750766000.0,1007340000.0,0.072,1007340000.0,750766000.0,471499000.0,1.385,1.375,1.385,2183293000.0,2078194000.0,2183293000.0,8372287794.0,11.0,8.311,-977060000.0,-4.645,1.0,1818815000.0,0.129,1036309000.0,279267000.0,13884693000.0,13281747250.0,443244000.0,747990000.0,0.0,747990000.0,8698831000.0,2447510000.0,6251321000.0,2381569794.0,-191987000.0,1564000.0,23810000.0,1100852000.0,-165329000.0,771267000.0,-1359274000.0,0.0,396020000.0,0.0,290357000.0,290357000.0,290357000.0,0.0,260862000.0,0.021,968742000.0,850073000.0,798625000.0,0.57,1.091,8.202,8.17,7436655000.0,0.0,11.315,0.17,0.169,1014142000.0,1633238000.0,14045184000.0,14045184000.0,0.0,0.023,0.14,0.057,0.053,26982000.0,0.0,1.0,210478992.0,210324000.0,211466000.0,66.779,10903655000.0,0.0,181142000.0,866497000.0,51.842,-408781000.0
50,OKE,MRT,2008-12-31,2008-12-31,2008-12-31,2021-08-25,-70616000.0,13126062000.0,12189257750.0,3377602000.0,9748460000.0,1.326,10.004,-1470506000.0,510058000.0,510058000.0,14304221000.0,600467000.0,0.805,4.769,6500776000.0,2388195000.0,4112581000.0,6500776000.0,0.0,243927000.0,0.0,0.054,0.78,770147000.0,1014074000.0,0.063,1014074000.0,770147000.0,505980000.0,1.495,1.475,1.495,2088170000.0,2034068750.0,2088170000.0,8512724345.0,11.0,8.395,-994829000.0,-4.766,1.0,1853212000.0,0.115,1038226000.0,264167000.0,13884790000.0,12698675250.0,858966000.0,755492000.0,0.0,755492000.0,9958523000.0,4193764000.0,5764759000.0,3043014345.0,490953000.0,3963000.0,163435000.0,1651360000.0,-162785000.0,1469577000.0,-1454301000.0,0.0,475677000.0,0.0,311909000.0,311909000.0,311909000.0,0.0,288558000.0,0.019,963683000.0,889529000.0,1122761000.0,0.522,1.457,9.756,9.739,7263769000.0,0.0,14.56,0.188,0.188,1265300000.0,1553033000.0,16157433000.0,16157433000.0,0.0,0.026,0.153,0.061,0.048,30791000.0,0.0,1.0,208998238.0,208738000.0,211520000.0,77.405,12087836000.0,0.0,194071000.0,890815000.0,57.909,-816162000.0
51,OKE,MRT,2008-09-30,2008-09-30,2008-09-30,2021-08-25,-68763000.0,12222063000.0,11673250750.0,3020650000.0,9201413000.0,1.482,9.852,-1387472000.0,72944000.0,72944000.0,15389688000.0,775269000.0,0.835,4.939,5542654000.0,1440404000.0,4102250000.0,5542654000.0,0.0,238935000.0,0.0,0.044,0.76,800956000.0,1039891000.0,0.06,1039891000.0,800956000.0,549034000.0,1.66,1.63,1.66,2058015000.0,2004353250.0,2058015000.0,8518419074.0,11.0,8.192,-829371000.0,-3.97,1.0,1909468000.0,0.11,1040142000.0,251922000.0,13034162000.0,12216381250.0,1120077000.0,756449000.0,0.0,756449000.0,10164048000.0,3617469000.0,6546579000.0,3592490074.0,-760801000.0,-292169000.0,16487000.0,536005000.0,-158332000.0,350947000.0,-1669849000.0,0.0,558101000.0,0.0,346659000.0,346659000.0,346659000.0,0.0,428610000.0,0.02,977440000.0,932028000.0,1294630000.0,0.458,1.746,10.363,10.361,6893171000.0,0.0,17.2,0.208,0.208,1066606000.0,1534241000.0,17299156000.0,17299156000.0,0.0,0.03,0.173,0.066,0.046,25237000.0,0.0,1.0,208865702.0,208892000.0,211272000.0,82.814,11181921000.0,0.0,202375000.0,832407000.0,53.53,-596819000.0
52,OKE,MRT,2008-06-30,2008-06-30,2008-06-30,2021-08-25,-113396000.0,12169072000.0,11348331000.0,3268527000.0,8900545000.0,1.398,9.504,-1241857000.0,98744000.0,98744000.0,14071970000.0,635796000.0,0.876,5.136,5024673000.0,919679000.0,4104994000.0,5024673000.0,0.0,235050000.0,0.0,0.03,0.74,742439000.0,977489000.0,0.062,977489000.0,742439000.0,489022000.0,1.445,1.42,1.445,1983298000.0,1958726500.0,1983298000.0,9325187547.0,13.0,9.54,-644541000.0,-3.089,1.0,1797937000.0,0.113,1042059000.0,253417000.0,12323344000.0,11841245250.0,902129000.0,752952000.0,0.0,752952000.0,10185774000.0,3729598000.0,6456176000.0,5091752547.0,-204544000.0,-286645000.0,164314000.0,870344000.0,-153956000.0,690813000.0,-1492673000.0,26037000.0,597316000.0,0.0,302540000.0,302540000.0,302540000.0,0.0,333256000.0,0.019,944640000.0,853297000.0,1730041000.0,0.512,2.567,16.83,16.896,6476581000.0,0.0,24.415,0.321,0.321,1507639000.0,1517982000.0,15869907000.0,15869907000.0,0.0,0.027,0.154,0.063,0.047,17834000.0,0.0,1.0,208550176.0,208680000.0,212144000.0,76.049,11127013000.0,0.0,186482000.0,755818000.0,53.321,-461071000.0
53,OKE,MRT,2008-03-31,2008-03-31,2008-03-31,2021-08-25,-75177000.0,11239834000.0,10803195500.0,2742664000.0,8497170000.0,1.349,9.632,-1120623000.0,268740000.0,268740000.0,12829719000.0,558037000.0,0.953,4.601,4502175000.0,383781000.0,4118394000.0,4502175000.0,0.0,230993000.0,0.0,0.032,0.72,732170000.0,963163000.0,0.066,963163000.0,732170000.0,474996000.0,1.405,1.38,1.405,2006792000.0,1928298250.0,2006792000.0,9463241856.0,13.0,9.825,-89741000.0,-0.431,1.0,1743563000.0,0.12,1041857000.0,257174000.0,11552405000.0,11378422750.0,329307000.0,754304000.0,0.0,754304000.0,9233042000.0,2879007000.0,6354035000.0,4644221856.0,43230000.0,-297326000.0,-210209000.0,439369000.0,-152033000.0,-107733000.0,-879919000.0,538030000.0,1030882000.0,0.0,295878000.0,295878000.0,295878000.0,0.0,262159000.0,0.02,928040000.0,815523000.0,1585757000.0,0.512,2.314,15.696,15.883,6206267000.0,0.0,22.315,0.319,0.319,1723572000.0,1515793000.0,14573282000.0,14573282000.0,0.0,0.027,0.153,0.064,0.05,20250000.0,0.0,1.0,208121078.0,208340000.0,211642000.0,69.95,10197977000.0,0.0,179118000.0,720733000.0,48.949,-136343000.0
54,OKE,MRT,2007-12-31,2007-12-31,2007-12-31,2021-08-25,-7069000.0,11062034000.0,10580464750.0,2951475000.0,8110559000.0,1.274,9.173,-879681000.0,19105000.0,19105000.0,11753241000.0,498120000.0,1.024,4.617,4838125000.0,623079000.0,4215046000.0,4838125000.0,0.0,227964000.0,0.0,0.031,0.7,745843000.0,973807000.0,0.072,973807000.0,745843000.0,489518000.0,1.42,1.395,1.42,1969308000.0,1979294250.0,1969308000.0,8806563551.0,12.0,9.043,149979000.0,0.699,1.0,1724173000.0,0.128,1043773000.0,256325000.0,11955614000.0,11184710250.0,841362000.0,756260000.0,0.0,756260000.0,9092726000.0,2881667000.0,6211059000.0,4644292551.0,-49163000.0,-303228000.0,-369483000.0,775353000.0,-150188000.0,72961000.0,-1151784000.0,31125000.0,1029660000.0,0.0,304921000.0,304921000.0,304921000.0,0.0,193199000.0,0.023,909509000.0,814664000.0,1436005000.0,0.493,2.358,15.231,15.764,5845181000.0,0.0,22.385,0.345,0.357,1723212000.0,1411492000.0,13477414000.0,13477414000.0,0.0,0.029,0.154,0.067,0.055,20909000.0,0.0,1.0,207473422.0,214692000.0,218596000.0,62.776,10018261000.0,0.0,184597000.0,680543000.0,46.663,69808000.0
55,OKE,MRT,2007-09-30,2007-09-30,2007-09-30,2021-08-25,-27724000.0,10922384000.0,10412726750.0,3278256000.0,7644128000.0,1.207,9.027,-655710000.0,833745000.0,833745000.0,10905024000.0,276622000.0,1.309,4.824,4996016000.0,785475000.0,4210541000.0,4996016000.0,0.0,225112000.0,0.0,0.029,0.68,702656000.0,927768000.0,0.074,927768000.0,702656000.0,452076000.0,1.255,1.23,1.255,1875508000.0,2040956750.0,1875508000.0,8755208351.0,12.0,9.437,326982000.0,1.574,1.0,1661074000.0,0.132,1045690000.0,250580000.0,11533618000.0,11039769250.0,971788000.0,741310000.0,0.0,741310000.0,9046876000.0,2505347000.0,6541529000.0,4924186351.0,748564000.0,26897000.0,-376604000.0,945122000.0,-148112000.0,234271000.0,-468399000.0,162294000.0,982692000.0,0.0,276622000.0,276622000.0,276622000.0,-45000.0,0.0,0.022,905861000.0,755213000.0,979700000.0,0.542,2.626,17.801,18.884,5247993000.0,0.0,23.7,0.392,0.392,923445000.0,1345914000.0,12566098000.0,12566098000.0,0.0,0.027,0.136,0.064,0.056,25895000.0,0.0,1.0,207771576.0,207764000.0,211862000.0,60.483,9876694000.0,0.0,175454000.0,789491000.0,47.538,772909000.0
56,OKE,MRT,2007-06-30,2007-06-30,2007-06-30,2021-08-25,-57709000.0,9988530000.0,10229260250.0,2591169000.0,7397361000.0,1.212,8.395,-521222000.0,303288000.0,303288000.0,10729001000.0,287108000.0,1.127,4.366,4134310000.0,525470000.0,3608840000.0,4134310000.0,0.0,224217000.0,0.0,0.026,0.66,719515000.0,943732000.0,0.076,943732000.0,719515000.0,470150000.0,1.3,1.27,1.3,1861585000.0,2110979000.0,1861585000.0,9419409810.0,13.0,9.981,534125000.0,2.409,1.0,1671935000.0,0.135,1047606000.0,249365000.0,10472054000.0,10828744000.0,787650000.0,767888000.0,26037000.0,741851000.0,8126945000.0,2299892000.0,5827053000.0,5597410810.0,154465000.0,24409000.0,-655047000.0,110034000.0,-148331000.0,-871369000.0,-29513000.0,470489000.0,1055347000.0,0.0,287108000.0,287108000.0,287108000.0,-32000.0,0.0,0.023,900127000.0,771808000.0,1088612000.0,0.508,3.007,19.496,19.388,5044351000.0,0.0,25.205,0.451,0.451,1028968000.0,1369398000.0,12400936000.0,12400936000.0,0.0,0.028,0.136,0.066,0.058,25495000.0,0.0,1.0,222075414.0,221758000.0,225972000.0,55.921,8940924000.0,0.0,183042000.0,772821000.0,40.318,291277000.0
57,OKE,MRT,2007-03-31,2007-03-31,2007-03-31,2021-08-25,-65373000.0,10348911000.0,10276153750.0,3080348000.0,7268563000.0,1.164,9.97,-121218000.0,225510000.0,225510000.0,10256126000.0,329700000.0,1.314,3.681,4047509000.0,420466000.0,3627043000.0,4047509000.0,0.0,235668000.0,0.0,0.028,0.64,787322000.0,1022990000.0,0.086,1022990000.0,787322000.0,541170000.0,1.47,1.44,1.47,2210776000.0,2237080750.0,2210776000.0,8874720275.0,11.0,8.675,823701000.0,3.715,1.0,1700475000.0,0.142,1049523000.0,246152000.0,10777555000.0,10509280750.0,499058000.0,1284413000.0,538030000.0,746383000.0,8138135000.0,2343832000.0,5794303000.0,4988137275.0,203040000.0,-96930000.0,-287926000.0,633187000.0,-145798000.0,20966000.0,-762845000.0,-538030000.0,944919000.0,0.0,329700000.0,329700000.0,329700000.0,118000.0,0.0,0.028,799887000.0,900588000.0,1073934000.0,0.435,2.256,15.129,15.306,4901596000.0,0.0,22.5,0.417,0.417,1286444000.0,1371948000.0,11956601000.0,11956601000.0,0.0,0.032,0.147,0.075,0.066,23630000.0,0.0,1.0,221694990.0,221736000.0,225448000.0,53.923,9299388000.0,0.0,211470000.0,762637000.0,41.939,736516000.0
58,OKE,MRT,2006-12-31,2006-12-31,2006-12-31,2021-08-25,39532000.0,10391082000.0,10371784000.0,3124961000.0,7266121000.0,1.149,9.892,-77342000.0,68268000.0,68268000.0,10276428000.0,306312000.0,1.602,3.689,4055014000.0,24159000.0,4030855000.0,4055014000.0,0.0,235543000.0,0.0,0.028,0.61,739801000.0,975344000.0,0.082,975344000.0,739801000.0,500076000.0,1.37,1.34,1.37,2215958000.0,2273149250.0,2215958000.0,8402224055.0,11.0,8.615,795934000.0,3.553,1.0,1643898000.0,0.138,1051440000.0,239725000.0,11375850000.0,10435208500.0,925194000.0,780004000.0,31125000.0,748879000.0,8175124000.0,1950538000.0,6224586000.0,4752461055.0,17263000.0,-123205000.0,131833000.0,-401034000.0,-135451000.0,-618776000.0,-237237000.0,-31125000.0,873276000.0,0.0,306312000.0,306312000.0,306312000.0,365000.0,0.0,0.026,805850000.0,838048000.0,1076954000.0,0.445,2.145,15.515,15.737,4844921000.0,0.0,21.56,0.399,0.405,1348490000.0,1256759000.0,11920326000.0,11920326000.0,0.0,0.03,0.135,0.071,0.062,16499000.0,0.0,1.0,220429548.0,224012000.0,228954000.0,53.213,9339642000.0,0.0,193764000.0,707444000.0,41.693,1174423000.0
59,OKE,MRT,2006-09-30,2006-09-30,2006-09-30,2021-08-25,33251000.0,10188518000.0,10101950500.0,3076898000.0,7111620000.0,1.348,9.521,523221000.0,409047000.0,409047000.0,12037076000.0,469329000.0,1.449,3.727,4058810000.0,22683000.0,4036127000.0,4058810000.0,0.0,227263000.0,0.0,0.031,0.59,990051000.0,1217314000.0,0.089,1217314000.0,990051000.0,757477000.0,2.245,2.135,2.245,2155597000.0,2167849000.0,2155597000.0,7809950411.0,8.0,6.416,950512000.0,4.198,1.0,1583562000.0,0.116,1025420000.0,232574000.0,10689517000.0,9554794500.0,1028007000.0,755772000.0,0.0,755772000.0,8032921000.0,2123344000.0,5909577000.0,4442494411.0,-44069000.0,-259709000.0,86764000.0,-360893000.0,-127504000.0,-563967000.0,92607000.0,-162294000.0,427291000.0,0.0,469329000.0,469329000.0,469329000.0,2450000.0,0.0,0.034,491924000.0,1091638000.0,1021732000.0,0.263,2.061,9.466,8.416,4767427000.0,0.0,18.895,0.326,0.314,944732000.0,1217404000.0,13620638000.0,13620638000.0,0.0,0.046,0.216,0.104,0.073,14991000.0,0.0,1.0,235114814.0,226400000.0,229840000.0,60.162,9163098000.0,0.0,288148000.0,577591000.0,40.473,953554000.0
60,OKE,MRT,2006-06-30,2006-06-30,2006-06-30,2021-08-25,-43701000.0,10176104000.0,10145434750.0,3224327000.0,6951777000.0,1.396,10.075,595171000.0,645349000.0,645349000.0,12603531000.0,621316000.0,0.971,3.301,4012805000.0,1382485000.0,2630320000.0,4012805000.0,0.0,219925000.0,0.0,0.033,0.57,1134189000.0,1354114000.0,0.096,1354114000.0,1134189000.0,921474000.0,3.02,2.84,3.02,2365992000.0,1975323250.0,2365992000.0,7814943735.0,7.0,5.771,786826000.0,3.35,1.0,1564479000.0,0.11,1027336000.0,212715000.0,9194201000.0,8880818000.0,905098000.0,1127460000.0,0.0,1127460000.0,7810112000.0,3322023000.0,4488089000.0,3996138735.0,89130000.0,-957686000.0,282057000.0,713213000.0,-118145000.0,755490000.0,-858015000.0,-496526000.0,191655000.0,0.0,621316000.0,621316000.0,621316000.0,-129336000.0,0.0,0.044,484851000.0,1079628000.0,943194000.0,0.189,1.689,6.432,5.636,4710504000.0,0.0,17.02,0.282,0.282,971855000.0,1230621000.0,14168010000.0,14168010000.0,0.0,0.061,0.315,0.128,0.08,14354000.0,0.0,1.0,234790760.0,234846000.0,238052000.0,60.329,9148768000.0,0.0,300158000.0,572738000.0,38.956,-97696000.0
61,OKE,MRT,2006-03-31,2006-03-31,2006-03-31,2021-08-25,-505000.0,10731432000.0,9275626250.0,2811196000.0,7920236000.0,1.49,10.99,309701000.0,36800000.0,36800000.0,12416399000.0,568373000.0,0.913,3.557,3855605000.0,751551000.0,3104054000.0,3855605000.0,0.0,196502000.0,0.0,0.035,0.56,1005112000.0,1201614000.0,0.087,1201614000.0,1005112000.0,828009000.0,2.815,2.63,2.815,2355050000.0,1758417750.0,2355050000.0,7345296716.0,7.0,6.113,417378000.0,1.948,1.0,1400495000.0,0.101,991264000.0,177103000.0,10481266000.0,8367640000.0,625029000.0,822695000.0,0.0,822695000.0,8376382000.0,3077707000.0,5298675000.0,3781095716.0,-56115000.0,-828835000.0,234377000.0,310087000.0,-111480000.0,359460000.0,-523252000.0,0.0,107677000.0,0.0,568373000.0,568373000.0,568373000.0,-137264000.0,0.0,0.041,536235000.0,864260000.0,1308421000.0,0.199,1.606,6.652,5.728,5929861000.0,0.0,16.125,0.274,0.25,1501651000.0,1188046000.0,13816894000.0,13816894000.0,0.0,0.061,0.323,0.12,0.073,10719000.0,0.0,1.0,234486556.0,214286000.0,221512000.0,64.479,9740168000.0,0.0,259636000.0,604405000.0,45.454,-266511000.0
62,OKE,MRT,2005-12-31,2005-12-31,2005-12-31,2021-08-25,-56991000.0,9311748000.0,8305248000.0,3798388000.0,5513360000.0,1.526,8.926,305941000.0,158523000.0,158523000.0,11405540000.0,546545000.0,0.907,4.188,3572116000.0,1548046000.0,2024070000.0,3572116000.0,0.0,183394000.0,0.0,0.041,0.545,936674000.0,1120068000.0,0.088,1120068000.0,936674000.0,789066000.0,2.72,2.53,2.72,1794757000.0,1562688500.0,1794757000.0,6038037839.0,6.0,5.391,135564000.0,0.674,1.0,1270690000.0,0.1,683211000.0,147608000.0,7854194000.0,7294353500.0,911393000.0,245009000.0,0.0,245009000.0,7516991000.0,4187936000.0,3329055000.0,2598342839.0,-1543000.0,-802419000.0,-228402000.0,1060004000.0,-110157000.0,694904000.0,-526070000.0,0.0,-170377000.0,0.0,546545000.0,546545000.0,546545000.0,-143397000.0,0.0,0.043,485950000.0,784740000.0,1514620000.0,0.2,1.448,4.754,4.895,3994227000.0,0.0,13.315,0.205,0.211,1961208000.0,1085845000.0,12676230000.0,12676230000.0,0.0,0.066,0.35,0.128,0.074,11842000.0,0.0,1.0,195144036.0,201072000.0,216012000.0,63.043,8628537000.0,0.0,242521000.0,603835000.0,42.913,-389548000.0
63,OKE,MRT,2005-09-30,2005-09-30,2005-09-30,2021-08-25,-266099000.0,10362455000.0,7777099000.0,4482959000.0,5879496000.0,1.353,6.935,-230193000.0,173781000.0,173781000.0,9312266000.0,407300000.0,0.881,6.479,3613476000.0,1509043000.0,2104433000.0,3613476000.0,0.0,175068000.0,41025000.0,0.031,0.53,679929000.0,854997000.0,0.081,854997000.0,679929000.0,562998000.0,2.01,1.87,2.01,1385494000.0,1515425250.0,1385494000.0,5876672750.0,9.0,6.873,-34084000.0,-0.171,1.0,1211601000.0,0.115,720779000.0,116931000.0,7993611000.0,6981916250.0,902667000.0,391939000.0,0.0,391939000.0,8976961000.0,5087760000.0,3889201000.0,3433713750.0,68401000.0,-875067000.0,-207164000.0,1367161000.0,-108689000.0,1003550000.0,-1131258000.0,0.0,196109000.0,0.0,407300000.0,407300000.0,407300000.0,-149304000.0,0.0,0.039,703907000.0,507694000.0,1531696000.0,0.264,2.478,8.43,8.463,4199058000.0,0.0,17.01,0.326,0.323,1471986000.0,856029000.0,10523867000.0,10523867000.0,0.0,0.052,0.269,0.097,0.065,17538000.0,0.0,1.0,201864418.0,199788000.0,217204000.0,52.675,9641676000.0,136668000.0,155698000.0,836639000.0,48.26,-604801000.0
64,OKE,MRT,2005-06-30,2005-06-30,2005-06-30,2021-08-25,-67963000.0,6696870000.0,6792569250.0,2020779000.0,4676091000.0,1.324,7.407,-266561000.0,93410000.0,93410000.0,7889054000.0,251752000.0,1.14,3.469,2536369000.0,118039000.0,2418330000.0,2536369000.0,0.0,151976000.0,39665000.0,0.031,0.505,487202000.0,639178000.0,0.071,639178000.0,487202000.0,390724000.0,1.225,1.155,1.225,1498370000.0,1518898750.0,1498370000.0,5530656520.0,11.0,8.653,-81030000.0,-0.401,1.0,1107017000.0,0.123,225188000.0,96478000.0,7141489000.0,6513252750.0,573051000.0,266311000.0,0.0,266311000.0,5198500000.0,1773152000.0,3425348000.0,3329765520.0,-2357000.0,-176709000.0,-117975000.0,533937000.0,-104048000.0,285943000.0,-473831000.0,0.0,185531000.0,0.0,251752000.0,251752000.0,251752000.0,-21819000.0,0.0,0.028,658951000.0,448066000.0,919868000.0,0.412,2.222,13.226,13.327,3811407000.0,0.0,16.325,0.37,0.367,930074000.0,699110000.0,8996071000.0,8996071000.0,0.0,0.037,0.166,0.075,0.054,15673000.0,0.0,1.0,203967260.0,202286000.0,218124000.0,44.472,6471682000.0,18172000.0,138972000.0,707297000.0,31.993,247627000.0
65,OKE,MRT,2005-03-31,2005-03-31,2005-03-31,2021-08-25,-67031000.0,6849919000.0,6635565500.0,2181246000.0,4668673000.0,1.137,7.583,-265352000.0,106301000.0,106301000.0,6441255000.0,244689000.0,0.827,3.357,2307192000.0,695035000.0,1612157000.0,2307192000.0,0.0,154530000.0,39831000.0,0.03,0.47,481621000.0,636151000.0,0.084,636151000.0,481621000.0,384185000.0,1.185,1.125,1.185,1572133000.0,1508402750.0,1572133000.0,5785267790.0,12.0,9.094,44698000.0,0.216,1.0,1106165000.0,0.147,225188000.0,97436000.0,6188120000.0,6210195250.0,323377000.0,258054000.0,0.0,258054000.0,5277786000.0,2637502000.0,2640284000.0,3211568790.0,13258000.0,-176709000.0,-65905000.0,352082000.0,-97141000.0,168608000.0,-465400000.0,0.0,310050000.0,0.0,244689000.0,244689000.0,244689000.0,-14041000.0,0.0,0.032,653619000.0,452546000.0,1088831000.0,0.397,2.043,13.125,13.004,3792047000.0,0.0,15.41,0.426,0.423,1262960000.0,730933000.0,7547420000.0,7547420000.0,0.0,0.037,0.162,0.078,0.064,13919000.0,0.0,1.0,208408098.0,207332000.0,222002000.0,36.403,6624731000.0,18547000.0,139496000.0,746645000.0,31.952,-456256000.0
66,OKE,MRT,2004-12-31,2004-12-31,2004-12-31,2021-08-25,-9591000.0,7199152000.0,6412562750.0,2494452000.0,4704700000.0,0.902,7.874,-242869000.0,9458000.0,9458000.0,4708717000.0,242178000.0,0.863,3.483,2528734000.0,985532000.0,1543202000.0,2528734000.0,0.0,158053000.0,0.0,0.031,0.44,466700000.0,624753000.0,0.108,624753000.0,466700000.0,379399000.0,1.19,1.15,1.19,1605704000.0,1486300000.0,1605704000.0,5179999580.0,11.0,8.291,-2633000.0,-0.013,1.0,1076811000.0,0.186,225188000.0,87301000.0,6604445000.0,6145010750.0,593028000.0,589805000.0,0.0,589805000.0,5593448000.0,2888795000.0,2704653000.0,2938969580.0,-2714000.0,-176709000.0,154422000.0,42636000.0,-89229000.0,180340000.0,-423290000.0,0.0,240236000.0,0.0,242178000.0,242178000.0,242178000.0,-17505000.0,0.0,0.042,645215000.0,431596000.0,1161984000.0,0.37,1.83,12.136,11.941,3313157000.0,0.0,14.21,0.508,0.501,1412861000.0,649240000.0,5785528000.0,5785528000.0,0.0,0.038,0.163,0.076,0.081,14330000.0,0.0,1.0,206824038.0,203930000.0,210922000.0,28.37,6973964000.0,0.0,137221000.0,601281000.0,34.198,-394343000.0
67,OKE,MRT,2004-09-30,2004-09-30,2004-09-30,2021-08-25,-96183000.0,6424336000.0,6165746250.0,1942581000.0,4481755000.0,0.656,6.799,-236465000.0,37722000.0,37722000.0,3013248000.0,206693000.0,0.837,3.591,2278752000.0,639334000.0,1639418000.0,2278752000.0,0.0,142459000.0,36970000.0,0.031,0.405,413872000.0,556331000.0,0.137,556331000.0,413872000.0,324373000.0,1.095,1.025,1.095,1399388000.0,1395222000.0,1399388000.0,4642720638.0,11.0,8.345,-82474000.0,-0.401,1.0,1034375000.0,0.256,225363000.0,89499000.0,6118957000.0,6116846500.0,656814000.0,83459000.0,0.0,83459000.0,5024948000.0,2321046000.0,2703902000.0,2681288638.0,5644000.0,26997000.0,187256000.0,129350000.0,-82206000.0,341335000.0,-489682000.0,0.0,153991000.0,0.0,206693000.0,206693000.0,206693000.0,-13501000.0,0.0,0.051,649080000.0,385295000.0,775078000.0,0.37,1.916,12.972,11.881,3761280000.0,0.0,13.01,0.662,0.662,696907000.0,550858000.0,4047623000.0,4047623000.0,0.0,0.034,0.148,0.068,0.102,9396000.0,0.0,1.0,206094438.0,205828000.0,213884000.0,19.665,6198973000.0,22408000.0,117680000.0,638447000.0,30.117,-378465000.0
68,OKE,MRT,2004-06-30,2004-06-30,2004-06-30,2021-08-25,-34603000.0,6068855000.0,5947035000.0,1587717000.0,4481138000.0,0.496,7.101,-226952000.0,39445000.0,39445000.0,1945370000.0,190449000.0,0.846,3.167,2000877000.0,381334000.0,1619543000.0,2000877000.0,0.0,157525000.0,35700000.0,0.034,0.375,393475000.0,551000000.0,0.187,551000000.0,393475000.0,300152000.0,1.0,0.935,1.0,1456386000.0,1345567750.0,1456386000.0,4218406776.0,11.0,7.656,-50839000.0,-0.248,1.0,1006112000.0,0.341,225363000.0,93323000.0,5929259000.0,6111442250.0,466145000.0,86668000.0,0.0,86668000.0,4612469000.0,1875665000.0,2736804000.0,2257678776.0,-139033000.0,23321000.0,133809000.0,29688000.0,-76319000.0,174738000.0,-489884000.0,0.0,176113000.0,0.0,190449000.0,186449000.0,186449000.0,-9213000.0,0.0,0.063,636542000.0,369570000.0,882773000.0,0.375,1.55,12.109,10.995,3723349000.0,4000000.0,10.995,0.765,0.764,815657000.0,555783000.0,2951482000.0,2951482000.0,0.0,0.031,0.139,0.064,0.133,8834000.0,0.0,1.0,205336860.0,205090000.0,207942000.0,14.391,5843492000.0,0.0,109703000.0,649406000.0,28.492,-287948000.0
69,OKE,MRT,2004-03-31,2004-03-31,2004-03-31,2021-08-25,-24318000.0,5957908000.0,5834490000.0,1503960000.0,4453948000.0,0.437,7.485,-214410000.0,48597000.0,48597000.0,1543307000.0,195208000.0,0.852,3.016,2009325000.0,341334000.0,1667991000.0,2009325000.0,0.0,151008000.0,35662000.0,0.031,0.355,402152000.0,553160000.0,0.217,553160000.0,402152000.0,308809000.0,1.035,0.965,1.035,1483722000.0,1290120500.0,1483722000.0,4838588377.0,12.0,8.747,-103900000.0,-0.524,1.0,1008472000.0,0.395,225363000.0,93343000.0,5927382000.0,6102432750.0,277489000.0,78005000.0,0.0,78005000.0,4474186000.0,1765891000.0,2708295000.0,2308294377.0,-260751000.0,10367000.0,127270000.0,-20458000.0,-69053000.0,117649000.0,-488910000.0,0.0,110510000.0,0.0,195208000.0,186163000.0,186163000.0,-9213000.0,0.0,0.073,630621000.0,377851000.0,820360000.0,0.343,1.556,12.399,10.894,3696760000.0,9045000.0,11.275,0.905,0.876,944341000.0,583083000.0,2551779000.0,2551779000.0,0.0,0.032,0.144,0.066,0.158,9001000.0,0.0,1.0,204726774.0,198232000.0,202596000.0,12.873,5732545000.0,0.0,113601000.0,674317000.0,28.918,-261931000.0
70,OKE,MRT,2003-12-31,2003-12-31,2003-12-31,2021-08-25,-17626000.0,6211886000.0,5842544500.0,1823335000.0,4388551000.0,0.491,7.704,-212064000.0,54596000.0,54596000.0,1848910000.0,112488000.0,0.901,4.004,2584890000.0,606334000.0,1978556000.0,2584890000.0,0.0,144695000.0,34692000.0,0.031,0.345,336824000.0,481519000.0,0.168,481519000.0,336824000.0,238592000.0,0.74,0.61,0.74,1241392000.0,1227085250.0,1241392000.0,3945862374.0,12.0,8.195,-210098000.0,-1.304,1.0,1021556000.0,0.356,225615000.0,98232000.0,6491788000.0,6043043250.0,519401000.0,69283000.0,0.0,69283000.0,4970494000.0,2024777000.0,2945717000.0,1794466374.0,-61350000.0,-409633000.0,187028000.0,720752000.0,-71242000.0,557112000.0,-620428000.0,0.0,1966000.0,0.0,112488000.0,88277000.0,88277000.0,-49924000.0,0.0,0.031,598899000.0,422657000.0,813895000.0,0.466,1.446,20.328,14.919,3691826000.0,24211000.0,11.04,0.625,0.62,970141000.0,495971000.0,2870466000.0,2870466000.0,0.0,0.015,0.072,0.056,0.117,6289000.0,0.0,1.0,162542244.0,161138000.0,193998000.0,17.814,5986271000.0,0.0,126104000.0,668187000.0,37.15,-201442000.0
71,OKE,MRT,2003-09-30,2003-09-30,2003-09-30,2021-08-25,19066000.0,5549491000.0,5741971500.0,1414705000.0,4134786000.0,0.447,7.711,-94917000.0,20080000.0,20080000.0,1565243000.0,87500000.0,1.029,3.622,2171476000.0,173334000.0,1998142000.0,2171476000.0,0.0,156762000.0,32375000.0,0.033,0.333,311921000.0,468683000.0,0.183,468683000.0,311921000.0,210024000.0,0.545,0.425,0.545,1200771000.0,1258140250.0,1200771000.0,3384231753.0,11.0,7.221,142699000.0,0.916,1.0,1000780000.0,0.39,228662000.0,101897000.0,6097340000.0,5851343500.0,532136000.0,71980000.0,0.0,71980000.0,4348720000.0,1374885000.0,2973835000.0,1515183753.0,6206000.0,-437003000.0,480270000.0,-102130000.0,-71221000.0,21503000.0,-252913000.0,0.0,237616000.0,0.0,87500000.0,54014000.0,54014000.0,-44046000.0,0.0,0.021,594808000.0,405972000.0,650003000.0,0.611,1.262,28.052,18.505,3375763000.0,33486000.0,10.085,0.59,0.612,601931000.0,433075000.0,2566023000.0,2566023000.0,0.0,0.009,0.043,0.053,0.122,4062000.0,0.0,1.0,150241324.0,155730000.0,157402000.0,16.477,5320829000.0,0.0,122524000.0,683340000.0,34.167,39820000.0
72,OKE,MRT,2003-06-30,2003-06-30,2003-06-30,2021-08-25,-968000.0,5618675000.0,5778057750.0,1457480000.0,4161195000.0,0.382,8.296,-72964000.0,157993000.0,157993000.0,1189063000.0,103624000.0,1.069,3.551,2027041000.0,6334000.0,2020707000.0,2027041000.0,0.0,155174000.0,31634000.0,0.033,0.325,339436000.0,494610000.0,0.224,494610000.0,339436000.0,233520000.0,0.625,0.505,0.625,1234597000.0,1294328250.0,1234597000.0,3590972138.0,11.0,7.26,396394000.0,2.664,1.0,1017532000.0,0.461,230729000.0,105916000.0,5893221000.0,5815346250.0,350782000.0,67076000.0,0.0,67076000.0,4384078000.0,1363773000.0,3020305000.0,1871052138.0,114215000.0,-433501000.0,220841000.0,12667000.0,-72077000.0,-123985000.0,-231158000.0,0.0,469358000.0,0.0,103624000.0,64863000.0,64863000.0,-47389000.0,0.0,0.029,587307000.0,430225000.0,763486000.0,0.52,1.516,28.846,15.704,3340929000.0,38761000.0,9.815,0.848,0.662,666218000.0,447043000.0,2206595000.0,2206595000.0,0.0,0.011,0.05,0.058,0.154,3158000.0,0.0,1.0,190631904.0,148824000.0,194050000.0,14.827,5387946000.0,0.0,129896000.0,636835000.0,36.203,93707000.0
73,OKE,MRT,2003-03-31,2003-03-31,2003-03-31,2021-08-25,-11255000.0,5990126000.0,5799921750.0,1914741000.0,4075385000.0,0.382,7.354,-88548000.0,293965000.0,293965000.0,1186967000.0,116459000.0,1.067,3.864,2013885000.0,6334000.0,2007551000.0,2013885000.0,0.0,154170000.0,33420000.0,0.035,0.318,363868000.0,518038000.0,0.234,518038000.0,363868000.0,255068000.0,0.65,0.535,0.65,1231581000.0,1321161750.0,1231581000.0,3186792289.0,9.0,6.152,640965000.0,3.827,1.0,1025829000.0,0.464,226101000.0,108800000.0,5689824000.0,5834417250.0,94237000.0,82116000.0,0.0,82116000.0,4758545000.0,1794121000.0,2964424000.0,1368311289.0,132283000.0,-424006000.0,221591000.0,-271281000.0,-76263000.0,-411369000.0,-185861000.0,57461000.0,729513000.0,0.0,116459000.0,73468000.0,73468000.0,-50454000.0,0.0,0.033,581211000.0,444618000.0,1189689000.0,0.489,1.111,18.625,14.108,3317209000.0,42991000.0,9.17,0.618,0.694,1256552000.0,456581000.0,2212796000.0,2212796000.0,0.0,0.013,0.056,0.062,0.164,1966000.0,0.0,1.0,149216062.0,167466000.0,197028000.0,13.213,5764025000.0,0.0,138609000.0,611487000.0,34.419,120620000.0
74,OKE,MRT,2002-12-31,2002-12-31,2002-12-31,2021-08-25,-5546000.0,5809594000.0,5684168000.0,1695516000.0,4114078000.0,0.37,6.834,-108262000.0,73522000.0,73522000.0,1183631000.0,166624000.0,0.947,3.254,1892003000.0,271834000.0,1620169000.0,1892003000.0,0.0,147843000.0,21096000.0,0.032,0.31,375514000.0,523357000.0,0.249,523357000.0,375514000.0,269109000.0,0.7,0.695,0.7,1365612000.0,1345714250.0,1365612000.0,3159328667.0,8.0,6.037,700784000.0,3.507,1.0,920649000.0,0.438,113510000.0,106405000.0,5724989000.0,5942416250.0,75493000.0,55526000.0,0.0,55526000.0,4443982000.0,1789576000.0,2654406000.0,1160379667.0,45293000.0,-4036000.0,3673000.0,-635729000.0,-74510000.0,-691982000.0,-71771000.0,57461000.0,809046000.0,0.0,166624000.0,129524000.0,129524000.0,-10648000.0,0.0,0.062,568209000.0,352440000.0,672153000.0,0.443,0.85,8.959,13.714,3015932000.0,37100000.0,9.6,0.551,0.912,773017000.0,507836000.0,2104280000.0,2104280000.0,0.0,0.023,0.096,0.063,0.178,2121000.0,0.0,1.0,120872882.0,199828000.0,201056000.0,10.53,5696084000.0,0.0,102485000.0,647413000.0,28.505,-94060000.0
75,OKE,MRT,2002-09-30,2002-09-30,2002-09-30,2021-08-25,-808000.0,5693836000.0,5695094500.0,1450453000.0,4243383000.0,0.15,6.731,-226808000.0,5909000.0,5909000.0,51935000.0,123011000.0,0.892,3.232,2004858000.0,377440000.0,1627418000.0,2004858000.0,0.0,130722000.0,20615000.0,0.033,0.31,297944000.0,428666000.0,0.502,428666000.0,297944000.0,183275000.0,0.51,0.505,0.51,1345523000.0,1320633750.0,1345523000.0,3093829897.0,10.0,7.217,662715000.0,3.315,1.0,801783000.0,0.939,113868000.0,114669000.0,5953351000.0,6108202000.0,64913000.0,53926000.0,0.0,53926000.0,4348313000.0,1625566000.0,2722747000.0,1141721897.0,5803000.0,-3258000.0,-298485000.0,-285440000.0,-74170000.0,-658095000.0,-225625000.0,57461000.0,889523000.0,0.0,123011000.0,85911000.0,85911000.0,-32192000.0,0.0,0.101,554727000.0,247056000.0,362869000.0,0.608,0.849,13.29,18.529,3327039000.0,37100000.0,9.45,1.337,2.213,487998000.0,488514000.0,853718000.0,853718000.0,0.0,0.015,0.065,0.049,0.349,1913000.0,0.0,1.0,120817132.0,199914000.0,201146000.0,4.27,5579968000.0,0.0,60264000.0,674829000.0,27.912,-175113000.0
76,OKE,MRT,2002-06-30,2002-06-30,2002-06-30,2021-08-25,-747000.0,5706131000.0,5694620500.0,1505219000.0,4200912000.0,0.149,6.718,-251771000.0,43778000.0,43778000.0,53412000.0,121079000.0,0.956,3.252,1995886000.0,361106000.0,1634780000.0,1995886000.0,0.0,131527000.0,21147000.0,0.028,0.31,291648000.0,423175000.0,0.499,423175000.0,291648000.0,171239000.0,0.505,0.5,0.505,1341931000.0,1304860750.0,1341931000.0,3430836623.0,12.0,8.107,542560000.0,2.716,1.0,794220000.0,0.937,113868000.0,120409000.0,5969505000.0,6161688500.0,75206000.0,176207000.0,0.0,176207000.0,4364200000.0,1574866000.0,2789334000.0,1324534623.0,43536000.0,-3092000.0,8451000.0,-439992000.0,-74058000.0,-505599000.0,-245196000.0,57461000.0,794331000.0,0.0,121079000.0,83979000.0,83979000.0,-28849000.0,0.0,0.099,547032000.0,247188000.0,435940000.0,0.614,0.987,15.772,21.733,3322488000.0,37100000.0,10.975,1.563,2.586,561753000.0,486381000.0,847632000.0,847632000.0,0.0,0.015,0.064,0.047,0.344,1541000.0,0.0,1.0,120686526.0,199754000.0,201414000.0,4.243,5592263000.0,0.0,50160000.0,585415000.0,27.996,-69647000.0
77,OKE,MRT,2002-03-31,2002-03-31,2002-03-31,2021-08-25,6151000.0,5527111000.0,5752012000.0,1353225000.0,4173886000.0,0.144,6.644,-260781000.0,160413000.0,160413000.0,53888000.0,109304000.0,0.968,3.156,2266715000.0,654045000.0,1612670000.0,2266715000.0,0.0,130678000.0,22547000.0,0.03,0.31,276669000.0,407347000.0,0.491,407347000.0,276669000.0,147864000.0,0.46,0.455,0.46,1329791000.0,1288325250.0,1329791000.0,3655303728.0,13.0,8.973,205930000.0,1.029,1.0,776062000.0,0.935,113868000.0,128805000.0,6121820000.0,6181515000.0,58982000.0,247098000.0,0.0,247098000.0,4197320000.0,1397725000.0,2799595000.0,1256184728.0,150456000.0,-14344000.0,8310000.0,57689000.0,-73954000.0,-7955000.0,-308300000.0,7425000.0,466711000.0,0.0,109304000.0,72204000.0,72204000.0,-25784000.0,0.0,0.087,532329000.0,243733000.0,355506000.0,0.674,0.945,17.398,22.663,3300397000.0,37100000.0,10.425,1.514,2.514,719842000.0,469566000.0,829950000.0,829950000.0,0.0,0.013,0.056,0.045,0.333,1265000.0,0.0,1.0,120497336.0,200140000.0,200552000.0,4.147,5413243000.0,0.0,38560000.0,567933000.0,27.047,-44500000.0
78,OKE,MRT,2001-12-31,2001-12-31,2001-12-31,2021-08-25,-1780000.0,5853300000.0,5943538000.0,1542767000.0,4310533000.0,0.139,6.362,-298111000.0,28229000.0,28229000.0,55644000.0,101565000.0,0.861,3.626,2469129000.0,849106000.0,1620023000.0,2469129000.0,0.0,133533000.0,21697000.0,0.035,0.31,279213000.0,412746000.0,0.499,412746000.0,279213000.0,139055000.0,0.425,0.425,0.425,1265290000.0,1272967750.0,1265290000.0,3431008387.0,12.0,8.313,107240000.0,0.539,1.0,770731000.0,0.933,113510000.0,140158000.0,6388132000.0,6189788000.0,102827000.0,107982000.0,0.0,107982000.0,4588010000.0,1792558000.0,2795452000.0,1065184387.0,27980000.0,-14940000.0,10661000.0,26861000.0,-73841000.0,-36319000.0,-341052000.0,7425000.0,405351000.0,0.0,101565000.0,64465000.0,64465000.0,-24879000.0,0.0,0.078,524098000.0,246633000.0,445443000.0,0.729,0.842,16.523,20.988,3047846000.0,37100000.0,8.92,1.289,2.147,658466000.0,415513000.0,826375000.0,826375000.0,0.0,0.011,0.051,0.045,0.338,1110000.0,0.0,1.0,119415290.0,198898000.0,199342000.0,4.155,5739790000.0,0.0,37490000.0,480809000.0,28.858,-249791000.0
79,OKE,MRT,2001-09-30,2001-09-30,2001-09-30,2021-08-25,5623000.0,5691940000.0,6320299250.0,1543291000.0,4148649000.0,0.135,6.443,-317670000.0,68911000.0,68911000.0,59961000.0,152591000.0,0.87,3.438,2434735000.0,795331000.0,1639404000.0,2434735000.0,0.0,126002000.0,19604000.0,0.037,0.31,375421000.0,501423000.0,0.589,501423000.0,375421000.0,230941000.0,0.64,0.64,0.64,1282431000.0,1262884500.0,1282431000.0,3208829901.0,9.0,6.399,-367065000.0,-1.844,1.0,791234000.0,0.93,117279000.0,144480000.0,6167297000.0,6074733000.0,114231000.0,217786000.0,0.0,217786000.0,4409509000.0,1773188000.0,2636321000.0,986460901.0,-31000.0,-45652000.0,18376000.0,472104000.0,-70867000.0,419613000.0,-370249000.0,7425000.0,-49395000.0,0.0,152591000.0,115491000.0,115491000.0,-5826000.0,0.0,0.136,443291000.0,347943000.0,363004000.0,0.484,0.769,8.541,12.938,3215286000.0,37100000.0,8.28,1.159,1.936,539456000.0,430348000.0,851195000.0,851195000.0,0.0,0.018,0.091,0.062,0.441,984000.0,0.0,1.0,119137790.0,199042000.0,199266000.0,4.276,5574661000.0,8009000.0,78350000.0,508475000.0,28.007,-229897000.0
80,OKE,MRT,2001-06-30,2001-06-30,2001-06-30,2021-08-25,1954000.0,5935697000.0,6484052000.0,1801207000.0,4134490000.0,0.129,6.417,-340964000.0,83872000.0,83872000.0,59991000.0,143890000.0,0.905,3.653,2306241000.0,683356000.0,1622885000.0,2306241000.0,0.0,122748000.0,18782000.0,0.031,0.31,369054000.0,491802000.0,0.587,491802000.0,369054000.0,226968000.0,0.565,0.565,0.565,1275789000.0,1239202750.0,1275789000.0,3222245438.0,9.0,6.552,-547958000.0,-2.756,1.0,778301000.0,0.928,117934000.0,142086000.0,6048811000.0,5950092250.0,95841000.0,200682000.0,0.0,200682000.0,4659908000.0,1991321000.0,2668587000.0,1171866438.0,-6895000.0,-45644000.0,15736000.0,647193000.0,-70762000.0,592167000.0,-392068000.0,7425000.0,-206994000.0,0.0,143890000.0,106790000.0,106790000.0,-5826000.0,0.0,0.127,439023000.0,339278000.0,527058000.0,0.549,0.919,10.974,17.434,3181862000.0,37100000.0,9.85,1.398,2.336,671416000.0,430060000.0,838292000.0,838292000.0,0.0,0.016,0.086,0.062,0.44,935000.0,0.0,1.0,118971212.0,198814000.0,199466000.0,4.216,5817763000.0,6861000.0,83078000.0,406319000.0,29.262,-190114000.0
81,OKE,MRT,2001-03-31,2001-03-31,2001-03-31,2021-08-25,-7538000.0,6293215000.0,6343153750.0,2271417000.0,4021798000.0,0.127,6.392,-331634000.0,13239000.0,13239000.0,57129000.0,147444000.0,1.086,3.962,2063618000.0,199558000.0,1864060000.0,2063618000.0,0.0,122053000.0,19040000.0,0.03,0.31,371661000.0,493714000.0,0.611,493714000.0,371661000.0,237481000.0,0.58,0.58,0.58,1268361000.0,1219164250.0,1268361000.0,3399477553.0,9.0,6.886,-504283000.0,-2.541,1.0,750955000.0,0.929,97038000.0,134180000.0,6154912000.0,5723892000.0,51949000.0,215904000.0,0.0,215904000.0,5024854000.0,2091644000.0,2933210000.0,1212440553.0,-49752000.0,-185908000.0,13775000.0,710985000.0,-70603000.0,654157000.0,-531260000.0,0.0,-172649000.0,0.0,147444000.0,110344000.0,110344000.0,-5826000.0,0.0,0.137,409586000.0,341369000.0,1062885000.0,0.534,0.956,10.988,17.625,3131479000.0,37100000.0,10.223,1.5,2.51,1354772000.0,434117000.0,808084000.0,808084000.0,0.0,0.017,0.091,0.065,0.46,803000.0,0.0,1.0,118605092.0,198428000.0,199192000.0,4.072,6196177000.0,10425000.0,90037000.0,419827000.0,31.226,179773000.0
82,OKE,MRT,2000-12-31,2000-12-31,2000-12-31,2021-08-25,0.0,7360345000.0,5663487000.0,3324959000.0,4035386000.0,0.132,6.228,-239582000.0,121049000.0,121049000.0,53303000.0,145607000.0,0.943,5.009,2308086000.0,834873000.0,1473213000.0,2308086000.0,0.0,119425000.0,18319000.0,0.026,0.31,350920000.0,470345000.0,0.631,470345000.0,350920000.0,232290000.0,0.615,0.615,0.615,1224957000.0,1198701000.0,1224957000.0,3371349897.0,10.0,7.168,-502914000.0,-2.557,1.0,692349000.0,0.929,92909000.0,118630000.0,5927912000.0,5216219750.0,75919000.0,202193000.0,0.0,202193000.0,6135388000.0,3526561000.0,2608827000.0,1405197897.0,177000.0,-490779000.0,-453000.0,1080017000.0,-70475000.0,1009089000.0,-745580000.0,0.0,-263332000.0,0.0,145607000.0,108507000.0,108507000.0,-5826000.0,0.0,0.146,389789000.0,302560000.0,1247519000.0,0.504,1.147,12.95,19.565,3096013000.0,37100000.0,12.033,1.885,3.174,1627714000.0,387789000.0,745652000.0,745652000.0,0.0,0.019,0.091,0.067,0.471,632000.0,0.0,1.0,116783536.0,196680000.0,196776000.0,3.791,7267436000.0,10425000.0,86683000.0,391098000.0,36.951,-201602000.0
83,OKE,MRT,2000-09-30,2000-09-30,2000-09-30,2021-08-25,0.0,6346951000.0,4633710750.0,2405842000.0,3941109000.0,0.173,6.042,-233261000.0,137000.0,137000.0,54349000.0,135614000.0,0.943,4.344,1966289000.0,495472000.0,1470817000.0,1966289000.0,0.0,150783000.0,0.0,0.031,0.31,331984000.0,482767000.0,0.602,482767000.0,331984000.0,221436000.0,0.522,0.522,0.522,1187704000.0,1180342750.0,1187704000.0,2894635060.0,9.0,5.996,-253363000.0,-1.289,1.0,747592000.0,0.932,92496000.0,110548000.0,5668734000.0,4632208500.0,322983000.0,216905000.0,0.0,216905000.0,5159247000.0,2551873000.0,2607374000.0,1161315060.0,-4265000.0,-477954000.0,-50011000.0,859218000.0,-83038000.0,726169000.0,-710332000.0,0.0,-20102000.0,0.0,135614000.0,95422000.0,95422000.0,0.0,0.0,0.119,437997000.0,309595000.0,1129389000.0,0.594,0.978,12.17,19.047,2976553000.0,40192000.0,9.943,1.448,2.437,1147918000.0,362557000.0,801941000.0,801941000.0,0.0,0.021,0.081,0.072,0.414,600000.0,0.0,1.0,116803124.0,196584000.0,196600000.0,4.079,6254455000.0,0.0,85822000.0,392788000.0,31.816,-146031000.0
84,OKE,MRT,2000-06-30,2000-06-30,2000-06-30,2021-08-25,0.0,5372104000.0,,1786863000.0,3585241000.0,,6.083,-195319000.0,7137000.0,7137000.0,49650000.0,127327000.0,0.956,3.493,1740457000.0,257870000.0,1482587000.0,1740457000.0,0.0,146830000.0,0.0,0.048,0.31,305740000.0,452570000.0,0.613,452570000.0,305740000.0,209825000.0,0.458,0.458,0.458,1195635000.0,,1195635000.0,2106614436.0,7.0,4.655,-84781000.0,-0.431,1.0,688669000.0,0.933,91523000.0,95915000.0,5144010000.0,,161018000.0,210374000.0,0.0,210374000.0,4176469000.0,1869891000.0,2306578000.0,757563436.0,-2108000.0,-477954000.0,-67313000.0,715096000.0,-83590000.0,564193000.0,-676839000.0,0.0,110538000.0,0.0,127327000.0,87134000.0,87134000.0,0.0,0.0,0.118,406580000.0,282089000.0,777079000.0,0.677,0.634,8.694,14.165,2919512000.0,40193000.0,6.487,1.026,1.727,841290000.0,370815000.0,738319000.0,738319000.0,0.0,,,,0.414,432000.0,0.0,1.0,116772784.0,196568000.0,196584000.0,3.756,5280581000.0,0.0,82498000.0,407506000.0,26.864,-83028000.0
85,OKE,MRT,2000-03-31,2000-03-31,2000-03-31,2021-08-25,0.0,3574548000.0,,612423000.0,2962125000.0,,6.03,-171305000.0,50001000.0,50001000.0,47487000.0,109646000.0,0.849,2.013,1399052000.0,276868000.0,1122184000.0,1399052000.0,0.0,143837000.0,0.0,0.05,0.31,257840000.0,401677000.0,0.575,401677000.0,257840000.0,175931000.0,0.345,0.345,0.345,1186508000.0,,1186508000.0,1997876575.0,8.0,4.974,77457000.0,0.394,1.0,651214000.0,0.932,77698000.0,81909000.0,4124223000.0,,61345000.0,204093000.0,0.0,204093000.0,2388040000.0,721678000.0,1666362000.0,738865575.0,55330000.0,-619266000.0,-72755000.0,759724000.0,-84416000.0,602553000.0,-795985000.0,0.0,248762000.0,0.0,109646000.0,69421000.0,69421000.0,0.0,0.0,0.099,415943000.0,235271000.0,286618000.0,0.899,0.623,10.643,18.116,2423817000.0,40225000.0,6.25,1.057,1.76,394444000.0,361988000.0,698701000.0,698701000.0,0.0,,,,0.369,269000.0,0.0,1.0,118218492.0,196752000.0,196756000.0,3.551,3496850000.0,0.0,66285000.0,399549000.0,17.773,-109255000.0
86,OKE,MRT,1999-12-31,1999-12-31,1999-12-31,2021-08-25,0.0,3241240000.0,,595386000.0,2645854000.0,,5.715,-235910000.0,41000000.0,41000000.0,45546000.0,107074000.0,0.757,1.815,1259083000.0,484009000.0,775074000.0,1259083000.0,0.0,141602000.0,18212000.0,0.049,0.31,246849000.0,388451000.0,0.545,388451000.0,246849000.0,174343000.0,0.483,0.37,0.483,1151524000.0,,1151524000.0,1868369574.0,8.0,4.81,-114396000.0,-0.568,1.0,666711000.0,0.936,80743000.0,72506000.0,3591867000.0,,134871000.0,195847000.0,0.0,195847000.0,2089716000.0,786713000.0,1303003000.0,776120574.0,5477000.0,-313769000.0,-61258000.0,645461000.0,-85243000.0,498960000.0,-614997000.0,0.0,121514000.0,0.0,107074000.0,66800000.0,66800000.0,0.0,0.0,0.094,423904000.0,242807000.0,237653000.0,0.642,0.674,11.619,13.007,2121778000.0,40274000.0,6.282,1.09,1.777,371313000.0,317985000.0,712257000.0,712257000.0,0.0,,,,0.347,108000.0,0.0,1.0,123536900.0,201484000.0,201536000.0,3.535,3160497000.0,8383000.0,67269000.0,350242000.0,15.686,-191327000.0
87,OKE,MRT,1999-09-30,1999-08-31,1999-08-31,2021-08-25,0.0,3024945000.0,2723716000.0,439267000.0,2585678000.0,0.23,5.696,-147670000.0,60464000.0,60464000.0,39715000.0,106357000.0,0.808,1.576,1096651000.0,286564000.0,810087000.0,1096651000.0,0.0,129704000.0,17139000.0,0.04,0.31,226222000.0,355926000.0,0.569,355926000.0,226222000.0,173413000.0,0.43,0.43,0.43,1174459000.0,1171665000.0,1174459000.0,1913180487.0,8.0,5.375,-13473000.0,-0.065,1.0,585756000.0,0.937,81560000.0,52809000.0,3435990000.0,2930710000.0,118951000.0,188631000.0,0.0,188631000.0,1850486000.0,543582000.0,1306904000.0,981564487.0,4316000.0,-344494000.0,-21483000.0,522767000.0,-76281000.0,421705000.0,-551586000.0,0.0,134197000.0,0.0,106357000.0,69110000.0,69110000.0,0.0,0.0,0.11,370034000.0,215722000.0,183759000.0,0.721,0.836,14.203,18.058,2068829000.0,37247000.0,7.765,1.569,2.56,228336000.0,301536000.0,625471000.0,625471000.0,0.0,0.025,0.059,0.077,0.362,0.0,0.0,1.0,126408820.0,206204000.0,206284000.0,3.033,2943385000.0,9702000.0,67056000.0,334810000.0,14.274,-104315000.0
88,OKE,MRT,1999-06-30,1999-06-30,1999-06-30,2021-08-25,,,,,,,,,,,,,,,,,,,,,,0.039,0.307,,,,,,,,,,,,,1695626778.0,,,,,1.0,,,,,,,,,,,,,,1004446778.0,,,,,,,,,,,,,,,,,,,,,,,,,,7.938,,,,,,,,,,,,,,1.0,126544476.0,126360000.0,,,,,,,,
89,OKE,MRT,1999-03-31,1999-03-31,1999-03-31,2021-08-25,,,,,,,,,,,,,,,,,,,,,,0.049,0.305,,,,,,,,,,,,,1377697603.0,,,,,1.0,,,,,,,,,,,,,,780473603.0,,,,,,,,,,,,,,,,,,,,,,,,,,6.188,,,,,,,,,,,,,,1.0,126137148.0,126516000.0,,,,,,,,
90,OKE,MRT,1998-12-31,1998-12-31,1998-12-31,2021-08-25,,,,,,,,,,,,,,,,,,,,,,0.033,0.302,,,,,,,,,,,,,1682029249.0,,,,,1.0,,,,,,,,,,,,,,1140851249.0,,,,,,,,,,,,,,,,,,,,,,,,,,9.033,,,,,,,,,,,,,,1.0,126305148.0,126140000.0,,,,,,,,
91,OKE,MRT,1998-09-30,1998-08-31,1998-08-31,2021-08-25,0.0,2422487000.0,2340145250.0,338073000.0,2084414000.0,0.233,9.527,-110887000.0,86000.0,86000.0,33217000.0,101795000.0,0.734,1.073,541264000.0,228909000.0,312355000.0,541264000.0,0.0,101653000.0,17042000.0,0.04,0.3,203455000.0,305108000.0,0.559,305108000.0,203455000.0,168380000.0,0.61,0.557,0.61,1168871000.0,1168068000.0,1168871000.0,1358900239.0,7.0,4.454,235815000.0,1.922,1.0,512422000.0,0.939,77422000.0,35075000.0,2425430000.0,2300946750.0,138380000.0,10505000.0,0.0,10505000.0,1253616000.0,460813000.0,792803000.0,947370239.0,-14291000.0,-185049000.0,6081000.0,-12557000.0,-54803000.0,-61279000.0,-299714000.0,0.0,346702000.0,0.0,101795000.0,74816000.0,74816000.0,0.0,0.0,0.137,323611000.0,188811000.0,136601000.0,0.492,0.811,12.663,12.32,1686161000.0,26979000.0,7.515,1.736,1.69,177649000.0,270808000.0,545639000.0,545639000.0,0.0,0.032,0.064,0.088,0.373,0.0,0.0,1.0,126063904.0,122696000.0,182916000.0,4.447,2345065000.0,10094000.0,66585000.0,330784000.0,19.113,-122740000.0
92,OKE,MRT,1998-06-30,1998-05-31,1998-05-31,2021-08-25,0.0,2309007000.0,2043875250.0,351342000.0,1957665000.0,0.471,9.466,-233513000.0,26734000.0,26734000.0,407322000.0,108375000.0,0.872,0.932,438264000.0,123909000.0,314355000.0,438264000.0,0.0,94147000.0,0.0,0.031,0.3,208291000.0,302438000.0,0.314,302438000.0,208291000.0,174878000.0,0.72,0.547,0.72,1195345000.0,991506750.0,1195345000.0,1641833018.0,8.0,5.429,137970000.0,1.093,1.0,554876000.0,0.577,90924000.0,33413000.0,2226823000.0,2049926750.0,99814000.0,0.0,0.0,0.0,1113662000.0,402790000.0,710872000.0,1233155018.0,13883000.0,0.0,6714000.0,-75626000.0,-51852000.0,-120764000.0,-236836000.0,0.0,371483000.0,0.0,108375000.0,90416000.0,90416000.0,0.0,0.0,0.094,346585000.0,208291000.0,158177000.0,0.417,1.032,13.639,13.562,1642870000.0,17959000.0,9.765,1.282,1.282,212196000.0,300786000.0,962198000.0,962198000.0,0.0,0.044,0.091,0.102,0.216,0.0,0.0,1.0,126283156.0,126283156.0,,7.619,2218083000.0,0.0,66503000.0,312204000.0,17.564,-51448000.0
93,OKE,MRT,1998-03-31,1998-02-28,1998-02-28,2021-08-25,0.0,2334845000.0,,539948000.0,1794897000.0,,9.494,-85685000.0,86701000.0,86701000.0,239277000.0,95208000.0,1.262,0.967,495379000.0,171024000.0,324355000.0,495379000.0,0.0,85565000.0,0.0,0.034,0.3,188354000.0,273919000.0,0.365,273919000.0,188354000.0,152615000.0,0.7,0.54,0.7,1186814000.0,,1186814000.0,1649493165.0,9.0,6.022,184449000.0,1.475,1.0,510500000.0,0.681,91075000.0,35739000.0,2224609000.0,,67170000.0,0.0,0.0,0.0,1148031000.0,427839000.0,720192000.0,1093859165.0,80606000.0,0.0,10043000.0,-62013000.0,-40178000.0,-101688000.0,-87840000.0,0.0,270134000.0,0.0,95208000.0,86161000.0,86161000.0,0.0,0.0,0.115,322146000.0,188354000.0,151280000.0,0.429,0.922,12.696,12.5,1491972000.0,9047000.0,8.75,1.459,1.459,368899000.0,292303000.0,749777000.0,749777000.0,0.0,,,,0.251,0.0,0.0,1.0,125012476.0,125012476.0,,5.998,2243770000.0,0.0,57407000.0,313751000.0,17.948,112109000.0
94,OKE,MRT,1997-12-31,1997-11-30,1997-11-30,2021-08-25,0.0,2294242000.0,,532681000.0,1761561000.0,,9.916,-104036000.0,12895000.0,12895000.0,84684000.0,59613000.0,1.202,1.046,568529000.0,240315000.0,328214000.0,568529000.0,0.0,75038000.0,0.0,0.032,0.3,128057000.0,203095000.0,0.405,203095000.0,128057000.0,94227000.0,0.532,0.53,0.532,1121242000.0,,1121242000.0,,,,30933000.0,0.274,1.0,416692000.0,0.831,79871000.0,33830000.0,2326925000.0,,143801000.0,0.0,0.0,0.0,1173000000.0,443080000.0,729920000.0,1168241588.0,-133000.0,0.0,9189000.0,-4028000.0,-28744000.0,-33123000.0,-101979000.0,0.0,134969000.0,0.0,59613000.0,59435000.0,59435000.0,0.0,0.0,0.119,288635000.0,128057000.0,131775000.0,0.564,1.042,19.656,17.566,1477741000.0,178000.0,9.345,2.33,2.108,322826000.0,236914000.0,501376000.0,501376000.0,0.0,,,,0.255,0.0,0.0,1.0,125012476.0,113072000.0,,4.434,2214371000.0,0.0,34614000.0,306023000.0,19.584,89601000.0
95,OKE,MRT,1997-09-30,1997-08-31,1997-08-31,2021-08-25,0.0,1237407000.0,,207277000.0,1030130000.0,,4.184,-90530000.0,14377000.0,14377000.0,22491000.0,59268000.0,1.096,1.675,392123000.0,63909000.0,328214000.0,392123000.0,0.0,74509000.0,6218000.0,0.037,0.3,128115000.0,202624000.0,0.465,202624000.0,128115000.0,94107000.0,0.532,0.532,0.532,462626000.0,,462626000.0,,,,61521000.0,0.556,1.0,413476000.0,0.948,4756000.0,34008000.0,1421350000.0,,78330000.0,324000.0,0.0,324000.0,774781000.0,189047000.0,585734000.0,,13779000.0,0.0,7363000.0,-19230000.0,-28033000.0,-49440000.0,-88832000.0,0.0,152051000.0,0.0,59268000.0,58983000.0,58983000.0,0.0,0.0,0.135,285361000.0,128115000.0,80155000.0,0.564,,,15.216,843337000.0,285000.0,8.095,,2.053,100937000.0,232823000.0,435967000.0,435967000.0,0.0,,,,0.294,0.0,0.0,1.0,,110576724.0,110576724.0,3.943,1232651000.0,0.0,34839000.0,197681000.0,11.147,18230000.0
96,OKE,MRT,1997-06-30,1997-05-31,1997-05-31,2021-08-25,,,,,,,,,,,,,,,,,,,,,,0.04,0.3,,,,,,,,,,,,,,,,,,1.0,,,,,,,,,,,,,,,,,,,,,,,,,,,,,,,,,,,,,,,,7.562,,,,,,,,,,,,,,1.0,,,,,,,,,,
97,OKE,MRT,1997-03-31,1997-02-28,1997-02-28,2021-08-25,,,,,,,,,,,,,,,,,,,,,,0.042,0.3,,,,,,,,,,,,,,,,,,1.0,,,,,,,,,,,,,,,,,,,,,,,,,,,,,,,,,,,,,,,,7.125,,,,,,,,,,,,,,1.0,,,,,,,,,,
98,OKE,MRT,1996-12-31,1996-11-30,1996-11-30,2021-08-25,,,,,,,,,,,,,,,,,,,,,,0.043,0.297,,,,,,,,,,,,,,,,,,1.0,,,,,,,,,,,,,,,,,,,,,,,,,,,,,,,,,,,,,,,,6.875,,,,,,,,,,,,,,1.0,,109220000.0,,,,,,,,
99,OKE,MRT,1996-09-30,1996-08-31,1996-08-31,2021-08-25,,,,,,,,-71985000.0,,,829183000.0,52836000.0,,,,,,,,72868000.0,,0.043,0.295,120650000.0,193518000.0,0.158,193518000.0,120650000.0,85873000.0,0.482,0.482,0.482,,,,,,,33065000.0,,1.0,395162000.0,0.323,,34777000.0,,,,,,,,,,,-11901000.0,0.0,0.0,-17052000.0,-27914000.0,-44966000.0,-71985000.0,0.0,105050000.0,0.0,52836000.0,52408000.0,52408000.0,0.0,0.0,0.043,274512000.0,120650000.0,,0.612,,,14.263,,428000.0,6.875,,,,,1224345000.0,1224345000.0,0.0,,,,0.099,0.0,0.0,1.0,,,,,,,33037000.0,,,
