None,ticker,dimension,calendardate,datekey,reportperiod,lastupdated,accoci,assets,assetsavg,assetsc,assetsnc,assetturnover,bvps,capex,cashneq,cashnequsd,cor,consolinc,currentratio,de,debt,debtc,debtnc,debtusd,deferredrev,depamor,deposits,divyield,dps,ebit,ebitda,ebitdamargin,ebitdausd,ebitusd,ebt,eps,epsdil,epsusd,equity,equityavg,equityusd,ev,evebit,evebitda,fcf,fcfps,fxusd,gp,grossmargin,intangibles,intexp,invcap,invcapavg,inventory,investments,investmentsc,investmentsnc,liabilities,liabilitiesc,liabilitiesnc,marketcap,ncf,ncfbus,ncfcommon,ncfdebt,ncfdiv,ncff,ncfi,ncfinv,ncfo,ncfx,netinc,netinccmn,netinccmnusd,netincdis,netincnci,netmargin,opex,opinc,payables,payoutratio,pb,pe,pe1,ppnenet,prefdivis,price,ps,ps1,receivables,retearn,revenue,revenueusd,rnd,roa,roe,roic,ros,sbcomp,sgna,sharefactor,sharesbas,shareswa,shareswadil,sps,tangibles,taxassets,taxexp,taxliabilities,tbvps,workingcapital
0,STE,MRY,2021-12-31,2021-03-31,2021-03-31,2021-08-09,-61243000.0,6574471000.0,6002936250.0,1211754000.0,5362717000.0,0.518,45.47,-238693000.0,220531000.0,220531000.0,1764419000.0,396870000.0,2.097,0.691,1802987000.0,22774000.0,1780213000.0,1802987000.0,0.0,219237000.0,0.0,0.008,1.57,555243000.0,774480000.0,0.249,774480000.0,555243000.0,518063000.0,4.66,4.63,4.66,3880990000.0,3717447250.0,3880990000.0,17870262772.0,32.0,23.074,450947000.0,5.283,1.0,1343100000.0,0.432,3924455000.0,37180000.0,3654552000.0,3305652750.0,315067000.0,0.0,0.0,0.0,2683003000.0,577920000.0,2105083000.0,16257984772.0,-99050000.0,-908674000.0,12080000.0,484539000.0,-133837000.0,345620000.0,-1154159000.0,-4400000.0,689640000.0,19849000.0,397400000.0,397400000.0,397400000.0,0.0,-530000.0,0.128,794732000.0,548368000.0,156950000.0,0.337,4.189,40.911,40.876,1385542000.0,0.0,190.48,5.232,5.232,609406000.0,1939408000.0,3107519000.0,3107519000.0,66326000.0,0.066,0.107,0.168,0.179,25966000.0,731320000.0,1.0,85352713.0,85352713.0,,36.408,2650016000.0,0.0,120663000.0,264421000.0,31.048,633834000.0
1,STE,MRY,2020-12-31,2020-03-31,2020-03-31,2021-08-09,-235463000.0,5440867000.0,5297972000.0,1224036000.0,4216831000.0,0.572,40.151,-210360000.0,319581000.0,319581000.0,1710899000.0,407859000.0,2.431,0.594,1284444000.0,19809000.0,1264635000.0,1284444000.0,0.0,197235000.0,0.0,0.01,1.45,538833000.0,736068000.0,0.243,736068000.0,538833000.0,498554000.0,4.81,4.76,4.81,3405362000.0,3313402500.0,3405362000.0,12932279546.0,24.0,17.569,380199000.0,4.483,1.0,1319996000.0,0.436,2921558000.0,40279000.0,2980565000.0,2952736000.0,263544000.0,0.0,0.0,0.0,2022657000.0,503607000.0,1519050000.0,11871292546.0,98948000.0,-109375000.0,-16510000.0,-26500000.0,-123034000.0,-163146000.0,-319735000.0,0.0,590559000.0,-8730000.0,407659000.0,407659000.0,407659000.0,0.0,200000.0,0.135,782950000.0,537046000.0,149341000.0,0.301,3.486,29.121,29.1,1243692000.0,0.0,139.97,3.917,3.917,586481000.0,1658661000.0,3030895000.0,3030895000.0,65546000.0,0.077,0.123,0.182,0.178,23811000.0,716731000.0,1.0,84813121.0,84813121.0,,35.736,2519309000.0,0.0,90895000.0,178082000.0,29.704,720429000.0
2,STE,MRY,2019-12-31,2019-03-31,2019-03-31,2021-08-09,-159778000.0,5073071000.0,5038141250.0,1053735000.0,4019336000.0,0.552,37.568,-184148000.0,220633000.0,220633000.0,1607184000.0,304746000.0,2.265,0.594,1183227000.0,0.0,1183227000.0,1183227000.0,0.0,225921000.0,0.0,0.01,1.33,413019000.0,638940000.0,0.23,638940000.0,413019000.0,368004000.0,3.59,3.55,3.59,3177810000.0,3121912250.0,3177810000.0,11851132199.0,29.0,18.548,355357000.0,4.201,1.0,1174986000.0,0.422,2927542000.0,45015000.0,2642927000.0,2693056000.0,208243000.0,0.0,0.0,0.0,1887273000.0,465196000.0,1422077000.0,10829730199.0,19099000.0,-10835000.0,-68132000.0,-112087000.0,-112503000.0,-294792000.0,-213224000.0,-4955000.0,539505000.0,-12390000.0,303721000.0,303721000.0,303721000.0,0.0,1025000.0,0.109,763962000.0,411024000.0,152913000.0,0.37,3.408,35.657,35.663,1031582000.0,0.0,128.03,3.893,3.893,564830000.0,1339024000.0,2782170000.0,2782170000.0,63038000.0,0.06,0.097,0.153,0.148,23965000.0,669937000.0,1.0,84587442.0,84587442.0,,32.891,2145529000.0,0.0,64283000.0,166498000.0,25.365,588539000.0
3,STE,MRY,2018-12-31,2018-03-31,2018-03-31,2021-08-09,11685000.0,5200334000.0,5133440250.0,989657000.0,4210677000.0,0.51,37.785,-163363000.0,201534000.0,201534000.0,1527250000.0,291622000.0,2.484,0.619,1316001000.0,0.0,1316001000.0,1316001000.0,0.0,178332000.0,0.0,0.013,1.21,404904000.0,583236000.0,0.223,583236000.0,404904000.0,354275000.0,3.42,3.39,3.42,3205960000.0,3067561750.0,3205960000.0,9057620162.0,22.0,15.53,294269000.0,3.468,1.0,1092746000.0,0.417,3160764000.0,50629000.0,2755575000.0,2811726750.0,205731000.0,0.0,0.0,0.0,1983034000.0,398462000.0,1584572000.0,7921415162.0,-81384000.0,-37383000.0,-54327000.0,-193435000.0,-102929000.0,-356184000.0,-203829000.0,0.0,457632000.0,20997000.0,290915000.0,290915000.0,290915000.0,0.0,707000.0,0.111,692863000.0,399883000.0,135866000.0,0.354,2.471,27.229,27.298,1010524000.0,0.0,93.36,3.023,3.023,528066000.0,1146223000.0,2619996000.0,2619996000.0,60782000.0,0.057,0.095,0.144,0.155,22187000.0,631978000.0,1.0,84848063.0,84848063.0,,30.879,2039570000.0,0.0,63360000.0,160350000.0,24.038,591195000.0
4,STE,MRY,2017-12-31,2017-03-31,2017-03-31,2021-08-09,-240702000.0,4924455000.0,5078799250.0,1017802000.0,3906653000.0,0.514,32.951,-168055000.0,282918000.0,282918000.0,1586543000.0,110631000.0,2.667,0.756,1478361000.0,0.0,1478361000.0,1478361000.0,0.0,188142000.0,0.0,0.016,1.09,228500000.0,416642000.0,0.159,416642000.0,228500000.0,183980000.0,1.29,1.28,1.29,2798602000.0,2898270750.0,2798602000.0,7141626235.0,31.0,17.141,256031000.0,3.015,1.0,1026213000.0,0.393,2956190000.0,44520000.0,2782125000.0,2878126000.0,197837000.0,0.0,0.0,0.0,2114422000.0,381583000.0,1732839000.0,5899444235.0,34077000.0,70156000.0,-92554000.0,-75383000.0,-93193000.0,-267099000.0,-104255000.0,-6356000.0,424086000.0,-18655000.0,109965000.0,109965000.0,109965000.0,0.0,666000.0,0.042,800007000.0,226206000.0,133479000.0,0.845,2.108,53.648,53.845,915908000.0,0.0,69.46,2.258,2.258,483451000.0,954155000.0,2612756000.0,2612756000.0,59397000.0,0.022,0.038,0.079,0.087,18794000.0,682039000.0,1.0,84932972.0,84932972.0,,30.763,1968265000.0,0.0,74015000.0,186445000.0,23.174,636219000.0
5,STE,MRY,2016-12-31,2016-03-31,2016-03-31,2021-08-09,-68159000.0,5346416000.0,3721853500.0,972525000.0,4373891000.0,0.602,35.193,-125563000.0,248841000.0,248841000.0,1343283000.0,111585000.0,2.428,0.763,1567796000.0,0.0,1567796000.0,1567796000.0,0.0,143740000.0,0.0,0.004,0.25,213770000.0,357510000.0,0.16,357510000.0,213770000.0,171062000.0,1.57,1.56,1.57,3023034000.0,2047333000.0,3023034000.0,7511188288.0,35.0,21.01,129112000.0,1.503,1.0,895481000.0,0.4,3279942000.0,42708000.0,2984823000.0,2195762000.0,192792000.0,0.0,0.0,0.0,2307524000.0,400606000.0,1906918000.0,6103087288.0,81152000.0,-604021000.0,-3129000.0,626884000.0,-65203000.0,560289000.0,-729584000.0,0.0,254675000.0,-4228000.0,110763000.0,110763000.0,110763000.0,0.0,822000.0,0.049,682554000.0,212927000.0,139572000.0,0.159,2.019,55.1,45.255,1064319000.0,0.0,71.05,2.726,2.726,471523000.0,939459000.0,2238764000.0,2238764000.0,56664000.0,0.03,0.054,0.097,0.095,9866000.0,626710000.0,1.0,85898484.0,85898484.0,,26.063,2066474000.0,0.0,60299000.0,268507000.0,24.057,571919000.0
6,STE,MRY,2015-12-31,2015-03-31,2015-03-31,2021-08-09,-66669000.0,2097291000.0,1528437750.0,720432000.0,1376859000.0,1.211,12.476,-84426000.0,167689000.0,167689000.0,1075962000.0,135064000.0,2.543,0.955,621075000.0,0.0,621075000.0,621075000.0,0.0,91541000.0,0.0,,0.0,228007000.0,319548000.0,0.173,319548000.0,228007000.0,208820000.0,2.27,2.25,2.27,1071632000.0,793893250.0,1071632000.0,,,,161614000.0,1.881,1.0,774301000.0,0.418,860645000.0,19187000.0,1406701000.0,1033343750.0,160818000.0,0.0,0.0,0.0,1023645000.0,283331000.0,740314000.0,,14887000.0,-194662000.0,-2413000.0,129770000.0,-53513000.0,69750000.0,-283769000.0,-4681000.0,246040000.0,-17134000.0,135064000.0,135064000.0,135064000.0,0.0,0.0,0.073,547090000.0,227211000.0,99340000.0,0.0,,,,493053000.0,0.0,,,,325289000.0,1193791000.0,1850263000.0,1850263000.0,54139000.0,0.088,0.17,0.221,0.123,3395000.0,493342000.0,1.0,85898484.0,85898484.0,,21.54,1236646000.0,31629000.0,73756000.0,79059000.0,14.397,437101000.0
7,STE,MRY,2014-12-31,2014-03-30,2014-03-30,2021-08-09,36066000.0,959584500.0,981356250.0,167374500.0,792210000.0,1.653,6.009,-81593000.0,50716500.0,50716500.0,972630000.0,129442000.0,1.354,0.852,272085000.0,5902500.0,266182500.0,272085000.0,351000.0,75649000.0,0.0,,0.0,207146000.0,282795000.0,0.174,282795000.0,207146000.0,188376000.0,2.2,2.17,2.2,516154500.0,515378250.0,516154500.0,,,,128038000.0,1.491,1.0,649622000.0,0.4,397396500.0,18770000.0,659986500.0,687859500.0,20215500.0,573000.0,0.0,573000.0,439720500.0,123570000.0,316150500.0,,10794000.0,-67059000.0,-9809000.0,1190000.0,-48385000.0,-54206000.0,-148652000.0,0.0,209631000.0,4021000.0,129442000.0,129442000.0,129442000.0,0.0,0.0,0.08,442815000.0,206807000.0,103987500.0,0.0,,,,389710500.0,0.0,,,,96825000.0,184537500.0,1622252000.0,1622252000.0,48641000.0,0.132,0.251,0.301,0.128,8259000.0,380970000.0,1.0,85898484.0,85898484.0,,18.886,562188000.0,0.0,58934000.0,21390000.0,6.545,43804500.0
8,STE,MRY,2013-12-31,2013-03-31,2013-03-31,2021-08-09,61611000.0,1003128000.0,,160828500.0,842299500.0,,,-67792500.0,37783500.0,37783500.0,330774000.0,46335000.0,1.203,0.946,303672000.0,4687500.0,298984500.0,303672000.0,552000.0,61743000.0,0.0,,0.0,72750000.0,134493000.0,0.248,134493000.0,72750000.0,56551500.0,79.5,77.955,79.5,514602000.0,,514602000.0,,,,68781000.0,,1.0,211098000.0,0.39,419613000.0,16198500.0,715732500.0,,23100000.0,652500.0,0.0,652500.0,486565500.0,133671000.0,352894500.0,,3723000.0,-52093500.0,36253500.0,-14112000.0,-16683000.0,-5803500.0,-120682500.0,-1260000.0,136573500.0,1081500.0,45930000.0,45930000.0,45930000.0,0.0,405000.0,0.085,144033000.0,67065000.0,116869500.0,0.0,,,,419557500.0,0.0,,,,102421500.0,158661000.0,541872000.0,541872000.0,0.0,,,,0.134,2700000.0,130440000.0,1.0,,,,,583515000.0,0.0,10621500.0,23431500.0,,27157500.0
9,STE,MRY,2012-12-31,2012-04-01,2012-04-01,2021-08-09,,,,,,,,-70647000.0,,,281365500.0,37231500.0,,,,,,,,52881000.0,,,0.0,63390000.0,116271000.0,0.248,116271000.0,63390000.0,48378000.0,66.765,65.565,66.765,,,,,,,52891500.0,,1.0,186565500.0,0.399,,15012000.0,,,,,,,,,,,-24580500.0,-99312000.0,2131500.0,64593000.0,-13809000.0,42846000.0,-171501000.0,0.0,123538500.0,-612000.0,36894000.0,36894000.0,36894000.0,0.0,337500.0,0.079,129520500.0,57045000.0,,0.0,,,,,0.0,,,,,,467931000.0,467931000.0,0.0,,,,0.135,3459000.0,118326000.0,1.0,,,,,,,11484000.0,,,
0,STE,MRQ,2021-06-30,2021-06-30,2021-06-30,2021-08-09,-36817000.0,12101007000.0,,2007860000.0,10093147000.0,,77.013,-56179000.0,534774000.0,534774000.0,542140000.0,-21902000.0,1.754,0.839,3838414000.0,410386000.0,3428028000.0,3838414000.0,0.0,83621000.0,0.0,0.008,0.4,-7070000.0,76551000.0,0.079,76551000.0,-7070000.0,-28882000.0,-0.24,-0.24,-0.24,6574580000.0,,6574580000.0,19194212732.0,44.0,27.991,41247000.0,0.483,1.0,426282000.0,0.44,8334913000.0,21812000.0,5924709000.0,,593067000.0,0.0,0.0,0.0,5515992000.0,1145025000.0,4370967000.0,17611756732.0,314243000.0,-547353000.0,-8960000.0,904295000.0,-34148000.0,818810000.0,-603532000.0,0.0,97426000.0,1539000.0,-21807000.0,-21807000.0,-21807000.0,0.0,-95000.0,-0.023,411958000.0,14324000.0,232186000.0,-1.667,2.679,61.279,61.036,1706789000.0,0.0,206.3,5.169,5.169,743420000.0,1874559000.0,968422000.0,968422000.0,18192000.0,,,,,26600000.0,393752000.0,1.0,85369640.0,85369640.0,,11.344,3766094000.0,0.0,-7075000.0,865415000.0,44.115,862835000.0
1,STE,MRQ,2021-03-31,2021-03-31,2021-03-31,2021-08-09,-61243000.0,6574471000.0,,1211754000.0,5362717000.0,,45.47,-74613000.0,220531000.0,220531000.0,491897000.0,88150000.0,2.097,0.691,1802987000.0,22774000.0,1780213000.0,1802987000.0,0.0,59044000.0,0.0,0.008,0.4,148344000.0,207388000.0,0.237,207388000.0,148344000.0,138220000.0,1.04,1.04,1.04,3880990000.0,,3880990000.0,17870262772.0,32.0,23.074,113242000.0,1.327,1.0,381634000.0,0.437,3924455000.0,10124000.0,3654552000.0,,315067000.0,0.0,0.0,0.0,2683003000.0,577920000.0,2105083000.0,16257984772.0,-31971000.0,-39243000.0,622000.0,-54243000.0,-34141000.0,-96913000.0,-118256000.0,-4400000.0,187855000.0,-4657000.0,88851000.0,88851000.0,88851000.0,0.0,-701000.0,0.102,235560000.0,146074000.0,156950000.0,0.385,4.189,40.911,40.876,1385542000.0,0.0,190.48,5.232,5.232,609406000.0,1939408000.0,873531000.0,873531000.0,17514000.0,,,,,6042000.0,221070000.0,1.0,85352713.0,85352713.0,,10.234,2650016000.0,0.0,49369000.0,264421000.0,31.048,633834000.0
2,STE,MRQ,2020-12-31,2020-12-31,2020-12-31,2021-08-09,-2386000.0,6580780000.0,,1176075000.0,5404705000.0,,45.321,-53609000.0,252502000.0,252502000.0,463063000.0,114588000.0,2.325,0.699,1864780000.0,21364000.0,1843416000.0,1864780000.0,0.0,56821000.0,0.0,0.008,0.4,148242000.0,205063000.0,0.254,205063000.0,148242000.0,139343000.0,1.34,1.33,1.34,3866990000.0,,3866990000.0,17026146097.0,30.0,21.896,152103000.0,1.783,1.0,345861000.0,0.428,3970455000.0,8899000.0,3716736000.0,,294132000.0,0.0,0.0,0.0,2702588000.0,505867000.0,2196721000.0,16172312097.0,-59526000.0,-869431000.0,5271000.0,680944000.0,-34136000.0,641852000.0,-923040000.0,0.0,205712000.0,15950000.0,114501000.0,114501000.0,114501000.0,0.0,87000.0,0.142,198831000.0,147030000.0,134471000.0,0.299,4.182,37.321,37.238,1376636000.0,0.0,189.54,5.29,5.29,556117000.0,1872533000.0,808924000.0,808924000.0,16438000.0,,,,,6023000.0,182373000.0,1.0,85324006.0,85324006.0,,9.481,2610325000.0,0.0,24842000.0,277109000.0,30.593,670208000.0
3,STE,MRQ,2020-09-30,2020-09-30,2020-09-30,2021-08-09,-130613000.0,5492567000.0,,1150310000.0,4342257000.0,,42.881,-43747000.0,312028000.0,312028000.0,426095000.0,106008000.0,2.642,0.502,1165862000.0,20971000.0,1144891000.0,1165862000.0,0.0,54418000.0,0.0,0.009,0.4,142301000.0,196719000.0,0.26,196719000.0,142301000.0,133636000.0,1.24,1.23,1.24,3647145000.0,,3647145000.0,15932761218.0,28.0,20.796,118204000.0,1.39,1.0,330037000.0,0.436,2967978000.0,8665000.0,2943005000.0,,278593000.0,0.0,0.0,0.0,1830112000.0,435418000.0,1394694000.0,14985506218.0,56401000.0,0.0,15116000.0,-46325000.0,-34089000.0,-65319000.0,-46139000.0,0.0,161951000.0,5908000.0,105858000.0,105858000.0,105858000.0,0.0,150000.0,0.14,188774000.0,141263000.0,124944000.0,0.323,4.109,35.364,35.309,1319107000.0,0.0,176.19,4.958,4.958,503724000.0,1786878000.0,756132000.0,756132000.0,16143000.0,,,,,7939000.0,172707000.0,1.0,85053103.0,85053103.0,,8.89,2524589000.0,0.0,27778000.0,180558000.0,29.683,714892000.0
4,STE,MRQ,2020-06-30,2020-06-30,2020-06-30,2021-08-09,-208354000.0,5363927000.0,,1097128000.0,4266799000.0,,40.918,-66724000.0,255627000.0,255627000.0,381548000.0,89531000.0,2.288,0.539,1202882000.0,55575000.0,1147307000.0,1202882000.0,0.0,48954000.0,0.0,0.01,0.37,118172000.0,167126000.0,0.25,167126000.0,118172000.0,108680000.0,1.05,1.05,1.05,3474664000.0,,3474664000.0,13994727719.0,26.0,18.749,67398000.0,0.794,1.0,287384000.0,0.43,2923315000.0,9492000.0,2908318000.0,,276970000.0,0.0,0.0,0.0,1874214000.0,479549000.0,1394665000.0,13029864719.0,-63954000.0,0.0,-8929000.0,-95837000.0,-31471000.0,-134000000.0,-66724000.0,0.0,134122000.0,2648000.0,89597000.0,89597000.0,89597000.0,0.0,-66000.0,0.134,171567000.0,115817000.0,133532000.0,0.352,3.75,31.575,31.507,1291515000.0,0.0,153.44,4.339,4.339,503172000.0,1699971000.0,668932000.0,668932000.0,16231000.0,,,,,5962000.0,155170000.0,1.0,84918305.0,84918305.0,,7.877,2440612000.0,0.0,19083000.0,189177000.0,28.741,617579000.0
5,STE,MRQ,2020-03-31,2020-03-31,2020-03-31,2021-08-09,-235463000.0,5440867000.0,,1224036000.0,4216831000.0,,40.151,-57098000.0,319581000.0,319581000.0,458858000.0,123273000.0,2.431,0.594,1284444000.0,19809000.0,1264635000.0,1284444000.0,0.0,50941000.0,0.0,0.01,0.37,157759000.0,208700000.0,0.254,208700000.0,157759000.0,148182000.0,1.46,1.44,1.46,3405362000.0,,3405362000.0,12932279546.0,24.0,17.569,142135000.0,1.676,1.0,364133000.0,0.442,2921558000.0,9577000.0,2980565000.0,,263544000.0,0.0,0.0,0.0,2022657000.0,503607000.0,1519050000.0,11871292546.0,120351000.0,-2648000.0,854000.0,21967000.0,-31439000.0,-9272000.0,-59746000.0,0.0,199233000.0,-9864000.0,123370000.0,123370000.0,123370000.0,0.0,-97000.0,0.15,206295000.0,157838000.0,149341000.0,0.253,3.486,29.121,29.1,1243692000.0,0.0,139.97,3.917,3.917,586481000.0,1658661000.0,822991000.0,822991000.0,17225000.0,,,,,4949000.0,189064000.0,1.0,84813121.0,84813121.0,,9.704,2519309000.0,0.0,24812000.0,178082000.0,29.704,720429000.0
6,STE,MRQ,2019-12-31,2019-12-31,2019-12-31,2021-08-09,-148922000.0,5335581000.0,,1052871000.0,4282710000.0,,39.898,-55300000.0,199230000.0,199230000.0,442908000.0,104667000.0,2.336,0.573,1260217000.0,19189000.0,1241028000.0,1260217000.0,0.0,49558000.0,0.0,0.009,0.37,144028000.0,193586000.0,0.25,193586000.0,144028000.0,134215000.0,1.24,1.23,1.24,3382680000.0,,3382680000.0,14000672388.0,27.0,19.406,76026000.0,0.897,1.0,331353000.0,0.428,2997670000.0,9813000.0,2948092000.0,,252046000.0,0.0,0.0,0.0,1939515000.0,450806000.0,1488709000.0,12922642388.0,-26306000.0,-19231000.0,-2473000.0,-61707000.0,-31375000.0,-90345000.0,-74531000.0,0.0,131326000.0,7244000.0,104930000.0,104930000.0,104930000.0,0.0,-263000.0,0.136,188966000.0,142387000.0,139808000.0,0.298,3.82,32.907,32.849,1225684000.0,0.0,152.42,4.342,4.342,544405000.0,1544495000.0,774261000.0,774261000.0,16487000.0,,,,,5586000.0,172927000.0,1.0,84783115.0,84783115.0,,9.132,2337911000.0,0.0,29285000.0,169249000.0,27.575,602065000.0
7,STE,MRQ,2019-09-30,2019-09-30,2019-09-30,2021-08-09,-225717000.0,5185717000.0,,1031954000.0,4153763000.0,,38.125,-48186000.0,225536000.0,225536000.0,418173000.0,95142000.0,2.411,0.603,1303566000.0,18461000.0,1285105000.0,1303566000.0,0.0,49634000.0,0.0,0.01,0.37,127378000.0,177012000.0,0.24,177012000.0,127378000.0,116934000.0,1.12,1.11,1.12,3228668000.0,,3228668000.0,13330935180.0,30.0,19.644,102477000.0,1.21,1.0,318667000.0,0.432,2895441000.0,10444000.0,2940283000.0,,236837000.0,0.0,0.0,0.0,1948072000.0,428023000.0,1520049000.0,12236372180.0,-12531000.0,-52965000.0,-9904000.0,-14621000.0,-31397000.0,-55922000.0,-101151000.0,0.0,150663000.0,-6121000.0,94769000.0,94769000.0,94769000.0,0.0,373000.0,0.129,191934000.0,126733000.0,133802000.0,0.33,3.79,36.458,36.395,1182148000.0,0.0,144.49,4.222,4.222,513353000.0,1472725000.0,736840000.0,736840000.0,16249000.0,,,,,7739000.0,175959000.0,1.0,84686637.0,84686637.0,,8.701,2290276000.0,0.0,22165000.0,158934000.0,27.044,603931000.0
8,STE,MRQ,2019-06-30,2019-06-30,2019-06-30,2021-08-09,-156844000.0,5229723000.0,,1044282000.0,4185441000.0,,38.287,-49776000.0,238067000.0,238067000.0,390960000.0,84777000.0,2.413,0.613,1332630000.0,20139000.0,1312491000.0,1332630000.0,0.0,47102000.0,0.0,0.009,0.34,109668000.0,156770000.0,0.225,156770000.0,109668000.0,99223000.0,1.0,0.99,1.0,3236900000.0,,3236900000.0,13549206662.0,32.0,20.706,59561000.0,0.705,1.0,305843000.0,0.439,2949508000.0,10445000.0,2942004000.0,,233587000.0,0.0,0.0,0.0,1984721000.0,432774000.0,1551947000.0,12586612662.0,17434000.0,-34531000.0,-4987000.0,27861000.0,-28823000.0,-7607000.0,-84307000.0,0.0,109337000.0,11000.0,84590000.0,84590000.0,84590000.0,0.0,187000.0,0.121,195755000.0,110088000.0,135487000.0,0.34,3.888,39.541,39.491,1176738000.0,0.0,148.88,4.432,4.432,509655000.0,1397390000.0,696803000.0,696803000.0,15585000.0,,,,,5537000.0,178781000.0,1.0,84541998.0,84541998.0,,8.242,2280215000.0,0.0,14633000.0,179426000.0,26.971,611508000.0
9,STE,MRQ,2019-03-31,2019-03-31,2019-03-31,2021-08-09,-159778000.0,5073071000.0,,1053735000.0,4019336000.0,,37.568,-76475000.0,220633000.0,220633000.0,433938000.0,108547000.0,2.265,0.594,1183227000.0,0.0,1183227000.0,1183227000.0,0.0,50263000.0,0.0,0.01,0.34,143828000.0,194091000.0,0.253,194091000.0,143828000.0,132827000.0,1.28,1.27,1.28,3177810000.0,,3177810000.0,11851132199.0,29.0,18.548,102451000.0,1.211,1.0,334275000.0,0.435,2927542000.0,11001000.0,2642927000.0,,208243000.0,0.0,0.0,0.0,1887273000.0,465196000.0,1422077000.0,10829730199.0,-4273000.0,2674000.0,-19488000.0,-62503000.0,-28753000.0,-110984000.0,-73662000.0,0.0,178926000.0,1447000.0,108415000.0,108415000.0,108415000.0,0.0,132000.0,0.141,193838000.0,140437000.0,152913000.0,0.266,3.408,35.657,35.663,1031582000.0,0.0,128.03,3.893,3.893,564830000.0,1339024000.0,768213000.0,768213000.0,15878000.0,,,,,5608000.0,173120000.0,1.0,84587442.0,84587442.0,,9.082,2145529000.0,0.0,24412000.0,166498000.0,25.365,588539000.0
10,STE,MRQ,2018-12-31,2018-12-31,2018-12-31,2021-08-09,-167025000.0,5006390000.0,,1020523000.0,3985867000.0,,36.74,-50671000.0,224906000.0,224906000.0,409241000.0,48426000.0,2.564,0.61,1246308000.0,0.0,1246308000.0,1246308000.0,0.0,82687000.0,0.0,0.012,0.34,68071000.0,150758000.0,0.217,150758000.0,68071000.0,57192000.0,0.57,0.56,0.57,3104536000.0,,3104536000.0,10086590137.0,26.0,16.706,83206000.0,0.985,1.0,286997000.0,0.412,2945214000.0,10879000.0,2684559000.0,,227626000.0,0.0,0.0,0.0,1894083000.0,398019000.0,1496064000.0,9028788137.0,14985000.0,-13313000.0,2322000.0,-16677000.0,-28745000.0,-43947000.0,-71406000.0,0.0,133877000.0,-3539000.0,47858000.0,47858000.0,47858000.0,0.0,568000.0,0.069,217413000.0,69584000.0,136723000.0,0.596,2.908,33.576,33.495,989044000.0,0.0,106.85,3.307,3.307,509859000.0,1253501000.0,696238000.0,696238000.0,15167000.0,,,,,5419000.0,176099000.0,1.0,84499655.0,84499655.0,,8.24,2061176000.0,0.0,9334000.0,153158000.0,24.393,622504000.0
11,STE,MRQ,2018-09-30,2018-09-30,2018-09-30,2021-08-09,-126780000.0,5021290000.0,,979520000.0,4041770000.0,,36.875,-32071000.0,209921000.0,209921000.0,394297000.0,77495000.0,2.629,0.608,1267723000.0,0.0,1267723000.0,1267723000.0,0.0,46117000.0,0.0,0.011,0.34,106614000.0,152731000.0,0.225,152731000.0,106614000.0,95221000.0,0.92,0.91,0.92,3117863000.0,,3117863000.0,10774237320.0,26.0,17.912,93852000.0,1.11,1.0,284664000.0,0.419,3008866000.0,11393000.0,2697634000.0,,230828000.0,0.0,0.0,0.0,1896313000.0,372592000.0,1523721000.0,9672697320.0,-8603000.0,0.0,-20557000.0,-51350000.0,-28740000.0,-100647000.0,-33290000.0,0.0,125923000.0,-589000.0,77457000.0,77457000.0,77457000.0,0.0,38000.0,0.114,178085000.0,106579000.0,125549000.0,0.37,3.102,30.627,30.588,986213000.0,0.0,114.4,3.588,3.588,490952000.0,1232062000.0,678961000.0,678961000.0,15773000.0,,,,,7701000.0,162312000.0,1.0,84551550.0,84551550.0,,8.03,2012424000.0,0.0,17764000.0,154098000.0,23.801,606928000.0
12,STE,MRQ,2018-06-30,2018-06-30,2018-06-30,2021-08-09,-121096000.0,5051814000.0,,988889000.0,4062925000.0,,36.487,-24931000.0,218524000.0,218524000.0,369708000.0,70278000.0,2.645,0.632,1320064000.0,0.0,1320064000.0,1320064000.0,0.0,46854000.0,0.0,0.012,0.31,94504000.0,141358000.0,0.221,141358000.0,94504000.0,82764000.0,0.83,0.82,0.83,3087440000.0,,3087440000.0,10000211056.0,24.0,16.825,75848000.0,0.896,1.0,269050000.0,0.421,3032408000.0,11740000.0,2747104000.0,,233876000.0,0.0,0.0,0.0,1952626000.0,373842000.0,1578784000.0,8885744056.0,16990000.0,-196000.0,-30409000.0,18443000.0,-26265000.0,-39214000.0,-34866000.0,-4955000.0,100779000.0,-9709000.0,69991000.0,69991000.0,69991000.0,0.0,287000.0,0.11,174626000.0,94424000.0,130738000.0,0.373,2.878,29.342,29.332,984235000.0,0.0,105.01,3.352,3.352,481482000.0,1181517000.0,638758000.0,638758000.0,16220000.0,,,,,5237000.0,158406000.0,1.0,84618075.0,84618075.0,,7.549,2019406000.0,0.0,12773000.0,162264000.0,23.865,615047000.0
13,STE,MRQ,2018-03-31,2018-03-31,2018-03-31,2021-08-09,11685000.0,5200334000.0,,989657000.0,4210677000.0,,37.785,-51946000.0,201534000.0,201534000.0,423608000.0,73623000.0,2.484,0.619,1316001000.0,0.0,1316001000.0,1316001000.0,0.0,44477000.0,0.0,0.013,0.31,114439000.0,158916000.0,0.222,158916000.0,114439000.0,101420000.0,0.87,0.86,0.87,3205960000.0,,3205960000.0,9057620162.0,22.0,15.53,77831000.0,0.917,1.0,292365000.0,0.408,3160764000.0,13019000.0,2755575000.0,,205731000.0,0.0,0.0,0.0,1983034000.0,398462000.0,1584572000.0,7921415162.0,-82310000.0,33000.0,-18481000.0,-112206000.0,-26296000.0,-160368000.0,-54996000.0,0.0,129777000.0,3277000.0,73598000.0,73598000.0,73598000.0,0.0,25000.0,0.103,179655000.0,112710000.0,135866000.0,0.356,2.471,27.229,27.298,1010524000.0,0.0,93.36,3.023,3.023,528066000.0,1146223000.0,715973000.0,715973000.0,17609000.0,,,,,5146000.0,162099000.0,1.0,84848063.0,84848063.0,,8.438,2039570000.0,0.0,27822000.0,160350000.0,24.038,591195000.0
14,STE,MRQ,2017-12-31,2017-12-31,2017-12-31,2021-08-09,-54983000.0,5157004000.0,,1032927000.0,4124077000.0,,36.526,-38072000.0,283844000.0,283844000.0,383683000.0,95340000.0,2.817,0.656,1420049000.0,0.0,1420049000.0,1420049000.0,0.0,44656000.0,0.0,0.013,0.31,103838000.0,148494000.0,0.224,148494000.0,103838000.0,91377000.0,1.12,1.11,1.12,3106628000.0,,3106628000.0,8589199192.0,25.0,16.019,72406000.0,0.851,1.0,278217000.0,0.42,3102361000.0,12461000.0,2824232000.0,,219495000.0,0.0,0.0,0.0,2039216000.0,366616000.0,1672600000.0,7439530192.0,-11784000.0,-9220000.0,-21900000.0,-28030000.0,-26353000.0,-76471000.0,-47292000.0,0.0,110478000.0,1501000.0,94781000.0,94781000.0,94781000.0,0.0,559000.0,0.143,174937000.0,103280000.0,122107000.0,0.277,2.395,30.558,30.477,983841000.0,0.0,87.47,2.878,2.878,472060000.0,1097726000.0,661900000.0,661900000.0,15195000.0,,,,,5012000.0,159664000.0,1.0,85052363.0,85052363.0,,7.782,2054643000.0,0.0,-3404000.0,162410000.0,24.157,666311000.0
15,STE,MRQ,2017-09-30,2017-09-30,2017-09-30,2021-08-09,-80059000.0,5120276000.0,,1027235000.0,4093041000.0,,35.551,-36862000.0,295628000.0,295628000.0,367762000.0,64444000.0,2.795,0.686,1445297000.0,0.0,1445297000.0,1445297000.0,0.0,45548000.0,0.0,0.013,0.31,100045000.0,145593000.0,0.23,145593000.0,100045000.0,87362000.0,0.76,0.75,0.76,3029993000.0,,3029993000.0,8736005233.0,32.0,19.639,99862000.0,1.172,1.0,266397000.0,0.42,3091095000.0,12683000.0,2811380000.0,,224795000.0,0.0,0.0,0.0,2079471000.0,367470000.0,1712001000.0,7534378233.0,788000.0,-9797000.0,-11339000.0,-59330000.0,-26422000.0,-97091000.0,-46659000.0,0.0,136724000.0,7814000.0,64459000.0,64459000.0,64459000.0,0.0,-15000.0,0.102,167880000.0,98517000.0,129208000.0,0.408,2.487,52.438,52.308,962515000.0,0.0,88.4,2.932,2.932,449371000.0,1028543000.0,634159000.0,634159000.0,13974000.0,,,,,7220000.0,153879000.0,1.0,85230523.0,85230523.0,,7.441,2029181000.0,0.0,22903000.0,189582000.0,23.808,659765000.0
16,STE,MRQ,2017-06-30,2017-06-30,2017-06-30,2021-08-09,-147577000.0,5056147000.0,,1029983000.0,4026164000.0,,34.434,-36483000.0,294840000.0,294840000.0,352198000.0,58215000.0,2.913,0.723,1496467000.0,0.0,1496467000.0,1496467000.0,0.0,43651000.0,0.0,0.014,0.28,86582000.0,130233000.0,0.214,130233000.0,86582000.0,74116000.0,0.68,0.68,0.68,2927666000.0,,2927666000.0,8124793946.0,34.0,19.373,44170000.0,0.52,1.0,255766000.0,0.421,3048431000.0,12466000.0,2855720000.0,,217434000.0,0.0,0.0,0.0,2116692000.0,353623000.0,1763069000.0,6929350946.0,11922000.0,-18399000.0,-2607000.0,6131000.0,-23858000.0,-22254000.0,-54882000.0,0.0,80653000.0,8405000.0,58077000.0,58077000.0,58077000.0,0.0,138000.0,0.096,170391000.0,85375000.0,125553000.0,0.412,2.367,57.918,58.214,942023000.0,0.0,81.5,2.683,2.683,455627000.0,988581000.0,607964000.0,607964000.0,14004000.0,,,,,4809000.0,156336000.0,1.0,85022711.0,85022711.0,,7.151,2007716000.0,0.0,16039000.0,197865000.0,23.614,676360000.0
17,STE,MRQ,2017-03-31,2017-03-31,2017-03-31,2021-08-09,-240702000.0,4924455000.0,,1017802000.0,3906653000.0,,32.951,-60615000.0,282918000.0,282918000.0,400483000.0,26065000.0,2.667,0.756,1478361000.0,0.0,1478361000.0,1478361000.0,0.0,52897000.0,0.0,0.016,0.28,58958000.0,111855000.0,0.164,111855000.0,58958000.0,47413000.0,0.31,0.31,0.31,2798602000.0,,2798602000.0,7141626235.0,31.0,17.141,74066000.0,0.872,1.0,280706000.0,0.412,2956190000.0,11545000.0,2782125000.0,,197837000.0,0.0,0.0,0.0,2114422000.0,381583000.0,1732839000.0,5899444235.0,18061000.0,-777000.0,-587000.0,-29504000.0,-23782000.0,-58512000.0,-61392000.0,0.0,134681000.0,3284000.0,26143000.0,26143000.0,26143000.0,0.0,-78000.0,0.038,223469000.0,57237000.0,133479000.0,0.903,2.108,53.648,53.845,915908000.0,0.0,69.46,2.258,2.258,483451000.0,954155000.0,681189000.0,681189000.0,15761000.0,,,,,4401000.0,207713000.0,1.0,84932972.0,84932972.0,,8.02,1968265000.0,0.0,21270000.0,186445000.0,23.174,636219000.0
18,STE,MRQ,2016-12-31,2016-12-31,2016-12-31,2021-08-09,-274558000.0,4886946000.0,,970341000.0,3916605000.0,,32.379,-38337000.0,264857000.0,264857000.0,389165000.0,-4347000.0,2.772,0.767,1507039000.0,0.0,1507039000.0,1507039000.0,0.0,31384000.0,0.0,0.016,0.28,25774000.0,57158000.0,0.088,57158000.0,25774000.0,14794000.0,-0.06,-0.06,-0.06,2758678000.0,,2758678000.0,6991406462.0,26.0,15.287,62567000.0,0.734,1.0,257609000.0,0.398,2941933000.0,10980000.0,2837142000.0,,209714000.0,0.0,0.0,0.0,2116836000.0,350053000.0,1766783000.0,5741565462.0,10506000.0,4219000.0,-34566000.0,11767000.0,-23826000.0,-46977000.0,-34118000.0,0.0,100904000.0,-9303000.0,-4996000.0,-4996000.0,-4996000.0,0.0,649000.0,-0.008,231725000.0,25884000.0,122469000.0,-4.667,2.081,40.559,38.954,939590000.0,0.0,67.39,2.19,2.19,443661000.0,950300000.0,646774000.0,646774000.0,14591000.0,,,,,3829000.0,158760000.0,1.0,85199072.0,85199072.0,,7.591,1945013000.0,0.0,19790000.0,186536000.0,22.829,620288000.0
19,STE,MRQ,2016-09-30,2016-09-30,2016-09-30,2021-08-09,-94028000.0,5210625000.0,,956196000.0,4254429000.0,,34.806,-38272000.0,254351000.0,254351000.0,398507000.0,40202000.0,2.582,0.734,1504192000.0,0.0,1504192000.0,1504192000.0,0.0,50077000.0,0.0,0.011,0.28,70061000.0,120138000.0,0.186,120138000.0,70061000.0,59137000.0,0.47,0.47,0.47,2998532000.0,,2998532000.0,7606880511.0,26.0,15.492,69913000.0,0.812,1.0,247908000.0,0.384,3181463000.0,10924000.0,2908657000.0,,209935000.0,0.0,0.0,0.0,2201062000.0,370346000.0,1830716000.0,6297465511.0,11928000.0,66964000.0,-52988000.0,-41567000.0,-24047000.0,-118602000.0,26900000.0,-1792000.0,108185000.0,-4555000.0,40416000.0,40416000.0,40416000.0,0.0,-214000.0,0.063,178345000.0,69563000.0,116350000.0,0.596,2.1,37.799,35.659,1039783000.0,0.0,73.1,2.428,2.428,441294000.0,979711000.0,646415000.0,646415000.0,14617000.0,,,,,6377000.0,163680000.0,1.0,86148639.0,86148639.0,,7.503,2029162000.0,0.0,18721000.0,263991000.0,23.554,585850000.0
20,STE,MRQ,2016-06-30,2016-06-30,2016-06-30,2021-08-09,-85718000.0,5293171000.0,,945885000.0,4347286000.0,,35.317,-30831000.0,242423000.0,242423000.0,398388000.0,48710000.0,2.631,0.739,1551838000.0,0.0,1551838000.0,1551838000.0,0.0,53784000.0,0.0,0.007,0.25,73706000.0,127490000.0,0.2,127490000.0,73706000.0,62635000.0,0.56,0.56,0.56,3037271000.0,,3037271000.0,7231478925.0,30.0,17.302,49485000.0,0.575,1.0,239990000.0,0.376,3258546000.0,11071000.0,2984580000.0,,209645000.0,0.0,0.0,0.0,2244686000.0,359460000.0,1885226000.0,5912523925.0,-6418000.0,-250000.0,-4413000.0,-16079000.0,-21538000.0,-43008000.0,-35645000.0,-4564000.0,80316000.0,-8081000.0,48401000.0,48401000.0,48401000.0,0.0,309000.0,0.076,166468000.0,73522000.0,123253000.0,0.446,1.947,43.838,39.74,1055706000.0,0.0,68.75,2.426,2.426,439845000.0,961924000.0,638378000.0,638378000.0,14428000.0,,,,,4187000.0,151886000.0,1.0,86000348.0,86000348.0,,7.423,2034625000.0,0.0,14234000.0,265814000.0,23.658,586425000.0
21,STE,MRQ,2016-03-31,2016-03-31,2016-03-31,2021-08-09,-68159000.0,5346416000.0,,972525000.0,4373891000.0,,35.193,-43846000.0,248841000.0,248841000.0,426388000.0,57869000.0,2.428,0.763,1567796000.0,0.0,1567796000.0,1567796000.0,0.0,52815000.0,0.0,0.004,0.25,99746000.0,152561000.0,0.221,152561000.0,99746000.0,88350000.0,0.76,0.76,0.76,3023034000.0,,3023034000.0,7511188288.0,35.0,21.01,106210000.0,1.236,1.0,263889000.0,0.382,3279942000.0,11396000.0,2984823000.0,,192792000.0,0.0,0.0,0.0,2307524000.0,400606000.0,1906918000.0,6103087288.0,17481000.0,661000.0,-4000.0,-71786000.0,-21475000.0,-92831000.0,-43185000.0,0.0,150056000.0,3441000.0,57740000.0,57740000.0,57740000.0,0.0,129000.0,0.084,164563000.0,99326000.0,139572000.0,0.329,2.019,55.1,45.255,1064319000.0,0.0,71.05,2.726,2.726,471523000.0,939459000.0,690277000.0,690277000.0,14310000.0,,,,,3535000.0,150097000.0,1.0,85898484.0,85898484.0,,8.036,2066474000.0,0.0,30610000.0,268507000.0,24.057,571919000.0
22,STE,MRQ,2015-12-31,2015-12-31,2015-12-31,2021-08-09,-74422000.0,5350283000.0,,965708000.0,4384575000.0,,34.638,-41827000.0,231360000.0,231360000.0,380507000.0,21154000.0,2.683,0.793,1639461000.0,0.0,1639461000.0,1639461000.0,0.0,44827000.0,0.0,0.0,0.0,46019000.0,90846000.0,0.147,90846000.0,46019000.0,28313000.0,0.26,0.26,0.26,2975379000.0,,2975379000.0,6692960285.0,37.0,22.654,-16680000.0,-0.194,1.0,238181000.0,0.385,3309177000.0,17706000.0,3089237000.0,,208306000.0,0.0,0.0,0.0,2360460000.0,359970000.0,2000490000.0,6471591785.0,69173000.0,-383842000.0,1738000.0,488420000.0,-14988000.0,474223000.0,-425669000.0,0.0,25147000.0,-4528000.0,20045000.0,20045000.0,20045000.0,0.0,1109000.0,0.032,191459000.0,46722000.0,116336000.0,0.0,2.175,68.539,49.894,1053132000.0,0.0,75.34,3.157,3.157,440858000.0,1203086000.0,618688000.0,618688000.0,14334000.0,,,,,3142000.0,177319000.0,1.0,85898484.0,85898484.0,,7.203,2041106000.0,30362000.0,8268000.0,276336000.0,23.762,605738000.0
23,STE,MRQ,2015-09-30,2015-09-30,2015-09-30,2021-08-09,,,,,,,,-16400000.0,,,280576000.0,8251000.0,,,,,,,,23745000.0,,,0.0,23326000.0,47071000.0,0.096,47071000.0,23326000.0,15841000.0,0.15,0.14,0.15,,,,,,,21919000.0,0.255,1.0,209321000.0,0.427,,7485000.0,,,,,,,,,,,-34006000.0,-176530000.0,-171000.0,143500000.0,-14982000.0,128665000.0,-192930000.0,0.0,38319000.0,-8060000.0,8687000.0,8687000.0,8687000.0,0.0,-436000.0,0.018,186658000.0,22663000.0,,0.0,,,,,0.0,,,,,,489897000.0,489897000.0,14255000.0,,,,,3954000.0,172459000.0,1.0,85898484.0,85898484.0,,5.703,,,7154000.0,,,
24,STE,MRQ,2015-06-30,2015-06-30,2015-06-30,2021-08-09,,,,,,,,-23490000.0,,,255812000.0,24311000.0,,,,,,,,22353000.0,,,0.0,44678000.0,67031000.0,0.152,67031000.0,44678000.0,38558000.0,0.41,0.4,0.41,,,,,,,17663000.0,0.206,1.0,184090000.0,0.418,,6120000.0,,,,,,,,,,,28504000.0,-44310000.0,-4692000.0,66750000.0,-13758000.0,50232000.0,-67800000.0,0.0,41153000.0,4919000.0,24291000.0,24291000.0,24291000.0,0.0,20000.0,0.055,139874000.0,44216000.0,,0.0,,,,,0.0,,,,,,439902000.0,439902000.0,13765000.0,,,,,-765000.0,126835000.0,1.0,85898484.0,85898484.0,,5.121,,,14267000.0,,,
25,STE,MRQ,2015-03-31,2015-03-31,2015-03-31,2021-08-09,-66669000.0,2097291000.0,,720432000.0,1376859000.0,,12.476,-28481000.0,167689000.0,167689000.0,288587000.0,41399000.0,2.543,0.955,621075000.0,0.0,621075000.0,621075000.0,0.0,22101000.0,0.0,,0.0,68397000.0,90498000.0,0.18,90498000.0,68397000.0,63662000.0,0.69,0.69,0.69,1071632000.0,,1071632000.0,,,,52349000.0,0.609,1.0,213060000.0,0.425,860645000.0,4735000.0,1406701000.0,,160818000.0,0.0,0.0,0.0,1023645000.0,283331000.0,740314000.0,,23177000.0,-11970000.0,-1548000.0,12570000.0,-13723000.0,-8328000.0,-40451000.0,0.0,80830000.0,-8874000.0,41399000.0,41399000.0,41399000.0,0.0,0.0,0.083,144786000.0,68274000.0,99340000.0,0.0,,,,493053000.0,0.0,,,,325289000.0,1193791000.0,501647000.0,501647000.0,14175000.0,,,,,866000.0,130992000.0,1.0,85898484.0,85898484.0,,5.84,1236646000.0,31629000.0,22263000.0,79059000.0,14.397,437101000.0
26,STE,MRQ,2014-12-31,2014-12-31,2014-12-31,2021-08-09,,,,,,,,,,,276088000.0,38124000.0,,,,,,,,,,,0.0,61763000.0,,,,61763000.0,56941000.0,0.64,0.63,0.64,,,,,,,,,1.0,197156000.0,0.417,,4822000.0,,,,,,,,,,,,,,,,,,,,,38124000.0,38124000.0,38124000.0,0.0,0.0,0.081,135810000.0,61346000.0,,0.0,,,,,0.0,,,,,,473244000.0,473244000.0,14549000.0,,,,,,122370000.0,1.0,85898484.0,85898484.0,,5.509,,,18817000.0,,,
27,STE,MRQ,2014-03-31,2014-03-30,2014-03-30,2021-08-09,36066000.0,959584500.0,,167374500.0,792210000.0,,6.009,,50716500.0,50716500.0,,,1.354,0.852,272085000.0,5902500.0,266182500.0,272085000.0,351000.0,,0.0,,0.0,,,,,,,,,,516154500.0,,516154500.0,,,,,,1.0,,,397396500.0,,659986500.0,,20215500.0,573000.0,0.0,573000.0,439720500.0,123570000.0,316150500.0,,,,,,,,,,,,,,,,,,,,103987500.0,,,,,389710500.0,,,,,96825000.0,184537500.0,,,,,,,,,,1.0,85898484.0,85898484.0,,,562188000.0,0.0,,21390000.0,6.545,43804500.0
28,STE,MRQ,2013-03-31,2013-03-31,2013-03-31,2021-08-09,61611000.0,1003128000.0,,160828500.0,842299500.0,,,,37783500.0,37783500.0,,,1.203,0.946,303672000.0,4687500.0,298984500.0,303672000.0,552000.0,,0.0,,0.0,,,,,,,,,,514602000.0,,514602000.0,,,,,,1.0,,,419613000.0,,715732500.0,,23100000.0,652500.0,0.0,652500.0,486565500.0,133671000.0,352894500.0,,,,,,,,,,,,,,,,,,,,116869500.0,,,,,419557500.0,,,,,102421500.0,158661000.0,,,,,,,,,,1.0,,,,,583515000.0,0.0,,23431500.0,,27157500.0
0,STE,MRT,2021-06-30,2021-06-30,2021-06-30,2021-08-09,-36817000.0,12101007000.0,7687206250.0,2007860000.0,10093147000.0,0.443,77.013,-228148000.0,534774000.0,534774000.0,1923195000.0,286844000.0,1.754,0.839,3838414000.0,410386000.0,3428028000.0,3838414000.0,0.0,253904000.0,0.0,0.008,1.6,431817000.0,685721000.0,0.201,685721000.0,431817000.0,382317000.0,3.38,3.36,3.38,6574580000.0,4492426250.0,6574580000.0,19194212732.0,44.0,27.991,424796000.0,4.976,1.0,1483814000.0,0.436,8334913000.0,49500000.0,5924709000.0,4059750500.0,593067000.0,0.0,0.0,0.0,5515992000.0,1145025000.0,4370967000.0,17611756732.0,279147000.0,-1456027000.0,12049000.0,1484671000.0,-136514000.0,1298430000.0,-1690967000.0,-4400000.0,652944000.0,18740000.0,287403000.0,287403000.0,287403000.0,0.0,-559000.0,0.084,1035123000.0,448691000.0,232186000.0,0.473,2.679,61.279,61.036,1706789000.0,0.0,206.3,5.169,5.169,743420000.0,1874559000.0,3407009000.0,3407009000.0,68287000.0,0.037,0.064,0.106,0.127,46604000.0,969902000.0,1.0,85369640.0,85369640.0,,39.909,3766094000.0,0.0,94914000.0,865415000.0,44.115,862835000.0
1,STE,MRT,2021-03-31,2021-03-31,2021-03-31,2021-08-09,-61243000.0,6574471000.0,6002936250.0,1211754000.0,5362717000.0,0.518,45.47,-238693000.0,220531000.0,220531000.0,1764419000.0,396870000.0,2.097,0.691,1802987000.0,22774000.0,1780213000.0,1802987000.0,0.0,219237000.0,0.0,0.008,1.57,555243000.0,774480000.0,0.249,774480000.0,555243000.0,518063000.0,4.66,4.63,4.66,3880990000.0,3717447250.0,3880990000.0,17870262772.0,32.0,23.074,450947000.0,5.283,1.0,1343100000.0,0.432,3924455000.0,37180000.0,3654552000.0,3305652750.0,315067000.0,0.0,0.0,0.0,2683003000.0,577920000.0,2105083000.0,16257984772.0,-99050000.0,-908674000.0,12080000.0,484539000.0,-133837000.0,345620000.0,-1154159000.0,-4400000.0,689640000.0,19849000.0,397400000.0,397400000.0,397400000.0,0.0,-530000.0,0.128,794732000.0,548368000.0,156950000.0,0.337,4.189,40.911,40.876,1385542000.0,0.0,190.48,5.232,5.232,609406000.0,1939408000.0,3107519000.0,3107519000.0,66326000.0,0.066,0.107,0.168,0.179,25966000.0,731320000.0,1.0,85352713.0,85352713.0,,36.408,2650016000.0,0.0,120663000.0,264421000.0,31.048,633834000.0
2,STE,MRT,2020-12-31,2020-12-31,2020-12-31,2021-08-09,-2386000.0,6580780000.0,5719535250.0,1176075000.0,5404705000.0,0.534,45.321,-221178000.0,252502000.0,252502000.0,1729564000.0,433400000.0,2.325,0.699,1864780000.0,21364000.0,1843416000.0,1864780000.0,0.0,211134000.0,0.0,0.008,1.54,566474000.0,777608000.0,0.254,777608000.0,566474000.0,529841000.0,5.09,5.05,5.09,3866990000.0,3598540250.0,3866990000.0,17026146097.0,30.0,21.896,479840000.0,5.624,1.0,1327415000.0,0.434,3970455000.0,36633000.0,3716736000.0,3137156000.0,294132000.0,0.0,0.0,0.0,2702588000.0,505867000.0,2196721000.0,16172312097.0,53272000.0,-872079000.0,12312000.0,560749000.0,-131135000.0,433261000.0,-1095649000.0,0.0,701018000.0,14642000.0,433326000.0,433326000.0,433326000.0,0.0,74000.0,0.142,765467000.0,561948000.0,134471000.0,0.303,4.182,37.321,37.238,1376636000.0,0.0,189.54,5.29,5.29,556117000.0,1872533000.0,3056979000.0,3056979000.0,66037000.0,0.076,0.12,0.181,0.185,24873000.0,699314000.0,1.0,85324006.0,85324006.0,,35.828,2610325000.0,0.0,96515000.0,277109000.0,30.593,670208000.0
3,STE,MRT,2020-09-30,2020-09-30,2020-09-30,2021-08-09,-130613000.0,5492567000.0,5408235500.0,1150310000.0,4342257000.0,0.559,42.881,-222869000.0,312028000.0,312028000.0,1709409000.0,423479000.0,2.642,0.502,1165862000.0,20971000.0,1144891000.0,1165862000.0,0.0,203871000.0,0.0,0.009,1.51,562260000.0,766131000.0,0.253,766131000.0,562260000.0,524713000.0,4.99,4.95,4.99,3647145000.0,3477462750.0,3647145000.0,15932761218.0,28.0,20.796,403763000.0,4.747,1.0,1312907000.0,0.434,2967978000.0,37547000.0,2943005000.0,2944995000.0,278593000.0,0.0,0.0,0.0,1830112000.0,435418000.0,1394694000.0,14985506218.0,86492000.0,-21879000.0,4568000.0,-181902000.0,-128374000.0,-298936000.0,-247140000.0,0.0,626632000.0,5936000.0,423755000.0,423755000.0,423755000.0,0.0,-276000.0,0.14,755602000.0,557305000.0,124944000.0,0.303,4.109,35.364,35.309,1319107000.0,0.0,176.19,4.958,4.958,503724000.0,1786878000.0,3022316000.0,3022316000.0,66086000.0,0.078,0.122,0.191,0.186,24436000.0,689868000.0,1.0,85053103.0,85053103.0,,35.534,2524589000.0,0.0,100958000.0,180558000.0,29.683,714892000.0
4,STE,MRT,2020-06-30,2020-06-30,2020-06-30,2021-08-09,-208354000.0,5363927000.0,5331523000.0,1097128000.0,4266799000.0,0.563,40.918,-227308000.0,255627000.0,255627000.0,1701487000.0,412613000.0,2.288,0.539,1202882000.0,55575000.0,1147307000.0,1202882000.0,0.0,199087000.0,0.0,0.01,1.48,547337000.0,746424000.0,0.249,746424000.0,547337000.0,508011000.0,4.87,4.83,4.87,3474664000.0,3372843500.0,3474664000.0,13994727719.0,26.0,18.749,388036000.0,4.57,1.0,1301537000.0,0.433,2923315000.0,39326000.0,2908318000.0,2944314500.0,276970000.0,0.0,0.0,0.0,1874214000.0,479549000.0,1394665000.0,13029864719.0,17560000.0,-74844000.0,-20452000.0,-150198000.0,-125682000.0,-289539000.0,-302152000.0,0.0,615344000.0,-6093000.0,412666000.0,412666000.0,412666000.0,0.0,-53000.0,0.137,758762000.0,542775000.0,133532000.0,0.304,3.75,31.575,31.507,1291515000.0,0.0,153.44,4.339,4.339,503172000.0,1699971000.0,3003024000.0,3003024000.0,66192000.0,0.077,0.122,0.186,0.182,24236000.0,693120000.0,1.0,84918305.0,84918305.0,,35.364,2440612000.0,0.0,95345000.0,189177000.0,28.741,617579000.0
5,STE,MRT,2020-03-31,2020-03-31,2020-03-31,2021-08-09,-235463000.0,5440867000.0,5297972000.0,1224036000.0,4216831000.0,0.572,40.151,-210360000.0,319581000.0,319581000.0,1710899000.0,407859000.0,2.431,0.594,1284444000.0,19809000.0,1264635000.0,1284444000.0,0.0,197235000.0,0.0,0.01,1.45,538833000.0,736068000.0,0.243,736068000.0,538833000.0,498554000.0,4.81,4.76,4.81,3405362000.0,3313402500.0,3405362000.0,12932279546.0,24.0,17.569,380199000.0,4.483,1.0,1319996000.0,0.436,2921558000.0,40279000.0,2980565000.0,2952736000.0,263544000.0,0.0,0.0,0.0,2022657000.0,503607000.0,1519050000.0,11871292546.0,98948000.0,-109375000.0,-16510000.0,-26500000.0,-123034000.0,-163146000.0,-319735000.0,0.0,590559000.0,-8730000.0,407659000.0,407659000.0,407659000.0,0.0,200000.0,0.135,782950000.0,537046000.0,149341000.0,0.301,3.486,29.121,29.1,1243692000.0,0.0,139.97,3.917,3.917,586481000.0,1658661000.0,3030895000.0,3030895000.0,65546000.0,0.077,0.123,0.182,0.178,23811000.0,716731000.0,1.0,84813121.0,84813121.0,,35.736,2519309000.0,0.0,90895000.0,178082000.0,29.704,720429000.0
6,STE,MRT,2019-12-31,2019-12-31,2019-12-31,2021-08-09,-148922000.0,5335581000.0,5206023000.0,1052871000.0,4282710000.0,0.572,39.898,-229737000.0,199230000.0,199230000.0,1685979000.0,393133000.0,2.336,0.573,1260217000.0,19189000.0,1241028000.0,1260217000.0,0.0,196557000.0,0.0,0.009,1.42,524902000.0,721459000.0,0.242,721459000.0,524902000.0,483199000.0,4.64,4.6,4.64,3382680000.0,3256514500.0,3382680000.0,14000672388.0,27.0,19.406,340515000.0,4.016,1.0,1290138000.0,0.433,2997670000.0,41703000.0,2948092000.0,2868326500.0,252046000.0,0.0,0.0,0.0,1939515000.0,450806000.0,1488709000.0,12922642388.0,-25676000.0,-104053000.0,-36852000.0,-110970000.0,-120348000.0,-264858000.0,-333651000.0,0.0,570252000.0,2581000.0,392704000.0,392704000.0,392704000.0,0.0,429000.0,0.132,770493000.0,519645000.0,139808000.0,0.306,3.82,32.907,32.849,1225684000.0,0.0,152.42,4.342,4.342,544405000.0,1544495000.0,2976117000.0,2976117000.0,64199000.0,0.075,0.121,0.183,0.176,24470000.0,700787000.0,1.0,84783115.0,84783115.0,,35.103,2337911000.0,0.0,90495000.0,169249000.0,27.575,602065000.0
7,STE,MRT,2019-09-30,2019-09-30,2019-09-30,2021-08-09,-225717000.0,5185717000.0,5123725250.0,1031954000.0,4153763000.0,0.566,38.125,-225108000.0,225536000.0,225536000.0,1652312000.0,336892000.0,2.411,0.603,1303566000.0,18461000.0,1285105000.0,1303566000.0,0.0,229686000.0,0.0,0.01,1.39,448945000.0,678631000.0,0.234,678631000.0,448945000.0,406176000.0,3.97,3.93,3.97,3228668000.0,3186978500.0,3228668000.0,13330935180.0,30.0,19.644,347695000.0,4.106,1.0,1245782000.0,0.43,2895441000.0,42769000.0,2940283000.0,2802443250.0,236837000.0,0.0,0.0,0.0,1948072000.0,428023000.0,1520049000.0,12236372180.0,15615000.0,-98135000.0,-32057000.0,-65940000.0,-117718000.0,-218460000.0,-330526000.0,0.0,572803000.0,-8202000.0,335632000.0,335632000.0,335632000.0,0.0,1260000.0,0.116,798940000.0,446842000.0,133802000.0,0.35,3.79,36.458,36.395,1182148000.0,0.0,144.49,4.222,4.222,513353000.0,1472725000.0,2898094000.0,2898094000.0,62879000.0,0.066,0.105,0.16,0.155,24303000.0,703959000.0,1.0,84686637.0,84686637.0,,34.221,2290276000.0,0.0,70544000.0,158934000.0,27.044,603931000.0
8,STE,MRT,2019-06-30,2019-06-30,2019-06-30,2021-08-09,-156844000.0,5229723000.0,5082618500.0,1044282000.0,4185441000.0,0.559,38.287,-208993000.0,238067000.0,238067000.0,1628436000.0,319245000.0,2.413,0.613,1332630000.0,20139000.0,1312491000.0,1332630000.0,0.0,226169000.0,0.0,0.009,1.36,428181000.0,654350000.0,0.23,654350000.0,428181000.0,384463000.0,3.77,3.73,3.77,3236900000.0,3159277250.0,3236900000.0,13549206662.0,32.0,20.706,339070000.0,4.011,1.0,1211779000.0,0.427,2949508000.0,43718000.0,2942004000.0,2741781000.0,233587000.0,0.0,0.0,0.0,1984721000.0,432774000.0,1551947000.0,12586612662.0,19543000.0,-45170000.0,-42710000.0,-102669000.0,-115061000.0,-263185000.0,-262665000.0,0.0,548063000.0,-2670000.0,318320000.0,318320000.0,318320000.0,0.0,925000.0,0.112,785091000.0,426688000.0,135487000.0,0.361,3.888,39.541,39.491,1176738000.0,0.0,148.88,4.432,4.432,509655000.0,1397390000.0,2840215000.0,2840215000.0,62403000.0,0.063,0.101,0.156,0.151,24265000.0,690312000.0,1.0,84541998.0,84541998.0,,33.595,2280215000.0,0.0,66143000.0,179426000.0,26.971,611508000.0
9,STE,MRT,2019-03-31,2019-03-31,2019-03-31,2021-08-09,-159778000.0,5073071000.0,5038141250.0,1053735000.0,4019336000.0,0.552,37.568,-184148000.0,220633000.0,220633000.0,1607184000.0,304746000.0,2.265,0.594,1183227000.0,0.0,1183227000.0,1183227000.0,0.0,225921000.0,0.0,0.01,1.33,413019000.0,638940000.0,0.23,638940000.0,413019000.0,368004000.0,3.59,3.55,3.59,3177810000.0,3121912250.0,3177810000.0,11851132199.0,29.0,18.548,355357000.0,4.201,1.0,1174986000.0,0.422,2927542000.0,45015000.0,2642927000.0,2693056000.0,208243000.0,0.0,0.0,0.0,1887273000.0,465196000.0,1422077000.0,10829730199.0,19099000.0,-10835000.0,-68132000.0,-112087000.0,-112503000.0,-294792000.0,-213224000.0,-4955000.0,539505000.0,-12390000.0,303721000.0,303721000.0,303721000.0,0.0,1025000.0,0.109,763962000.0,411024000.0,152913000.0,0.37,3.408,35.657,35.663,1031582000.0,0.0,128.03,3.893,3.893,564830000.0,1339024000.0,2782170000.0,2782170000.0,63038000.0,0.06,0.097,0.153,0.148,23965000.0,669937000.0,1.0,84587442.0,84587442.0,,32.891,2145529000.0,0.0,64283000.0,166498000.0,25.365,588539000.0
10,STE,MRT,2018-12-31,2018-12-31,2018-12-31,2021-08-09,-167025000.0,5006390000.0,5069957000.0,1020523000.0,3985867000.0,0.538,36.74,-159619000.0,224906000.0,224906000.0,1596854000.0,269822000.0,2.564,0.61,1246308000.0,0.0,1246308000.0,1246308000.0,0.0,220135000.0,0.0,0.012,1.3,383628000.0,603763000.0,0.221,603763000.0,383628000.0,336597000.0,3.19,3.15,3.19,3104536000.0,3128949750.0,3104536000.0,10086590137.0,26.0,16.706,330737000.0,3.914,1.0,1133076000.0,0.415,2945214000.0,47031000.0,2684559000.0,2721218000.0,227626000.0,0.0,0.0,0.0,1894083000.0,398019000.0,1496064000.0,9028788137.0,-58938000.0,-13476000.0,-67125000.0,-161790000.0,-110046000.0,-344176000.0,-194558000.0,-4955000.0,490356000.0,-10560000.0,268904000.0,268904000.0,268904000.0,0.0,918000.0,0.099,749779000.0,383297000.0,136723000.0,0.408,2.908,33.576,33.495,989044000.0,0.0,106.85,3.307,3.307,509859000.0,1253501000.0,2729930000.0,2729930000.0,64769000.0,0.053,0.086,0.141,0.141,23503000.0,658916000.0,1.0,84499655.0,84499655.0,,32.307,2061176000.0,0.0,67693000.0,153158000.0,24.393,622504000.0
11,STE,MRT,2018-09-30,2018-09-30,2018-09-30,2021-08-09,-126780000.0,5021290000.0,5107610500.0,979520000.0,4041770000.0,0.528,36.875,-147020000.0,209921000.0,209921000.0,1571296000.0,316736000.0,2.629,0.608,1267723000.0,0.0,1267723000.0,1267723000.0,0.0,182104000.0,0.0,0.011,1.27,419395000.0,601499000.0,0.223,601499000.0,419395000.0,370782000.0,3.74,3.7,3.74,3117863000.0,3129472750.0,3117863000.0,10774237320.0,26.0,17.912,319937000.0,3.784,1.0,1124296000.0,0.417,3008866000.0,48613000.0,2697634000.0,2756136250.0,230828000.0,0.0,0.0,0.0,1896313000.0,372592000.0,1523721000.0,9672697320.0,-85707000.0,-9383000.0,-91347000.0,-173143000.0,-107654000.0,-376700000.0,-170444000.0,-4955000.0,466957000.0,-5520000.0,315827000.0,315827000.0,315827000.0,0.0,909000.0,0.117,707303000.0,416993000.0,125549000.0,0.34,3.102,30.627,30.588,986213000.0,0.0,114.4,3.588,3.588,490952000.0,1232062000.0,2695592000.0,2695592000.0,64797000.0,0.062,0.101,0.152,0.156,23096000.0,642481000.0,1.0,84551550.0,84551550.0,,31.881,2012424000.0,0.0,54955000.0,154098000.0,23.801,606928000.0
12,STE,MRT,2018-06-30,2018-06-30,2018-06-30,2021-08-09,-121096000.0,5051814000.0,5132357000.0,988889000.0,4062925000.0,0.516,36.487,-151811000.0,218524000.0,218524000.0,1544761000.0,303685000.0,2.645,0.632,1320064000.0,0.0,1320064000.0,1320064000.0,0.0,181535000.0,0.0,0.012,1.24,412826000.0,594361000.0,0.224,594361000.0,412826000.0,362923000.0,3.58,3.54,3.58,3087440000.0,3107505250.0,3087440000.0,10000211056.0,24.0,16.825,325947000.0,3.852,1.0,1106029000.0,0.417,3032408000.0,49903000.0,2747104000.0,2784572750.0,233876000.0,0.0,0.0,0.0,1952626000.0,373842000.0,1578784000.0,8885744056.0,-76316000.0,-19180000.0,-82129000.0,-181123000.0,-105336000.0,-373144000.0,-183813000.0,-4955000.0,477758000.0,2883000.0,302829000.0,302829000.0,302829000.0,0.0,856000.0,0.114,697098000.0,408931000.0,130738000.0,0.346,2.878,29.342,29.332,984235000.0,0.0,105.01,3.352,3.352,481482000.0,1181517000.0,2650790000.0,2650790000.0,62998000.0,0.059,0.097,0.148,0.156,22615000.0,634048000.0,1.0,84618075.0,84618075.0,,31.327,2019406000.0,0.0,60094000.0,162264000.0,23.865,615047000.0
13,STE,MRT,2018-03-31,2018-03-31,2018-03-31,2021-08-09,11685000.0,5200334000.0,5133440250.0,989657000.0,4210677000.0,0.51,37.785,-163363000.0,201534000.0,201534000.0,1527250000.0,291622000.0,2.484,0.619,1316001000.0,0.0,1316001000.0,1316001000.0,0.0,178332000.0,0.0,0.013,1.21,404904000.0,583236000.0,0.223,583236000.0,404904000.0,354275000.0,3.42,3.39,3.42,3205960000.0,3067561750.0,3205960000.0,9057620162.0,22.0,15.53,294269000.0,3.468,1.0,1092746000.0,0.417,3160764000.0,50629000.0,2755575000.0,2811726750.0,205731000.0,0.0,0.0,0.0,1983034000.0,398462000.0,1584572000.0,7921415162.0,-81384000.0,-37383000.0,-54327000.0,-193435000.0,-102929000.0,-356184000.0,-203829000.0,0.0,457632000.0,20997000.0,290915000.0,290915000.0,290915000.0,0.0,707000.0,0.111,692863000.0,399883000.0,135866000.0,0.354,2.471,27.229,27.298,1010524000.0,0.0,93.36,3.023,3.023,528066000.0,1146223000.0,2619996000.0,2619996000.0,60782000.0,0.057,0.095,0.144,0.155,22187000.0,631978000.0,1.0,84848063.0,84848063.0,,30.879,2039570000.0,0.0,63360000.0,160350000.0,24.038,591195000.0
14,STE,MRT,2017-12-31,2017-12-31,2017-12-31,2021-08-09,-54983000.0,5157004000.0,5064470500.0,1032927000.0,4124077000.0,0.51,36.526,-172032000.0,283844000.0,283844000.0,1504126000.0,244064000.0,2.817,0.656,1420049000.0,0.0,1420049000.0,1420049000.0,0.0,186752000.0,0.0,0.013,1.18,349423000.0,536175000.0,0.207,536175000.0,349423000.0,300268000.0,2.87,2.85,2.87,3106628000.0,2965722250.0,3106628000.0,8589199192.0,25.0,16.019,290504000.0,3.416,1.0,1081086000.0,0.418,3102361000.0,49155000.0,2824232000.0,2818364250.0,219495000.0,0.0,0.0,0.0,2039216000.0,366616000.0,1672600000.0,7439530192.0,18987000.0,-38193000.0,-36433000.0,-110733000.0,-100415000.0,-254328000.0,-210225000.0,0.0,462536000.0,21004000.0,243460000.0,243460000.0,243460000.0,0.0,604000.0,0.094,736677000.0,344409000.0,122107000.0,0.411,2.395,30.558,30.477,983841000.0,0.0,87.47,2.878,2.878,472060000.0,1097726000.0,2585212000.0,2585212000.0,58934000.0,0.048,0.082,0.124,0.135,21442000.0,677592000.0,1.0,85052363.0,85052363.0,,30.396,2054643000.0,0.0,56808000.0,162410000.0,24.157,666311000.0
15,STE,MRT,2017-09-30,2017-09-30,2017-09-30,2021-08-09,-80059000.0,5120276000.0,4996956000.0,1027235000.0,4093041000.0,0.514,35.551,-172297000.0,295628000.0,295628000.0,1509608000.0,144377000.0,2.795,0.686,1445297000.0,0.0,1445297000.0,1445297000.0,0.0,173480000.0,0.0,0.013,1.15,271359000.0,444839000.0,0.173,444839000.0,271359000.0,223685000.0,1.69,1.68,1.69,3029993000.0,2878734750.0,3029993000.0,8736005233.0,32.0,19.639,280665000.0,3.293,1.0,1060478000.0,0.413,3091095000.0,47674000.0,2811380000.0,2821591750.0,224795000.0,0.0,0.0,0.0,2079471000.0,367470000.0,1712001000.0,7534378233.0,41277000.0,-24754000.0,-49099000.0,-70936000.0,-97888000.0,-224834000.0,-197051000.0,0.0,452962000.0,10200000.0,143683000.0,143683000.0,143683000.0,0.0,694000.0,0.056,793465000.0,267013000.0,129208000.0,0.68,2.487,52.438,52.308,962515000.0,0.0,88.4,2.932,2.932,449371000.0,1028543000.0,2570086000.0,2570086000.0,58330000.0,0.029,0.05,0.096,0.106,20259000.0,676688000.0,1.0,85230523.0,85230523.0,,30.155,2029181000.0,0.0,80002000.0,189582000.0,23.808,659765000.0
16,STE,MRT,2017-06-30,2017-06-30,2017-06-30,2021-08-09,-147577000.0,5056147000.0,5019543250.0,1029983000.0,4026164000.0,0.514,34.434,-173707000.0,294840000.0,294840000.0,1540353000.0,120135000.0,2.913,0.723,1496467000.0,0.0,1496467000.0,1496467000.0,0.0,178009000.0,0.0,0.014,1.12,241375000.0,419384000.0,0.162,419384000.0,241375000.0,195460000.0,1.4,1.4,1.4,2927666000.0,2870869500.0,2927666000.0,8124793946.0,34.0,19.373,250716000.0,2.949,1.0,1041989000.0,0.404,3048431000.0,45915000.0,2855720000.0,2845911000.0,217434000.0,0.0,0.0,0.0,2116692000.0,353623000.0,1763069000.0,6929350946.0,52417000.0,52007000.0,-90748000.0,-53173000.0,-95513000.0,-246345000.0,-123492000.0,-1792000.0,424423000.0,-2169000.0,119640000.0,119640000.0,119640000.0,0.0,495000.0,0.046,803930000.0,238059000.0,125553000.0,0.8,2.367,57.918,58.214,942023000.0,0.0,81.5,2.683,2.683,455627000.0,988581000.0,2582342000.0,2582342000.0,58973000.0,0.024,0.042,0.085,0.093,19416000.0,686489000.0,1.0,85022711.0,85022711.0,,30.372,2007716000.0,0.0,75820000.0,197865000.0,23.614,676360000.0
17,STE,MRT,2017-03-31,2017-03-31,2017-03-31,2021-08-09,-240702000.0,4924455000.0,5078799250.0,1017802000.0,3906653000.0,0.514,32.951,-168055000.0,282918000.0,282918000.0,1586543000.0,110631000.0,2.667,0.756,1478361000.0,0.0,1478361000.0,1478361000.0,0.0,188142000.0,0.0,0.016,1.09,228500000.0,416642000.0,0.159,416642000.0,228500000.0,183980000.0,1.29,1.28,1.29,2798602000.0,2898270750.0,2798602000.0,7141626235.0,31.0,17.141,256031000.0,3.015,1.0,1026213000.0,0.393,2956190000.0,44520000.0,2782125000.0,2878126000.0,197837000.0,0.0,0.0,0.0,2114422000.0,381583000.0,1732839000.0,5899444235.0,34077000.0,70156000.0,-92554000.0,-75383000.0,-93193000.0,-267099000.0,-104255000.0,-6356000.0,424086000.0,-18655000.0,109965000.0,109965000.0,109965000.0,0.0,666000.0,0.042,800007000.0,226206000.0,133479000.0,0.845,2.108,53.648,53.845,915908000.0,0.0,69.46,2.258,2.258,483451000.0,954155000.0,2612756000.0,2612756000.0,59397000.0,0.022,0.038,0.079,0.087,18794000.0,682039000.0,1.0,84932972.0,84932972.0,,30.763,1968265000.0,0.0,74015000.0,186445000.0,23.174,636219000.0
18,STE,MRT,2016-12-31,2016-12-31,2016-12-31,2021-08-09,-274558000.0,4886946000.0,5184289500.0,970341000.0,3916605000.0,0.506,32.379,-151286000.0,264857000.0,264857000.0,1612448000.0,142434000.0,2.772,0.767,1507039000.0,0.0,1507039000.0,1507039000.0,0.0,188060000.0,0.0,0.016,1.06,269287000.0,457347000.0,0.174,457347000.0,269287000.0,224916000.0,1.73,1.73,1.73,2758678000.0,2954378750.0,2758678000.0,6991406462.0,26.0,15.287,288175000.0,3.382,1.0,1009396000.0,0.385,2941933000.0,44371000.0,2837142000.0,2928800500.0,209714000.0,0.0,0.0,0.0,2116836000.0,350053000.0,1766783000.0,5741565462.0,33497000.0,71594000.0,-91971000.0,-117665000.0,-90886000.0,-301418000.0,-86048000.0,-6356000.0,439461000.0,-18498000.0,141561000.0,141561000.0,141561000.0,0.0,873000.0,0.054,741101000.0,268295000.0,122469000.0,0.613,2.081,40.559,38.954,939590000.0,0.0,67.39,2.19,2.19,443661000.0,950300000.0,2621844000.0,2621844000.0,57946000.0,0.027,0.048,0.092,0.103,17928000.0,624423000.0,1.0,85199072.0,85199072.0,,30.773,1945013000.0,0.0,83355000.0,186536000.0,22.829,620288000.0
19,STE,MRT,2016-09-30,2016-09-30,2016-09-30,2021-08-09,-94028000.0,5210625000.0,5300123750.0,956196000.0,4254429000.0,0.489,34.806,-154776000.0,254351000.0,254351000.0,1603790000.0,167935000.0,2.582,0.734,1504192000.0,0.0,1504192000.0,1504192000.0,0.0,201503000.0,0.0,0.011,0.78,289532000.0,491035000.0,0.189,491035000.0,289532000.0,238435000.0,2.05,2.05,2.05,2998532000.0,3008554000.0,2998532000.0,7606880511.0,26.0,15.492,208928000.0,2.425,1.0,989968000.0,0.382,3181463000.0,51097000.0,2908657000.0,2991824250.0,209935000.0,0.0,0.0,0.0,2201062000.0,370346000.0,1830716000.0,6297465511.0,92164000.0,-316467000.0,-55667000.0,358988000.0,-82048000.0,219782000.0,-477599000.0,-6356000.0,363704000.0,-13723000.0,166602000.0,166602000.0,166602000.0,0.0,1333000.0,0.064,700835000.0,289133000.0,116350000.0,0.38,2.1,37.799,35.659,1039783000.0,0.0,73.1,2.428,2.428,441294000.0,979711000.0,2593758000.0,2593758000.0,57689000.0,0.031,0.055,0.097,0.112,17241000.0,642982000.0,1.0,86148639.0,86148639.0,,30.108,2029162000.0,0.0,71833000.0,263991000.0,23.554,585850000.0
20,STE,MRT,2016-06-30,2016-06-30,2016-06-30,2021-08-09,-85718000.0,5293171000.0,,945885000.0,4347286000.0,,35.317,-132904000.0,242423000.0,242423000.0,1485859000.0,135984000.0,2.631,0.739,1551838000.0,0.0,1551838000.0,1551838000.0,0.0,175171000.0,0.0,0.007,0.5,242797000.0,417968000.0,0.171,417968000.0,242797000.0,195139000.0,1.73,1.72,1.73,3037271000.0,,3037271000.0,7231478925.0,30.0,17.302,160934000.0,1.871,1.0,951381000.0,0.39,3258546000.0,47658000.0,2984580000.0,,209645000.0,0.0,0.0,0.0,2244686000.0,359460000.0,1885226000.0,5912523925.0,46230000.0,-559961000.0,-2850000.0,544055000.0,-72983000.0,467049000.0,-697429000.0,-4564000.0,293838000.0,-17228000.0,134873000.0,134873000.0,134873000.0,0.0,1111000.0,0.055,709148000.0,242233000.0,123253000.0,0.289,1.947,43.838,39.74,1055706000.0,0.0,68.75,2.426,2.426,439845000.0,961924000.0,2437240000.0,2437240000.0,57327000.0,,,,0.1,14818000.0,651761000.0,1.0,86000348.0,86000348.0,,28.34,2034625000.0,0.0,60266000.0,265814000.0,23.658,586425000.0
21,STE,MRT,2016-03-31,2016-03-31,2016-03-31,2021-08-09,-68159000.0,5346416000.0,3721853500.0,972525000.0,4373891000.0,0.602,35.193,-125563000.0,248841000.0,248841000.0,1343283000.0,111585000.0,2.428,0.763,1567796000.0,0.0,1567796000.0,1567796000.0,0.0,143740000.0,0.0,0.004,0.25,213770000.0,357510000.0,0.16,357510000.0,213770000.0,171062000.0,1.57,1.56,1.57,3023034000.0,2047333000.0,3023034000.0,7511188288.0,35.0,21.01,129112000.0,1.503,1.0,895481000.0,0.4,3279942000.0,42708000.0,2984823000.0,2195762000.0,192792000.0,0.0,0.0,0.0,2307524000.0,400606000.0,1906918000.0,6103087288.0,81152000.0,-604021000.0,-3129000.0,626884000.0,-65203000.0,560289000.0,-729584000.0,0.0,254675000.0,-4228000.0,110763000.0,110763000.0,110763000.0,0.0,822000.0,0.049,682554000.0,212927000.0,139572000.0,0.159,2.019,55.1,45.255,1064319000.0,0.0,71.05,2.726,2.726,471523000.0,939459000.0,2238764000.0,2238764000.0,56664000.0,0.03,0.054,0.097,0.095,9866000.0,626710000.0,1.0,85898484.0,85898484.0,,26.063,2066474000.0,0.0,60299000.0,268507000.0,24.057,571919000.0
22,STE,MRT,2015-12-31,2015-12-31,2015-12-31,2021-08-09,-74422000.0,5350283000.0,,965708000.0,4384575000.0,,34.638,-110198000.0,231360000.0,231360000.0,1205482000.0,95115000.0,2.683,0.793,1639461000.0,0.0,1639461000.0,1639461000.0,0.0,113026000.0,0.0,0.0,0.0,182420000.0,295446000.0,0.144,295446000.0,182420000.0,146374000.0,1.51,1.49,1.51,2975379000.0,,2975379000.0,6692960285.0,37.0,22.654,75251000.0,0.876,1.0,844652000.0,0.412,3309177000.0,36046000.0,3089237000.0,,208306000.0,0.0,0.0,0.0,2360460000.0,359970000.0,2000490000.0,6471591785.0,86848000.0,-616652000.0,-4673000.0,711240000.0,-57451000.0,644792000.0,-726850000.0,0.0,185449000.0,-16543000.0,94422000.0,94422000.0,94422000.0,0.0,693000.0,0.046,662777000.0,181875000.0,116336000.0,0.0,2.175,68.539,49.894,1053132000.0,0.0,75.34,3.157,3.157,440858000.0,1203086000.0,2050134000.0,2050134000.0,56529000.0,,,,0.089,7197000.0,607605000.0,1.0,85898484.0,85898484.0,,23.867,2041106000.0,30362000.0,51952000.0,276336000.0,23.762,605738000.0
23,STE,MRT,2015-09-30,2015-09-30,2015-09-30,2021-08-09,,,,,,,,,,,1101063000.0,112085000.0,,,,,,,,,,,0.0,198164000.0,,,,198164000.0,175002000.0,1.89,1.86,1.89,,,,,,,,,1.0,803627000.0,0.422,,23162000.0,,,,,,,,,,,,,,,,,,,,,112501000.0,112501000.0,112501000.0,0.0,-416000.0,0.059,607128000.0,196499000.0,,0.0,,,,,0.0,,,,,,1904690000.0,1904690000.0,56744000.0,,,,0.104,,552656000.0,1.0,85898484.0,85898484.0,,22.174,,,62501000.0,,,
24,STE,MRT,2015-06-30,2015-06-30,2015-06-30,2021-08-09,,,,,,,,,,,,,,,,,,,,,,,0.0,,,,,,,,,,,,,,,,,,1.0,,,,,,,,,,,,,,,,,,,,,,,,,,,,,,,,,,,,,,,,,,,,,,,,,,,,,,1.0,85898484.0,85898484.0,,,,,,,,
25,STE,MRT,2015-03-31,2015-03-31,2015-03-31,2021-08-09,-66669000.0,2097291000.0,1528437750.0,720432000.0,1376859000.0,1.211,12.476,-84426000.0,167689000.0,167689000.0,1075962000.0,135064000.0,2.543,0.955,621075000.0,0.0,621075000.0,621075000.0,0.0,91541000.0,0.0,,0.0,228007000.0,319548000.0,0.173,319548000.0,228007000.0,208820000.0,2.27,2.25,2.27,1071632000.0,793893250.0,1071632000.0,,,,161614000.0,1.881,1.0,774301000.0,0.418,860645000.0,19187000.0,1406701000.0,1033343750.0,160818000.0,0.0,0.0,0.0,1023645000.0,283331000.0,740314000.0,,14887000.0,-194662000.0,-2413000.0,129770000.0,-53513000.0,69750000.0,-283769000.0,-4681000.0,246040000.0,-17134000.0,135064000.0,135064000.0,135064000.0,0.0,0.0,0.073,547090000.0,227211000.0,99340000.0,0.0,,,,493053000.0,0.0,,,,325289000.0,1193791000.0,1850263000.0,1850263000.0,54139000.0,0.088,0.17,0.221,0.123,3395000.0,493342000.0,1.0,85898484.0,85898484.0,,21.54,1236646000.0,31629000.0,73756000.0,79059000.0,14.397,437101000.0
26,STE,MRT,2014-12-31,2014-12-31,2014-12-31,2021-08-09,,,,,,,,,,,,,,,,,,,,,,,0.0,,,,,,,,,,,,,,,,,,1.0,,,,,,,,,,,,,,,,,,,,,,,,,,,,,,,,,,,,,,,,,,,,,,,,,,,,,,1.0,85898484.0,85898484.0,,,,,,,,
27,STE,MRT,2014-03-31,2014-03-30,2014-03-30,2021-08-09,36066000.0,959584500.0,981356250.0,167374500.0,792210000.0,1.653,6.009,-81593000.0,50716500.0,50716500.0,972630000.0,129442000.0,1.354,0.852,272085000.0,5902500.0,266182500.0,272085000.0,351000.0,75649000.0,0.0,,0.0,207146000.0,282795000.0,0.174,282795000.0,207146000.0,188376000.0,2.2,2.17,2.2,516154500.0,515378250.0,516154500.0,,,,128038000.0,1.491,1.0,649622000.0,0.4,397396500.0,18770000.0,659986500.0,687859500.0,20215500.0,573000.0,0.0,573000.0,439720500.0,123570000.0,316150500.0,,10794000.0,-67059000.0,-9809000.0,1190000.0,-48385000.0,-54206000.0,-148652000.0,0.0,209631000.0,4021000.0,129442000.0,129442000.0,129442000.0,0.0,0.0,0.08,442815000.0,206807000.0,103987500.0,0.0,,,,389710500.0,0.0,,,,96825000.0,184537500.0,1622252000.0,1622252000.0,48641000.0,0.132,0.251,0.301,0.128,8259000.0,380970000.0,1.0,85898484.0,85898484.0,,18.886,562188000.0,0.0,58934000.0,21390000.0,6.545,43804500.0
28,STE,MRT,2013-03-31,2013-03-31,2013-03-31,2021-08-09,61611000.0,1003128000.0,,160828500.0,842299500.0,,,-67792500.0,37783500.0,37783500.0,330774000.0,46335000.0,1.203,0.946,303672000.0,4687500.0,298984500.0,303672000.0,552000.0,61743000.0,0.0,,0.0,72750000.0,134493000.0,0.248,134493000.0,72750000.0,56551500.0,79.5,77.955,79.5,514602000.0,,514602000.0,,,,68781000.0,,1.0,211098000.0,0.39,419613000.0,16198500.0,715732500.0,,23100000.0,652500.0,0.0,652500.0,486565500.0,133671000.0,352894500.0,,3723000.0,-52093500.0,36253500.0,-14112000.0,-16683000.0,-5803500.0,-120682500.0,-1260000.0,136573500.0,1081500.0,45930000.0,45930000.0,45930000.0,0.0,405000.0,0.085,144033000.0,67065000.0,116869500.0,0.0,,,,419557500.0,0.0,,,,102421500.0,158661000.0,541872000.0,541872000.0,0.0,,,,0.134,2700000.0,130440000.0,1.0,,,,,583515000.0,0.0,10621500.0,23431500.0,,27157500.0
29,STE,MRT,2012-03-31,2012-04-01,2012-04-01,2021-08-09,,,,,,,,-70647000.0,,,281365500.0,37231500.0,,,,,,,,52881000.0,,,0.0,63390000.0,116271000.0,0.248,116271000.0,63390000.0,48378000.0,66.765,65.565,66.765,,,,,,,52891500.0,,1.0,186565500.0,0.399,,15012000.0,,,,,,,,,,,-24580500.0,-99312000.0,2131500.0,64593000.0,-13809000.0,42846000.0,-171501000.0,0.0,123538500.0,-612000.0,36894000.0,36894000.0,36894000.0,0.0,337500.0,0.079,129520500.0,57045000.0,,0.0,,,,,0.0,,,,,,467931000.0,467931000.0,0.0,,,,0.135,3459000.0,118326000.0,1.0,,,,,,,11484000.0,,,
