None,ticker,dimension,calendardate,datekey,reportperiod,lastupdated,accoci,assets,assetsavg,assetsc,assetsnc,assetturnover,bvps,capex,cashneq,cashnequsd,cor,consolinc,currentratio,de,debt,debtc,debtnc,debtusd,deferredrev,depamor,deposits,divyield,dps,ebit,ebitda,ebitdamargin,ebitdausd,ebitusd,ebt,eps,epsdil,epsusd,equity,equityavg,equityusd,ev,evebit,evebitda,fcf,fcfps,fxusd,gp,grossmargin,intangibles,intexp,invcap,invcapavg,inventory,investments,investmentsc,investmentsnc,liabilities,liabilitiesc,liabilitiesnc,marketcap,ncf,ncfbus,ncfcommon,ncfdebt,ncfdiv,ncff,ncfi,ncfinv,ncfo,ncfx,netinc,netinccmn,netinccmnusd,netincdis,netincnci,netmargin,opex,opinc,payables,payoutratio,pb,pe,pe1,ppnenet,prefdivis,price,ps,ps1,receivables,retearn,revenue,revenueusd,rnd,roa,roe,roic,ros,sbcomp,sgna,sharefactor,sharesbas,shareswa,shareswadil,sps,tangibles,taxassets,taxexp,taxliabilities,tbvps,workingcapital
0,VMC,MRY,2020-12-31,2020-12-31,2020-12-31,2021-08-05,-181305000,11686905000,11326386000.0,2277165000,9409740000,0.429,45.463,-350733000.0,1198013000,1198013000,3575345000.0,584480000.0,2.173,0.939,3687257000,515435000,3171822000,3687257000,174045000,396806000.0,0,0.009,1.36,876243000.0,1273049000.0,0.262,1273049000.0,876243000.0,740283000.0,4.41,4.39,4.41,6027330000,5827539750.0,6027330000,22261872950.0,25.0,17.487,719626000.0,5.428,1.0,1281481000.0,0.264,4295656000,135960000.0,8832610000,8899604750.0,448585000,34301000,0,34301000,5659575000,1047883000,4611692000,19652759950.0,923507000.0,-42255000.0,-26132000.0,484581000.0,-180216000.0,234662000.0,-381514000.0,0.0,1070359000.0,0.0,584480000.0,584480000.0,584480000.0,3515000.0,0.0,0.12,385750000.0,895731000.0,273080000,0.308,3.261,33.624,33.63,4849127000,0.0,148.31,4.046,4.048,556297000,3274107000.0,4856826000.0,4856826000.0,0.0,0.052,0.1,0.098,0.18,32991000.0,359772000.0,1.0,132511361.0,132578000,133245000.0,36.634,7391249000,0,155803000.0,706050000,55.75,1229282000
1,VMC,MRY,2019-12-31,2019-12-31,2019-12-31,2021-08-05,-197738000,10648793000,10491520500.0,1379326000,9269467000,0.47,42.493,-361433000.0,274506000,274506000,3673202000.0,617662000.0,2.575,0.894,3172382000,25000,3172357000,3172382000,179880000,374596000.0,0,0.009,1.24,883015000.0,1257611000.0,0.255,1257611000.0,883015000.0,752860000.0,4.67,4.63,4.67,5621857000,5438188000.0,5621857000,22140808574.0,25.0,17.605,622689000.0,4.707,1.0,1255901000.0,0.255,4258536000,130155000.0,8752570000,8796370500.0,458308000,60709000,0,60709000,5026936000,535563000,4491373000,19057739574.0,230102000.0,-42407000.0,-2602000.0,-133023000.0,-163973000.0,-338183000.0,-415837000.0,0.0,984122000.0,0.0,617662000.0,617662000.0,617662000.0,4841000.0,0.0,0.125,378443000.0,877458000.0,265159000,0.266,3.39,30.855,30.833,4724227000,0.0,143.99,3.866,3.865,532012000,2895871000.0,4929103000.0,4929103000.0,0.0,0.059,0.114,0.1,0.179,31843000.0,370548000.0,1.0,132354605.0,132300000,133385000.0,37.257,6390257000,0,135198000.0,633039000,48.301,843763000
2,VMC,MRY,2018-12-31,2018-12-31,2018-12-31,2021-08-05,-172215000,9832130000,9751440000.0,1079145000,8752985000,0.449,39.299,-446878000.0,44404000,44404000,3281924000.0,515805000.0,1.791,0.89,2912380000,133023000,2779357000,2912380000,186397000,346246000.0,0,0.011,1.12,759231000.0,1105477000.0,0.252,1105477000.0,759231000.0,621254000.0,3.9,3.85,3.9,5202903000,5070633000.0,5202903000,15981407221.0,21.0,14.457,385899000.0,2.915,1.0,1100945000.0,0.251,4260774000,137977000.0,7836782000,7771043250.0,429330000,44615000,0,44615000,4629227000,602550000,4026677000,13046324221.0,-102242000.0,-210163000.0,-133983000.0,45432000.0,-148109000.0,-265128000.0,-669891000.0,0.0,832777000.0,0.0,515805000.0,515805000.0,515805000.0,2036000.0,0.0,0.118,353232000.0,747713000.0,216473000,0.287,2.508,25.293,25.333,4237307000,0.0,98.8,2.977,2.984,512279000,2444870000.0,4382869000.0,4382869000.0,0.0,0.053,0.102,0.098,0.173,25215000.0,333371000.0,1.0,132047816.0,132393000,133926000.0,33.105,5571356000,0,105449000.0,567283000,42.082,476595000
3,VMC,MRY,2017-12-31,2017-12-31,2017-12-31,2021-08-05,-149466000,9504891000,9389623000.0,1180101000,8324790000,0.414,37.497,-443810000.0,146646000,146646000,2896783000.0,601185000.0,2.665,0.913,2854865000,41383000,2813482000,2854865000,191476000,305965000.0,0,0.008,1.0,664632000.0,970597000.0,0.249,970597000.0,664632000.0,369110000.0,4.54,4.46,4.54,4968893000,4694223000.0,4968893000,19094989211.0,29.0,19.673,200868000.0,1.516,1.0,993513000.0,0.255,4185951000,295522000.0,7584287000,7123864250.0,384338000,35115000,0,35115000,4535998000,442872000,4093126000,16981359211.0,-121373000.0,-822433000.0,-60303000.0,721401000.0,-132335000.0,503440000.0,-1269491000.0,0.0,644678000.0,0.0,601185000.0,601185000.0,601185000.0,-7794000.0,0.0,0.155,354469000.0,639044000.0,197335000,0.22,3.418,28.246,28.275,3918931000,0.0,128.37,4.365,4.373,434089000,2180448000.0,3890296000.0,3890296000.0,0.0,0.064,0.128,0.093,0.171,26635000.0,324972000.0,1.0,132284484.0,132513000,134878000.0,29.358,5318940000,0,-232075000.0,464081000,40.139,737229000
4,VMC,MRY,2016-12-31,2016-12-31,2016-12-31,2021-08-05,-139376000,8471475000,8341674500.0,1137182000,7334293000,0.431,34.327,-326830000.0,268019000,268019000,2603782000.0,419491000.0,3.055,0.853,1982889000,138000,1982751000,1982889000,198388000,284940000.0,0,0.006,0.8,678418000.0,963358000.0,0.268,963358000.0,678418000.0,544342000.0,3.15,3.09,3.15,4572476000,4494207500.0,4572476000,18406910641.0,27.0,19.107,317758000.0,2.385,1.0,988885000.0,0.275,3863876000,134076000.0,5950225000,5944676250.0,345616000,39226000,0,39226000,3898999000,372244000,3526755000,16558505641.0,-17191000.0,-32537000.0,-161463000.0,-1990000.0,-106333000.0,-304585000.0,-357194000.0,0.0,644588000.0,0.0,419491000.0,419491000.0,419491000.0,2915000.0,0.0,0.117,322983000.0,665902000.0,145042000,0.254,3.621,39.473,39.73,3261438000,0.0,125.15,4.609,4.64,398488000,1771518000.0,3592667000.0,3592667000.0,0.0,0.05,0.093,0.114,0.189,20670000.0,316769000.0,1.0,132309274.0,133205000,135790000.0,26.971,4607599000,0,124851000.0,702854000,34.59,764938000
5,VMC,MRY,2015-12-31,2015-12-31,2015-12-31,2021-08-05,-120069000,8301632000,8285226500.0,1084591000,7217041000,0.413,33.437,-281044000.0,285210000,285210000,2564648000.0,221177000.0,3.068,0.864,1980464000,130000,1980334000,1980464000,207660000,274823000.0,0,0.004,0.4,536708000.0,811531000.0,0.237,811531000.0,536708000.0,316120000.0,1.66,1.64,1.66,4454188000,4301147250.0,4454188000,14472246575.0,27.0,17.833,238494000.0,1.79,1.0,857533000.0,0.251,3861403000,220588000.0,5782004000,5764926750.0,347073000,40558000,0,40558000,3847444000,353479000,3493965000,12661304575.0,143937000.0,-27198000.0,51496000.0,-60060000.0,-53214000.0,-67009000.0,-308592000.0,0.0,519538000.0,0.0,221177000.0,221177000.0,221177000.0,11737000.0,0.0,0.065,307755000.0,549778000.0,175729000,0.241,2.843,57.245,57.211,3156290000,0.0,94.97,3.7,3.697,397287000,1618507000.0,3422181000.0,3422181000.0,0.0,0.027,0.051,0.093,0.157,-128000.0,286844000.0,1.0,133318991.0,133210000,135093000.0,25.69,4440229000,0,94943000.0,681096000,33.333,731112000
6,VMC,MRY,2014-12-31,2014-12-31,2014-12-31,2021-08-05,-161714000,8041097000,7973453750.0,920469000,7120628000,0.376,31.771,-198824000.0,141273000,141273000,2406587000.0,204923000.0,2.037,0.925,1984779000,150137000,1834642000,1984779000,213968000,279497000.0,0,0.003,0.22,539982000.0,819479000.0,0.274,819479000.0,539982000.0,296615000.0,1.56,1.54,1.56,4176699000,4123776000.0,4176699000,10571088185.0,20.0,12.9,62183000.0,0.473,1.0,587582000.0,0.196,3853067000,243367000.0,5579658000,5588492750.0,321804000,41650000,0,41650000,3864398000,451878000,3412520000,8656843185.0,-52465000.0,437122000.0,54122000.0,-579829000.0,-28884000.0,-551803000.0,238331000.0,0.0,261007000.0,0.0,204923000.0,204923000.0,204923000.0,2223000.0,0.0,0.068,49444000.0,538138000.0,145148000,0.141,2.073,42.244,42.135,3071630000,0.0,65.73,2.891,2.886,354935000,1471845000.0,2994169000.0,2994169000.0,0.0,0.026,0.05,0.097,0.18,20420000.0,272288000.0,1.0,131703076.0,131461000,132991000.0,22.776,4188030000,39726000,91692000.0,691137000,31.858,468591000
7,VMC,MRY,2013-12-31,2013-12-31,2013-12-31,2021-08-05,-99631000,8259143000,8191974500.0,951496000,7307647000,0.338,30.23,-257804000.0,193738000,193738000,2343829000.0,24382000.0,3.181,1.097,2522413000,170000,2522243000,2522413000,219743000,307108000.0,0,0.001,0.04,202511000.0,509619000.0,0.184,509619000.0,202511000.0,-77000.0,0.19,0.19,0.19,3938106000,3832366500.0,3938106000,10001713723.0,49.0,19.626,98695000.0,0.758,1.0,426880000.0,0.154,3779099000,202588000.0,6509584000,6437872000.0,344606000,42387000,0,42387000,4321037000,299135000,4021902000,7723974723.0,-81740000.0,-38347000.0,13583000.0,-150602000.0,-5191000.0,-142049000.0,-296190000.0,0.0,356499000.0,0.0,24382000.0,24382000.0,24382000.0,-3626000.0,0.0,0.009,236476000.0,190404000.0,139345000,0.211,1.961,316.79,312.737,3312017000,0.0,59.42,2.788,2.794,323369000,1295834000.0,2770709000.0,2770709000.0,0.0,0.003,0.006,0.031,0.073,21932000.0,259427000.0,1.0,129989477.0,130272000,131467000.0,21.269,4480044000,40423000,-24459000.0,701075000,34.39,652361000
8,VMC,MRY,2012-12-31,2012-12-31,2012-12-31,2021-08-05,-225517000,8126599000,8187157250.0,984972000,7141627000,0.314,28.988,-12528000.0,275478000,275478000,2233284000.0,-52593000.0,2.257,1.161,2677003000,150602000,2526401000,2677003000,73583000,331959000.0,0,0.001,0.04,93982000.0,425941000.0,0.166,425941000.0,93982000.0,-119085000.0,-0.41,-0.41,-0.41,3761062000,3754200500.0,3761062000,9314972691.0,99.0,21.869,225947000.0,1.741,1.0,334026000.0,0.13,3779248000,213067000.0,6312465000,6427139750.0,335022000,42081000,0,42081000,4365537000,436411000,3929126000,6745495691.0,119639000.0,21166000.0,10462000.0,-134780000.0,-5183000.0,-129235000.0,10399000.0,0.0,238475000.0,0.0,-52593000.0,-52593000.0,-52593000.0,-1333000.0,0.0,-0.02,249245000.0,84781000.0,113337000,-0.098,1.794,-128.258,-126.951,3159185000,0.0,52.05,2.627,2.63,277539000,1276649000.0,2567310000.0,2567310000.0,0.0,-0.006,-0.014,0.015,0.037,17207000.0,259140000.0,1.0,129596459.0,129745000,129745000.0,19.787,4347351000,40696000,-66492000.0,657367000,33.507,548561000
9,VMC,MRY,2011-12-31,2011-12-31,2011-12-31,2021-08-05,-216844000,8229314000,8325132750.0,863100000,7366214000,0.308,29.306,-85237000.0,155920000,155920000,2280681000.0,-70778000.0,2.125,1.17,2815439000,134762000,2680677000,2815439000,0,361719000.0,0,0.019,0.76,71367000.0,433086000.0,0.169,433086000.0,71367000.0,-149261000.0,-0.55,-0.55,-0.55,3791617000,3856763000.0,3791617000,7754283328.0,109.0,17.905,83806000.0,0.648,1.0,283869000.0,0.111,3784218000,220628000.0,6698362000,6765939500.0,327657000,29004000,0,29004000,4437697000,406253000,4031444000,5085305328.0,108298000.0,64208000.0,8551000.0,43999000.0,-98172000.0,-41266000.0,-19479000.0,0.0,169043000.0,0.0,-70778000.0,-70778000.0,-70778000.0,-4477000.0,0.0,-0.028,220425000.0,63444000.0,103931000,-1.382,1.341,-71.849,-71.545,3418179000,0.0,39.35,1.983,1.985,299166000,1334476000.0,2564550000.0,2564550000.0,0.0,-0.009,-0.018,0.011,0.028,18333000.0,289993000.0,1.0,129232664.0,129381000,129381000.0,19.822,4445096000,43032000,-78483000.0,732528000,34.357,456847000
10,VMC,MRY,2010-12-31,2010-12-31,2010-12-31,2021-08-05,-177339000,8339536000,8453705500.0,773751000,7565785000,0.303,30.893,-72722000.0,48088000,48088000,2258136000.0,-96490000.0,1.329,1.108,2718262000,290746000,2427516000,2718262000,0,382093000.0,0,0.023,1.0,-4550000.0,377543000.0,0.148,377543000.0,-4550000.0,-186153000.0,-0.75,-0.75,-0.75,3955798000,4014350250.0,3955798000,8370150770.0,-1840.0,22.17,129984000.0,1.015,1.0,300726000.0,0.118,3788709000,181603000.0,6638653000,6546004250.0,319845000,37386000,0,37386000,4383738000,582348000,3801390000,5695407770.0,25276000.0,-19580000.0,62236000.0,-23274000.0,-127792000.0,-89054000.0,-88376000.0,0.0,202706000.0,0.0,-96490000.0,-96490000.0,-96490000.0,-6053000.0,0.0,-0.038,315266000.0,-14540000.0,102315000,-1.333,1.44,-59.026,-59.147,3632914000,0.0,44.36,2.226,2.22,260814000,1503681000.0,2558862000.0,2558862000.0,0.0,-0.011,-0.024,-0.001,-0.002,19829000.0,327537000.0,1.0,128390617.0,128050000,128050000.0,19.983,4550827000,54704000,-89663000.0,843599000,35.539,191403000
11,VMC,MRY,2009-12-31,2009-12-31,2009-12-31,2021-08-05,-194358000,8524871000,8744096250.0,732889000,7791982000,0.308,33.957,-91979000.0,22265000,22265000,2244528000.0,30314000.0,0.855,1.112,2738013000,621893000,2116120000,2738013000,0,394612000.0,0,0.028,1.48,167707000.0,562319000.0,0.209,562319000.0,167707000.0,-7555000.0,0.25,0.25,0.25,4037237000,3910336500.0,4037237000,9411255132.0,56.0,16.737,361056000.0,3.037,1.0,445962000.0,0.166,3778943000,175262000.0,6604981000,7068539750.0,325033000,37394000,4111000,33283000,4487634000,856695000,3630939000,6604854132.0,12071000.0,-20905000.0,623873000.0,-815060000.0,-171468000.0,-360962000.0,-80002000.0,33282000.0,453035000.0,0.0,30314000.0,30314000.0,30314000.0,-11666000.0,0.0,0.011,297510000.0,148452000.0,121324000,5.92,1.636,217.881,210.68,3874671000,0.0,52.67,2.455,2.327,254753000,1737455000.0,2690490000.0,2690490000.0,0.0,0.003,0.008,0.024,0.062,21048000.0,321608000.0,1.0,125400686.0,118891000,119430000.0,22.63,4745928000,56017000,-37869000.0,893974000,39.918,-123806000
12,VMC,MRY,2008-12-31,2008-12-31,2008-12-31,2021-08-05,-185282000,8916624000,9059557750.0,893890000,8022734000,0.403,32.373,-327654000.0,10194000,10194000,2901726000.0,918000.0,0.537,1.509,3547773000,1394185000,2153588000,3547773000,0,389060000.0,0,0.028,1.96,245422000.0,634482000.0,0.174,634482000.0,245422000.0,72609000.0,0.01,0.01,0.01,3553752000,3796305250.0,3553752000,11250030128.0,46.0,17.731,107531000.0,0.98,1.0,749712000.0,0.205,3759260000,172813000.0,7031877000,6659446750.0,364311000,64732000,36734000,27998000,5362872000,1663066000,3699806000,7663939128.0,-24694000.0,141726000.0,79674000.0,-114349000.0,-214783000.0,-270839000.0,-189040000.0,-36734000.0,435185000.0,0.0,918000.0,918000.0,918000.0,2449000.0,0.0,0.0,500610000.0,249102000.0,147104000,196.0,2.157,8348.518,6958.0,4155812000,0.0,69.58,2.099,2.092,326204000,1893929000.0,3651438000.0,3651438000.0,0.0,0.0,0.0,0.037,0.067,7887000.0,342584000.0,1.0,110145719.0,109774000,110954000.0,33.263,5157364000,71205000,71691000.0,920475000,46.982,-769176000
13,VMC,MRY,2007-12-31,2007-12-31,2007-12-31,2021-08-05,-40217000,8936370000,4982860500.0,1157229000,7779141000,0.668,38.744,-394383000.0,34888000,34888000,2376884000.0,450910000.0,0.458,1.377,3656509000,2126681000,1529828000,3656509000,0,271475000.0,0,0.023,1.84,703544000.0,975019000.0,0.293,975019000.0,703544000.0,655326000.0,4.65,4.54,4.65,3759600000,2594103500.0,3759600000,7998741916.0,11.0,8.204,313761000.0,3.233,1.0,950903000.0,0.286,3911015000,48218000.0,6118789000,3778000750.0,356318000,25445000,0,25445000,5176770000,2528187000,2648583000,7560256916.0,-20342000.0,-3267338000.0,30274000.0,3104931000.0,-181315000.0,2925813000.0,-3654299000.0,0.0,708144000.0,0.0,450910000.0,450910000.0,450910000.0,12176000.0,0.0,0.135,236486000.0,714417000.0,219548000,0.396,2.011,16.767,17.009,3620094000,0.0,79.09,2.272,2.306,383029000,2083718000.0,3327787000.0,3327787000.0,0.0,0.09,0.174,0.186,0.211,-12278000.0,289604000.0,1.0,95590554.0,97036000,99403000.0,34.294,5025355000,44210000,204416000.0,672915000,51.789,-1370958000
14,VMC,MRY,2006-12-31,2006-12-31,2006-12-31,2021-08-05,-4953000,3427834000,3434637000.0,731194000,2696640000,0.973,20.608,-427289000.0,55230000,55230000,2410571000.0,470214000.0,1.5,0.705,521594000,199530000,322064000,521594000,0,226370000.0,0,0.016,1.48,719837000.0,946207000.0,0.283,946207000.0,719837000.0,693527000.0,4.82,4.71,4.82,2010899000,2026258750.0,2010899000,9342550310.0,13.0,9.874,152060000.0,1.558,1.0,931904000.0,0.279,690485000,26310000.0,2716205000,2732633750.0,243537000,6664000,0,6664000,1416935000,487508000,929427000,9022229310.0,-219908000.0,121385000.0,-493912000.0,-73632000.0,-144082000.0,-694250000.0,-105007000.0,175140000.0,579349000.0,0.0,470214000.0,470214000.0,470214000.0,9964000.0,0.0,0.141,236815000.0,695089000.0,154215000,0.307,4.487,19.187,18.645,1869114000,0.0,89.87,2.699,2.624,344114000,2982526000.0,3342475000.0,3342475000.0,0.0,0.137,0.232,0.263,0.215,14352000.0,264276000.0,1.0,100392003.0,97577000,99777000.0,34.255,2737349000,25579000,223313000.0,299885000,28.053,243686000
15,VMC,MRY,2005-12-31,2005-12-31,2005-12-31,2021-08-05,-2213000,3590423000,3627778000.0,1164584000,2425839000,0.798,20.881,-205017000.0,275138000,275138000,2186513000.0,389050000.0,2.04,0.683,595459000,272067000,323392000,595459000,0,222868000.0,0,0.017,1.16,562763000.0,785631000.0,0.271,785631000.0,562763000.0,525617000.0,3.81,3.74,3.81,2133649000,2073812000.0,2133649000,7309137078.0,13.0,9.304,268167000.0,2.624,1.0,708814000.0,0.245,617083000,37146000.0,2722912000,2848736500.0,197752000,182082000,175140000,6942000,1456774000,570749000,886025000,6972839078.0,3688000.0,50117000.0,-190539000.0,-11603000.0,-118229000.0,-320324000.0,-149172000.0,4070000.0,473184000.0,0.0,389050000.0,389050000.0,389050000.0,-44922000.0,0.0,0.134,231978000.0,476836000.0,142221000,0.304,3.268,17.923,17.782,1603967000,0.0,67.75,2.408,2.391,329299000,2644535000.0,2895327000.0,2895327000.0,0.0,0.107,0.188,0.198,0.194,17170000.0,232411000.0,1.0,102920134.0,102179000,104085000.0,28.336,2973340000,23046000,136567000.0,315631000,29.099,593835000
16,VMC,MRY,2004-12-31,2004-12-31,2004-12-31,2021-08-05,-1309000,3665133000,3650996500.0,1417959000,2247174000,0.672,19.659,-155423000.0,271450000,271450000,1871662000.0,287385000.0,3.323,0.82,607748000,3226000,604522000,607748000,0,245050000.0,0,0.019,1.04,442018000.0,687068000.0,0.28,687068000.0,442018000.0,401738000.0,2.81,2.77,2.81,2013975000,1908405500.0,2013975000,6041894951.0,14.0,8.794,425192000.0,4.15,1.0,582673000.0,0.237,600181000,40280000.0,2974561000,3113629000.0,177184000,186436000,179210000,7226000,1651158000,426689000,1224469000,5572208951.0,123681000.0,-34555000.0,21508000.0,-278989000.0,-106331000.0,-362429000.0,-94505000.0,95473000.0,580615000.0,0.0,287385000.0,287385000.0,287385000.0,-26172000.0,0.0,0.117,180740000.0,401933000.0,95312000,0.37,2.767,19.389,19.434,1536493000,0.0,54.61,2.27,2.279,268719000,2366915000.0,2454335000.0,2454335000.0,0.0,0.079,0.151,0.142,0.18,4212000.0,196352000.0,1.0,102036421.0,102447000,103664000.0,23.957,3064952000,34433000,114353000.0,389443000,29.917,991270000
17,VMC,MRY,2003-12-31,2003-12-31,2003-12-31,2021-08-05,2649000,3636860000,3542540500.0,1050242000,2586618000,0.652,17.701,-155911000.0,147769000,147769000,1753895000.0,194952000.0,1.934,0.966,886375000,278721000,607654000,886375000,0,277091000.0,0,0.021,0.98,345748000.0,622839000.0,0.27,622839000.0,345748000.0,292519000.0,1.91,1.9,1.91,1802836000,1749911000.0,1802836000,5597564039.0,16.0,8.987,363135000.0,3.565,1.0,555747000.0,0.241,579817000,53229000.0,3252697000,3318553000.0,219376000,295005000,273894000,21111000,1742037000,542952000,1199085000,4831596039.0,20761000.0,40145000.0,5116000.0,-50136000.0,-99580000.0,-147098000.0,-351187000.0,-235421000.0,519046000.0,0.0,194952000.0,194952000.0,194952000.0,23750000.0,0.0,0.084,177429000.0,378318000.0,129361000,0.513,2.68,24.784,24.906,1892648000,0.0,47.57,2.092,2.098,345040000,2185839000.0,2309642000.0,2309642000.0,0.0,0.055,0.111,0.104,0.15,0.0,178784000.0,1.0,101568132.0,101849000,102710000.0,22.677,3057043000,34358000,97567000.0,359403000,30.015,507290000
18,VMC,MRY,2002-12-31,2002-12-31,2002-12-31,2021-08-05,2438000,3448221000,3430738500.0,789688000,2658533000,0.634,16.685,-222890000.0,127008000,127008000,1637587000.0,169876000.0,2.653,0.977,936696000,78939000,857757000,936696000,0,267676000.0,0,0.025,0.94,319540000.0,587216000.0,0.27,587216000.0,319540000.0,265835000.0,1.67,1.66,1.67,1696986000,1650630000.0,1696986000,4670027962.0,15.0,7.953,235153000.0,2.312,1.0,538258000.0,0.247,575791000,53705000.0,3384409000,3365624000.0,239586000,59684000,43720000,15964000,1658577000,297709000,1360868000,3803387962.0,36206000.0,-43445000.0,4443000.0,-31273000.0,-95384000.0,-119261000.0,-302576000.0,-36241000.0,458043000.0,0.0,169876000.0,169876000.0,169876000.0,42823000.0,0.0,0.078,162683000.0,375575000.0,122053000,0.563,2.241,22.389,22.455,1976053000,0.0,37.5,1.748,1.753,306581000,2090319000.0,2175845000.0,2175845000.0,0.0,0.05,0.103,0.095,0.147,0.0,162726000.0,1.0,101423679.0,101709000,102515000.0,21.393,2872430000,37698000,95959000.0,345181000,28.242,491979000
19,VMC,MRY,2001-12-31,2001-12-31,2001-12-31,2021-08-05,-8083000,3413256000,3331838500.0,729952000,2683304000,0.86,15.814,-247864000.0,100802000,100802000,2241580000.0,222680000.0,2.119,1.068,967442000,61143000,906299000,967442000,0,278209000.0,0,0.019,0.9,396119000.0,674328000.0,0.235,674328000.0,396119000.0,335004000.0,2.2,2.17,2.2,1604274000,1537885000.0,1604274000,5753132536.0,15.0,8.532,264202000.0,2.604,1.0,624052000.0,0.218,588562000,61115000.0,3346839000,3185078500.0,228415000,13352000,0,13352000,1713838000,344495000,1369343000,4845960536.0,45526000.0,-138794000.0,5550000.0,5345000.0,-91080000.0,-80219000.0,-386321000.0,337000.0,512066000.0,0.0,222680000.0,222680000.0,222680000.0,19179000.0,0.0,0.078,223913000.0,400139000.0,153619000,0.409,3.021,21.762,21.791,2000030000,0.0,47.94,1.691,1.697,333639000,2015809000.0,2865632000.0,2865632000.0,0.0,0.067,0.145,0.124,0.138,0.0,197951000.0,1.0,101083866.0,101445000,102497000.0,28.248,2824694000,53040000,112324000.0,318545000,27.845,385457000
20,VMC,MRY,2000-12-31,2000-12-31,2000-12-31,2021-08-05,0,3250421000,3044957000.0,694504000,2555917000,0.901,14.564,-278060000.0,55276000,55276000,2160907000.0,219893000.0,1.214,1.139,962448000,277087000,685361000,962448000,0,232365000.0,0,0.018,0.84,360325000.0,592690000.0,0.216,592690000.0,360325000.0,312238000.0,2.18,2.16,2.18,1471496000,1397574500.0,1471496000,5577085108.0,15.0,9.41,151583000.0,1.5,1.0,583687000.0,0.213,562044000,48087000.0,3023318000,2887642000.0,199044000,72558000,0,72558000,1675299000,572231000,1103068000,4823187108.0,2442000.0,-251854000.0,0.0,154560000.0,-84765000.0,102713000.0,-529914000.0,0.0,429643000.0,0.0,219893000.0,219893000.0,219893000.0,0.0,0.0,0.08,243198000.0,340489000.0,181317000,0.385,3.278,21.934,21.963,1848634000,0.0,47.88,1.757,1.763,342910000,1884269000.0,2744594000.0,2744594000.0,0.0,0.072,0.157,0.125,0.131,0.0,216978000.0,1.0,100734902.0,101037000,102012000.0,27.164,2688377000,44657000,92345000.0,268797000,26.608,122273000
21,VMC,MRY,1999-12-31,1999-12-31,1999-12-31,2021-08-05,0,2839493000,2249052000.0,624724000,2214769000,1.159,13.119,-211583000.0,52834000,52834000,2021320000.0,239693000.0,1.616,1.145,806732000,107870000,698862000,806732000,0,207108000.0,0,0.016,0.65,400137000.0,607245000.0,0.233,607245000.0,400137000.0,351561000.0,2.38,2.35,2.38,1323653000,1238676500.0,1323653000,4869571701.0,12.0,8.019,191386000.0,1.897,1.0,586451000.0,0.225,454783000,48576000.0,2751966000,2004432500.0,178734000,77064000,0,77064000,1515840000,386642000,1129198000,3995956701.0,-127726000.0,-764306000.0,-12508000.0,490761000.0,-78730000.0,445194000.0,-975889000.0,0.0,402969000.0,0.0,239693000.0,239693000.0,239693000.0,0.0,0.0,0.092,228357000.0,358094000.0,136056000,0.273,3.019,16.671,16.782,1639715000,0.0,39.94,1.532,1.545,314357000,1749212000.0,2607771000.0,2607771000.0,0.0,0.107,0.194,0.2,0.153,0.0,205643000.0,1.0,100048991.0,100895000,102190000.0,25.846,2384710000,52931000,111868000.0,266522000,23.636,238082000
22,VMC,MRY,1998-12-31,1998-12-31,1998-12-31,2021-08-05,0,1658611000,1566090750.0,576373000,1082238000,1.258,11.439,-176203000.0,180560000,180560000,1420094000.0,255908000.0,2.726,0.438,84318000,7785000,76533000,84318000,0,137792000.0,0,0.016,0.693,381626000.0,519418000.0,0.264,519418000.0,381626000.0,374844000.0,2.54,2.5,2.54,1153700000,1078743500.0,1153700000,4385628162.0,11.0,8.443,179542000.0,1.78,1.0,549670000.0,0.279,94008000,6782000.0,1256899000,1257203000.0,143680000,71034000,0,71034000,504911000,211462000,293449000,4411751162.0,51994000.0,-24567000.0,-65003000.0,-6719000.0,-70015000.0,-102981000.0,-200770000.0,0.0,355745000.0,0.0,255908000.0,255908000.0,255908000.0,0.0,0.0,0.13,206403000.0,343267000.0,107382000,0.273,3.824,17.24,17.27,895785000,0.0,43.867,2.24,2.246,210690000,1588145000.0,1969764000.0,1969764000.0,0.0,0.163,0.237,0.304,0.194,0.0,198956000.0,1.0,100571835.0,100854000,102177000.0,19.531,1564603000,24923000,118936000.0,119942000,15.514,364911000
23,VMC,MRY,1997-12-31,1997-12-31,1997-12-31,2021-08-05,0,1449246000,1389831000.0,487132000,962114000,1.208,9.77,-144792000.0,128566000,128566000,1199453000.0,209145000.0,2.345,0.462,90993000,9062000,81931000,90993000,0,129217000.0,0,0.018,0.627,307415000.0,436632000.0,0.26,436632000.0,307415000.0,300501000.0,2.06,2.03,2.06,991497000,931016000.0,991497000,,,,195337000.0,1.925,1.0,479128000.0,0.285,59345000,6914000.0,1144631000,1191891500.0,132359000,63482000,0,63482000,457749000,207697000,250052000,3427264927.0,77750000.0,-11936000.0,-43060000.0,-4635000.0,-63622000.0,-105651000.0,-156728000.0,0.0,340129000.0,0.0,209145000.0,209145000.0,209145000.0,0.0,0.0,0.125,195558000.0,283570000.0,112548000,0.304,3.457,16.387,16.521,808419000,0.0,34.033,2.042,2.058,189389000,1449847000.0,1678581000.0,1678581000.0,0.0,0.15,0.225,0.258,0.183,0.0,190446000.0,1.0,100703181.0,101483000,102850000.0,16.541,1389901000,21385000,91356000.0,110468000,13.696,279435000
24,VMC,MRY,1996-12-31,1996-12-31,1996-12-31,2021-08-05,0,1320645000,1268219500.0,394045000,926600000,1.237,8.474,-139815000.0,50816000,50816000,1115442000.0,188595000.0,2.024,0.495,93845000,8310000,85535000,93845000,0,121257000.0,0,0.028,0.56,294216000.0,415473000.0,0.265,415473000.0,294216000.0,285580000.0,1.81,1.79,1.81,883664000,840151000.0,883664000,,,,205717000.0,1.973,1.0,453503000.0,0.289,0,8636000.0,1169020000,1143226500.0,128578000,61274000,0,61274000,436981000,194654000,242327000,,28947000.0,-64765000.0,-45182000.0,-7191000.0,-58399000.0,-110772000.0,-205813000.0,-1233000.0,345532000.0,0.0,188595000.0,188595000.0,188595000.0,0.0,0.0,0.12,175128000.0,278375000.0,98528000,0.309,,,11.212,764490000,0.0,20.293,,1.349,176864000,1304405000.0,1568945000.0,1568945000.0,0.0,0.149,0.224,0.257,0.188,2010000.0,175128000.0,1.0,,104274000,105518000.0,15.046,1320645000,23474000,96985000.0,116574000,12.665,199391000
25,VMC,MRY,1995-12-31,1995-12-31,1995-12-31,2021-08-05,0,1215794000,,362121000,853673000,,7.471,-77293000.0,21869000,21869000,1044710000.0,166240000.0,2.041,0.526,100917000,10639000,90278000,100917000,0,110677000.0,0,0.025,0.487,269520000.0,380197000.0,0.26,380197000.0,269520000.0,258421000.0,1.56,1.543,1.56,796638000,,796638000,,,,189163000.0,1.774,1.0,416264000.0,0.285,0,11099000.0,1117433000,,126801000,56272000,0,56272000,419156000,177409000,241747000,,14152000.0,-27172000.0,-50148000.0,-43930000.0,-51848000.0,-145926000.0,-106378000.0,-1913000.0,266456000.0,0.0,166240000.0,166240000.0,166240000.0,0.0,0.0,0.114,159829000.0,256435000.0,98253000,0.312,,,12.314,698033000,0.0,19.21,,1.402,170757000,1174171000.0,1460974000.0,1460974000.0,0.0,,,,0.184,699000.0,159829000.0,1.0,,106632000,107799000.0,13.701,1215794000,26555000,92181000.0,108197000,11.402,184712000
0,VMC,MRQ,2021-06-30,2021-06-30,2021-06-30,2021-08-05,-178119000,11571027000,,2200425000,9370602000,,47.395,-87334000.0,968406000,968406000,962683000.0,195344000.0,3.672,0.839,3228456000,15436000,3213020000,3228456000,170160000,103107000.0,0,0.008,0.37,294323000.0,397430000.0,0.292,397430000.0,294323000.0,252627000.0,1.47,1.46,1.47,6293113000,,6293113000,25387743545.0,25.0,17.856,141277000.0,1.064,1.0,398364000.0,0.293,4275191000,41696000.0,8956641000,,450643000,34264000,0,34264000,5277914000,599245000,4678669000,23093039545.0,77467000.0,0.0,0.0,-13293000.0,-49088000.0,-63800000.0,-87344000.0,0.0,228611000.0,0.0,195344000.0,195344000.0,195344000.0,1436000.0,0.0,0.144,110828000.0,287536000.0,300109000,0.252,3.67,34.454,34.469,4829998000,0.0,174.07,4.699,4.703,686852000,3531861000.0,1361047000.0,1361047000.0,0.0,,,,,9819000.0,100667000.0,1.0,132665247.0,132781000,133507000.0,10.25,7295836000,0,57283000.0,748279000,54.946,1601180000
1,VMC,MRQ,2021-03-31,2021-03-31,2021-03-31,2021-08-05,-179714000,11332760000,,1993008000,9339752000,,46.224,85847000.0,890939000,890939000,839077000.0,160614000.0,3.522,0.847,3185643000,15436000,3170207000,3185643000,172377000,100368000.0,0,0.008,0.37,254370000.0,354738000.0,0.332,354738000.0,254370000.0,221252000.0,1.21,1.2,1.21,6136241000,,6136241000,24856565775.0,24.0,17.393,255109000.0,1.922,1.0,229267000.0,0.215,4286729000,33118000.0,8774878000,,441329000,34265000,0,34265000,5196519000,565857000,4630662000,22367321775.0,-307074000.0,0.0,0.0,-500006000.0,-49085000.0,-562208000.0,85872000.0,0.0,169262000.0,0.0,160614000.0,160614000.0,160614000.0,1056000.0,0.0,0.15,-20246000.0,249513000.0,255624000,0.306,3.645,32.661,32.703,4784965000,0.0,168.75,4.587,4.594,593128000,3385604000.0,1068344000.0,1068344000.0,0.0,,,,,7869000.0,88593000.0,1.0,132547092.0,132749000,133415000.0,8.048,7046031000,0,60638000.0,733561000,53.078,1427151000
2,VMC,MRQ,2020-12-31,2020-12-31,2020-12-31,2021-08-05,-181305000,11686905000,,2277165000,9409740000,,45.448,-91184000.0,1198013000,1198013000,872378000.0,114518000.0,2.173,0.939,3687257000,515435000,3171822000,3687257000,174045000,100894000.0,0,0.009,0.34,175242000.0,276136000.0,0.235,276136000.0,175242000.0,139791000.0,0.86,0.86,0.86,6027330000,,6027330000,22261872950.0,25.0,17.487,201249000.0,1.517,1.0,302741000.0,0.258,4295656000,35451000.0,8832610000,,448585000,34301000,0,34301000,5659575000,1047883000,4611692000,19652759950.0,113283000.0,-37238000.0,0.0,-7000.0,-45055000.0,-51383000.0,-127767000.0,0.0,292433000.0,0.0,114518000.0,114518000.0,114518000.0,1397000.0,0.0,0.097,106311000.0,196430000.0,273080000,0.395,3.261,33.624,33.63,4849127000,0.0,148.31,4.046,4.048,556297000,3274107000.0,1175119000.0,1175119000.0,0.0,,,,,9752000.0,98626000.0,1.0,132511361.0,132620000,133404000.0,8.861,7391249000,0,25273000.0,706050000,55.733,1229282000
3,VMC,MRQ,2020-09-30,2020-09-30,2020-09-30,2021-08-05,-205995000,11590533000,,2265333000,9325200000,,44.718,-39465000.0,1084730000,1084730000,929392000.0,199788000.0,2.117,0.955,3693843000,509435000,3184408000,3693843000,174488000,100961000.0,0,0.01,0.34,292554000.0,393515000.0,0.3,393515000.0,292554000.0,256772000.0,1.51,1.5,1.51,5928352000,,5928352000,20826070405.0,23.0,16.155,312870000.0,2.36,1.0,380498000.0,0.29,4279203000,35782000.0,8850550000,,455461000,41778000,0,41778000,5662181000,1069893000,4592288000,17952019405.0,267531000.0,0.0,0.0,-4638000.0,-45033000.0,-50583000.0,-34221000.0,0.0,352335000.0,0.0,199788000.0,199788000.0,199788000.0,1337000.0,0.0,0.153,92394000.0,288104000.0,263296000,0.225,3.028,29.379,29.401,4775026000,0.0,135.54,3.688,3.691,644207000,3204671000.0,1309890000.0,1309890000.0,0.0,,,,,8019000.0,83511000.0,1.0,132448129.0,132573000,133268000.0,9.881,7311330000,0,56984000.0,685520000,55.149,1195440000
4,VMC,MRQ,2020-06-30,2020-06-30,2020-06-30,2021-08-05,-208039000,11398724000,,2030110000,9368614000,,43.486,-79970000.0,817199000,817199000,926056000.0,209916000.0,1.954,0.978,3691250000,500026000,3191224000,3691250000,177534000,99471000.0,0,0.011,0.34,305222000.0,404693000.0,0.306,404693000.0,305222000.0,271268000.0,1.58,1.58,1.58,5764151000,,5764151000,18407323204.0,20.0,14.234,263146000.0,1.985,1.0,396519000.0,0.3,4286704000,33954000.0,8947322000,,451480000,43849000,0,43849000,5634573000,1038749000,4595824000,15342516204.0,696926000.0,-5017000.0,0.0,489232000.0,-45028000.0,443094000.0,-89284000.0,0.0,343116000.0,0.0,209916000.0,209916000.0,209916000.0,1041000.0,0.0,0.159,97623000.0,298896000.0,278102000,0.215,2.662,24.471,24.493,4809628000,0.0,115.85,3.083,3.086,695860000,3049943000.0,1322575000.0,1322575000.0,0.0,,,,,8504000.0,91205000.0,1.0,132434322.0,132552000,133115000.0,9.978,7112020000,0,61352000.0,671097000,53.655,991361000
5,VMC,MRQ,2020-03-31,2020-03-31,2020-03-31,2021-08-05,-209929000,10629382000,,1276780000,9352602000,,42.17,-140114000.0,120273000,120273000,847519000.0,60258000.0,2.684,0.901,3185080000,25000,3185055000,3185080000,178568000,95480000.0,0,0.012,0.34,103225000.0,198705000.0,0.189,198705000.0,103225000.0,72452000.0,0.45,0.45,0.45,5590326000,,5590326000,17205774687.0,20.0,13.653,-57639000.0,-0.435,1.0,201723000.0,0.192,4250576000,30773000.0,8967937000,,470747000,57987000,0,57987000,5039056000,475676000,4563380000,14307898687.0,-154233000.0,0.0,-26132000.0,-6000.0,-45100000.0,-106466000.0,-130242000.0,0.0,82475000.0,0.0,60258000.0,60258000.0,60258000.0,-260000.0,0.0,0.057,89422000.0,112301000.0,243019000,0.756,2.559,23.279,23.291,4822018000,0.0,108.07,2.872,2.876,597665000,2885084000.0,1049242000.0,1049242000.0,0.0,,,,,6716000.0,86430000.0,1.0,132394732.0,132567000,133259000.0,7.915,6378806000,0,12194000.0,648405000,48.118,801104000
6,VMC,MRQ,2019-12-31,2019-12-31,2019-12-31,2021-08-05,-197738000,10648793000,,1379326000,9269467000,,42.439,-66652000.0,274506000,274506000,893071000.0,141093000.0,2.575,0.894,3172382000,25000,3172357000,3172382000,179880000,95671000.0,0,0.009,0.31,196517000.0,292188000.0,0.246,292188000.0,196517000.0,164527000.0,1.07,1.05,1.07,5621857000,,5621857000,22140808574.0,25.0,17.605,271341000.0,2.048,1.0,293081000.0,0.247,4258536000,31990000.0,8752570000,,458308000,60709000,0,60709000,5026936000,535563000,4491373000,19057739574.0,183404000.0,-45273000.0,0.0,-6000.0,-41030000.0,-42009000.0,-112580000.0,0.0,337993000.0,0.0,141093000.0,141093000.0,141093000.0,1503000.0,0.0,0.119,99505000.0,193576000.0,265159000,0.29,3.39,30.855,30.833,4724227000,0.0,143.99,3.866,3.865,532012000,2895871000.0,1186152000.0,1186152000.0,0.0,,,,,7028000.0,95801000.0,1.0,132354605.0,132468000,133721000.0,8.954,6390257000,0,23434000.0,633039000,48.24,843763000
7,VMC,MRQ,2019-09-30,2019-09-30,2019-09-30,2021-08-05,-171190000,10539673000,,1324242000,9215431000,,41.855,-80144000.0,91102000,91102000,1018115000.0,215713000.0,2.474,0.902,3174171000,24000,3174147000,3174171000,180541000,96248000.0,0,0.008,0.31,301382000.0,397630000.0,0.28,397630000.0,301382000.0,269185000.0,1.63,1.62,1.63,5542239000,,5542239000,23296344101.0,27.0,18.753,264069000.0,1.994,1.0,400643000.0,0.282,4238391000,32197000.0,8849067000,,429660000,57059000,0,57059000,4997434000,535284000,4462150000,20007064101.0,64580000.0,0.0,-2602000.0,-137006000.0,-41016000.0,-192724000.0,-86909000.0,0.0,344213000.0,0.0,215713000.0,215713000.0,215713000.0,2353000.0,0.0,0.152,97267000.0,303376000.0,265012000,0.19,3.61,33.312,33.313,4698178000,0.0,151.24,4.141,4.145,724940000,2795834000.0,1418758000.0,1418758000.0,0.0,,,,,10445000.0,88789000.0,1.0,132286856.0,132414000,133375000.0,10.715,6301282000,0,53472000.0,628726000,47.588,788958000
8,VMC,MRQ,2019-06-30,2019-06-30,2019-06-30,2021-08-05,-171533000,10480764000,,1255015000,9225749000,,40.61,-99130000.0,26522000,26522000,957180000.0,197558000.0,1.891,0.951,3315802000,137024000,3178778000,3315802000,182666000,93496000.0,0,0.009,0.31,278191000.0,371687000.0,0.28,371687000.0,278191000.0,245156000.0,1.49,1.48,1.49,5371447000,,5371447000,21468999860.0,26.0,18.081,86622000.0,0.655,1.0,370502000.0,0.279,4244047000,33035000.0,8862409000,,441423000,51667000,0,51667000,5109317000,663588000,4445729000,18137568860.0,-4586000.0,0.0,0.0,-41505000.0,-40988000.0,-93868000.0,-96470000.0,0.0,185752000.0,0.0,197558000.0,197558000.0,197558000.0,349000.0,0.0,0.149,94428000.0,276074000.0,284875000,0.208,3.377,32.157,32.232,4709578000,0.0,137.31,3.899,3.904,697331000,2623747000.0,1327682000.0,1327682000.0,0.0,,,,,8646000.0,95689000.0,1.0,132092119.0,132269000,133354000.0,10.038,6236717000,0,47598000.0,601189000,47.152,591427000
9,VMC,MRQ,2019-03-31,2019-03-31,2019-03-31,2021-08-05,-171925000,10296852000,,1083851000,9213001000,,39.511,-115507000.0,31108000,31108000,804836000.0,63299000.0,1.643,0.974,3362539000,178524000,3184015000,3362539000,184744000,89181000.0,0,0.01,0.31,106926000.0,196107000.0,0.197,196107000.0,106926000.0,73992000.0,0.48,0.48,0.48,5217209000,,5217209000,18476750771.0,24.0,16.289,657000.0,0.005,1.0,191675000.0,0.192,4247240000,32934000.0,8721436000,,429397000,50952000,0,50952000,5079643000,659607000,4420036000,15608774771.0,-13296000.0,2866000.0,0.0,45494000.0,-40939000.0,-9582000.0,-119878000.0,0.0,116164000.0,0.0,63299000.0,63299000.0,63299000.0,636000.0,0.0,0.064,87242000.0,104433000.0,248119000,0.646,2.992,29.667,29.749,4701719000,0.0,118.4,3.45,3.455,560530000,2467201000.0,996511000.0,996511000.0,0.0,,,,,5724000.0,90268000.0,1.0,131830868.0,132043000,133054000.0,7.547,6049612000,0,10693000.0,568229000,45.815,424244000
10,VMC,MRQ,2018-12-31,2018-12-31,2018-12-31,2021-08-05,-172215000,9832130000,,1079145000,8752985000,,39.399,-111478000.0,44404000,44404000,812763000.0,124022000.0,1.791,0.89,2912380000,133023000,2779357000,2912380000,186397000,89783000.0,0,0.011,0.28,187077000.0,276860000.0,0.254,276860000.0,187077000.0,153666000.0,0.94,0.93,0.94,5202903000,,5202903000,15981407221.0,21.0,14.457,148668000.0,1.126,1.0,275284000.0,0.253,4260774000,33411000.0,7836782000,,429330000,44615000,0,44615000,4629227000,602550000,4026677000,13046324221.0,1335000.0,-8281000.0,-34067000.0,-67006000.0,-36917000.0,-138418000.0,-120393000.0,0.0,260146000.0,0.0,124022000.0,124022000.0,124022000.0,258000.0,0.0,0.114,88795000.0,186489000.0,216473000,0.298,2.508,25.293,25.333,4237307000,0.0,98.8,2.977,2.984,512279000,2444870000.0,1088047000.0,1088047000.0,0.0,,,,,3565000.0,84382000.0,1.0,132047816.0,132057000,133467000.0,8.239,5571356000,0,29644000.0,567283000,42.189,476595000
11,VMC,MRQ,2018-09-30,2018-09-30,2018-09-30,2021-08-05,-143525000,9875635000,,1175912000,8699723000,,38.868,-96757000.0,43069000,43069000,897055000.0,179151000.0,1.703,0.919,2978152000,200023000,2778129000,2978152000,186829000,89391000.0,0,0.01,0.28,253361000.0,342752000.0,0.276,342752000.0,253361000.0,219814000.0,1.35,1.34,1.35,5145789000,,5145789000,17784036617.0,24.0,16.754,200114000.0,1.512,1.0,343142000.0,0.277,4268969000,33547000.0,7851334000,,408652000,42944000,0,42944000,4729846000,690415000,4039431000,14708222617.0,-18046000.0,5858000.0,-24995000.0,-160005000.0,-36996000.0,-222028000.0,-92889000.0,0.0,296871000.0,0.0,179151000.0,179151000.0,179151000.0,713000.0,0.0,0.144,93958000.0,249184000.0,233885000,0.207,2.858,20.447,20.479,4188723000,0.0,111.2,3.443,3.446,645715000,2361903000.0,1240197000.0,1240197000.0,0.0,,,,,6887000.0,81606000.0,1.0,132268189.0,132392000,133894000.0,9.368,5606666000,0,40663000.0,581026000,42.349,485497000
12,VMC,MRQ,2018-06-30,2018-06-30,2018-06-30,2021-08-05,-144669000,9844784000,,1183202000,8661582000,,37.91,-111656000.0,61115000,61115000,876967000.0,159652000.0,1.458,0.961,3136929000,360023000,2776906000,3136929000,188826000,85633000.0,0,0.008,0.28,232942000.0,318575000.0,0.265,318575000.0,232942000.0,199698000.0,1.21,1.19,1.21,5020630000,,5020630000,19989044015.0,28.0,19.444,71136000.0,0.537,1.0,323184000.0,0.269,4320852000,33244000.0,7787950000,,403764000,41989000,0,41989000,4824154000,811796000,4012358000,17059849015.0,14601000.0,-142737000.0,-19353000.0,159994000.0,-37020000.0,96394000.0,-264585000.0,0.0,182792000.0,0.0,159652000.0,159652000.0,159652000.0,650000.0,0.0,0.133,92931000.0,230253000.0,231913000,0.231,3.398,26.296,26.339,4106414000,0.0,129.06,4.134,4.142,638114000,2244545000.0,1200151000.0,1200151000.0,0.0,,,,,7969000.0,89043000.0,1.0,132185410.0,132437000,134051000.0,9.062,5523932000,0,40046000.0,545756000,41.71,371406000
13,VMC,MRQ,2018-03-31,2018-03-31,2018-03-31,2021-08-05,-145813000,9453211000,,1011199000,8442012000,,37.028,-126987000.0,46514000,46514000,695140000.0,52979000.0,1.734,0.924,2975709000,200022000,2775687000,2975709000,190731000,81439000.0,0,0.009,0.28,85850000.0,167289000.0,0.196,167289000.0,85850000.0,48076000.0,0.4,0.39,0.4,4913210000,,4913210000,17833731754.0,26.0,18.005,-34019000.0,-0.256,1.0,159334000.0,0.186,4190992000,37774000.0,7608107000,,399754000,35056000,0,35056000,4540001000,583307000,3956694000,15125512754.0,-100132000.0,-65003000.0,-55568000.0,112449000.0,-37176000.0,-1076000.0,-192024000.0,0.0,92968000.0,0.0,52979000.0,52979000.0,52979000.0,416000.0,0.0,0.062,78139000.0,81195000.0,188163000,0.7,3.079,24.827,24.82,4025865000,0.0,114.17,3.822,3.828,489436000,2138885000.0,854474000.0,854474000.0,0.0,,,,,6794000.0,78340000.0,1.0,132482375.0,132690000,134359000.0,6.44,5262219000,0,-4903000.0,479430000,39.658,427892000
14,VMC,MRQ,2017-12-31,2017-12-31,2017-12-31,2021-08-05,-149466000,9504891000,,1180101000,8324790000,,37.495,-87368000.0,146646000,146646000,735973000.0,327546000.0,2.665,0.913,2854865000,41383000,2813482000,2854865000,191476000,77991000.0,0,0.008,0.25,154864000.0,232855000.0,0.238,232855000.0,154864000.0,13914000.0,2.47,2.43,2.47,4968893000,,4968893000,19094989211.0,29.0,19.673,157775000.0,1.191,1.0,241517000.0,0.247,4185951000,140950000.0,7584287000,,384338000,35115000,0,35115000,4535998000,442872000,4093126000,16981359211.0,-554517000.0,-611871000.0,0.0,-62981000.0,-33072000.0,-96768000.0,-702892000.0,0.0,245143000.0,0.0,327546000.0,327546000.0,327546000.0,423000.0,0.0,0.335,92315000.0,149202000.0,197335000,0.101,3.418,28.246,28.275,3918931000,0.0,128.37,4.365,4.373,434089000,2180448000.0,977490000.0,977490000.0,0.0,,,,,6682000.0,85921000.0,1.0,132284484.0,132522000,134953000.0,7.376,5318940000,0,-313632000.0,464081000,40.136,737229000
15,VMC,MRQ,2017-09-30,2017-09-30,2017-09-30,2021-08-05,-136259000,9439334000,,1746972000,7692362000,,35.364,-73938000.0,701163000,701163000,790957000.0,108579000.0,4.223,1.015,2814793000,4827000,2809966000,2814793000,193117000,79635000.0,0,0.008,0.25,229700000.0,309335000.0,0.283,309335000.0,229700000.0,147659000.0,0.82,0.81,0.82,4685134000,,4685134000,18025359402.0,26.0,18.224,170375000.0,1.286,1.0,303758000.0,0.277,3936606000,82041000.0,7202659000,,365826000,35999000,0,35999000,4754200000,413699000,4340501000,15820089402.0,-428636000.0,0.0,0.0,-565565000.0,-33069000.0,-599011000.0,-73938000.0,0.0,244313000.0,0.0,108579000.0,108579000.0,108579000.0,1571000.0,0.0,0.099,76280000.0,227478000.0,181207000,0.305,3.377,40.959,40.959,3537701000,0.0,119.6,4.179,4.185,579202000,1886006000.0,1094715000.0,1094715000.0,0.0,,,,,6282000.0,73612000.0,1.0,132274995.0,132484000,134765000.0,8.263,5502728000,0,39080000.0,716165000,41.535,1333273000
16,VMC,MRQ,2017-06-30,2017-06-30,2017-06-30,2021-08-05,-137874000,9869943000,,2184812000,7685131000,,34.756,-150721000.0,1129799000,1129799000,740746000.0,120139000.0,2.36,1.145,3335069000,525776000,2809293000,3335069000,195020000,76776000.0,0,0.007,0.25,204246000.0,281022000.0,0.273,281022000.0,204246000.0,165791000.0,0.91,0.89,0.91,4602104000,,4602104000,18783987170.0,27.0,19.231,-89651000.0,-0.677,1.0,290017000.0,0.281,3936410000,38455000.0,7213010000,,374929000,38888000,0,38888000,5267839000,925793000,4342046000,16741557170.0,842842000.0,-25495000.0,-11082000.0,1004517000.0,-33042000.0,957583000.0,-175811000.0,0.0,61070000.0,0.0,120139000.0,120139000.0,120139000.0,-8390000.0,0.0,0.117,98051000.0,191966000.0,202753000,0.275,3.638,39.891,39.962,3538808000,0.0,126.68,4.526,4.535,570086000,1810528000.0,1030763000.0,1030763000.0,0.0,,,,,7183000.0,83056000.0,1.0,132156277.0,132413000,134735000.0,7.784,5933533000,0,45652000.0,706726000,44.811,1259019000
17,VMC,MRQ,2017-03-31,2017-03-31,2017-03-31,2021-08-05,-138629000,8744324000,,1157762000,7586562000,,34.084,-131783000.0,286957000,286957000,629107000.0,44921000.0,3.208,0.934,2329387000,139000,2329248000,2329387000,196739000,71563000.0,0,0.007,0.25,75822000.0,147385000.0,0.187,147385000.0,75822000.0,41746000.0,0.34,0.33,0.34,4520761000,,4520761000,17661085097.0,26.0,18.041,-37631000.0,-0.284,1.0,158221000.0,0.201,3930355000,34076000.0,6495501000,,363399000,34311000,0,34311000,4223563000,360898000,3862665000,15946215097.0,18938000.0,-185067000.0,-49221000.0,345430000.0,-33152000.0,241636000.0,-316850000.0,0.0,94152000.0,0.0,44921000.0,44921000.0,44921000.0,-1398000.0,0.0,0.057,87842000.0,70379000.0,175906000,0.735,3.527,37.586,37.768,3451821000,0.0,120.48,4.399,4.408,468833000,1734448000.0,787328000.0,787328000.0,0.0,,,,,6488000.0,82383000.0,1.0,132355703.0,132636000,134968000.0,5.936,4813969000,0,-3175000.0,703491000,36.295,796864000
18,VMC,MRQ,2016-12-31,2016-12-31,2016-12-31,2021-08-05,-139376000,8471475000,,1137182000,7334293000,,34.492,-45255000.0,268019000,268019000,645201000.0,112601000.0,3.055,0.853,1982889000,138000,1982751000,1982889000,198388000,71578000.0,0,0.006,0.2,179761000.0,251339000.0,0.288,251339000.0,179761000.0,145877000.0,0.85,0.83,0.85,4572476000,,4572476000,18406910641.0,27.0,19.107,194724000.0,1.469,1.0,227773000.0,0.261,3863876000,33884000.0,5950225000,,345616000,39226000,0,39226000,3898999000,372244000,3526755000,16558505641.0,131504000.0,-30926000.0,0.0,-1976000.0,-26468000.0,-30829000.0,-77646000.0,0.0,239979000.0,0.0,112601000.0,112601000.0,112601000.0,-4536000.0,0.0,0.129,67654000.0,160119000.0,145042000,0.235,3.621,39.473,39.73,3261438000,0.0,125.15,4.609,4.64,398488000,1771518000.0,872974000.0,872974000.0,0.0,,,,,5025000.0,81309000.0,1.0,132309274.0,132566000,135364000.0,6.585,4607599000,0,33276000.0,702854000,34.757,764938000
19,VMC,MRQ,2016-09-30,2016-09-30,2016-09-30,2021-08-05,-119106000,8358085000,,1076759000,7281326000,,33.86,-84238000.0,135365000,135365000,703931000.0,142024000.0,2.983,0.856,1983770000,131000,1983639000,1983770000,201732000,72048000.0,0,0.006,0.2,224953000.0,297001000.0,0.295,297001000.0,224953000.0,191827000.0,1.07,1.05,1.07,4503970000,,4503970000,17024992366.0,25.0,17.895,165369000.0,1.243,1.0,304209000.0,0.302,3848138000,33126000.0,5997440000,,338042000,38914000,0,38914000,3854115000,360912000,3493203000,15134236366.0,43463000.0,0.0,-92307000.0,-5000.0,-26527000.0,-122532000.0,-83612000.0,0.0,249607000.0,0.0,142024000.0,142024000.0,142024000.0,3113000.0,0.0,0.141,77133000.0,227076000.0,163139000,0.187,3.36,38.239,38.293,3228293000,0.0,113.73,4.231,4.229,531982000,1685412000.0,1008140000.0,1008140000.0,0.0,,,,,4813000.0,76311000.0,1.0,133071629.0,133019000,135823000.0,7.579,4509947000,0,49803000.0,706715000,33.905,715847000
20,VMC,MRQ,2016-06-30,2016-06-30,2016-06-30,2021-08-05,-119434000,8290113000,,1023407000,7266706000,,33.573,-90139000.0,91902000,91902000,664641000.0,124709000.0,3.076,0.851,1982658000,131000,1982527000,1982658000,203800000,71908000.0,0,0.005,0.2,211283000.0,283191000.0,0.296,283191000.0,211283000.0,177950000.0,0.93,0.92,0.93,4479331000,,4479331000,17820196697.0,27.0,19.14,-23865000.0,-0.179,1.0,292184000.0,0.305,3849165000,33333000.0,5999026000,,347866000,38924000,0,38924000,3810782000,332678000,3478104000,16030526697.0,-99984000.0,0.0,-45723000.0,-4000.0,-26620000.0,-76432000.0,-89826000.0,0.0,66274000.0,0.0,124709000.0,124709000.0,124709000.0,2532000.0,0.0,0.13,78398000.0,213786000.0,176476000,0.215,3.579,42.458,42.53,3217371000,0.0,120.36,4.444,4.452,532795000,1661459000.0,956825000.0,956825000.0,0.0,,,,,6511000.0,82681000.0,1.0,133188158.0,133419000,136208000.0,7.172,4440948000,0,53241000.0,683999000,33.286,690729000
21,VMC,MRQ,2016-03-31,2016-03-31,2016-03-31,2021-08-05,-119755000,8247025000,,1007503000,7239522000,,33.037,-107198000.0,191886000,191886000,590010000.0,40158000.0,2.826,0.865,1981556000,131000,1981425000,1981556000,205892000,69406000.0,0,0.005,0.2,62420000.0,131826000.0,0.175,131826000.0,62420000.0,28688000.0,0.3,0.3,0.3,4421053000,,4421053000,15755178187.0,27.0,18.153,-18470000.0,-0.138,1.0,164718000.0,0.218,3848196000,33732000.0,5832014000,,337758000,38895000,0,38895000,3825972000,356485000,3469487000,14059924187.0,-92174000.0,-1611000.0,-23433000.0,-5000.0,-26718000.0,-74792000.0,-106110000.0,0.0,88728000.0,0.0,40158000.0,40158000.0,40158000.0,1807000.0,0.0,0.053,99797000.0,64921000.0,185653000,0.667,3.18,46.709,46.712,3197827000,0.0,105.57,3.965,3.984,443763000,1605578000.0,754728000.0,754728000.0,0.0,,,,,4321000.0,76468000.0,1.0,133181057.0,133821000,136100000.0,5.64,4398829000,0,-11470000.0,663364000,32.871,651018000
22,VMC,MRQ,2015-12-31,2015-12-31,2015-12-31,2021-08-05,-120069000,8301632000,,1084591000,7217041000,,33.341,-70693000.0,285210000,285210000,603356000.0,88888000.0,3.068,0.864,1980464000,130000,1980334000,1980464000,207660000,70053000.0,0,0.004,0.1,169311000.0,239364000.0,0.279,239364000.0,169311000.0,132654000.0,0.67,0.66,0.67,4454188000,,4454188000,14472246575.0,27.0,17.833,167508000.0,1.254,1.0,253929000.0,0.296,3861403000,36657000.0,5782004000,,347073000,40558000,0,40558000,3847444000,353479000,3493965000,12661304575.0,116529000.0,-6397000.0,-16392000.0,-4000.0,-13336000.0,-44533000.0,-77139000.0,0.0,238201000.0,0.0,88888000.0,88888000.0,88888000.0,4671000.0,0.0,0.104,80891000.0,173038000.0,175729000,0.149,2.843,57.245,57.211,3156290000,0.0,94.97,3.7,3.697,397287000,1618507000.0,857285000.0,857285000.0,0.0,,,,,2802000.0,79494000.0,1.0,133318991.0,133594000,135546000.0,6.417,4440229000,0,43766000.0,681096000,33.237,731112000
23,VMC,MRQ,2015-09-30,2015-09-30,2015-09-30,2021-08-05,-146846000,8316866000,,1143690000,7173176000,,32.69,-65049000.0,168681000,168681000,747170000.0,123805000.0,2.775,0.906,1979623000,130000,1979493000,1979623000,209651000,69662000.0,0,0.004,0.1,206991000.0,276653000.0,0.266,276653000.0,206991000.0,169191000.0,0.93,0.91,0.93,4363277000,,4363277000,13851849293.0,30.0,18.658,151651000.0,1.136,1.0,291290000.0,0.281,3861519000,37800000.0,5854212000,,326706000,40516000,0,40516000,3953589000,412077000,3541512000,11880224293.0,93945000.0,586000.0,17119000.0,-67611000.0,-13329000.0,-58325000.0,-64430000.0,0.0,216700000.0,0.0,123805000.0,123805000.0,123805000.0,2397000.0,0.0,0.119,79084000.0,212206000.0,195536000,0.108,2.723,69.756,69.688,3119627000,0.0,89.2,3.578,3.586,552985000,1564215000.0,1038460000.0,1038460000.0,0.0,,,,,-1152000.0,71390000.0,1.0,133186371.0,133474000,135558000.0,7.78,4455347000,39301000,45386000.0,692643000,33.38,731613000
24,VMC,MRQ,2015-06-30,2015-06-30,2015-06-30,2021-08-05,-151011000,8195883000,,1022200000,7173683000,,31.757,-98045000.0,74736000,74736000,660694000.0,48162000.0,2.018,0.939,2046361000,152624000,1893737000,2046361000,211429000,68385000.0,0,0.004,0.1,151680000.0,220065000.0,0.246,220065000.0,151680000.0,68029000.0,0.36,0.36,0.36,4226957000,,4226957000,13019434094.0,33.0,19.265,-52562000.0,-0.395,1.0,234449000.0,0.262,3862819000,83651000.0,5798049000,,341828000,41603000,0,41603000,3968926000,506640000,3462286000,11134195094.0,-317921000.0,-21387000.0,19353000.0,-246527000.0,-13296000.0,-243972000.0,-119432000.0,0.0,45483000.0,0.0,48162000.0,48162000.0,48162000.0,1657000.0,0.0,0.054,80673000.0,153776000.0,190904000,0.278,2.634,98.147,97.593,3115524000,0.0,83.93,3.529,3.541,490411000,1453752000.0,895143000.0,895143000.0,0.0,,,,,1097000.0,69197000.0,1.0,132660492.0,133103000,135234000.0,6.725,4333064000,39562000,19867000.0,686171000,32.554,515560000
25,VMC,MRQ,2015-03-31,2015-03-31,2015-03-31,2021-08-05,-156785000,8326525000,,1194665000,7131860000,,31.36,-47257000.0,392657000,392657000,553428000.0,-39678000.0,1.699,1.001,2253806000,365441000,1888365000,2253806000,212987000,66723000.0,0,0.003,0.1,8727000.0,75450000.0,0.12,75450000.0,8727000.0,-53753000.0,-0.3,-0.3,-0.3,4160167000,,4160167000,13000775229.0,37.0,20.683,-28103000.0,-0.212,1.0,77865000.0,0.123,3858896000,62480000.0,5625442000,,333692000,41613000,0,41613000,4166358000,703336000,3463022000,11136464229.0,251384000.0,0.0,31416000.0,254082000.0,-13253000.0,279821000.0,-47591000.0,0.0,19154000.0,0.0,-39678000.0,-39678000.0,-39678000.0,3011000.0,0.0,-0.063,67106000.0,10759000.0,157829000,-0.333,2.677,100.104,99.176,3084093000,0.0,84.3,3.65,3.665,369952000,1418901000.0,631293000.0,631293000.0,0.0,,,,,-2875000.0,66763000.0,1.0,132105151.0,132659000,132659000.0,4.759,4467629000,39881000,-14075000.0,682849000,33.678,491329000
26,VMC,MRQ,2014-12-31,2014-12-31,2014-12-31,2021-08-05,-161714000,8041097000,,920469000,7120628000,,31.623,-50924000.0,141273000,141273000,585367000.0,38021000.0,2.037,0.925,1984779000,150137000,1834642000,1984779000,213968000,70639000.0,0,0.003,0.06,99602000.0,170241000.0,0.225,170241000.0,99602000.0,57766000.0,0.29,0.28,0.29,4176699000,,4176699000,10571088185.0,20.0,12.9,60357000.0,0.457,1.0,169660000.0,0.225,3853067000,41836000.0,5579658000,,321804000,41650000,0,41650000,3864398000,451878000,3412520000,8656843185.0,49405000.0,-13363000.0,10989000.0,-118000.0,-7911000.0,2378000.0,-64254000.0,0.0,111281000.0,0.0,38021000.0,38021000.0,38021000.0,327000.0,0.0,0.05,69768000.0,99892000.0,145148000,0.207,2.073,42.244,42.135,3071630000,0.0,65.73,2.891,2.886,354935000,1471845000.0,755027000.0,755027000.0,0.0,,,,,5370000.0,72480000.0,1.0,131703076.0,132076000,133687000.0,5.717,4188030000,39726000,19745000.0,691137000,31.709,468591000
27,VMC,MRQ,2014-09-30,2014-09-30,2014-09-30,2021-08-05,-91515000,8069645000,,954618000,7115027000,,31.876,-52042000.0,91868000,91868000,664537000.0,66939000.0,2.617,0.921,1984220000,145000,1984075000,1984220000,216205000,71156000.0,0,0.003,0.06,138896000.0,210052000.0,0.24,210052000.0,138896000.0,98005000.0,0.51,0.5,0.51,4201099000,,4201099000,9601484997.0,19.0,12.281,74784000.0,0.567,1.0,209042000.0,0.239,3854180000,40891000.0,5743005000,,306584000,42117000,0,42117000,3868546000,364812000,3503734000,7884718997.0,-135816000.0,-268397000.0,3499000.0,-17000.0,-7899000.0,-4290000.0,-258352000.0,0.0,126826000.0,0.0,66939000.0,66939000.0,66939000.0,842000.0,0.0,0.077,68711000.0,140331000.0,167837000,0.118,1.877,44.804,44.948,3068570000,0.0,60.23,2.701,2.719,479748000,1441742000.0,873579000.0,873579000.0,0.0,,,,,6364000.0,66074000.0,1.0,130910161.0,131797000,133369000.0,6.628,4215465000,41745000,31066000.0,733613000,31.985,589806000
28,VMC,MRQ,2014-06-30,2014-06-30,2014-06-30,2021-08-05,-93227000,7910838000,,1101984000,6808854000,,31.157,-67637000.0,289771000,289771000,616355000.0,45967000.0,3.154,0.936,1983477000,158000,1983319000,1983477000,217589000,68324000.0,0,0.002,0.05,104500000.0,172824000.0,0.218,172824000.0,104500000.0,63949000.0,0.35,0.35,0.35,4086187000,,4086187000,10013767244.0,22.0,13.328,-39765000.0,-0.303,1.0,174788000.0,0.221,3714963000,40551000.0,5540176000,,309714000,42128000,0,42128000,3824651000,349405000,3475246000,8338611244.0,-41089000.0,-1174000.0,5227000.0,-18000.0,-6543000.0,-1087000.0,-67874000.0,0.0,27872000.0,0.0,45967000.0,45967000.0,45967000.0,544000.0,0.0,0.058,71542000.0,103246000.0,178239000,0.143,2.041,55.44,55.435,2901762000,0.0,63.75,2.916,2.924,434332000,1382711000.0,791143000.0,791143000.0,0.0,,,,,7364000.0,67615000.0,1.0,130801745.0,131149000,132876000.0,6.032,4195875000,40858000,17982000.0,704544000,31.993,752579000
29,VMC,MRQ,2014-03-31,2014-03-31,2014-03-31,2021-08-05,-94926000,7872235000,,1053742000,6818493000,,30.817,-28221000.0,331797000,331797000,540328000.0,53995000.0,3.091,0.953,2006953000,171000,2006782000,2006953000,218946000,69378000.0,0,0.001,0.05,196984000.0,266362000.0,0.464,266362000.0,196984000.0,76895000.0,0.41,0.41,0.41,4031119000,,4031119000,11004665492.0,25.0,14.845,-33193000.0,-0.254,1.0,34092000.0,0.059,3715391000,120089000.0,5491132000,,305833000,42137000,0,42137000,3841116000,340868000,3500248000,8675990492.0,75035000.0,720056000.0,34407000.0,-579676000.0,-6531000.0,-548804000.0,628811000.0,0.0,-4972000.0,0.0,53995000.0,53995000.0,53995000.0,510000.0,0.0,0.094,-160577000.0,194669000.0,150628000,0.122,2.152,65.129,65.147,2893290000,0.0,66.45,3.091,3.097,348337000,1343294000.0,574420000.0,574420000.0,0.0,,,,,1322000.0,66119000.0,1.0,130564191.0,130810000,132314000.0,4.391,4156844000,39591000,22900000.0,693234000,31.778,712874000
30,VMC,MRQ,2013-12-31,2013-12-31,2013-12-31,2021-08-05,-99631000,8259143000,,951496000,7307647000,,30.203,-155468000.0,193738000,193738000,562899000.0,9082000.0,3.181,1.097,2522413000,170000,2522243000,2522413000,219743000,76231000.0,0,0.001,0.01,56328000.0,132559000.0,0.195,132559000.0,56328000.0,6497000.0,0.07,0.07,0.07,3938106000,,3938106000,10001713723.0,49.0,19.626,-58981000.0,-0.452,1.0,117347000.0,0.173,3779099000,49831000.0,6509584000,,344606000,42387000,0,42387000,4321037000,299135000,4021902000,7723974723.0,-52075000.0,0.0,9092000.0,-109000.0,-1301000.0,6947000.0,-155509000.0,0.0,96487000.0,0.0,9082000.0,9082000.0,9082000.0,1014000.0,0.0,0.013,63518000.0,53829000.0,139345000,0.143,1.961,316.79,312.737,3312017000,0.0,59.42,2.788,2.794,323369000,1295834000.0,680246000.0,680246000.0,0.0,,,,,6039000.0,64016000.0,1.0,129989477.0,130386000,131764000.0,5.217,4480044000,40423000,-2585000.0,701075000,34.36,652361000
31,VMC,MRQ,2013-09-30,2013-09-30,2013-09-30,2021-08-05,-153876000,8310056000,,1100961000,7209095000,,29.654,-44812000.0,245813000,245813000,654585000.0,41363000.0,3.07,1.151,2523552000,163000,2523389000,2523552000,225863000,78320000.0,0,0.001,0.01,101290000.0,179610000.0,0.221,179610000.0,101290000.0,52156000.0,0.32,0.31,0.32,3862911000,,3862911000,9270994978.0,45.0,18.043,260545000.0,2.0,1.0,158983000.0,0.195,3779176000,49134000.0,6449976000,,328179000,43275000,0,43275000,4447145000,358643000,4088502000,6733392978.0,158834000.0,-1304000.0,893000.0,-100016000.0,-1292000.0,-100407000.0,-46116000.0,0.0,305357000.0,0.0,41363000.0,41363000.0,41363000.0,787000.0,0.0,0.051,59216000.0,99767000.0,154451000,0.031,1.743,358.502,370.071,3214460000,0.0,51.81,2.495,2.501,445230000,1288054000.0,813568000.0,813568000.0,0.0,,,,,5679000.0,65854000.0,1.0,129963192.0,130266000,131320000.0,6.245,4530880000,39326000,10793000.0,673135000,34.782,742318000
32,VMC,MRQ,2013-06-30,2013-06-30,2013-06-30,2021-08-05,-156666000,8120224000,,911649000,7208575000,,29.278,-32296000.0,86979000,86979000,605838000.0,28772000.0,2.327,1.129,2624581000,100161000,2524420000,2624581000,73068000,76960000.0,0,0.001,0.01,85796000.0,162756000.0,0.22,162756000.0,85796000.0,34923000.0,0.22,0.22,0.22,3813520000,,3813520000,8768896616.0,55.0,18.475,-64774000.0,-0.497,1.0,132895000.0,0.18,3779992000,50873000.0,6486065000,,340487000,43194000,0,43194000,4306704000,391769000,3914935000,6290953616.0,-101102000.0,5005000.0,395000.0,-40461000.0,-1299000.0,-41333000.0,-27291000.0,0.0,-32478000.0,0.0,28772000.0,28772000.0,28772000.0,1356000.0,0.0,0.039,46029000.0,86866000.0,128142000,0.045,1.65,-756.033,-691.571,3215341000,0.0,48.41,2.406,2.412,404682000,1247984000.0,738733000.0,738733000.0,0.0,,,,,6137000.0,64902000.0,1.0,129951531.0,130250000,131332000.0,5.672,4340232000,39275000,6151000.0,664967000,33.322,519880000
33,VMC,MRQ,2013-03-31,2013-03-31,2013-03-31,2021-08-05,-221231000,8078475000,,927362000,7151113000,,28.536,-25228000.0,188081000,188081000,520507000.0,-54836000.0,1.974,1.175,2666024000,140604000,2525420000,2666024000,73392000,75597000.0,0,0.001,0.01,-40902000.0,34695000.0,0.064,34695000.0,-40902000.0,-93654000.0,-0.42,-0.42,-0.42,3714929000,,3714929000,9115908279.0,100.0,22.038,-38095000.0,-0.293,1.0,17655000.0,0.033,3780702000,52752000.0,6305863000,,340574000,41707000,0,41707000,4363546000,469853000,3893693000,6714383279.0,-87397000.0,-42048000.0,3203000.0,-10016000.0,-1299000.0,-7256000.0,-67274000.0,0.0,-12867000.0,0.0,-54836000.0,-54836000.0,-54836000.0,-6783000.0,0.0,-0.102,67713000.0,-50058000.0,116677000,-0.024,1.807,-121.251,-120.233,3168175000,0.0,51.7,2.613,2.619,322172000,1220512000.0,538162000.0,538162000.0,0.0,,,,,4077000.0,64655000.0,1.0,129872017.0,130186000,130186000.0,4.134,4297773000,38844000,-38818000.0,614405000,33.013,457509000
34,VMC,MRQ,2012-12-31,2012-12-31,2012-12-31,2021-08-05,-225517000,8126599000,,984972000,7141627000,,28.941,7960000.0,275478000,275478000,529225000.0,3483000.0,2.257,1.161,2677003000,150602000,2526401000,2677003000,73583000,78568000.0,0,0.001,0.01,58199000.0,136767000.0,0.225,136767000.0,58199000.0,4129000.0,0.02,0.02,0.02,3761062000,,3761062000,9314972691.0,99.0,21.869,152676000.0,1.175,1.0,79206000.0,0.13,3779248000,54070000.0,6312465000,,335022000,42081000,0,42081000,4365537000,436411000,3929126000,6745495691.0,32352000.0,10476000.0,4295000.0,-134660000.0,-1298000.0,-131598000.0,19234000.0,0.0,144716000.0,0.0,3483000.0,3483000.0,3483000.0,1005000.0,0.0,0.006,23674000.0,55532000.0,113337000,0.5,1.794,-128.258,-126.951,3159185000,0.0,52.05,2.627,2.63,277539000,1276649000.0,608431000.0,608431000.0,0.0,,,,,7845000.0,66873000.0,1.0,129596459.0,129958000,129958000.0,4.682,4347351000,40696000,646000.0,657367000,33.452,548561000
35,VMC,MRQ,2012-09-30,2012-09-30,2012-09-30,2021-08-05,-204723000,8225916000,,1049255000,7176661000,,29.034,-12973000.0,243126000,243126000,601938000.0,14260000.0,1.66,1.184,2812603000,285153000,2527450000,2812603000,0,84108000.0,0,0.001,0.01,56311000.0,140419000.0,0.193,140419000.0,56311000.0,3268000.0,0.11,0.11,0.11,3767197000,,3767197000,8775517487.0,257.0,23.364,83847000.0,0.646,1.0,126923000.0,0.174,3780024000,53043000.0,6383272000,,336978000,42226000,0,42226000,4458719000,632097000,3826622000,6120279487.0,84825000.0,-1137000.0,2643000.0,-15000.0,-1295000.0,1201000.0,-13196000.0,0.0,96820000.0,0.0,14260000.0,14260000.0,14260000.0,1361000.0,0.0,0.02,71057000.0,55866000.0,133209000,0.091,1.625,-72.912,-72.769,3212952000,0.0,47.3,2.378,2.385,397414000,1274465000.0,728861000.0,728861000.0,0.0,,,,,5761000.0,65441000.0,1.0,129392801.0,129753000,130215000.0,5.617,4445892000,45353000,-10992000.0,680880000,34.264,417158000
36,VMC,MRQ,2012-06-30,2012-06-30,2012-06-30,2021-08-05,-208782000,8180075000,,951235000,7228840000,,28.864,583000.0,158301000,158301000,588197000.0,-18283000.0,1.543,1.185,2813539000,285152000,2528387000,2813539000,0,84116000.0,0,0.007,0.01,17655000.0,101771000.0,0.147,101771000.0,17655000.0,-36032000.0,-0.14,-0.14,-0.14,3742936000,,3742936000,7761333634.0,99.0,18.194,-31622000.0,-0.244,1.0,105939000.0,0.153,3781688000,53687000.0,6437158000,,334606000,28506000,0,28506000,4437139000,616467000,3820672000,5138047634.0,-32871000.0,0.0,41000.0,-15000.0,-1295000.0,-1267000.0,601000.0,0.0,-32205000.0,0.0,-18283000.0,-18283000.0,-18283000.0,1298000.0,0.0,-0.026,86277000.0,19662000.0,171834000,-0.071,1.373,-65.669,-65.098,3278511000,0.0,39.71,1.972,1.976,390131000,1261501000.0,694136000.0,694136000.0,0.0,,,,,1724000.0,61914000.0,1.0,129389263.0,129676000,129676000.0,5.353,4398387000,43357000,-17749000.0,687337000,33.918,334768000
37,VMC,MRQ,2012-03-31,2012-03-31,2012-03-31,2021-08-05,-212821000,8216039000,,918649000,7297390000,,28.903,-8098000.0,191172000,191172000,513924000.0,-52053000.0,1.91,1.194,2814458000,144706000,2669752000,2814458000,0,85167000.0,0,0.012,0.01,-38184000.0,46983000.0,0.088,46983000.0,-38184000.0,-90450000.0,-0.4,-0.4,-0.4,3745607000,,3745607000,8182236644.0,98.0,18.622,21046000.0,0.162,1.0,21958000.0,0.041,3782568000,52266000.0,6575664000,,341333000,29172000,0,29172000,4470432000,481093000,3989339000,5522717644.0,35333000.0,11827000.0,3483000.0,-90000.0,-1295000.0,2429000.0,3760000.0,0.0,29144000.0,0.0,-52053000.0,-52053000.0,-52053000.0,-4997000.0,0.0,-0.097,68237000.0,-46279000.0,125101000,-0.025,1.474,-81.1,-80.623,3349694000,0.0,42.73,2.113,2.119,318176000,1281080000.0,535882000.0,535882000.0,0.0,,,,,1877000.0,64912000.0,1.0,129246844.0,129593000,129593000.0,4.135,4433471000,43394000,-38397000.0,704166000,34.211,437556000
38,VMC,MRQ,2011-12-31,2011-12-31,2011-12-31,2021-08-05,-216844000,8229314000,,863100000,7366214000,,29.279,-19635000.0,155920000,155920000,540272000.0,-27865000.0,2.125,1.17,2815439000,134762000,2680677000,2815439000,0,88048000.0,0,0.019,0.01,-1621000.0,86427000.0,0.141,86427000.0,-1621000.0,-58410000.0,-0.22,-0.22,-0.22,3791617000,,3791617000,7754283328.0,109.0,17.905,27682000.0,0.214,1.0,74355000.0,0.121,3784218000,56789000.0,6698362000,,327657000,29004000,0,29004000,4437697000,406253000,4031444000,5085305328.0,3460000.0,-8622000.0,383000.0,-14645000.0,-1294000.0,-15466000.0,-28391000.0,0.0,47317000.0,0.0,-27865000.0,-27865000.0,-27865000.0,1922000.0,0.0,-0.045,79884000.0,-5529000.0,103931000,-0.045,1.341,-71.849,-71.545,3418179000,0.0,39.35,1.983,1.985,299166000,1334476000.0,614627000.0,614627000.0,0.0,,,,,5342000.0,71703000.0,1.0,129232664.0,129501000,129501000.0,4.746,4445096000,43032000,-30545000.0,732528000,34.325,456847000
39,VMC,MRQ,2011-09-30,2011-09-30,2011-09-30,2021-08-05,-164943000,8383526000,,1003711000,7379815000,,29.862,-20807000.0,152460000,152460000,644972000.0,19959000.0,2.635,1.168,2821438000,5215000,2816223000,2821438000,0,90948000.0,0,0.036,0.25,100470000.0,191418000.0,0.252,191418000.0,100470000.0,49792000.0,0.15,0.15,0.15,3866917000,,3866917000,6345646338.0,141.0,15.422,93903000.0,0.725,1.0,115780000.0,0.152,3785419000,50678000.0,6886105000,,317777000,28917000,0,28917000,4516609000,380980000,4135629000,3561426338.0,45635000.0,60546000.0,0.0,-100213000.0,-32308000.0,-109134000.0,40059000.0,0.0,114710000.0,0.0,19959000.0,19959000.0,19959000.0,2453000.0,0.0,0.026,9112000.0,106668000.0,134853000,1.667,0.921,-39.611,-39.942,3443468000,0.0,27.56,1.404,1.407,430039000,1363640000.0,760752000.0,760752000.0,0.0,,,,,4142000.0,67020000.0,1.0,129224468.0,129493000,129768000.0,5.875,4598107000,48743000,29833000.0,794921000,35.509,622731000
40,VMC,MRQ,2011-06-30,2011-06-30,2011-06-30,2021-08-05,-167729000,8387255000,,893998000,7493257000,,29.913,-21180000.0,106853000,106853000,601131000.0,-8139000.0,2.043,1.166,2891073000,105230000,2785843000,2891073000,0,92137000.0,0,0.026,0.25,22431000.0,114568000.0,0.163,114568000.0,22431000.0,-48480000.0,-0.06,-0.06,-0.06,3872083000,,3872083000,7644051976.0,-8837.0,20.522,-58214000.0,-0.45,1.0,100840000.0,0.144,3791525000,70911000.0,6942314000,,329265000,37251000,0,37251000,4515172000,437636000,4077536000,4974490976.0,43580000.0,0.0,4865000.0,147416000.0,-32305000.0,100830000.0,-20216000.0,0.0,-37034000.0,0.0,-8139000.0,-8139000.0,-8139000.0,1037000.0,0.0,-0.012,77352000.0,23488000.0,153729000,-4.167,1.285,-51.484,-52.068,3542745000,0.0,38.53,1.975,1.98,389782000,1376026000.0,701971000.0,701971000.0,0.0,,,,,5173000.0,74062000.0,1.0,129106955.0,129446000,129446000.0,5.423,4595730000,45704000,-40341000.0,756557000,35.503,456362000
41,VMC,MRQ,2011-03-31,2011-03-31,2011-03-31,2021-08-05,-173672000,8300436000,,766895000,7533541000,,30.187,-23615000.0,63273000,63273000,494306000.0,-54733000.0,1.208,1.13,2732834000,305238000,2427596000,2732834000,0,90586000.0,0,0.022,0.25,-49913000.0,40673000.0,0.083,40673000.0,-49913000.0,-92163000.0,-0.42,-0.42,-0.42,3896435000,,3896435000,8555189525.0,-345.0,24.189,20435000.0,0.158,1.0,-7106000.0,-0.015,3798062000,42250000.0,6536977000,,329187000,37271000,0,37271000,4404001000,634958000,3769043000,5885015525.0,15623000.0,12284000.0,3303000.0,11441000.0,-32265000.0,-17496000.0,-10931000.0,0.0,44050000.0,0.0,-54733000.0,-54733000.0,-54733000.0,-9889000.0,0.0,-0.112,54078000.0,-61184000.0,119702000,-0.595,1.51,-52.322,-52.414,3592830000,0.0,45.6,2.305,2.306,278126000,1416486000.0,487200000.0,487200000.0,0.0,,,,,3676000.0,77516000.0,1.0,129057358.0,129078000,129078000.0,3.774,4502374000,57993000,-37430000.0,807029000,34.881,131937000
42,VMC,MRQ,2010-12-31,2010-12-31,2010-12-31,2021-08-05,-177339000,8339536000,,773751000,7565785000,,30.741,-14626000.0,48088000,48088000,535493000.0,-46997000.0,1.329,1.108,2718262000,290746000,2427516000,2718262000,0,92919000.0,0,0.023,0.25,-28107000.0,64812000.0,0.111,64812000.0,-28107000.0,-75169000.0,-0.36,-0.36,-0.36,3955798000,,3955798000,8370150770.0,-1840.0,22.17,60253000.0,0.468,1.0,50750000.0,0.087,3788709000,47062000.0,6638653000,,319845000,37386000,0,37386000,4383738000,582348000,3801390000,5695407770.0,-34955000.0,-35130000.0,7905000.0,-39710000.0,-32096000.0,-63641000.0,-46193000.0,0.0,74879000.0,0.0,-46997000.0,-46997000.0,-46997000.0,852000.0,0.0,-0.08,80162000.0,-29412000.0,102315000,-0.694,1.44,-59.026,-59.147,3632914000,0.0,44.36,2.226,2.22,260814000,1503681000.0,586243000.0,586243000.0,0.0,,,,,4631000.0,80106000.0,1.0,128390617.0,128680000,128680000.0,4.556,4550827000,54704000,-28172000.0,843599000,35.365,191403000
43,VMC,MRQ,2010-09-30,2010-09-30,2010-09-30,2021-08-05,-183829000,8521518000,,921744000,7599774000,,31.291,-19162000.0,83027000,83027000,616457000.0,13246000.0,1.373,1.118,2757770000,325249000,2432521000,2757770000,0,97698000.0,0,0.027,0.25,54724000.0,152422000.0,0.205,152422000.0,54724000.0,7198000.0,0.1,0.1,0.1,4024069000,,4024069000,7436273118.0,273.0,18.013,90009000.0,0.7,1.0,126747000.0,0.171,3781996000,47526000.0,6743009000,,316244000,37718000,3910000,33808000,4497449000,671256000,3826193000,4735712118.0,40323000.0,-35404000.0,6420000.0,8136000.0,-32096000.0,-18674000.0,-50174000.0,0.0,109171000.0,0.0,13246000.0,13246000.0,13246000.0,-2655000.0,0.0,0.018,76315000.0,50432000.0,138462000,2.5,1.177,-75.359,-71.0,3677048000,0.0,36.92,1.848,1.853,404934000,1591969000.0,743204000.0,743204000.0,0.0,,,,,4674000.0,77560000.0,1.0,128269559.0,128602000,128910000.0,5.779,4739522000,64768000,-6048000.0,856631000,36.854,250488000
44,VMC,MRQ,2010-06-30,2010-06-30,2010-06-30,2021-08-05,-187458000,8486965000,,856903000,7630062000,,31.438,-20229000.0,45919000,45919000,613817000.0,-23992000.0,0.798,1.106,2746480000,745300000,2001180000,2746480000,0,97279000.0,0,0.023,0.25,-1500000.0,95779000.0,0.13,95779000.0,-1500000.0,-45223000.0,-0.19,-0.19,-0.19,4029319000,,4029319000,8283693154.0,129.0,18.351,-8012000.0,-0.063,1.0,122335000.0,0.166,3777359000,43723000.0,6336038000,,311340000,37988000,3910000,34078000,4457646000,1074129000,3383517000,5596785154.0,6233000.0,-110000.0,26556000.0,19906000.0,-32000000.0,14712000.0,-20696000.0,0.0,12217000.0,0.0,-23992000.0,-23992000.0,-23992000.0,1477000.0,0.0,-0.033,121125000.0,1210000.0,168269000,-1.316,1.389,-256.075,-230.684,3717015000,0.0,43.83,2.154,2.162,389323000,1610835000.0,736152000.0,736152000.0,0.0,,,,,5247000.0,83376000.0,1.0,127693022.0,128168000,128168000.0,5.744,4709606000,57575000,-21231000.0,843408000,36.746,-217226000
45,VMC,MRQ,2010-03-31,2010-03-31,2010-03-31,2021-08-05,-191049000,8466803000,,755672000,7711131000,,31.953,-18705000.0,39583000,39583000,492370000.0,-38747000.0,0.831,1.091,2726491000,625344000,2101147000,2726491000,0,94197000.0,0,0.026,0.25,-29665000.0,64532000.0,0.131,64532000.0,-29665000.0,-72959000.0,-0.31,-0.31,-0.31,4048215000,,4048215000,8683770223.0,61.0,16.349,-12266000.0,-0.097,1.0,894000.0,0.002,3778172000,43294000.0,6466317000,,307601000,37407000,4109000,33298000,4418588000,909222000,3509366000,5968022223.0,13675000.0,51064000.0,21355000.0,-11606000.0,-31600000.0,-21451000.0,28687000.0,0.0,6439000.0,0.0,-38747000.0,-38747000.0,-38747000.0,-5727000.0,0.0,-0.079,37664000.0,-36770000.0,128974000,-0.806,1.474,245.113,236.2,3793041000,0.0,47.24,2.31,2.317,291412000,1666839000.0,493264000.0,493264000.0,0.0,,,,,5277000.0,86495000.0,1.0,126334086.0,126692000,126692000.0,3.893,4688631000,55040000,-34212000.0,870384000,37.008,-153550000
46,VMC,MRQ,2009-12-31,2009-12-31,2009-12-31,2021-08-05,-194358000,8524871000,,732889000,7791982000,,32.05,-4213000.0,22265000,22265000,522103000.0,-13349000.0,0.855,1.112,2738013000,621893000,2116120000,2738013000,0,96454000.0,0,0.028,0.25,3636000.0,100090000.0,0.17,100090000.0,3636000.0,-41597000.0,-0.12,-0.12,-0.12,4037237000,,4037237000,9411255132.0,56.0,16.737,94000000.0,0.746,1.0,68041000.0,0.115,3778943000,45233000.0,6604981000,,325033000,37394000,4111000,33283000,4487634000,856695000,3630939000,6604854132.0,-24282000.0,0.0,25786000.0,-115014000.0,-31420000.0,-119898000.0,-2597000.0,2692000.0,98213000.0,0.0,-13349000.0,-13349000.0,-13349000.0,767000.0,0.0,-0.023,66649000.0,1392000.0,121324000,-2.083,1.636,217.881,210.68,3874671000,0.0,52.67,2.455,2.327,254753000,1737455000.0,590144000.0,590144000.0,0.0,,,,,-822000.0,82979000.0,1.0,125400686.0,125965000,126579000.0,4.685,4745928000,56017000,-28248000.0,893974000,37.677,-123806000
47,VMC,MRQ,2009-09-30,2009-09-30,2009-09-30,2021-08-05,-179674000,8763168000,,885491000,7877677000,,32.59,-31716000.0,46547000,46547000,623712000.0,54232000.0,1.31,1.145,2852948000,346778000,2506170000,2852948000,0,99243000.0,0,0.032,0.25,91768000.0,191011000.0,0.245,191011000.0,91768000.0,48249000.0,0.43,0.43,0.43,4085528000,,4085528000,9708367559.0,-477.0,25.863,153704000.0,1.226,1.0,154480000.0,0.199,3775066000,43519000.0,7118670000,,331695000,38227000,6803000,31424000,4677640000,675833000,4001807000,6758171559.0,2836000.0,4538000.0,16153000.0,-141036000.0,-31296000.0,-155368000.0,-27216000.0,0.0,185420000.0,0.0,54232000.0,54232000.0,54232000.0,-6308000.0,0.0,0.07,71776000.0,82704000.0,141884000,0.581,1.654,-39.952,-33.584,3965260000,0.0,54.07,2.331,2.338,399013000,1797036000.0,778192000.0,778192000.0,0.0,,,,,7860000.0,79558000.0,1.0,124989302.0,125361000,125859000.0,6.208,4988102000,67967000,-5983000.0,896598000,39.79,209658000
48,VMC,MRQ,2009-06-30,2009-06-30,2009-06-30,2021-08-05,-181374000,8850327000,,927055000,7923272000,,35.551,-33482000.0,43711000,43711000,576025000.0,22212000.0,1.238,1.194,2993907000,472717000,2521190000,2993907000,0,99600000.0,0,0.045,0.49,75917000.0,175517000.0,0.243,175517000.0,75917000.0,31844000.0,0.2,0.2,0.2,4034235000,,4034235000,8232452468.0,656.0,20.19,30822000.0,0.272,1.0,145834000.0,0.202,3777071000,44073000.0,7274888000,,363583000,37369000,6755000,30614000,4816092000,748564000,4067528000,4764998468.0,-3735000.0,-36980000.0,572379000.0,-521079000.0,-54683000.0,-3242000.0,-64797000.0,5387000.0,64304000.0,0.0,22212000.0,22212000.0,22212000.0,-6651000.0,0.0,0.031,80150000.0,65684000.0,145744000,2.45,1.181,-28.995,-28.733,4028248000,0.0,43.1,1.52,1.56,385501000,1774113000.0,721859000.0,721859000.0,0.0,,,,,8219000.0,79353000.0,1.0,110556809.0,113477000,113829000.0,6.361,5073256000,69080000,9632000.0,928687000,44.707,178491000
49,VMC,MRQ,2009-03-31,2009-03-31,2009-03-31,2021-08-05,-183501000,8838019000,,882141000,7955878000,,31.505,-22568000.0,47446000,47446000,522687000.0,-32780000.0,0.693,1.536,3514900000,978689000,2536211000,3514900000,0,99315000.0,0,0.044,0.49,-2131000.0,97184000.0,0.162,97184000.0,-2131000.0,-46050000.0,-0.3,-0.3,-0.3,3484346000,,3484346000,8425500376.0,47.0,14.741,82530000.0,0.746,1.0,77607000.0,0.129,3757793000,43919000.0,7275620000,,361820000,39541000,11530000,28011000,5353673000,1272060000,4081613000,4887921376.0,37252000.0,11537000.0,9555000.0,-37931000.0,-54069000.0,-82454000.0,14608000.0,25203000.0,105098000.0,0.0,-32780000.0,-32780000.0,-32780000.0,525000.0,0.0,-0.055,78933000.0,-1326000.0,138939000,-1.633,1.403,-106.735,-105.452,4089668000,0.0,44.29,1.423,1.426,330063000,1806603000.0,600294000.0,600294000.0,0.0,,,,,5791000.0,79717000.0,1.0,110361738.0,110598000,110598000.0,5.428,5080226000,70442000,-13270000.0,926016000,45.934,-389919000
50,VMC,MRQ,2008-12-31,2008-12-31,2008-12-31,2021-08-05,-185282000,8916624000,,893890000,8022734000,,32.189,-49566000.0,10194000,10194000,650009000.0,-212820000.0,0.537,1.509,3547773000,1394185000,2153588000,3547773000,0,97569000.0,0,0.028,0.49,-185911000.0,-88342000.0,-0.111,-88342000.0,-185911000.0,-232494000.0,-1.94,-1.92,-1.94,3553752000,,3553752000,11250030128.0,46.0,17.731,107377000.0,0.973,1.0,149190000.0,0.187,3759260000,46583000.0,7031877000,,364311000,64732000,36734000,27998000,5362872000,1663066000,3699806000,7663939128.0,-80775000.0,-4944000.0,-3217000.0,-129229000.0,-53967000.0,-183657000.0,-54061000.0,258000.0,156943000.0,0.0,-212820000.0,-212820000.0,-212820000.0,661000.0,0.0,-0.266,333619000.0,-184429000.0,147104000,-0.253,2.157,8348.518,6958.0,4155812000,0.0,69.58,2.099,2.092,326204000,1893929000.0,799199000.0,799199000.0,0.0,,,,,1956000.0,88863000.0,1.0,110145719.0,110401000,111305000.0,7.239,5157364000,71205000,-19674000.0,920475000,46.715,-769176000
51,VMC,MRQ,2008-09-30,2008-09-30,2008-09-30,2021-08-05,-26539000,9127120000,,1125545000,8001575000,,36.042,-93006000.0,90969000,90969000,812503000.0,59050000.0,0.592,1.3,3677060000,1508253000,2168807000,3677060000,0,98716000.0,0,0.026,0.49,124667000.0,223383000.0,0.22,223383000.0,124667000.0,80088000.0,0.54,0.53,0.54,3968681000,,3968681000,11754601484.0,20.0,12.423,51183000.0,0.465,1.0,200846000.0,0.198,4057114000,44579000.0,6753274000,,372081000,61995000,36992000,25003000,5158439000,1902823000,3255616000,8182646484.0,-60241000.0,709000.0,20969000.0,-46082000.0,-53840000.0,-74449000.0,-129981000.0,-36992000.0,144189000.0,0.0,59050000.0,59050000.0,59050000.0,766000.0,0.0,0.058,72543000.0,128303000.0,217596000,0.907,2.062,27.426,26.993,3720085000,0.0,74.5,2.206,2.212,519195000,2160731000.0,1013349000.0,1013349000.0,0.0,,,,,367000.0,76364000.0,1.0,109834181.0,110114000,111270000.0,9.203,5070006000,63370000,21038000.0,658115000,46.043,-777278000
52,VMC,MRQ,2008-06-30,2008-06-30,2008-06-30,2021-08-05,-26565000,9134482000,,1139479000,7995003000,,35.623,-82384000.0,151210000,151210000,776325000.0,140755000.0,0.589,1.333,3723165000,1539581000,2183584000,3723165000,0,96919000.0,0,0.032,0.49,242440000.0,339359000.0,0.332,339359000.0,242440000.0,204247000.0,1.28,1.27,1.28,3915769000,,3915769000,10248561496.0,16.0,10.311,38752000.0,0.353,1.0,245226000.0,0.24,4048361000,38193000.0,6723885000,,383500000,24265000,0,24265000,5218713000,1934191000,3284522000,6542389496.0,100187000.0,184332000.0,2645000.0,-39724000.0,-53799000.0,-123256000.0,102307000.0,0.0,121136000.0,0.0,140755000.0,140755000.0,140755000.0,470000.0,0.0,0.138,6757000.0,238469000.0,215835000,0.383,1.671,17.46,16.468,3721884000,0.0,59.78,1.817,1.825,523303000,2129554000.0,1021551000.0,1021551000.0,0.0,,,,,4507000.0,84781000.0,1.0,109441109.0,109922000,111117000.0,9.293,5086121000,62074000,63492000.0,685432000,46.27,-794712000
53,VMC,MRQ,2008-03-31,2008-03-31,2008-03-31,2021-08-05,-74448000,9060005000,,1159920000,7900085000,,34.489,-102698000.0,51023000,51023000,662889000.0,13933000.0,0.444,1.418,3757195000,2227523000,1529672000,3757195000,0,95856000.0,0,0.028,0.49,64226000.0,160082000.0,0.196,160082000.0,64226000.0,20768000.0,0.13,0.13,0.13,3747019000,,3747019000,10817627708.0,17.0,11.568,-89781000.0,-0.826,1.0,154450000.0,0.189,4022162000,43458000.0,6128751000,,384836000,24743000,0,24743000,5312986000,2615264000,2697722000,7196006708.0,16135000.0,-38371000.0,59277000.0,100686000.0,-53177000.0,110523000.0,-107305000.0,0.0,12917000.0,0.0,13933000.0,13933000.0,13933000.0,552000.0,0.0,0.017,87692000.0,66758000.0,197529000,3.769,1.92,19.14,17.292,3688820000,0.0,66.4,2.081,2.086,437275000,2040864000.0,817339000.0,817339000.0,0.0,,,,,1057000.0,92576000.0,1.0,108373595.0,108644000,109898000.0,7.523,5037843000,68522000,6835000.0,675425000,46.37,-1455344000
54,VMC,MRQ,2007-12-31,2007-12-31,2007-12-31,2021-08-05,-40217000,8936370000,,1157229000,7779141000,,36.996,-104011000.0,34888000,34888000,635807000.0,84613000.0,0.458,1.377,3656509000,2126681000,1529828000,3656509000,0,80404000.0,0,0.023,0.46,142932000.0,223336000.0,0.261,223336000.0,142932000.0,115938000.0,0.81,0.8,0.81,3759600000,,3759600000,7998741916.0,11.0,8.204,182820000.0,1.799,1.0,221083000.0,0.258,3911015000,26994000.0,6118789000,,356318000,25445000,0,25445000,5176770000,2528187000,2648583000,7560256916.0,3809000.0,-3239037000.0,1270000.0,3156608000.0,-49756000.0,3055905000.0,-3338927000.0,0.0,286831000.0,0.0,84613000.0,84613000.0,84613000.0,1526000.0,0.0,0.099,75346000.0,145737000.0,219548000,0.568,2.011,16.767,17.009,3620094000,0.0,79.09,2.272,2.306,383029000,2083718000.0,856890000.0,856890000.0,0.0,,,,,-24873000.0,77496000.0,1.0,95590554.0,101623000,103648000.0,8.432,5025355000,44210000,31325000.0,672915000,49.451,-1370958000
55,VMC,MRQ,2007-09-30,2007-09-30,2007-09-30,2021-08-05,-17995000,3734508000,,821390000,2913118000,,24.014,-111064000.0,31079000,31079000,627474000.0,135413000.0,1.803,0.624,469564000,148337000,321227000,469564000,0,66366000.0,0,0.02,0.46,204841000.0,271207000.0,0.3,271207000.0,204841000.0,198342000.0,1.41,1.38,1.41,2299668000,,2299668000,9029815734.0,12.0,9.18,92310000.0,0.964,1.0,277392000.0,0.307,650205000,6499000.0,3067216000,,266522000,5069000,0,5069000,1434840000,455572000,979268000,8518316734.0,-3514000.0,22142000.0,841000.0,-76410000.0,-43949000.0,-118889000.0,-87999000.0,0.0,203374000.0,0.0,135413000.0,135413000.0,135413000.0,8515000.0,0.0,0.15,63091000.0,214301000.0,161385000,0.326,3.704,17.743,17.724,2052770000,0.0,89.15,2.591,2.597,454023000,3215846000.0,904866000.0,904866000.0,0.0,,,,,4313000.0,66398000.0,1.0,95550384.0,95763000,97888000.0,9.449,3084303000,30402000,62929000.0,299611000,32.208,365818000
56,VMC,MRQ,2007-06-30,2007-06-30,2007-06-30,2021-08-05,2924000,3689649000,,814866000,2874783000,,23.254,-107495000.0,34593000,34593000,593611000.0,142011000.0,1.591,0.66,546092000,224727000,321365000,546092000,0,63904000.0,0,0.014,0.46,216567000.0,280471000.0,0.319,280471000.0,216567000.0,208476000.0,1.49,1.45,1.49,2222590000,,2222590000,11407262769.0,16.0,11.673,12299000.0,0.129,1.0,285233000.0,0.325,650205000,8091000.0,3038834000,,286112000,5004000,0,5004000,1467059000,512109000,954950000,10914592769.0,-35367000.0,-4000.0,9983000.0,-16420000.0,-43848000.0,-48293000.0,-106868000.0,0.0,119794000.0,0.0,142011000.0,142011000.0,142011000.0,1670000.0,0.0,0.162,68000000.0,217233000.0,161032000,0.309,4.911,22.721,22.726,2005623000,0.0,114.54,3.296,3.306,460919000,3124385000.0,878844000.0,878844000.0,0.0,,,,,4411000.0,71308000.0,1.0,95290665.0,95578000,98157000.0,9.195,3039444000,18531000,66465000.0,293199000,31.801,302757000
57,VMC,MRQ,2007-03-31,2007-03-31,2007-03-31,2021-08-05,-4390000,3570915000,,765573000,2805342000,,22.008,-71813000.0,69960000,69960000,519992000.0,88874000.0,1.455,0.705,562630000,241127000,321503000,562630000,0,60801000.0,0,0.013,0.46,139206000.0,200007000.0,0.291,200007000.0,139206000.0,132571000.0,0.93,0.91,0.93,2094556000,,2094556000,11533259607.0,15.0,11.762,26332000.0,0.277,1.0,167195000.0,0.243,650206000,6635000.0,2887164000,,266416000,2383000,0,2383000,1476359000,526215000,950144000,11066895607.0,14730000.0,-50439000.0,18180000.0,41153000.0,-43762000.0,37090000.0,-120505000.0,0.0,98145000.0,0.0,88874000.0,88874000.0,88874000.0,465000.0,0.0,0.129,30049000.0,137146000.0,156008000,0.495,5.284,22.632,23.02,1956120000,0.0,116.48,3.332,3.338,392016000,3026224000.0,687187000.0,687187000.0,0.0,,,,,3871000.0,74402000.0,1.0,95011123.0,95172000,97778000.0,7.22,2920709000,22165000,43697000.0,290404000,30.689,239358000
58,VMC,MRQ,2006-12-31,2006-12-31,2006-12-31,2021-08-05,-4953000,3427834000,,731194000,2696640000,,21.241,-134051000.0,55230000,55230000,579068000.0,113808000.0,1.5,0.705,521594000,199530000,322064000,521594000,0,59482000.0,0,0.016,0.37,172431000.0,231913000.0,0.284,231913000.0,172431000.0,165810000.0,1.2,1.17,1.2,2010899000,,2010899000,9342550310.0,13.0,9.874,81680000.0,0.863,1.0,237236000.0,0.291,690485000,6621000.0,2716205000,,243537000,6664000,0,6664000,1416935000,487508000,929427000,9022229310.0,-13421000.0,-33000.0,4684000.0,-69912000.0,-34973000.0,-95816000.0,-133336000.0,0.0,215731000.0,0.0,113808000.0,113808000.0,113808000.0,1187000.0,0.0,0.139,65637000.0,171599000.0,154215000,0.308,4.487,19.187,18.645,1869114000,0.0,89.87,2.699,2.624,344114000,2982526000.0,816304000.0,816304000.0,0.0,,,,,3103000.0,66290000.0,1.0,100392003.0,94670000,97095000.0,8.623,2737349000,25579000,52002000.0,299885000,28.915,243686000
59,VMC,MRQ,2006-09-30,2006-09-30,2006-09-30,2021-08-05,-2233000,3414263000,,831164000,2583099000,,20.092,-110707000.0,68651000,68651000,656429000.0,135687000.0,1.461,0.776,591564000,269297000,322267000,591564000,0,58027000.0,0,0.018,0.37,206833000.0,264860000.0,0.285,264860000.0,206833000.0,199120000.0,1.42,1.39,1.42,1922938000,,1922938000,8175995235.0,,,58810000.0,0.614,1.0,272892000.0,0.294,625076000,7713000.0,2743034000,,238097000,6985000,0,6985000,1491325000,569066000,922259000,7855674235.0,-2540000.0,137843000.0,-182909000.0,19585000.0,-35254000.0,-198531000.0,26474000.0,0.0,169517000.0,0.0,135687000.0,135687000.0,135687000.0,5243000.0,0.0,0.146,66540000.0,206352000.0,174510000,0.261,4.085,,,1765916000,0.0,78.25,,,478784000,2903698000.0,929321000.0,929321000.0,0.0,,,,,2895000.0,67824000.0,1.0,100392003.0,95708000,97679000.0,9.71,2789187000,18562000,63433000.0,297191000,29.143,262098000
60,VMC,MRQ,2006-06-30,2006-06-30,2006-06-30,2021-08-05,-2213000,3489494000,,947211000,2542283000,,19.923,-89316000.0,71191000,71191000,630279000.0,150633000.0,1.534,0.762,572192000,249547000,322645000,572192000,0,55170000.0,0,0.017,0.37,228637000.0,283807000.0,0.32,283807000.0,228637000.0,222947000.0,1.51,1.48,1.51,1980916000,,1980916000,8150897234.0,,,32768000.0,0.33,1.0,257883000.0,0.29,630802000,5690000.0,2742146000,,234663000,6729000,0,6729000,1508578000,617547000,891031000,7830576234.0,-9152000.0,-2744000.0,-310994000.0,217000000.0,-36688000.0,-133721000.0,2485000.0,68965000.0,122084000.0,0.0,150633000.0,150633000.0,150633000.0,1715000.0,0.0,0.17,39759000.0,218124000.0,186978000,0.245,3.953,,,1715252000,0.0,78.0,,,608246000,2803275000.0,888162000.0,888162000.0,0.0,,,,,2876000.0,65151000.0,1.0,100392003.0,99430000,101636000.0,8.933,2858692000,19281000,72314000.0,278778000,28.751,329664000
61,VMC,MRQ,2006-03-31,2006-03-31,2006-03-31,2021-08-05,0,3406957000,,921102000,2485855000,,21.783,-93215000.0,80343000,80343000,544793000.0,70085000.0,2.841,0.555,355406000,32547000,322859000,355406000,0,53691000.0,0,0.014,0.37,111934000.0,165625000.0,0.234,165625000.0,111934000.0,105649000.0,0.7,0.68,0.7,2190282000,,2190282000,9019288060.0,,,-21198000.0,-0.211,1.0,163894000.0,0.231,628683000,6285000.0,2729150000,,232438000,75829000,68965000,6864000,1216675000,324187000,892488000,8698967060.0,-194795000.0,-13681000.0,-4693000.0,-240305000.0,-37167000.0,-266182000.0,-630000.0,106175000.0,72017000.0,0.0,70085000.0,70085000.0,70085000.0,1820000.0,0.0,0.099,64880000.0,99014000.0,137538000,0.529,3.972,,,1665053000,0.0,86.65,,,502019000,,708687000.0,708687000.0,0.0,,,,,5478000.0,65012000.0,1.0,100392003.0,100552000,102346000.0,7.048,2778274000,20959000,35564000.0,282400000,27.63,596915000
62,VMC,MRQ,2005-12-31,2005-12-31,2005-12-31,2021-08-05,-2213000,3590423000,,1164584000,2425839000,,20.881,,275138000,275138000,,,2.04,0.683,595459000,272067000,323392000,595459000,0,,0,0.017,0.29,,,,,,,,,,2133649000,,2133649000,7309137078.0,13.0,9.304,,,1.0,,,617083000,,2722912000,,197752000,182082000,175140000,6942000,1456774000,570749000,886025000,6972839078.0,,,,,,,,,,,,,,,,,,,142221000,,3.268,17.923,17.782,1603967000,,67.75,2.408,2.391,329299000,2644535000.0,,,,,,,,,,1.0,102920134.0,102179000,,,2973340000,23046000,,315631000,29.099,593835000
63,VMC,MRQ,2004-12-31,2004-12-31,2004-12-31,2021-08-05,-1309000,3665133000,,1417959000,2247174000,,19.659,,271450000,271450000,,,3.323,0.82,607748000,3226000,604522000,607748000,0,,0,0.019,0.26,,,,,,,,,,2013975000,,2013975000,6041894951.0,14.0,8.794,,,1.0,,,600181000,,2974561000,,177184000,186436000,179210000,7226000,1651158000,426689000,1224469000,5572208951.0,,,,,,,,,,,,,,,,,,,95312000,,2.767,19.389,19.434,1536493000,,54.61,2.27,2.279,268719000,2366915000.0,,,,,,,,,,1.0,102036421.0,102447000,,,3064952000,34433000,,389443000,29.917,991270000
64,VMC,MRQ,2003-12-31,2003-12-31,2003-12-31,2021-08-05,2649000,3636860000,,1050242000,2586618000,,17.701,,147769000,147769000,,,1.934,0.966,886375000,278721000,607654000,886375000,0,,0,0.021,0.245,,,,,,,,,,1802836000,,1802836000,5597564039.0,16.0,8.987,,,1.0,,,579817000,,3252697000,,219376000,295005000,273894000,21111000,1742037000,542952000,1199085000,4831596039.0,,,,,,,,,,,,,,,,,,,129361000,,2.68,24.784,24.906,1892648000,,47.57,2.092,2.098,345040000,2185839000.0,,,,,,,,,,1.0,101568132.0,101849000,,,3057043000,34358000,,359403000,30.015,507290000
65,VMC,MRQ,2002-12-31,2002-12-31,2002-12-31,2021-08-05,2438000,3448221000,,789688000,2658533000,,16.685,,127008000,127008000,,,2.653,0.977,936696000,78939000,857757000,936696000,0,,0,0.025,0.235,,,,,,,,,,1696986000,,1696986000,4670027962.0,15.0,7.953,,,1.0,,,575791000,,3384409000,,239586000,59684000,43720000,15964000,1658577000,297709000,1360868000,3803387962.0,,,,,,,,,,,,,,,,,,,122053000,,2.241,22.389,22.455,1976053000,,37.5,1.748,1.753,306581000,2090319000.0,,,,,,,,,,1.0,101423679.0,101709000,,,2872430000,37698000,,345181000,28.242,491979000
66,VMC,MRQ,2001-12-31,2001-12-31,2001-12-31,2021-08-05,-8083000,3413256000,,729952000,2683304000,,15.814,,100802000,100802000,,,2.119,1.068,967442000,61143000,906299000,967442000,0,,0,0.019,0.225,,,,,,,,,,1604274000,,1604274000,5753132536.0,15.0,8.532,,,1.0,,,588562000,,3346839000,,228415000,13352000,0,13352000,1713838000,344495000,1369343000,4845960536.0,,,,,,,,,,,,,,,,,,,153619000,,3.021,21.762,21.791,2000030000,,47.94,1.691,1.697,333639000,2015809000.0,,,,,,,,,,1.0,101083866.0,101445000,,,2824694000,53040000,,318545000,27.845,385457000
67,VMC,MRQ,2000-12-31,2000-12-31,2000-12-31,2021-08-05,0,3250421000,,694504000,2555917000,,14.564,,55276000,55276000,,,1.214,1.139,962448000,277087000,685361000,962448000,0,,0,0.018,0.21,,,,,,,,,,1471496000,,1471496000,5577085108.0,15.0,9.41,,,1.0,,,562044000,,3023318000,,199044000,72558000,0,72558000,1675299000,572231000,1103068000,4823187108.0,,,,,,,,,,,,,,,,,,,181317000,,3.278,21.934,21.963,1848634000,,47.88,1.757,1.763,342910000,1884269000.0,,,,,,,,,,1.0,100734902.0,101037000,,,2688377000,44657000,,268797000,26.608,122273000
68,VMC,MRQ,1999-12-31,1999-12-31,1999-12-31,2021-08-05,0,2839493000,,624724000,2214769000,,13.119,,52834000,52834000,,,1.616,1.145,806732000,107870000,698862000,806732000,0,,0,0.016,0.195,,,,,,,,,,1323653000,,1323653000,4869571701.0,12.0,8.019,,,1.0,,,454783000,,2751966000,,178734000,77064000,0,77064000,1515840000,386642000,1129198000,3995956701.0,,,,,,,,,,,,,,,,,,,136056000,,3.019,16.671,16.782,1639715000,,39.94,1.532,1.545,314357000,1749212000.0,,,,,,,,,,1.0,100048991.0,100895000,,,2384710000,52931000,,266522000,23.636,238082000
69,VMC,MRQ,1999-06-30,1999-06-30,1999-06-30,2021-08-05,0,2782276000,,674220000,2108056000,,12.117,-26011000.0,77455000,77455000,453093000.0,62726000.0,1.239,1.274,951070000,262333000,688737000,951070000,0,51091000.0,0,0.013,0.195,107835000.0,158926000.0,0.26,158926000.0,107835000.0,94146000.0,0.62,0.61,0.62,1223368000,,1223368000,5773685468.0,15.0,10.418,20277000.0,0.201,1.0,158437000.0,0.259,544261000,13689000.0,2567656000,,188912000,74022000,0,74022000,1558908000,543974000,1014934000,4867204468.0,32904000.0,25413000.0,0.0,-3165000.0,-19703000.0,-14286000.0,902000.0,1500000.0,46288000.0,0.0,62726000.0,62726000.0,62726000.0,0.0,0.0,0.103,57128000.0,101309000.0,139621000,0.315,3.979,20.411,20.384,1431698000,0.0,48.25,2.174,2.176,358833000,,611530000.0,611530000.0,0.0,,,,,0.0,52262000.0,1.0,100874704.0,100962000,102331000.0,6.057,2238015000,37528000,31420000.0,171197000,22.167,130246000
70,VMC,MRQ,1999-03-31,1999-03-31,1999-03-31,2021-08-05,0,2726642000,,597228000,2129414000,,11.629,-84206000.0,44559000,44559000,384011000.0,26365000.0,1.119,1.327,951040000,255805000,695235000,951040000,0,48968000.0,0,0.014,0.065,51431000.0,100399000.0,0.208,100399000.0,51431000.0,39826000.0,0.26,0.26,0.26,1171779000,,1171779000,4069969625.0,11.0,7.615,-19636000.0,-0.195,1.0,98211000.0,0.204,571404000,11605000.0,2527932000,,183527000,73792000,0,73792000,1554863000,533787000,1021076000,4166219625.0,-136009000.0,-767181000.0,-49000.0,657651000.0,-19666000.0,650808000.0,-851387000.0,0.0,64570000.0,0.0,26365000.0,26365000.0,26365000.0,0.0,0.0,0.055,58225000.0,39986000.0,130851000,0.25,3.555,16.952,16.951,1424810000,0.0,41.31,1.991,1.989,320764000,,482222000.0,482222000.0,0.0,,,,,0.0,54195000.0,1.0,100852569.0,100764000,102260000.0,4.786,2155238000,36643000,13461000.0,172164000,21.389,63441000
71,VMC,MRQ,1998-12-31,1998-12-31,1998-12-31,2021-08-05,0,1658611000,,576373000,1082238000,,11.47,-63065000.0,180560000,180560000,497566000.0,59442000.0,2.726,0.438,84318000,7785000,76533000,84318000,0,35313000.0,0,0.016,0.173,88847000.0,124160000.0,0.195,124160000.0,88847000.0,87193000.0,0.593,0.58,0.593,1153700000,,1153700000,4385628162.0,11.0,8.443,67652000.0,0.673,1.0,137945000.0,0.217,94008000,1654000.0,1256899000,,143680000,71034000,0,71034000,504911000,211462000,293449000,4411751162.0,70119000.0,-18852000.0,0.0,-1000.0,-17436000.0,21319000.0,-81917000.0,0.0,130717000.0,0.0,59442000.0,59442000.0,59442000.0,0.0,0.0,0.094,59425000.0,78520000.0,107382000,0.292,3.824,17.24,17.27,895785000,0.0,43.867,2.24,2.246,210690000,1588145000.0,635511000.0,635511000.0,0.0,,,,,0.0,58214000.0,1.0,100571835.0,100584000,101925000.0,6.318,1564603000,24923000,27751000.0,119942000,15.555,364911000
72,VMC,MRQ,1998-09-30,1998-09-30,1998-09-30,2021-08-05,0,1590242000,,558596000,1031646000,,11.02,-29899000.0,110441000,110441000,334121000.0,89926000.0,2.722,0.431,84318000,7719000,76599000,84318000,0,38607000.0,0,0.02,0.173,132135000.0,170742000.0,0.335,170742000.0,132135000.0,130513000.0,0.893,0.88,0.893,1111300000,,1111300000,3430252868.0,9.0,6.743,83539000.0,0.828,1.0,175344000.0,0.344,0,1622000.0,1358936000,,139032000,67969000,0,67969000,478942000,205183000,273759000,3410681868.0,45337000.0,-11000.0,-20299000.0,-399000.0,-17493000.0,-38191000.0,-29910000.0,0.0,113438000.0,0.0,89926000.0,89926000.0,89926000.0,0.0,0.0,0.177,49066000.0,126278000.0,104825000,0.194,3.069,13.774,13.769,850531000,0.0,33.733,1.951,1.946,279933000,,509465000.0,509465000.0,0.0,,,,,0.0,47074000.0,1.0,101107170.0,100848000,102117000.0,5.052,1590242000,21413000,40587000.0,97533000,15.769,353413000
73,VMC,MRQ,1998-06-30,1998-06-30,1998-06-30,2021-08-05,0,1543097000,,521326000,1021771000,,10.465,-27573000.0,76782000,76782000,318925000.0,70030000.0,2.329,0.458,84675000,7796000,76879000,84675000,0,34802000.0,0,0.019,0.173,104367000.0,139169000.0,0.299,139169000.0,104367000.0,102808000.0,0.69,0.68,0.69,1058477000,,1058477000,3563948391.0,11.0,7.478,15432000.0,0.153,1.0,146900000.0,0.315,87665000,1559000.0,1239519000,,147620000,67373000,0,67373000,484620000,223806000,260814000,3569898391.0,-19184000.0,-2309000.0,-25305000.0,-5343000.0,-17668000.0,-32307000.0,-29882000.0,0.0,43005000.0,0.0,70030000.0,70030000.0,70030000.0,0.0,0.0,0.15,48512000.0,98388000.0,120199000,0.251,3.373,15.455,15.62,842313000,0.0,35.567,2.079,2.095,270459000,,465825000.0,465825000.0,0.0,,,,,0.0,46940000.0,1.0,100372026.0,101149000,102509000.0,4.605,1455432000,20277000,32778000.0,94702000,14.389,297520000
74,VMC,MRQ,1998-03-31,1998-03-31,1998-03-31,2021-08-05,0,1472413000,,474139000,998274000,,9.834,-43078000.0,95966000,95966000,269483000.0,36509000.0,2.068,0.485,90016000,8085000,81931000,90016000,0,33079000.0,0,0.018,0.173,56277000.0,89356000.0,0.249,89356000.0,56277000.0,54329000.0,0.36,0.36,0.36,991497000,,991497000,3638093106.0,11.0,7.861,8590000.0,0.085,1.0,89480000.0,0.249,63719000,1948000.0,1173458000,,144542000,64942000,0,64942000,480916000,229286000,251630000,3675666106.0,-32600000.0,-3396000.0,-19399000.0,-977000.0,-17418000.0,-37794000.0,-46474000.0,0.0,51668000.0,0.0,36509000.0,36509000.0,36509000.0,0.0,0.0,0.102,49084000.0,40396000.0,114577000,0.481,3.707,16.429,16.538,827307000,0.0,36.5,2.167,2.17,205491000,,358963000.0,358963000.0,0.0,,,,,0.0,46729000.0,1.0,100703181.0,100825000,102152000.0,3.56,1408694000,21356000,17820000.0,92268000,13.972,244853000
75,VMC,MRQ,1997-12-31,1997-12-31,1997-12-31,2021-08-05,0,1449246000,,487132000,962114000,,9.811,-28486000.0,128566000,128566000,294715000.0,51149000.0,2.345,0.462,90993000,9062000,81931000,90993000,0,34959000.0,0,0.018,0.157,74503000.0,109462000.0,0.264,109462000.0,74503000.0,72841000.0,0.507,0.493,0.507,991497000,,991497000,,,,90230000.0,0.893,1.0,119581000.0,0.289,59345000,1662000.0,1144631000,,132359000,63482000,0,63482000,457749000,207697000,250052000,3427264927.0,66786000.0,-10493000.0,-1964000.0,-823000.0,-15830000.0,-12951000.0,-38979000.0,0.0,118716000.0,0.0,51149000.0,51149000.0,51149000.0,0.0,0.0,0.123,50179000.0,69402000.0,112548000,0.31,3.457,16.387,16.521,808419000,0.0,34.033,2.042,2.058,189389000,1449847000.0,414296000.0,414296000.0,0.0,,,,,0.0,48273000.0,1.0,100703181.0,101057000,102691000.0,4.1,1389901000,21385000,21692000.0,110468000,13.754,279435000
76,VMC,MRQ,1997-09-30,1997-09-30,1997-09-30,2021-08-05,0,1409675000,,469103000,940572000,,9.445,-30080000.0,61780000,61780000,330901000.0,73306000.0,2.256,0.471,90269000,9548000,80721000,90269000,0,36364000.0,0,0.021,0.157,102271000.0,138635000.0,0.29,138635000.0,102271000.0,100498000.0,0.72,0.713,0.72,958062000,,958062000,,,,51508000.0,0.508,1.0,146953000.0,0.308,0,1773000.0,1230239000,,123451000,63106000,0,63106000,451613000,207925000,243688000,,27084000.0,-2000.0,-9819000.0,1291000.0,-15894000.0,-24422000.0,-30082000.0,0.0,81588000.0,0.0,73306000.0,73306000.0,73306000.0,0.0,0.0,0.153,51953000.0,95000000.0,113447000,0.218,,,,793401000,0.0,29.0,,,255508000,,477854000.0,477854000.0,0.0,,,,,0.0,50512000.0,1.0,,101433000,102828000.0,4.711,1409675000,21800000,27192000.0,88248000,13.898,261178000
77,VMC,MRQ,1997-06-30,1997-06-30,1997-06-30,2021-08-05,0,1385313000,,429368000,955945000,,8.983,-49804000.0,34696000,34696000,308593000.0,62764000.0,1.849,0.522,88845000,8257000,80588000,88845000,0,29291000.0,0,0.023,0.157,96051000.0,125342000.0,0.282,125342000.0,96051000.0,94339000.0,0.62,0.61,0.62,910225000,,910225000,,,,46536000.0,0.459,1.0,136479000.0,0.307,0,1712000.0,1207283000,,134531000,61451000,0,61451000,475088000,232179000,242909000,,18317000.0,-1441000.0,-5968000.0,-4919000.0,-15891000.0,-26778000.0,-51245000.0,0.0,96340000.0,0.0,62764000.0,62764000.0,62764000.0,0.0,0.0,0.141,48667000.0,87812000.0,115106000,0.253,,,,801476000,0.0,26.167,,,233141000,,445072000.0,445072000.0,0.0,,,,,0.0,47765000.0,1.0,,101328000,102606000.0,4.392,1385313000,22585000,31575000.0,89405000,13.672,197189000
78,VMC,MRQ,1997-03-31,1997-03-31,1997-03-31,2021-08-05,0,1315090000,,380780000,934310000,,8.463,-36422000.0,16379000,16379000,265243000.0,21926000.0,1.839,0.522,93811000,8176000,85635000,93811000,0,28603000.0,0,0.027,0.157,34590000.0,63193000.0,0.185,63193000.0,34590000.0,32823000.0,0.213,0.213,0.213,864280000,,864280000,,,,7063000.0,0.069,1.0,76115000.0,0.223,0,1767000.0,1185413000,,137668000,59589000,0,59589000,450810000,207109000,243701000,,-34437000.0,0.0,-25309000.0,-184000.0,-16007000.0,-41500000.0,-36422000.0,0.0,43485000.0,0.0,21926000.0,21926000.0,21926000.0,0.0,0.0,0.064,44760000.0,31355000.0,103234000,0.737,,,,777214000,0.0,21.627,,,197830000,,341358000.0,341358000.0,0.0,,,,,0.0,43896000.0,1.0,,102120000,103245000.0,3.343,1315090000,23004000,10897000.0,88947000,12.878,173671000
79,VMC,MRQ,1996-12-31,1996-12-31,1996-12-31,2021-08-05,0,1320645000,,394045000,926600000,,8.474,,50816000,50816000,,,2.024,0.495,93845000,8310000,85535000,93845000,0,,0,0.028,0.14,,,,,,,,,,883664000,,883664000,,,,,,1.0,,,0,,1169020000,,128578000,61274000,0,61274000,436981000,194654000,242327000,,,,,,,,,,,,,,,,,,,,98528000,,,,11.212,764490000,,20.293,,1.349,176864000,1304405000.0,,,,,,,,,,1.0,,104274000,,,1320645000,23474000,,116574000,12.665,199391000
80,VMC,MRQ,1995-12-31,1995-12-31,1995-12-31,2021-08-05,0,1215794000,,362121000,853673000,,7.471,,21869000,21869000,,,2.041,0.526,100917000,10639000,90278000,100917000,0,,0,0.025,0.122,,,,,,,,,,796638000,,796638000,,,,,,1.0,,,0,,1117433000,,126801000,56272000,0,56272000,419156000,177409000,241747000,,,,,,,,,,,,,,,,,,,,98253000,,,,12.314,698033000,,19.21,,1.402,170757000,1174171000.0,,,,,,,,,,1.0,,106632000,,,1215794000,26555000,,108197000,11.402,184712000
0,VMC,MRT,2021-06-30,2021-06-30,2021-06-30,2021-08-05,-178119000,11571027000,11545306250.0,2200425000,9370602000,0.426,47.395,-132136000.0,968406000,968406000,3603530000.0,670264000.0,3.672,0.839,3228456000,15436000,3213020000,3228456000,170160000,405330000.0,0,0.008,1.42,1016489000.0,1421819000.0,0.289,1421819000.0,1016489000.0,870442000.0,5.05,5.02,5.05,6293113000,6096259000.0,6293113000,25387743545.0,25.0,17.856,910505000.0,6.857,1.0,1310870000.0,0.267,4275191000,146047000.0,8956641000,8853669750.0,450643000,34264000,0,34264000,5277914000,599245000,4678669000,23093039545.0,151207000.0,-37238000.0,0.0,-517944000.0,-188261000.0,-727974000.0,-163460000.0,0.0,1042641000.0,0.0,670264000.0,670264000.0,670264000.0,5226000.0,0.0,0.136,289287000.0,1021583000.0,300109000,0.281,3.67,34.454,34.469,4829998000,0.0,174.07,4.699,4.703,686852000,3531861000.0,4914400000.0,4914400000.0,0.0,0.058,0.11,0.115,0.207,35459000.0,371397000.0,1.0,132665247.0,132781000,133507000.0,37.011,7295836000,0,200178000.0,748279000,54.946,1601180000
1,VMC,MRT,2021-03-31,2021-03-31,2021-03-31,2021-08-05,-179714000,11332760000,11502230500.0,1993008000,9339752000,0.424,46.224,-124772000.0,890939000,890939000,3566903000.0,684836000.0,3.522,0.847,3185643000,15436000,3170207000,3185643000,172377000,401694000.0,0,0.008,1.39,1027388000.0,1429082000.0,0.293,1429082000.0,1027388000.0,889083000.0,5.16,5.14,5.16,6136241000,5964018500.0,6136241000,24856565775.0,24.0,17.393,1032374000.0,7.777,1.0,1309025000.0,0.268,4286729000,138305000.0,8774878000,8851340000.0,441329000,34265000,0,34265000,5196519000,565857000,4630662000,22367321775.0,770666000.0,-42255000.0,0.0,-15419000.0,-184201000.0,-221080000.0,-165400000.0,0.0,1157146000.0,0.0,684836000.0,684836000.0,684836000.0,4831000.0,0.0,0.14,276082000.0,1032943000.0,255624000,0.269,3.645,32.661,32.703,4784965000,0.0,168.75,4.587,4.594,593128000,3385604000.0,4875928000.0,4875928000.0,0.0,0.06,0.115,0.116,0.211,34144000.0,361935000.0,1.0,132547092.0,132749000,133415000.0,36.73,7046031000,0,204247000.0,733561000,53.078,1427151000
2,VMC,MRT,2020-12-31,2020-12-31,2020-12-31,2021-08-05,-181305000,11686905000,11326386000.0,2277165000,9409740000,0.429,45.463,-350733000.0,1198013000,1198013000,3575345000.0,584480000.0,2.173,0.939,3687257000,515435000,3171822000,3687257000,174045000,396806000.0,0,0.009,1.36,876243000.0,1273049000.0,0.262,1273049000.0,876243000.0,740283000.0,4.41,4.39,4.41,6027330000,5827539750.0,6027330000,22261872950.0,25.0,17.487,719626000.0,5.428,1.0,1281481000.0,0.264,4295656000,135960000.0,8832610000,8899604750.0,448585000,34301000,0,34301000,5659575000,1047883000,4611692000,19652759950.0,923507000.0,-42255000.0,-26132000.0,484581000.0,-180216000.0,234662000.0,-381514000.0,0.0,1070359000.0,0.0,584480000.0,584480000.0,584480000.0,3515000.0,0.0,0.12,385750000.0,895731000.0,273080000,0.308,3.261,33.624,33.63,4849127000,0.0,148.31,4.046,4.048,556297000,3274107000.0,4856826000.0,4856826000.0,0.0,0.052,0.1,0.098,0.18,32991000.0,359772000.0,1.0,132511361.0,132578000,133245000.0,36.634,7391249000,0,155803000.0,706050000,55.75,1229282000
3,VMC,MRT,2020-09-30,2020-09-30,2020-09-30,2021-08-05,-205995000,11590533000,11066858000.0,2265333000,9325200000,0.44,44.718,-326201000.0,1084730000,1084730000,3596038000.0,611055000.0,2.117,0.955,3693843000,509435000,3184408000,3693843000,174488000,391583000.0,0,0.01,1.33,897518000.0,1289101000.0,0.265,1289101000.0,897518000.0,765019000.0,4.61,4.58,4.61,5928352000,5726171500.0,5928352000,20826070405.0,23.0,16.155,789718000.0,5.957,1.0,1271821000.0,0.261,4279203000,132499000.0,8850550000,8879594750.0,455461000,41778000,0,41778000,5662181000,1069893000,4592288000,17952019405.0,993628000.0,-50290000.0,-26132000.0,484582000.0,-176191000.0,244036000.0,-366327000.0,0.0,1115919000.0,0.0,611055000.0,611055000.0,611055000.0,3621000.0,0.0,0.126,378944000.0,892877000.0,263296000,0.289,3.028,29.379,29.401,4775026000,0.0,135.54,3.688,3.691,644207000,3204671000.0,4867859000.0,4867859000.0,0.0,0.055,0.107,0.101,0.184,30267000.0,356947000.0,1.0,132448129.0,132573000,133268000.0,36.718,7311330000,0,153964000.0,685520000,55.149,1195440000
4,VMC,MRT,2020-06-30,2020-06-30,2020-06-30,2021-08-05,-208039000,11398724000,10804143000.0,2030110000,9368614000,0.461,43.486,-366880000.0,817199000,817199000,3684761000.0,626980000.0,1.954,0.978,3691250000,500026000,3191224000,3691250000,177534000,386870000.0,0,0.011,1.3,906346000.0,1293216000.0,0.26,1293216000.0,906346000.0,777432000.0,4.73,4.7,4.73,5764151000,5629643250.0,5764151000,18407323204.0,20.0,14.234,740917000.0,5.59,1.0,1291966000.0,0.26,4286704000,128914000.0,8947322000,8879224000.0,451480000,43849000,0,43849000,5634573000,1038749000,4595824000,15342516204.0,790677000.0,-50290000.0,-28734000.0,352214000.0,-172174000.0,101895000.0,-419015000.0,0.0,1107797000.0,0.0,626980000.0,626980000.0,626980000.0,4637000.0,0.0,0.126,383817000.0,908149000.0,278102000,0.275,2.662,24.471,24.493,4809628000,0.0,115.85,3.083,3.086,695860000,3049943000.0,4976727000.0,4976727000.0,0.0,0.058,0.111,0.102,0.182,32693000.0,362225000.0,1.0,132434322.0,132552000,133115000.0,37.545,7112020000,0,150452000.0,671097000,53.655,991361000
5,VMC,MRT,2020-03-31,2020-03-31,2020-03-31,2021-08-05,-209929000,10629382000,10574653000.0,1276780000,9352602000,0.471,42.17,-386040000.0,120273000,120273000,3715885000.0,614622000.0,2.684,0.901,3185080000,25000,3185055000,3185080000,178568000,380895000.0,0,0.012,1.27,879315000.0,1260210000.0,0.253,1260210000.0,879315000.0,751320000.0,4.64,4.6,4.64,5590326000,5531467250.0,5590326000,17205774687.0,20.0,13.653,564393000.0,4.257,1.0,1265949000.0,0.254,4250576000,127995000.0,8967937000,8857995750.0,470747000,57987000,0,57987000,5039056000,475676000,4563380000,14307898687.0,89165000.0,-45273000.0,-28734000.0,-178523000.0,-168134000.0,-435067000.0,-426201000.0,0.0,950433000.0,0.0,614622000.0,614622000.0,614622000.0,3945000.0,0.0,0.123,380622000.0,885327000.0,243019000,0.274,2.559,23.279,23.291,4822018000,0.0,108.07,2.872,2.876,597665000,2885084000.0,4981834000.0,4981834000.0,0.0,0.058,0.111,0.099,0.177,32835000.0,366709000.0,1.0,132394732.0,132567000,133259000.0,37.58,6378806000,0,136698000.0,648405000,48.118,801104000
6,VMC,MRT,2019-12-31,2019-12-31,2019-12-31,2021-08-05,-197738000,10648793000,10491520500.0,1379326000,9269467000,0.47,42.493,-361433000.0,274506000,274506000,3673202000.0,617662000.0,2.575,0.894,3172382000,25000,3172357000,3172382000,179880000,374596000.0,0,0.009,1.24,883015000.0,1257611000.0,0.255,1257611000.0,883015000.0,752860000.0,4.67,4.63,4.67,5621857000,5438188000.0,5621857000,22140808574.0,25.0,17.605,622689000.0,4.707,1.0,1255901000.0,0.255,4258536000,130155000.0,8752570000,8796370500.0,458308000,60709000,0,60709000,5026936000,535563000,4491373000,19057739574.0,230102000.0,-42407000.0,-2602000.0,-133023000.0,-163973000.0,-338183000.0,-415837000.0,0.0,984122000.0,0.0,617662000.0,617662000.0,617662000.0,4841000.0,0.0,0.125,378443000.0,877458000.0,265159000,0.266,3.39,30.855,30.833,4724227000,0.0,143.99,3.866,3.865,532012000,2895871000.0,4929103000.0,4929103000.0,0.0,0.059,0.114,0.1,0.179,31843000.0,370548000.0,1.0,132354605.0,132300000,133385000.0,37.257,6390257000,0,135198000.0,633039000,48.301,843763000
7,VMC,MRT,2019-09-30,2019-09-30,2019-09-30,2021-08-05,-171190000,10539673000,10287354750.0,1324242000,9215431000,0.47,41.855,-406259000.0,91102000,91102000,3592894000.0,600592000.0,2.474,0.902,3174171000,24000,3174147000,3174171000,180541000,368708000.0,0,0.008,1.21,873576000.0,1242284000.0,0.257,1242284000.0,873576000.0,741999000.0,4.54,4.51,4.54,5542239000,5333449500.0,5542239000,23296344101.0,27.0,18.753,500016000.0,3.776,1.0,1238104000.0,0.256,4238391000,131577000.0,8849067000,8567423500.0,429660000,57059000,0,57059000,4997434000,535284000,4462150000,20007064101.0,48033000.0,-5415000.0,-36669000.0,-200023000.0,-159860000.0,-434592000.0,-423650000.0,0.0,906275000.0,0.0,600592000.0,600592000.0,600592000.0,3596000.0,0.0,0.124,367732000.0,870372000.0,265012000,0.267,3.61,33.312,33.313,4698178000,0.0,151.24,4.141,4.145,724940000,2795834000.0,4830998000.0,4830998000.0,0.0,0.058,0.113,0.102,0.181,28380000.0,359128000.0,1.0,132286856.0,132414000,133375000.0,36.484,6301282000,0,141407000.0,628726000,47.588,788958000
8,VMC,MRT,2019-06-30,2019-06-30,2019-06-30,2021-08-05,-171533000,10480764000,10121345250.0,1255015000,9225749000,0.46,40.61,-422872000.0,26522000,26522000,3471834000.0,564030000.0,1.891,0.951,3315802000,137024000,3178778000,3315802000,182666000,361851000.0,0,0.009,1.18,825555000.0,1187406000.0,0.255,1187406000.0,825555000.0,692628000.0,4.26,4.23,4.26,5371447000,5234337000.0,5371447000,21468999860.0,26.0,18.081,436061000.0,3.297,1.0,1180603000.0,0.254,4244047000,132927000.0,8862409000,8317990250.0,441423000,51667000,0,51667000,5109317000,663588000,4445729000,18137568860.0,-34593000.0,443000.0,-59062000.0,-223022000.0,-155840000.0,-463896000.0,-429630000.0,0.0,858933000.0,0.0,564030000.0,564030000.0,564030000.0,1956000.0,0.0,0.121,364423000.0,816180000.0,284875000,0.277,3.377,32.157,32.232,4709578000,0.0,137.31,3.899,3.904,697331000,2623747000.0,4652437000.0,4652437000.0,0.0,0.056,0.108,0.099,0.177,24822000.0,351945000.0,1.0,132092119.0,132269000,133354000.0,35.174,6236717000,0,128598000.0,601189000,47.152,591427000
9,VMC,MRT,2019-03-31,2019-03-31,2019-03-31,2021-08-05,-171925000,10296852000,9962350250.0,1083851000,9213001000,0.454,39.511,-435398000.0,31108000,31108000,3391621000.0,526124000.0,1.643,0.974,3362539000,178524000,3184015000,3362539000,184744000,353988000.0,0,0.01,1.15,780306000.0,1134294000.0,0.251,1134294000.0,780306000.0,647170000.0,3.98,3.94,3.98,5217209000,5146632750.0,5217209000,18476750771.0,24.0,16.289,420575000.0,3.185,1.0,1133285000.0,0.25,4247240000,133136000.0,8721436000,8049375500.0,429397000,50952000,0,50952000,5079643000,659607000,4420036000,15608774771.0,-15406000.0,-142294000.0,-78415000.0,-21523000.0,-151872000.0,-273634000.0,-597745000.0,0.0,855973000.0,0.0,526124000.0,526124000.0,526124000.0,2257000.0,0.0,0.116,362926000.0,770359000.0,248119000,0.289,2.992,29.667,29.749,4701719000,0.0,118.4,3.45,3.455,560530000,2467201000.0,4524906000.0,4524906000.0,0.0,0.053,0.102,0.097,0.172,24145000.0,345299000.0,1.0,131830868.0,132043000,133054000.0,34.268,6049612000,0,121046000.0,568229000,45.815,424244000
10,VMC,MRT,2018-12-31,2018-12-31,2018-12-31,2021-08-05,-172215000,9832130000,9751440000.0,1079145000,8752985000,0.449,39.299,-446878000.0,44404000,44404000,3281924000.0,515805000.0,1.791,0.89,2912380000,133023000,2779357000,2912380000,186397000,346246000.0,0,0.011,1.12,759231000.0,1105477000.0,0.252,1105477000.0,759231000.0,621254000.0,3.9,3.85,3.9,5202903000,5070633000.0,5202903000,15981407221.0,21.0,14.457,385899000.0,2.915,1.0,1100945000.0,0.251,4260774000,137977000.0,7836782000,7771043250.0,429330000,44615000,0,44615000,4629227000,602550000,4026677000,13046324221.0,-102242000.0,-210163000.0,-133983000.0,45432000.0,-148109000.0,-265128000.0,-669891000.0,0.0,832777000.0,0.0,515805000.0,515805000.0,515805000.0,2036000.0,0.0,0.118,353232000.0,747713000.0,216473000,0.287,2.508,25.293,25.333,4237307000,0.0,98.8,2.977,2.984,512279000,2444870000.0,4382869000.0,4382869000.0,0.0,0.053,0.102,0.098,0.173,25215000.0,333371000.0,1.0,132047816.0,132393000,133926000.0,33.105,5571356000,0,105449000.0,567283000,42.082,476595000
11,VMC,MRT,2018-09-30,2018-09-30,2018-09-30,2021-08-05,-143525000,9875635000,9669630250.0,1175912000,8699723000,0.442,38.868,-422768000.0,43069000,43069000,3205135000.0,719328000.0,1.703,0.919,2978152000,200023000,2778129000,2978152000,186829000,334454000.0,0,0.01,1.09,727017000.0,1061471000.0,0.248,1061471000.0,727017000.0,481502000.0,5.43,5.35,5.43,5145789000,5012130500.0,5145789000,17784036617.0,24.0,16.754,395006000.0,2.984,1.0,1067177000.0,0.25,4268969000,245515000.0,7851334000,7707919500.0,408652000,42944000,0,42944000,4729846000,690415000,4039431000,14708222617.0,-658094000.0,-813753000.0,-99916000.0,49457000.0,-144264000.0,-223478000.0,-1252390000.0,0.0,817774000.0,0.0,719328000.0,719328000.0,719328000.0,2202000.0,0.0,0.168,357343000.0,709834000.0,233885000,0.201,2.858,20.447,20.479,4188723000,0.0,111.2,3.443,3.446,645715000,2361903000.0,4272312000.0,4272312000.0,0.0,0.074,0.144,0.094,0.17,28332000.0,334910000.0,1.0,132268189.0,132392000,133894000.0,32.27,5606666000,0,-237826000.0,581026000,42.349,485497000
12,VMC,MRT,2018-06-30,2018-06-30,2018-06-30,2021-08-05,-144669000,9844784000,9560555000.0,1183202000,8661582000,0.432,37.91,-399949000.0,61115000,61115000,3099037000.0,648756000.0,1.458,0.961,3136929000,360023000,2776906000,3136929000,188826000,324698000.0,0,0.008,1.06,703356000.0,1028054000.0,0.249,1028054000.0,703356000.0,409347000.0,4.9,4.82,4.9,5020630000,4896966750.0,5020630000,19989044015.0,28.0,19.444,365267000.0,2.758,1.0,1027793000.0,0.249,4320852000,294009000.0,7787950000,7545750750.0,403764000,41989000,0,41989000,4824154000,811796000,4012358000,17059849015.0,-1068684000.0,-819611000.0,-74921000.0,-356103000.0,-140337000.0,-600461000.0,-1233439000.0,0.0,765216000.0,0.0,648756000.0,648756000.0,648756000.0,3060000.0,0.0,0.157,339665000.0,688128000.0,231913000,0.216,3.398,26.296,26.339,4106414000,0.0,129.06,4.134,4.142,638114000,2244545000.0,4126830000.0,4126830000.0,0.0,0.068,0.132,0.093,0.17,27727000.0,326916000.0,1.0,132185410.0,132437000,134051000.0,31.161,5523932000,0,-239409000.0,545756000,41.71,371406000
13,VMC,MRT,2018-03-31,2018-03-31,2018-03-31,2021-08-05,-145813000,9453211000,9566844750.0,1011199000,8442012000,0.414,37.028,-439014000.0,46514000,46514000,2962816000.0,609243000.0,1.734,0.924,2975709000,200022000,2775687000,2975709000,190731000,315841000.0,0,0.009,1.03,674660000.0,990501000.0,0.25,990501000.0,674660000.0,375440000.0,4.6,4.52,4.6,4913210000,4792335250.0,4913210000,17833731754.0,26.0,18.005,204480000.0,1.541,1.0,994626000.0,0.251,4190992000,299220000.0,7608107000,7402015750.0,399754000,35056000,0,35056000,4540001000,583307000,3956694000,15125512754.0,-240443000.0,-702369000.0,-66650000.0,488420000.0,-136359000.0,260728000.0,-1144665000.0,0.0,643494000.0,0.0,609243000.0,609243000.0,609243000.0,-5980000.0,0.0,0.154,344785000.0,649841000.0,188163000,0.224,3.079,24.827,24.82,4025865000,0.0,114.17,3.822,3.828,489436000,2138885000.0,3957442000.0,3957442000.0,0.0,0.064,0.127,0.091,0.17,26941000.0,320929000.0,1.0,132482375.0,132690000,134359000.0,29.825,5262219000,0,-233803000.0,479430000,39.658,427892000
14,VMC,MRT,2017-12-31,2017-12-31,2017-12-31,2021-08-05,-149466000,9504891000,9389623000.0,1180101000,8324790000,0.414,37.497,-443810000.0,146646000,146646000,2896783000.0,601185000.0,2.665,0.913,2854865000,41383000,2813482000,2854865000,191476000,305965000.0,0,0.008,1.0,664632000.0,970597000.0,0.249,970597000.0,664632000.0,369110000.0,4.54,4.46,4.54,4968893000,4694223000.0,4968893000,19094989211.0,29.0,19.673,200868000.0,1.516,1.0,993513000.0,0.255,4185951000,295522000.0,7584287000,7123864250.0,384338000,35115000,0,35115000,4535998000,442872000,4093126000,16981359211.0,-121373000.0,-822433000.0,-60303000.0,721401000.0,-132335000.0,503440000.0,-1269491000.0,0.0,644678000.0,0.0,601185000.0,601185000.0,601185000.0,-7794000.0,0.0,0.155,354469000.0,639044000.0,197335000,0.22,3.418,28.246,28.275,3918931000,0.0,128.37,4.365,4.373,434089000,2180448000.0,3890296000.0,3890296000.0,0.0,0.064,0.128,0.093,0.171,26635000.0,324972000.0,1.0,132284484.0,132513000,134878000.0,29.358,5318940000,0,-232075000.0,464081000,40.139,737229000
15,VMC,MRT,2017-09-30,2017-09-30,2017-09-30,2021-08-05,-136259000,9439334000,9131269000.0,1746972000,7692362000,0.415,35.364,-401697000.0,701163000,701163000,2806011000.0,386240000.0,4.223,1.015,2814793000,4827000,2809966000,2814793000,193117000,299552000.0,0,0.008,0.95,689529000.0,989081000.0,0.261,989081000.0,689529000.0,501073000.0,2.92,2.86,2.92,4685134000,4595118750.0,4685134000,18025359402.0,26.0,18.224,237817000.0,1.795,1.0,979769000.0,0.259,3936606000,188456000.0,7202659000,6715348750.0,365826000,35999000,0,35999000,4754200000,413699000,4340501000,15820089402.0,564648000.0,-241488000.0,-60303000.0,782406000.0,-125731000.0,569379000.0,-644245000.0,0.0,639514000.0,0.0,386240000.0,386240000.0,386240000.0,-12753000.0,0.0,0.102,329827000.0,649942000.0,181207000,0.325,3.377,40.959,40.959,3537701000,0.0,119.6,4.179,4.185,579202000,1886006000.0,3785780000.0,3785780000.0,0.0,0.042,0.084,0.103,0.182,24978000.0,320360000.0,1.0,132274995.0,132484000,134765000.0,28.575,5502728000,0,114833000.0,716165000,41.535,1333273000
16,VMC,MRT,2017-06-30,2017-06-30,2017-06-30,2021-08-05,-137874000,9869943000,8860956750.0,2184812000,7685131000,0.417,34.756,-411997000.0,1129799000,1129799000,2718985000.0,419685000.0,2.36,1.145,3335069000,525776000,2809293000,3335069000,195020000,291965000.0,0,0.007,0.9,684782000.0,976747000.0,0.264,976747000.0,684782000.0,545241000.0,3.17,3.1,3.17,4602104000,4549827750.0,4602104000,18783987170.0,27.0,19.231,232811000.0,1.758,1.0,980220000.0,0.265,3936410000,139541000.0,7213010000,6414044000.0,374929000,38888000,0,38888000,5267839000,925793000,4342046000,16741557170.0,1036747000.0,-241488000.0,-152610000.0,1347966000.0,-119189000.0,1045858000.0,-653919000.0,0.0,644808000.0,0.0,419685000.0,419685000.0,419685000.0,-11211000.0,0.0,0.113,330680000.0,649540000.0,202753000,0.284,3.638,39.891,39.962,3538808000,0.0,126.68,4.526,4.535,570086000,1810528000.0,3699205000.0,3699205000.0,0.0,0.047,0.092,0.107,0.185,23509000.0,323059000.0,1.0,132156277.0,132413000,134735000.0,27.937,5933533000,0,125556000.0,706726000,44.811,1259019000
17,VMC,MRT,2017-03-31,2017-03-31,2017-03-31,2021-08-05,-138629000,8744324000,8465999250.0,1157762000,7586562000,0.428,34.084,-351415000.0,286957000,286957000,2642880000.0,424255000.0,3.208,0.934,2329387000,139000,2329248000,2329387000,196739000,287097000.0,0,0.007,0.85,691819000.0,978916000.0,0.27,978916000.0,691819000.0,557400000.0,3.19,3.13,3.19,4520761000,4519134500.0,4520761000,17661085097.0,26.0,18.041,298597000.0,2.251,1.0,982387000.0,0.271,3930355000,134419000.0,6495501000,6110548000.0,363399000,34311000,0,34311000,4223563000,360898000,3862665000,15946215097.0,93921000.0,-215993000.0,-187251000.0,343445000.0,-112767000.0,11843000.0,-567934000.0,0.0,650012000.0,0.0,424255000.0,424255000.0,424255000.0,-289000.0,0.0,0.117,311027000.0,671360000.0,175906000,0.266,3.527,37.586,37.768,3451821000,0.0,120.48,4.399,4.408,468833000,1734448000.0,3625267000.0,3625267000.0,0.0,0.05,0.094,0.113,0.191,22837000.0,322684000.0,1.0,132355703.0,132636000,134968000.0,27.332,4813969000,0,133145000.0,703491000,36.295,796864000
18,VMC,MRT,2016-12-31,2016-12-31,2016-12-31,2021-08-05,-139376000,8471475000,8341674500.0,1137182000,7334293000,0.431,34.327,-326830000.0,268019000,268019000,2603782000.0,419491000.0,3.055,0.853,1982889000,138000,1982751000,1982889000,198388000,284940000.0,0,0.006,0.8,678418000.0,963358000.0,0.268,963358000.0,678418000.0,544342000.0,3.15,3.09,3.15,4572476000,4494207500.0,4572476000,18406910641.0,27.0,19.107,317758000.0,2.385,1.0,988885000.0,0.275,3863876000,134076000.0,5950225000,5944676250.0,345616000,39226000,0,39226000,3898999000,372244000,3526755000,16558505641.0,-17191000.0,-32537000.0,-161463000.0,-1990000.0,-106333000.0,-304585000.0,-357194000.0,0.0,644588000.0,0.0,419491000.0,419491000.0,419491000.0,2915000.0,0.0,0.117,322983000.0,665902000.0,145042000,0.254,3.621,39.473,39.73,3261438000,0.0,125.15,4.609,4.64,398488000,1771518000.0,3592667000.0,3592667000.0,0.0,0.05,0.093,0.114,0.189,20670000.0,316769000.0,1.0,132309274.0,133205000,135790000.0,26.971,4607599000,0,124851000.0,702854000,34.59,764938000
19,VMC,MRT,2016-09-30,2016-09-30,2016-09-30,2021-08-05,-119106000,8358085000,8299213750.0,1076759000,7281326000,0.431,33.86,-352268000.0,135365000,135365000,2561938000.0,395779000.0,2.983,0.856,1983770000,131000,1983639000,1983770000,201732000,283415000.0,0,0.006,0.7,667967000.0,951382000.0,0.266,951382000.0,667967000.0,531119000.0,2.97,2.93,2.97,4503970000,4464635500.0,4503970000,17024992366.0,25.0,17.895,290542000.0,2.184,1.0,1015040000.0,0.284,3848138000,136848000.0,5997440000,5902621000.0,338042000,38914000,0,38914000,3854115000,360912000,3493203000,15134236366.0,-32166000.0,-8008000.0,-177855000.0,-18000.0,-93201000.0,-318289000.0,-356687000.0,0.0,642810000.0,0.0,395779000.0,395779000.0,395779000.0,12123000.0,0.0,0.111,336219000.0,678821000.0,163139000,0.236,3.36,38.239,38.293,3228293000,0.0,113.73,4.231,4.229,531982000,1685412000.0,3576978000.0,3576978000.0,0.0,0.048,0.089,0.113,0.187,18447000.0,314954000.0,1.0,133071629.0,133019000,135823000.0,26.891,4509947000,0,135340000.0,706715000,33.905,715847000
20,VMC,MRT,2016-06-30,2016-06-30,2016-06-30,2021-08-05,-119434000,8290113000,8288909000.0,1023407000,7266706000,0.435,33.573,-333079000.0,91902000,91902000,2605177000.0,377560000.0,3.076,0.851,1982658000,131000,1982527000,1982658000,203800000,281029000.0,0,0.005,0.6,650005000.0,931034000.0,0.258,931034000.0,650005000.0,508483000.0,2.83,2.79,2.83,4479331000,4429462250.0,4479331000,17820196697.0,27.0,19.14,276824000.0,2.075,1.0,1002121000.0,0.278,3849165000,141522000.0,5999026000,5866814000.0,347866000,38924000,0,38924000,3810782000,332678000,3478104000,16030526697.0,18316000.0,-7422000.0,-68429000.0,-67624000.0,-80003000.0,-254082000.0,-337505000.0,0.0,609903000.0,0.0,377560000.0,377560000.0,377560000.0,11407000.0,0.0,0.105,338170000.0,663951000.0,176476000,0.212,3.579,42.458,42.53,3217371000,0.0,120.36,4.444,4.452,532795000,1661459000.0,3607298000.0,3607298000.0,0.0,0.046,0.085,0.111,0.18,12482000.0,310033000.0,1.0,133188158.0,133419000,136208000.0,27.037,4440948000,0,130923000.0,683999000,33.286,690729000
21,VMC,MRT,2016-03-31,2016-03-31,2016-03-31,2021-08-05,-119755000,8247025000,8265351500.0,1007503000,7239522000,0.429,33.037,-340985000.0,191886000,191886000,2601230000.0,301013000.0,2.826,0.865,1981556000,131000,1981425000,1981556000,205892000,277506000.0,0,0.005,0.5,590402000.0,867908000.0,0.245,867908000.0,590402000.0,398562000.0,2.26,2.23,2.26,4421053000,4366368750.0,4421053000,15755178187.0,27.0,18.153,248127000.0,1.854,1.0,944386000.0,0.266,3848196000,191840000.0,5832014000,5816569750.0,337758000,38895000,0,38895000,3825972000,356485000,3469487000,14059924187.0,-199621000.0,-28809000.0,-3353000.0,-314147000.0,-66679000.0,-421622000.0,-367111000.0,0.0,589112000.0,0.0,301013000.0,301013000.0,301013000.0,10532000.0,0.0,0.085,340445000.0,603941000.0,185653000,0.221,3.18,46.709,46.712,3197827000,0.0,105.57,3.965,3.984,443763000,1605578000.0,3545616000.0,3545616000.0,0.0,0.036,0.069,0.102,0.167,7068000.0,296549000.0,1.0,133181057.0,133821000,136100000.0,26.495,4398829000,0,97549000.0,663364000,32.871,651018000
22,VMC,MRT,2015-12-31,2015-12-31,2015-12-31,2021-08-05,-120069000,8301632000,8285226500.0,1084591000,7217041000,0.413,33.437,-281044000.0,285210000,285210000,2564648000.0,221177000.0,3.068,0.864,1980464000,130000,1980334000,1980464000,207660000,274823000.0,0,0.004,0.4,536708000.0,811531000.0,0.237,811531000.0,536708000.0,316120000.0,1.66,1.64,1.66,4454188000,4301147250.0,4454188000,14472246575.0,27.0,17.833,238494000.0,1.79,1.0,857533000.0,0.251,3861403000,220588000.0,5782004000,5764926750.0,347073000,40558000,0,40558000,3847444000,353479000,3493965000,12661304575.0,143937000.0,-27198000.0,51496000.0,-60060000.0,-53214000.0,-67009000.0,-308592000.0,0.0,519538000.0,0.0,221177000.0,221177000.0,221177000.0,11737000.0,0.0,0.065,307755000.0,549778000.0,175729000,0.241,2.843,57.245,57.211,3156290000,0.0,94.97,3.7,3.697,397287000,1618507000.0,3422181000.0,3422181000.0,0.0,0.027,0.051,0.093,0.157,-128000.0,286844000.0,1.0,133318991.0,133210000,135093000.0,25.69,4440229000,0,94943000.0,681096000,33.333,731112000
23,VMC,MRT,2015-09-30,2015-09-30,2015-09-30,2021-08-05,-146846000,8316866000,8220092750.0,1143690000,7173176000,0.404,32.69,-261275000.0,168681000,168681000,2546659000.0,170310000.0,2.775,0.906,1979623000,130000,1979493000,1979623000,209651000,275409000.0,0,0.004,0.36,467000000.0,742409000.0,0.224,742409000.0,467000000.0,241233000.0,1.28,1.25,1.28,4363277000,4231775000.0,4363277000,13851849293.0,30.0,18.658,131343000.0,0.984,1.0,773264000.0,0.233,3861519000,225767000.0,5854212000,5714340250.0,326706000,40516000,0,40516000,3953589000,412077000,3541512000,11880224293.0,76813000.0,-34164000.0,78877000.0,-60174000.0,-47789000.0,-20098000.0,-295707000.0,0.0,392618000.0,0.0,170310000.0,170310000.0,170310000.0,7392000.0,0.0,0.051,296631000.0,476633000.0,195536000,0.281,2.723,69.756,69.688,3119627000,0.0,89.2,3.578,3.586,552985000,1564215000.0,3319923000.0,3319923000.0,0.0,0.021,0.04,0.082,0.141,2440000.0,279830000.0,1.0,133186371.0,133474000,135558000.0,24.873,4455347000,39301000,70923000.0,692643000,33.38,731613000
24,VMC,MRT,2015-06-30,2015-06-30,2015-06-30,2021-08-05,-151011000,8195883000,8158287500.0,1022200000,7173683000,0.387,31.757,-248268000.0,74736000,74736000,2464026000.0,113444000.0,2.018,0.939,2046361000,152624000,1893737000,2046361000,211429000,276903000.0,0,0.004,0.32,398905000.0,675808000.0,0.214,675808000.0,398905000.0,170047000.0,0.86,0.84,0.86,4226957000,4191230500.0,4226957000,13019434094.0,33.0,19.265,54476000.0,0.409,1.0,691016000.0,0.219,3862819000,228858000.0,5798049000,5686538500.0,341828000,41603000,0,41603000,3968926000,506640000,3462286000,11134195094.0,-152948000.0,-303147000.0,65257000.0,7420000.0,-42359000.0,33937000.0,-489629000.0,0.0,302744000.0,0.0,113444000.0,113444000.0,113444000.0,5837000.0,0.0,0.036,286258000.0,404758000.0,190904000,0.372,2.634,98.147,97.593,3115524000,0.0,83.93,3.529,3.541,490411000,1453752000.0,3155042000.0,3155042000.0,0.0,0.014,0.027,0.07,0.126,9956000.0,274514000.0,1.0,132660492.0,133103000,135234000.0,23.704,4333064000,39562000,56603000.0,686171000,32.554,515560000
25,VMC,MRT,2015-03-31,2015-03-31,2015-03-31,2021-08-05,-156785000,8326525000,8087026250.0,1194665000,7131860000,0.377,31.36,-217860000.0,392657000,392657000,2419687000.0,111249000.0,1.699,1.001,2253806000,365441000,1888365000,2253806000,212987000,276842000.0,0,0.003,0.27,351725000.0,628567000.0,0.206,628567000.0,351725000.0,165967000.0,0.85,0.83,0.85,4160167000,4156038000.0,4160167000,13000775229.0,37.0,20.683,67273000.0,0.507,1.0,631355000.0,0.207,3858896000,185758000.0,5625442000,5622070250.0,333692000,41613000,0,41613000,4166358000,703336000,3463022000,11136464229.0,123884000.0,-282934000.0,51131000.0,253929000.0,-35606000.0,276822000.0,-438071000.0,0.0,285133000.0,0.0,111249000.0,111249000.0,111249000.0,4724000.0,0.0,0.036,277127000.0,354228000.0,157829000,0.318,2.677,100.104,99.176,3084093000,0.0,84.3,3.65,3.665,369952000,1418901000.0,3051042000.0,3051042000.0,0.0,0.014,0.027,0.063,0.115,16223000.0,272932000.0,1.0,132105151.0,132659000,132659000.0,22.999,4467629000,39881000,54718000.0,682849000,33.678,491329000
26,VMC,MRT,2014-12-31,2014-12-31,2014-12-31,2021-08-05,-161714000,8041097000,7973453750.0,920469000,7120628000,0.376,31.771,-198824000.0,141273000,141273000,2406587000.0,204923000.0,2.037,0.925,1984779000,150137000,1834642000,1984779000,213968000,279497000.0,0,0.003,0.22,539982000.0,819479000.0,0.274,819479000.0,539982000.0,296615000.0,1.56,1.54,1.56,4176699000,4123776000.0,4176699000,10571088185.0,20.0,12.9,62183000.0,0.473,1.0,587582000.0,0.196,3853067000,243367000.0,5579658000,5588492750.0,321804000,41650000,0,41650000,3864398000,451878000,3412520000,8656843185.0,-52465000.0,437122000.0,54122000.0,-579829000.0,-28884000.0,-551803000.0,238331000.0,0.0,261007000.0,0.0,204923000.0,204923000.0,204923000.0,2223000.0,0.0,0.068,49444000.0,538138000.0,145148000,0.141,2.073,42.244,42.135,3071630000,0.0,65.73,2.891,2.886,354935000,1471845000.0,2994169000.0,2994169000.0,0.0,0.026,0.05,0.097,0.18,20420000.0,272288000.0,1.0,131703076.0,131461000,132991000.0,22.776,4188030000,39726000,91692000.0,691137000,31.858,468591000
27,VMC,MRT,2014-09-30,2014-09-30,2014-09-30,2021-08-05,-91515000,8069645000,8027965250.0,954618000,7115027000,0.364,31.876,-303368000.0,91868000,91868000,2384119000.0,175983000.0,2.617,0.921,1984220000,145000,1984075000,1984220000,216205000,285089000.0,0,0.003,0.17,496708000.0,781797000.0,0.268,781797000.0,496708000.0,245346000.0,1.34,1.33,1.34,4201099000,4064127750.0,4201099000,9601484997.0,19.0,12.281,-57155000.0,-0.434,1.0,535269000.0,0.183,3854180000,251362000.0,5743005000,5820974250.0,306584000,42117000,0,42117000,3868546000,364812000,3503734000,7884718997.0,-153945000.0,450485000.0,52225000.0,-579820000.0,-22274000.0,-547234000.0,147076000.0,0.0,246213000.0,0.0,175983000.0,175983000.0,175983000.0,2910000.0,0.0,0.06,43194000.0,492075000.0,167837000,0.127,1.877,44.804,44.948,3068570000,0.0,60.23,2.701,2.719,479748000,1441742000.0,2919388000.0,2919388000.0,0.0,0.022,0.043,0.085,0.17,21089000.0,263824000.0,1.0,130910161.0,131797000,133369000.0,22.151,4215465000,41745000,69363000.0,733613000,31.985,589806000
28,VMC,MRT,2014-06-30,2014-06-30,2014-06-30,2021-08-05,-93227000,7910838000,8088068000.0,1101984000,6808854000,0.354,31.157,-296138000.0,289771000,289771000,2374167000.0,150407000.0,3.154,0.936,1983477000,158000,1983319000,1983477000,217589000,292253000.0,0,0.002,0.12,459102000.0,751355000.0,0.263,751355000.0,459102000.0,199497000.0,1.15,1.14,1.15,4086187000,3979580750.0,4086187000,10013767244.0,22.0,13.328,128606000.0,0.981,1.0,485210000.0,0.17,3714963000,259605000.0,5540176000,5997717000.0,309714000,42128000,0,42128000,3824651000,349405000,3475246000,8338611244.0,140705000.0,717578000.0,49619000.0,-679819000.0,-15667000.0,-643351000.0,359312000.0,0.0,424744000.0,0.0,150407000.0,150407000.0,150407000.0,2855000.0,0.0,0.053,33699000.0,451511000.0,178239000,0.104,2.041,55.44,55.435,2901762000,0.0,63.75,2.916,2.924,434332000,1382711000.0,2859377000.0,2859377000.0,0.0,0.019,0.038,0.077,0.161,20404000.0,263604000.0,1.0,130801745.0,131149000,132876000.0,21.803,4195875000,40858000,49090000.0,704544000,31.993,752579000
29,VMC,MRT,2014-03-31,2014-03-31,2014-03-31,2021-08-05,-94926000,7872235000,8140414500.0,1053742000,6818493000,0.345,30.817,-260797000.0,331797000,331797000,2363650000.0,133212000.0,3.091,0.953,2006953000,171000,2006782000,2006953000,218946000,300889000.0,0,0.001,0.08,440398000.0,741287000.0,0.264,741287000.0,440398000.0,170471000.0,1.02,1.01,1.02,4031119000,3911414000.0,4031119000,11004665492.0,25.0,14.845,103597000.0,0.792,1.0,443317000.0,0.158,3715391000,269927000.0,5491132000,6234189250.0,305833000,42137000,0,42137000,3841116000,340868000,3500248000,8675990492.0,80692000.0,723757000.0,44787000.0,-720262000.0,-10423000.0,-683597000.0,399895000.0,0.0,364394000.0,0.0,133212000.0,133212000.0,133212000.0,3667000.0,0.0,0.047,8186000.0,435131000.0,150628000,0.078,2.152,65.129,65.147,2893290000,0.0,66.45,3.091,3.097,348337000,1343294000.0,2806967000.0,2806967000.0,0.0,0.016,0.034,0.071,0.157,19177000.0,260891000.0,1.0,130564191.0,130810000,132314000.0,21.458,4156844000,39591000,37259000.0,693234000,31.778,712874000
30,VMC,MRT,2013-12-31,2013-12-31,2013-12-31,2021-08-05,-99631000,8259143000,8191974500.0,951496000,7307647000,0.338,30.23,-257804000.0,193738000,193738000,2343829000.0,24382000.0,3.181,1.097,2522413000,170000,2522243000,2522413000,219743000,307108000.0,0,0.001,0.04,202511000.0,509619000.0,0.184,509619000.0,202511000.0,-77000.0,0.19,0.19,0.19,3938106000,3832366500.0,3938106000,10001713723.0,49.0,19.626,98695000.0,0.758,1.0,426880000.0,0.154,3779099000,202588000.0,6509584000,6437872000.0,344606000,42387000,0,42387000,4321037000,299135000,4021902000,7723974723.0,-81740000.0,-38347000.0,13583000.0,-150602000.0,-5191000.0,-142049000.0,-296190000.0,0.0,356499000.0,0.0,24382000.0,24382000.0,24382000.0,-3626000.0,0.0,0.009,236476000.0,190404000.0,139345000,0.211,1.961,316.79,312.737,3312017000,0.0,59.42,2.788,2.794,323369000,1295834000.0,2770709000.0,2770709000.0,0.0,0.003,0.006,0.031,0.073,21932000.0,259427000.0,1.0,129989477.0,130272000,131467000.0,21.269,4480044000,40423000,-24459000.0,701075000,34.39,652361000
31,VMC,MRT,2013-09-30,2013-09-30,2013-09-30,2021-08-05,-153876000,8310056000,8158838500.0,1100961000,7209095000,0.331,29.654,-94376000.0,245813000,245813000,2310155000.0,18782000.0,3.07,1.151,2523552000,163000,2523389000,2523552000,225863000,309445000.0,0,0.001,0.04,204383000.0,513828000.0,0.19,513828000.0,204383000.0,-2446000.0,0.14,0.13,0.14,3862911000,3788105500.0,3862911000,9270994978.0,45.0,18.043,310352000.0,2.382,1.0,388739000.0,0.144,3779176000,206829000.0,6449976000,6388592250.0,328179000,43275000,0,43275000,4447145000,358643000,4088502000,6733392978.0,2687000.0,-27871000.0,8786000.0,-285153000.0,-5188000.0,-280594000.0,-121447000.0,0.0,404728000.0,0.0,18782000.0,18782000.0,18782000.0,-3635000.0,0.0,0.007,196632000.0,192107000.0,154451000,0.286,1.743,358.502,370.071,3214460000,0.0,51.81,2.495,2.501,445230000,1288054000.0,2698894000.0,2698894000.0,0.0,0.002,0.005,0.032,0.076,23738000.0,262284000.0,1.0,129963192.0,130266000,131320000.0,20.718,4530880000,39326000,-21228000.0,673135000,34.782,742318000
32,VMC,MRT,2013-06-30,2013-06-30,2013-06-30,2021-08-05,-156666000,8120224000,8137803500.0,911649000,7208575000,0.321,29.278,-62537000.0,86979000,86979000,2257508000.0,-8321000.0,2.327,1.129,2624581000,100161000,2524420000,2624581000,73068000,315233000.0,0,0.001,0.04,159404000.0,474637000.0,0.182,474637000.0,159404000.0,-51334000.0,-0.07,-0.07,-0.07,3813520000,3764177000.0,3813520000,8768896616.0,55.0,18.475,133654000.0,1.026,1.0,356679000.0,0.136,3779992000,210738000.0,6486065000,6371916250.0,340487000,43194000,0,43194000,4306704000,391769000,3914935000,6290953616.0,-71322000.0,-27704000.0,10536000.0,-185152000.0,-5191000.0,-178986000.0,-88527000.0,0.0,196191000.0,0.0,-8321000.0,-8321000.0,-8321000.0,-3061000.0,0.0,-0.003,208473000.0,148206000.0,128142000,-0.571,1.65,-756.033,-691.571,3215341000,0.0,48.41,2.406,2.412,404682000,1247984000.0,2614187000.0,2614187000.0,0.0,-0.001,-0.002,0.025,0.061,23820000.0,261871000.0,1.0,129951531.0,130250000,131332000.0,20.071,4340232000,39275000,-43013000.0,664967000,33.322,519880000
33,VMC,MRT,2013-03-31,2013-03-31,2013-03-31,2021-08-05,-221231000,8078475000,8152766250.0,927362000,7151113000,0.315,28.536,-29658000.0,188081000,188081000,2239867000.0,-55376000.0,1.974,1.175,2666024000,140604000,2525420000,2666024000,73392000,322389000.0,0,0.001,0.04,91263000.0,413652000.0,0.161,413652000.0,91263000.0,-122289000.0,-0.43,-0.43,-0.43,3714929000,3746531000.0,3714929000,9115908279.0,100.0,22.038,166806000.0,1.281,1.0,329723000.0,0.128,3780702000,213552000.0,6305863000,6359689500.0,340574000,41707000,0,41707000,4363546000,469853000,3893693000,6714383279.0,-3091000.0,-32709000.0,10182000.0,-144706000.0,-5187000.0,-138920000.0,-60635000.0,0.0,196464000.0,0.0,-55376000.0,-55376000.0,-55376000.0,-3119000.0,0.0,-0.022,248721000.0,81002000.0,116677000,-0.093,1.807,-121.251,-120.233,3168175000,0.0,51.7,2.613,2.619,322172000,1220512000.0,2569590000.0,2569590000.0,0.0,-0.007,-0.015,0.014,0.036,19407000.0,258883000.0,1.0,129872017.0,130186000,130186000.0,19.738,4297773000,38844000,-66913000.0,614405000,33.013,457509000
34,VMC,MRT,2012-12-31,2012-12-31,2012-12-31,2021-08-05,-225517000,8126599000,8187157250.0,984972000,7141627000,0.314,28.988,-12528000.0,275478000,275478000,2233284000.0,-52593000.0,2.257,1.161,2677003000,150602000,2526401000,2677003000,73583000,331959000.0,0,0.001,0.04,93982000.0,425941000.0,0.166,425941000.0,93982000.0,-119085000.0,-0.41,-0.41,-0.41,3761062000,3754200500.0,3761062000,9314972691.0,99.0,21.869,225947000.0,1.741,1.0,334026000.0,0.13,3779248000,213067000.0,6312465000,6427139750.0,335022000,42081000,0,42081000,4365537000,436411000,3929126000,6745495691.0,119639000.0,21166000.0,10462000.0,-134780000.0,-5183000.0,-129235000.0,10399000.0,0.0,238475000.0,0.0,-52593000.0,-52593000.0,-52593000.0,-1333000.0,0.0,-0.02,249245000.0,84781000.0,113337000,-0.098,1.794,-128.258,-126.951,3159185000,0.0,52.05,2.627,2.63,277539000,1276649000.0,2567310000.0,2567310000.0,0.0,-0.006,-0.014,0.015,0.037,17207000.0,259140000.0,1.0,129596459.0,129745000,129745000.0,19.787,4347351000,40696000,-66492000.0,657367000,33.507,548561000
35,VMC,MRT,2012-09-30,2012-09-30,2012-09-30,2021-08-05,-204723000,8225916000,8212836000.0,1049255000,7176661000,0.313,29.034,-40123000.0,243126000,243126000,2244331000.0,-83941000.0,1.66,1.184,2812603000,285153000,2527450000,2812603000,0,341439000.0,0,0.001,0.04,34161000.0,375600000.0,0.146,375600000.0,34161000.0,-181624000.0,-0.65,-0.65,-0.65,3767197000,3761839250.0,3767197000,8775517487.0,257.0,23.364,100953000.0,0.778,1.0,329175000.0,0.128,3780024000,215785000.0,6383272000,6523614000.0,336978000,42226000,0,42226000,4458719000,632097000,3826622000,6120279487.0,90747000.0,2068000.0,6550000.0,-14765000.0,-5179000.0,-13103000.0,-37226000.0,0.0,141076000.0,0.0,-83941000.0,-83941000.0,-83941000.0,-416000.0,0.0,-0.033,305455000.0,23720000.0,133209000,-0.062,1.625,-72.912,-72.769,3212952000,0.0,47.3,2.378,2.385,397414000,1274465000.0,2573506000.0,2573506000.0,0.0,-0.01,-0.022,0.005,0.013,14704000.0,263970000.0,1.0,129392801.0,129753000,130215000.0,19.834,4445892000,45353000,-97683000.0,680880000,34.264,417158000
36,VMC,MRT,2012-06-30,2012-06-30,2012-06-30,2021-08-05,-208782000,8180075000,8252238500.0,951235000,7228840000,0.316,28.864,-47957000.0,158301000,158301000,2287365000.0,-78242000.0,1.543,1.185,2813539000,285152000,2528387000,2813539000,0,348279000.0,0,0.007,0.28,78320000.0,426599000.0,0.164,426599000.0,78320000.0,-135100000.0,-0.61,-0.61,-0.61,3742936000,3786769250.0,3742936000,7761333634.0,99.0,18.194,111009000.0,0.856,1.0,318032000.0,0.122,3781688000,213420000.0,6437158000,6649322250.0,334606000,28506000,0,28506000,4437139000,616467000,3820672000,5138047634.0,51557000.0,63751000.0,3907000.0,-114963000.0,-36192000.0,-123438000.0,16029000.0,0.0,158966000.0,0.0,-78242000.0,-78242000.0,-78242000.0,676000.0,0.0,-0.03,243510000.0,74522000.0,171834000,-0.459,1.373,-65.669,-65.098,3278511000,0.0,39.71,1.972,1.976,390131000,1261501000.0,2605397000.0,2605397000.0,0.0,-0.009,-0.021,0.012,0.03,13085000.0,265549000.0,1.0,129389263.0,129676000,129676000.0,20.092,4398387000,43357000,-56858000.0,687337000,33.918,334768000
37,VMC,MRT,2012-03-31,2012-03-31,2012-03-31,2021-08-05,-212821000,8216039000,8304033500.0,918649000,7297390000,0.315,28.903,-69720000.0,191172000,191172000,2300299000.0,-68098000.0,1.91,1.194,2814458000,144706000,2669752000,2814458000,0,356300000.0,0,0.012,0.52,83096000.0,439396000.0,0.168,439396000.0,83096000.0,-147548000.0,-0.53,-0.53,-0.53,3745607000,3819056000.0,3745607000,8182236644.0,98.0,18.622,84417000.0,0.651,1.0,312933000.0,0.12,3782568000,230644000.0,6575664000,6775611250.0,341333000,29172000,0,29172000,4470432000,481093000,3989339000,5522717644.0,128008000.0,63751000.0,8731000.0,32468000.0,-67202000.0,-21341000.0,-4788000.0,0.0,154137000.0,0.0,-68098000.0,-68098000.0,-68098000.0,415000.0,0.0,-0.026,234585000.0,78348000.0,125101000,-0.981,1.474,-81.1,-80.623,3349694000,0.0,42.73,2.113,2.119,318176000,1281080000.0,2613232000.0,2613232000.0,0.0,-0.008,-0.018,0.012,0.032,16534000.0,277697000.0,1.0,129246844.0,129593000,129593000.0,20.165,4433471000,43394000,-79450000.0,704166000,34.211,437556000
38,VMC,MRT,2011-12-31,2011-12-31,2011-12-31,2021-08-05,-216844000,8229314000,8325132750.0,863100000,7366214000,0.308,29.306,-85237000.0,155920000,155920000,2280681000.0,-70778000.0,2.125,1.17,2815439000,134762000,2680677000,2815439000,0,361719000.0,0,0.019,0.76,71367000.0,433086000.0,0.169,433086000.0,71367000.0,-149261000.0,-0.55,-0.55,-0.55,3791617000,3856763000.0,3791617000,7754283328.0,109.0,17.905,83806000.0,0.648,1.0,283869000.0,0.111,3784218000,220628000.0,6698362000,6765939500.0,327657000,29004000,0,29004000,4437697000,406253000,4031444000,5085305328.0,108298000.0,64208000.0,8551000.0,43999000.0,-98172000.0,-41266000.0,-19479000.0,0.0,169043000.0,0.0,-70778000.0,-70778000.0,-70778000.0,-4477000.0,0.0,-0.028,220425000.0,63444000.0,103931000,-1.382,1.341,-71.849,-71.545,3418179000,0.0,39.35,1.983,1.985,299166000,1334476000.0,2564550000.0,2564550000.0,0.0,-0.009,-0.018,0.011,0.028,18333000.0,289993000.0,1.0,129232664.0,129381000,129381000.0,19.822,4445096000,43032000,-78483000.0,732528000,34.357,456847000
39,VMC,MRT,2011-09-30,2011-09-30,2011-09-30,2021-08-05,-164943000,8383526000,8352688250.0,1003711000,7379815000,0.304,29.862,-80228000.0,152460000,152460000,2275902000.0,-89910000.0,2.635,1.168,2821438000,5215000,2816223000,2821438000,0,366590000.0,0,0.036,1.0,44881000.0,411471000.0,0.162,411471000.0,44881000.0,-166020000.0,-0.69,-0.69,-0.69,3866917000,3897808250.0,3866917000,6345646338.0,141.0,15.422,116377000.0,0.899,1.0,260264000.0,0.103,3785419000,210901000.0,6886105000,6751012250.0,317777000,28917000,0,28917000,4516609000,380980000,4135629000,3561426338.0,69883000.0,37700000.0,16073000.0,18934000.0,-128974000.0,-89441000.0,-37281000.0,0.0,196605000.0,0.0,-89910000.0,-89910000.0,-89910000.0,-5547000.0,0.0,-0.035,220704000.0,39560000.0,134853000,-1.449,0.921,-39.611,-39.942,3443468000,0.0,27.56,1.404,1.407,430039000,1363640000.0,2536166000.0,2536166000.0,0.0,-0.011,-0.023,0.007,0.018,17622000.0,298704000.0,1.0,129224468.0,129493000,129768000.0,19.585,4598107000,48743000,-76110000.0,794921000,35.509,622731000
40,VMC,MRT,2011-06-30,2011-06-30,2011-06-30,2021-08-05,-167729000,8387255000,8387186250.0,893998000,7493257000,0.3,29.913,-78583000.0,106853000,106853000,2247387000.0,-96623000.0,2.043,1.166,2891073000,105230000,2785843000,2891073000,0,373340000.0,0,0.026,1.0,-865000.0,372475000.0,0.148,372475000.0,-865000.0,-208614000.0,-0.74,-0.74,-0.74,3872083000,3937096250.0,3872083000,7644051976.0,-8837.0,20.522,112483000.0,0.869,1.0,271231000.0,0.108,3791525000,207749000.0,6942314000,6715238250.0,329265000,37251000,0,37251000,4515172000,437636000,4077536000,4974490976.0,64571000.0,-58250000.0,22493000.0,127283000.0,-128762000.0,1019000.0,-127514000.0,0.0,191066000.0,0.0,-96623000.0,-96623000.0,-96623000.0,-10655000.0,0.0,-0.038,287907000.0,-16676000.0,153729000,-1.351,1.285,-51.484,-52.068,3542745000,0.0,38.53,1.975,1.98,389782000,1376026000.0,2518618000.0,2518618000.0,0.0,-0.012,-0.025,0.0,0.0,18154000.0,309244000.0,1.0,129106955.0,129446000,129446000.0,19.457,4595730000,45704000,-111991000.0,756557000,35.503,456362000
41,VMC,MRT,2011-03-31,2011-03-31,2011-03-31,2021-08-05,-173672000,8300436000,8412113750.0,766895000,7533541000,0.303,30.187,-77632000.0,63273000,63273000,2260073000.0,-112476000.0,1.208,1.13,2732834000,305238000,2427596000,2732834000,0,378482000.0,0,0.022,1.0,-24796000.0,353686000.0,0.139,353686000.0,-24796000.0,-205357000.0,-0.87,-0.87,-0.87,3896435000,3976405250.0,3896435000,8555189525.0,-345.0,24.189,162685000.0,1.26,1.0,292726000.0,0.115,3798062000,180561000.0,6536977000,6563669250.0,329187000,37271000,0,37271000,4404001000,634958000,3769043000,5885015525.0,27224000.0,-58360000.0,44184000.0,-227000.0,-128457000.0,-85099000.0,-127994000.0,0.0,240317000.0,0.0,-112476000.0,-112476000.0,-112476000.0,-10215000.0,0.0,-0.044,331680000.0,-38954000.0,119702000,-1.149,1.51,-52.322,-52.414,3592830000,0.0,45.6,2.305,2.306,278126000,1416486000.0,2552799000.0,2552799000.0,0.0,-0.013,-0.028,-0.004,-0.01,18228000.0,318558000.0,1.0,129057358.0,129078000,129078000.0,19.777,4502374000,57993000,-92881000.0,807029000,34.881,131937000
42,VMC,MRT,2010-12-31,2010-12-31,2010-12-31,2021-08-05,-177339000,8339536000,8453705500.0,773751000,7565785000,0.303,30.893,-72722000.0,48088000,48088000,2258136000.0,-96490000.0,1.329,1.108,2718262000,290746000,2427516000,2718262000,0,382093000.0,0,0.023,1.0,-4550000.0,377543000.0,0.148,377543000.0,-4550000.0,-186153000.0,-0.75,-0.75,-0.75,3955798000,4014350250.0,3955798000,8370150770.0,-1840.0,22.17,129984000.0,1.015,1.0,300726000.0,0.118,3788709000,181603000.0,6638653000,6546004250.0,319845000,37386000,0,37386000,4383738000,582348000,3801390000,5695407770.0,25276000.0,-19580000.0,62236000.0,-23274000.0,-127792000.0,-89054000.0,-88376000.0,0.0,202706000.0,0.0,-96490000.0,-96490000.0,-96490000.0,-6053000.0,0.0,-0.038,315266000.0,-14540000.0,102315000,-1.333,1.44,-59.026,-59.147,3632914000,0.0,44.36,2.226,2.22,260814000,1503681000.0,2558862000.0,2558862000.0,0.0,-0.011,-0.024,-0.001,-0.002,19829000.0,327537000.0,1.0,128390617.0,128050000,128050000.0,19.983,4550827000,54704000,-89663000.0,843599000,35.539,191403000
43,VMC,MRT,2010-09-30,2010-09-30,2010-09-30,2021-08-05,-183829000,8521518000,8500039250.0,921744000,7599774000,0.302,31.291,-62309000.0,83027000,83027000,2244747000.0,-62842000.0,1.373,1.118,2757770000,325249000,2432521000,2757770000,0,385628000.0,0,0.027,1.0,27195000.0,412823000.0,0.161,412823000.0,27195000.0,-152581000.0,-0.52,-0.52,-0.52,4024069000,4034710000.0,4024069000,7436273118.0,273.0,18.013,163731000.0,1.273,1.0,318017000.0,0.124,3781996000,179776000.0,6743009000,6537586250.0,316244000,37718000,3910000,33808000,4497449000,671256000,3826193000,4735712118.0,35949000.0,15550000.0,80117000.0,-98578000.0,-127116000.0,-145311000.0,-44780000.0,2692000.0,226040000.0,0.0,-62842000.0,-62842000.0,-62842000.0,-6138000.0,0.0,-0.025,301753000.0,16264000.0,138462000,-1.923,1.177,-75.359,-71.0,3677048000,0.0,36.92,1.848,1.853,404934000,1591969000.0,2562764000.0,2562764000.0,0.0,-0.007,-0.016,0.004,0.011,14376000.0,330410000.0,1.0,128269559.0,128602000,128910000.0,19.928,4739522000,64768000,-89739000.0,856631000,36.854,250488000
44,VMC,MRT,2010-06-30,2010-06-30,2010-06-30,2021-08-05,-187458000,8486965000,8560451750.0,856903000,7630062000,0.303,31.438,-74863000.0,45919000,45919000,2252002000.0,-21856000.0,0.798,1.106,2746480000,745300000,2001180000,2746480000,0,387173000.0,0,0.023,1.0,64239000.0,451412000.0,0.174,451412000.0,64239000.0,-111530000.0,-0.19,-0.19,-0.19,4029319000,4050074750.0,4029319000,8283693154.0,129.0,18.351,227426000.0,1.774,1.0,345750000.0,0.133,3777359000,175769000.0,6336038000,6631501500.0,311340000,37988000,3910000,34078000,4457646000,1074129000,3383517000,5596785154.0,-1538000.0,55492000.0,89850000.0,-247750000.0,-126316000.0,-282005000.0,-21822000.0,2692000.0,302289000.0,0.0,-21856000.0,-21856000.0,-21856000.0,-9791000.0,0.0,-0.008,297214000.0,48536000.0,168269000,-5.263,1.389,-256.075,-230.684,3717015000,0.0,43.83,2.154,2.162,389323000,1610835000.0,2597752000.0,2597752000.0,0.0,-0.003,-0.005,0.01,0.025,17562000.0,332408000.0,1.0,127693022.0,128168000,128168000.0,20.268,4709606000,57575000,-89674000.0,843408000,36.746,-217226000
45,VMC,MRT,2010-03-31,2010-03-31,2010-03-31,2021-08-05,-191049000,8466803000,8651292250.0,755672000,7711131000,0.299,31.953,-88116000.0,39583000,39583000,2214210000.0,24348000.0,0.831,1.091,2726491000,625344000,2101147000,2726491000,0,389494000.0,0,0.026,1.24,141656000.0,531150000.0,0.206,531150000.0,141656000.0,-34463000.0,0.2,0.2,0.2,4048215000,4051303750.0,4048215000,8683770223.0,61.0,16.349,266260000.0,2.102,1.0,369249000.0,0.143,3778172000,176119000.0,6466317000,6866214000.0,307601000,37407000,4109000,33298000,4418588000,909222000,3509366000,5968022223.0,-11506000.0,18622000.0,635673000.0,-788735000.0,-148999000.0,-299959000.0,-65923000.0,8079000.0,354376000.0,0.0,24348000.0,24348000.0,24348000.0,-17919000.0,0.0,0.009,256239000.0,113010000.0,128974000,6.2,1.474,245.113,236.2,3793041000,0.0,47.24,2.31,2.317,291412000,1666839000.0,2583459000.0,2583459000.0,0.0,0.003,0.006,0.021,0.055,20534000.0,328385000.0,1.0,126334086.0,126692000,126692000.0,20.392,4688631000,55040000,-58811000.0,870384000,37.008,-153550000
46,VMC,MRT,2009-12-31,2009-12-31,2009-12-31,2021-08-05,-194358000,8524871000,8744096250.0,732889000,7791982000,0.308,33.957,-91979000.0,22265000,22265000,2244528000.0,30314000.0,0.855,1.112,2738013000,621893000,2116120000,2738013000,0,394612000.0,0,0.028,1.48,167707000.0,562319000.0,0.209,562319000.0,167707000.0,-7555000.0,0.25,0.25,0.25,4037237000,3910336500.0,4037237000,9411255132.0,56.0,16.737,361056000.0,3.037,1.0,445962000.0,0.166,3778943000,175262000.0,6604981000,7068539750.0,325033000,37394000,4111000,33283000,4487634000,856695000,3630939000,6604854132.0,12071000.0,-20905000.0,623873000.0,-815060000.0,-171468000.0,-360962000.0,-80002000.0,33282000.0,453035000.0,0.0,30314000.0,30314000.0,30314000.0,-11666000.0,0.0,0.011,297510000.0,148452000.0,121324000,5.92,1.636,217.881,210.68,3874671000,0.0,52.67,2.455,2.327,254753000,1737455000.0,2690490000.0,2690490000.0,0.0,0.003,0.008,0.024,0.062,21048000.0,321608000.0,1.0,125400686.0,118891000,119430000.0,22.63,4745928000,56017000,-37869000.0,893974000,39.918,-123806000
47,VMC,MRT,2009-09-30,2009-09-30,2009-09-30,2021-08-05,-179674000,8763168000,8842034500.0,885491000,7877677000,0.328,32.59,-137332000.0,46547000,46547000,2372433000.0,-169156000.0,1.31,1.145,2852948000,346778000,2506170000,2852948000,0,395727000.0,0,0.032,1.72,-20357000.0,375370000.0,0.129,375370000.0,-20357000.0,-198451000.0,-1.61,-1.59,-1.61,4085528000,3789465250.0,4085528000,9708367559.0,-477.0,25.863,374433000.0,2.987,1.0,527111000.0,0.182,3775066000,178094000.0,7118670000,7175263750.0,331695000,38227000,6803000,31424000,4677640000,675833000,4001807000,6758171559.0,-44422000.0,-25849000.0,594870000.0,-829275000.0,-194015000.0,-424721000.0,-131466000.0,30848000.0,511765000.0,0.0,-169156000.0,-169156000.0,-169156000.0,-11773000.0,0.0,-0.058,564478000.0,-37367000.0,141884000,-1.068,1.654,-39.952,-33.584,3965260000,0.0,54.07,2.331,2.338,399013000,1797036000.0,2899544000.0,2899544000.0,0.0,-0.019,-0.045,-0.003,-0.007,23826000.0,327491000.0,1.0,124989302.0,125361000,125859000.0,23.13,4988102000,67967000,-29295000.0,896598000,39.79,209658000
48,VMC,MRT,2009-06-30,2009-06-30,2009-06-30,2021-08-05,-181374000,8850327000,8933022500.0,927055000,7923272000,0.351,35.551,-198622000.0,43711000,43711000,2561224000.0,-164338000.0,1.238,1.194,2993907000,472717000,2521190000,2993907000,0,395200000.0,0,0.045,1.96,12542000.0,407742000.0,0.13,407742000.0,12542000.0,-166612000.0,-1.5,-1.49,-1.5,4034235000,3760253500.0,4034235000,8232452468.0,656.0,20.19,271912000.0,2.396,1.0,573477000.0,0.183,3777071000,179154000.0,7274888000,7083914750.0,363583000,37369000,6755000,30614000,4816092000,748564000,4067528000,4764998468.0,-107499000.0,-29678000.0,599686000.0,-734321000.0,-216559000.0,-343802000.0,-234231000.0,-6144000.0,470534000.0,0.0,-164338000.0,-164338000.0,-164338000.0,-4699000.0,0.0,-0.052,565245000.0,8232000.0,145744000,-1.307,1.181,-28.995,-28.733,4028248000,0.0,43.1,1.52,1.56,385501000,1774113000.0,3134701000.0,3134701000.0,0.0,-0.018,-0.044,0.002,0.004,16333000.0,324297000.0,1.0,110556809.0,113477000,113829000.0,27.624,5073256000,69080000,-2274000.0,928687000,44.707,178491000
49,VMC,MRT,2009-03-31,2009-03-31,2009-03-31,2021-08-05,-183501000,8838019000,9004061250.0,882141000,7955878000,0.381,31.505,-247524000.0,47446000,47446000,2761524000.0,-45795000.0,0.693,1.536,3514900000,978689000,2536211000,3514900000,0,392519000.0,0,0.044,1.96,179065000.0,571584000.0,0.166,571584000.0,179065000.0,5791000.0,-0.42,-0.42,-0.42,3484346000,3730637000.0,3484346000,8425500376.0,47.0,14.741,279842000.0,2.53,1.0,672869000.0,0.196,3757793000,173274000.0,7275620000,6946164000.0,361820000,39541000,11530000,28011000,5353673000,1272060000,4081613000,4887921376.0,-3577000.0,191634000.0,29952000.0,-252966000.0,-215675000.0,-463816000.0,-67127000.0,-11531000.0,527366000.0,0.0,-45795000.0,-45795000.0,-45795000.0,2422000.0,0.0,-0.013,491852000.0,181017000.0,138939000,-4.667,1.403,-106.735,-105.452,4089668000,0.0,44.29,1.423,1.426,330063000,1806603000.0,3434393000.0,3434393000.0,0.0,-0.005,-0.012,0.026,0.052,12621000.0,329725000.0,1.0,110361738.0,110598000,110598000.0,31.053,5080226000,70442000,51586000.0,926016000,45.934,-389919000
50,VMC,MRT,2008-12-31,2008-12-31,2008-12-31,2021-08-05,-185282000,8916624000,9059557750.0,893890000,8022734000,0.403,32.373,-327654000.0,10194000,10194000,2901726000.0,918000.0,0.537,1.509,3547773000,1394185000,2153588000,3547773000,0,389060000.0,0,0.028,1.96,245422000.0,634482000.0,0.174,634482000.0,245422000.0,72609000.0,0.01,0.01,0.01,3553752000,3796305250.0,3553752000,11250030128.0,46.0,17.731,107531000.0,0.98,1.0,749712000.0,0.205,3759260000,172813000.0,7031877000,6659446750.0,364311000,64732000,36734000,27998000,5362872000,1663066000,3699806000,7663939128.0,-24694000.0,141726000.0,79674000.0,-114349000.0,-214783000.0,-270839000.0,-189040000.0,-36734000.0,435185000.0,0.0,918000.0,918000.0,918000.0,2449000.0,0.0,0.0,500610000.0,249102000.0,147104000,196.0,2.157,8348.518,6958.0,4155812000,0.0,69.58,2.099,2.092,326204000,1893929000.0,3651438000.0,3651438000.0,0.0,0.0,0.0,0.037,0.067,7887000.0,342584000.0,1.0,110145719.0,109774000,110954000.0,33.263,5157364000,71205000,71691000.0,920475000,46.982,-769176000
51,VMC,MRT,2008-09-30,2008-09-30,2008-09-30,2021-08-05,-26539000,9127120000,9064494250.0,1125545000,8001575000,0.409,36.042,-382099000.0,90969000,90969000,2887524000.0,298351000.0,0.592,1.3,3677060000,1508253000,2168807000,3677060000,0,371895000.0,0,0.026,1.93,574265000.0,946160000.0,0.255,946160000.0,574265000.0,421041000.0,2.76,2.73,2.76,3968681000,3847767250.0,3968681000,11754601484.0,20.0,12.423,182974000.0,1.662,1.0,821605000.0,0.222,4057114000,153224000.0,6753274000,6431174750.0,372081000,61995000,36992000,25003000,5158439000,1902823000,3255616000,8182646484.0,59890000.0,-3092367000.0,84161000.0,3171488000.0,-210572000.0,2968723000.0,-3473906000.0,-36992000.0,565073000.0,0.0,298351000.0,298351000.0,298351000.0,3314000.0,0.0,0.08,242338000.0,579267000.0,217596000,0.699,2.062,27.426,26.993,3720085000,0.0,74.5,2.206,2.212,519195000,2160731000.0,3709129000.0,3709129000.0,0.0,0.033,0.078,0.089,0.155,-18942000.0,331217000.0,1.0,109834181.0,110114000,111270000.0,33.684,5070006000,63370000,122690000.0,658115000,46.043,-777278000
52,VMC,MRT,2008-06-30,2008-06-30,2008-06-30,2021-08-05,-26565000,9134482000,7716341250.0,1139479000,7995003000,0.467,35.623,-400157000.0,151210000,151210000,2702495000.0,374714000.0,0.589,1.333,3723165000,1539581000,2183584000,3723165000,0,339545000.0,0,0.032,1.9,654439000.0,993984000.0,0.276,993984000.0,654439000.0,539295000.0,3.63,3.58,3.63,3915769000,3430514000.0,3915769000,10248561496.0,16.0,10.311,224101000.0,2.039,1.0,898151000.0,0.249,4048361000,115144000.0,6723885000,5509660250.0,383500000,24265000,0,24265000,5218713000,1934191000,3284522000,6542389496.0,116617000.0,-3070934000.0,64033000.0,3141160000.0,-200681000.0,2924283000.0,-3431924000.0,0.0,624258000.0,0.0,374714000.0,374714000.0,374714000.0,11063000.0,0.0,0.104,232886000.0,665265000.0,215835000,0.523,1.671,17.46,16.468,3721884000,0.0,59.78,1.817,1.825,523303000,2129554000.0,3600646000.0,3600646000.0,0.0,0.049,0.109,0.119,0.182,-14996000.0,321251000.0,1.0,109441109.0,109922000,111117000.0,32.756,5086121000,62074000,164581000.0,685432000,46.27,-794712000
53,VMC,MRT,2008-03-31,2008-03-31,2008-03-31,2021-08-05,-74448000,9060005000,6355133000.0,1159920000,7900085000,0.544,34.489,-425268000.0,51023000,51023000,2519781000.0,375970000.0,0.444,1.418,3757195000,2227523000,1529672000,3757195000,0,306530000.0,0,0.028,1.87,628566000.0,935096000.0,0.27,935096000.0,628566000.0,543524000.0,3.84,3.76,3.84,3747019000,3007219250.0,3747019000,10817627708.0,17.0,11.568,197648000.0,1.819,1.0,938158000.0,0.271,4022162000,85042000.0,6128751000,4588397500.0,384836000,24743000,0,24743000,5312986000,2615264000,2697722000,7196006708.0,-18937000.0,-3255270000.0,71371000.0,3164464000.0,-190730000.0,2999246000.0,-3641099000.0,0.0,622916000.0,0.0,375970000.0,375970000.0,375970000.0,12263000.0,0.0,0.109,294129000.0,644029000.0,197529000,0.487,1.92,19.14,17.292,3688820000,0.0,66.4,2.081,2.086,437275000,2040864000.0,3457939000.0,3457939000.0,0.0,0.059,0.125,0.137,0.182,-15092000.0,307778000.0,1.0,108373595.0,108644000,109898000.0,31.828,5037843000,68522000,167554000.0,675425000,46.37,-1455344000
54,VMC,MRT,2007-12-31,2007-12-31,2007-12-31,2021-08-05,-40217000,8936370000,4982860500.0,1157229000,7779141000,0.668,38.744,-394383000.0,34888000,34888000,2376884000.0,450910000.0,0.458,1.377,3656509000,2126681000,1529828000,3656509000,0,271475000.0,0,0.023,1.84,703544000.0,975019000.0,0.293,975019000.0,703544000.0,655326000.0,4.65,4.54,4.65,3759600000,2594103500.0,3759600000,7998741916.0,11.0,8.204,313761000.0,3.233,1.0,950903000.0,0.286,3911015000,48218000.0,6118789000,3778000750.0,356318000,25445000,0,25445000,5176770000,2528187000,2648583000,7560256916.0,-20342000.0,-3267338000.0,30274000.0,3104931000.0,-181315000.0,2925813000.0,-3654299000.0,0.0,708144000.0,0.0,450910000.0,450910000.0,450910000.0,12176000.0,0.0,0.135,236486000.0,714417000.0,219548000,0.396,2.011,16.767,17.009,3620094000,0.0,79.09,2.272,2.306,383029000,2083718000.0,3327787000.0,3327787000.0,0.0,0.09,0.174,0.186,0.211,-12278000.0,289604000.0,1.0,95590554.0,97036000,99403000.0,34.294,5025355000,44210000,204416000.0,672915000,51.789,-1370958000
55,VMC,MRT,2007-09-30,2007-09-30,2007-09-30,2021-08-05,-17995000,3734508000,3605726500.0,821390000,2913118000,0.912,24.014,-424423000.0,31079000,31079000,2320145000.0,480106000.0,1.803,0.624,469564000,148337000,321227000,469564000,0,250553000.0,0,0.02,1.75,733045000.0,983598000.0,0.299,983598000.0,733045000.0,705199000.0,5.03,4.91,5.03,2299668000,2156928250.0,2299668000,9029815734.0,12.0,9.18,212621000.0,2.22,1.0,967056000.0,0.294,650205000,27846000.0,3067216000,2927354750.0,266522000,5069000,0,5069000,1434840000,455572000,979268000,8518316734.0,-37572000.0,-28334000.0,33688000.0,-121589000.0,-166532000.0,-225908000.0,-448708000.0,0.0,637044000.0,0.0,480106000.0,480106000.0,480106000.0,11837000.0,0.0,0.146,226777000.0,740279000.0,161385000,0.348,3.704,17.743,17.724,2052770000,0.0,89.15,2.591,2.597,454023000,3215846000.0,3287201000.0,3287201000.0,0.0,0.133,0.223,0.25,0.223,15698000.0,278398000.0,1.0,95550384.0,95763000,97888000.0,34.326,3084303000,30402000,225093000.0,299611000,32.208,365818000
56,VMC,MRT,2007-06-30,2007-06-30,2007-06-30,2021-08-05,2924000,3689649000,3525665250.0,814866000,2874783000,0.939,23.254,-424066000.0,34593000,34593000,2349100000.0,480380000.0,1.591,0.66,546092000,224727000,321365000,546092000,0,242214000.0,0,0.014,1.66,735037000.0,977251000.0,0.295,977251000.0,735037000.0,705977000.0,5.04,4.92,5.04,2222590000,2062745750.0,2222590000,11407262769.0,16.0,11.673,179121000.0,1.874,1.0,962556000.0,0.291,650205000,29060000.0,3038834000,2846309250.0,286112000,5004000,0,5004000,1467059000,512109000,954950000,10914592769.0,-36598000.0,87367000.0,-150062000.0,-25594000.0,-157837000.0,-305550000.0,-334235000.0,0.0,603187000.0,0.0,480380000.0,480380000.0,480380000.0,8565000.0,0.0,0.145,230226000.0,732330000.0,161032000,0.329,4.911,22.721,22.726,2005623000,0.0,114.54,3.296,3.306,460919000,3124385000.0,3311656000.0,3311656000.0,0.0,0.136,0.233,0.258,0.222,14280000.0,279824000.0,1.0,95290665.0,95578000,98157000.0,34.649,3039444000,18531000,225597000.0,293199000,31.801,302757000
57,VMC,MRT,2007-03-31,2007-03-31,2007-03-31,2021-08-05,-4390000,3570915000,3475626500.0,765573000,2805342000,0.956,22.008,-405887000.0,69960000,69960000,2385768000.0,489002000.0,1.455,0.705,562630000,241127000,321503000,562630000,0,233480000.0,0,0.013,1.57,747107000.0,980587000.0,0.295,980587000.0,747107000.0,720448000.0,5.06,4.95,5.06,2094556000,2002327250.0,2094556000,11533259607.0,15.0,11.762,199590000.0,2.097,1.0,935206000.0,0.282,650206000,26659000.0,2887164000,2772137250.0,266416000,2383000,0,2383000,1476359000,526215000,950144000,11066895607.0,-10383000.0,84627000.0,-471039000.0,207826000.0,-150677000.0,-390978000.0,-224882000.0,68965000.0,605477000.0,0.0,489002000.0,489002000.0,489002000.0,8610000.0,0.0,0.147,201985000.0,733221000.0,156008000,0.31,5.284,22.632,23.02,1956120000,0.0,116.48,3.332,3.338,392016000,3026224000.0,3320974000.0,3320974000.0,0.0,0.141,0.244,0.27,0.225,12745000.0,273667000.0,1.0,95011123.0,95172000,97778000.0,34.894,2920709000,22165000,231446000.0,290404000,30.689,239358000
58,VMC,MRT,2006-12-31,2006-12-31,2006-12-31,2021-08-05,-4953000,3427834000,3434637000.0,731194000,2696640000,0.973,20.608,-427289000.0,55230000,55230000,2410571000.0,470214000.0,1.5,0.705,521594000,199530000,322064000,521594000,0,226370000.0,0,0.016,1.48,719837000.0,946207000.0,0.283,946207000.0,719837000.0,693527000.0,4.82,4.71,4.82,2010899000,2026258750.0,2010899000,9342550310.0,13.0,9.874,152060000.0,1.558,1.0,931904000.0,0.279,690485000,26310000.0,2716205000,2732633750.0,243537000,6664000,0,6664000,1416935000,487508000,929427000,9022229310.0,-219908000.0,121385000.0,-493912000.0,-73632000.0,-144082000.0,-694250000.0,-105007000.0,175140000.0,579349000.0,0.0,470214000.0,470214000.0,470214000.0,9964000.0,0.0,0.141,236815000.0,695089000.0,154215000,0.307,4.487,19.187,18.645,1869114000,0.0,89.87,2.699,2.624,344114000,2982526000.0,3342475000.0,3342475000.0,0.0,0.137,0.232,0.263,0.215,14352000.0,264276000.0,1.0,100392003.0,97577000,99777000.0,34.255,2737349000,25579000,223313000.0,299885000,28.053,243686000
59,VMC,MRT,2006-09-30,2006-09-30,2006-09-30,2021-08-05,-2233000,3414263000,3475284250.0,831164000,2583099000,,20.092,,68651000,68651000,,,1.461,0.776,591564000,269297000,322267000,591564000,0,,0,0.018,1.4,,,,,,,,,,1922938000,2056946250.0,1922938000,8175995235.0,,,,,1.0,,,625076000,,2743034000,2734310500.0,238097000,6985000,0,6985000,1491325000,569066000,922259000,7855674235.0,,,,,,,,,,,,,,,,,,,174510000,,4.085,,,1765916000,,78.25,,,478784000,2903698000.0,,,,,,,,,,1.0,100392003.0,95708000,,,2789187000,18562000,,297191000,29.143,262098000
60,VMC,MRT,2006-06-30,2006-06-30,2006-06-30,2021-08-05,-2213000,3489494000,,947211000,2542283000,,19.923,,71191000,71191000,,,1.534,0.762,572192000,249547000,322645000,572192000,0,,0,0.017,1.32,,,,,,,,,,1980916000,,1980916000,8150897234.0,,,,,1.0,,,630802000,,2742146000,,234663000,6729000,0,6729000,1508578000,617547000,891031000,7830576234.0,,,,,,,,,,,,,,,,,,,186978000,,3.953,,,1715252000,,78.0,,,608246000,2803275000.0,,,,,,,,,,1.0,100392003.0,99430000,,,2858692000,19281000,,278778000,28.751,329664000
61,VMC,MRT,2006-03-31,2006-03-31,2006-03-31,2021-08-05,0,3406957000,,921102000,2485855000,,21.783,,80343000,80343000,,,2.841,0.555,355406000,32547000,322859000,355406000,0,,0,0.014,1.24,,,,,,,,,,2190282000,,2190282000,9019288060.0,,,,,1.0,,,628683000,,2729150000,,232438000,75829000,68965000,6864000,1216675000,324187000,892488000,8698967060.0,,,,,,,,,,,,,,,,,,,137538000,,3.972,,,1665053000,,86.65,,,502019000,,,,,,,,,,,1.0,100392003.0,100552000,,,2778274000,20959000,,282400000,27.63,596915000
62,VMC,MRT,2005-12-31,2005-12-31,2005-12-31,2021-08-05,-2213000,3590423000,3627778000.0,1164584000,2425839000,0.798,20.881,-205017000.0,275138000,275138000,2186513000.0,389050000.0,2.04,0.683,595459000,272067000,323392000,595459000,0,222868000.0,0,0.017,1.16,562763000.0,785631000.0,0.271,785631000.0,562763000.0,525617000.0,3.81,3.74,3.81,2133649000,2073812000.0,2133649000,7309137078.0,13.0,9.304,268167000.0,2.624,1.0,708814000.0,0.245,617083000,37146000.0,2722912000,2848736500.0,197752000,182082000,175140000,6942000,1456774000,570749000,886025000,6972839078.0,3688000.0,50117000.0,-190539000.0,-11603000.0,-118229000.0,-320324000.0,-149172000.0,4070000.0,473184000.0,0.0,389050000.0,389050000.0,389050000.0,-44922000.0,0.0,0.134,231978000.0,476836000.0,142221000,0.304,3.268,17.923,17.782,1603967000,0.0,67.75,2.408,2.391,329299000,2644535000.0,2895327000.0,2895327000.0,0.0,0.107,0.188,0.198,0.194,17170000.0,232411000.0,1.0,102920134.0,102179000,104085000.0,28.336,2973340000,23046000,136567000.0,315631000,29.099,593835000
63,VMC,MRT,2004-12-31,2004-12-31,2004-12-31,2021-08-05,-1309000,3665133000,3650996500.0,1417959000,2247174000,0.672,19.659,-155423000.0,271450000,271450000,1871662000.0,287385000.0,3.323,0.82,607748000,3226000,604522000,607748000,0,245050000.0,0,0.019,1.04,442018000.0,687068000.0,0.28,687068000.0,442018000.0,401738000.0,2.81,2.77,2.81,2013975000,1908405500.0,2013975000,6041894951.0,14.0,8.794,425192000.0,4.15,1.0,582673000.0,0.237,600181000,40280000.0,2974561000,3113629000.0,177184000,186436000,179210000,7226000,1651158000,426689000,1224469000,5572208951.0,123681000.0,-34555000.0,21508000.0,-278989000.0,-106331000.0,-362429000.0,-94505000.0,95473000.0,580615000.0,0.0,287385000.0,287385000.0,287385000.0,-26172000.0,0.0,0.117,180740000.0,401933000.0,95312000,0.37,2.767,19.389,19.434,1536493000,0.0,54.61,2.27,2.279,268719000,2366915000.0,2454335000.0,2454335000.0,0.0,0.079,0.151,0.142,0.18,4212000.0,196352000.0,1.0,102036421.0,102447000,103664000.0,23.957,3064952000,34433000,114353000.0,389443000,29.917,991270000
64,VMC,MRT,2003-12-31,2003-12-31,2003-12-31,2021-08-05,2649000,3636860000,3542540500.0,1050242000,2586618000,0.652,17.701,-155911000.0,147769000,147769000,1753895000.0,194952000.0,1.934,0.966,886375000,278721000,607654000,886375000,0,277091000.0,0,0.021,0.98,345748000.0,622839000.0,0.27,622839000.0,345748000.0,292519000.0,1.91,1.9,1.91,1802836000,1749911000.0,1802836000,5597564039.0,16.0,8.987,363135000.0,3.565,1.0,555747000.0,0.241,579817000,53229000.0,3252697000,3318553000.0,219376000,295005000,273894000,21111000,1742037000,542952000,1199085000,4831596039.0,20761000.0,40145000.0,5116000.0,-50136000.0,-99580000.0,-147098000.0,-351187000.0,-235421000.0,519046000.0,0.0,194952000.0,194952000.0,194952000.0,23750000.0,0.0,0.084,177429000.0,378318000.0,129361000,0.513,2.68,24.784,24.906,1892648000,0.0,47.57,2.092,2.098,345040000,2185839000.0,2309642000.0,2309642000.0,0.0,0.055,0.111,0.104,0.15,0.0,178784000.0,1.0,101568132.0,101849000,102710000.0,22.677,3057043000,34358000,97567000.0,359403000,30.015,507290000
65,VMC,MRT,2002-12-31,2002-12-31,2002-12-31,2021-08-05,2438000,3448221000,3430738500.0,789688000,2658533000,0.634,16.685,-222890000.0,127008000,127008000,1637587000.0,169876000.0,2.653,0.977,936696000,78939000,857757000,936696000,0,267676000.0,0,0.025,0.94,319540000.0,587216000.0,0.27,587216000.0,319540000.0,265835000.0,1.67,1.66,1.67,1696986000,1650630000.0,1696986000,4670027962.0,15.0,7.953,235153000.0,2.312,1.0,538258000.0,0.247,575791000,53705000.0,3384409000,3365624000.0,239586000,59684000,43720000,15964000,1658577000,297709000,1360868000,3803387962.0,36206000.0,-43445000.0,4443000.0,-31273000.0,-95384000.0,-119261000.0,-302576000.0,-36241000.0,458043000.0,0.0,169876000.0,169876000.0,169876000.0,42823000.0,0.0,0.078,162683000.0,375575000.0,122053000,0.563,2.241,22.389,22.455,1976053000,0.0,37.5,1.748,1.753,306581000,2090319000.0,2175845000.0,2175845000.0,0.0,0.05,0.103,0.095,0.147,0.0,162726000.0,1.0,101423679.0,101709000,102515000.0,21.393,2872430000,37698000,95959000.0,345181000,28.242,491979000
66,VMC,MRT,2001-12-31,2001-12-31,2001-12-31,2021-08-05,-8083000,3413256000,3331838500.0,729952000,2683304000,0.86,15.814,-247864000.0,100802000,100802000,2241580000.0,222680000.0,2.119,1.068,967442000,61143000,906299000,967442000,0,278209000.0,0,0.019,0.9,396119000.0,674328000.0,0.235,674328000.0,396119000.0,335004000.0,2.2,2.17,2.2,1604274000,1537885000.0,1604274000,5753132536.0,15.0,8.532,264202000.0,2.604,1.0,624052000.0,0.218,588562000,61115000.0,3346839000,3185078500.0,228415000,13352000,0,13352000,1713838000,344495000,1369343000,4845960536.0,45526000.0,-138794000.0,5550000.0,5345000.0,-91080000.0,-80219000.0,-386321000.0,337000.0,512066000.0,0.0,222680000.0,222680000.0,222680000.0,19179000.0,0.0,0.078,223913000.0,400139000.0,153619000,0.409,3.021,21.762,21.791,2000030000,0.0,47.94,1.691,1.697,333639000,2015809000.0,2865632000.0,2865632000.0,0.0,0.067,0.145,0.124,0.138,0.0,197951000.0,1.0,101083866.0,101445000,102497000.0,28.248,2824694000,53040000,112324000.0,318545000,27.845,385457000
67,VMC,MRT,2000-12-31,2000-12-31,2000-12-31,2021-08-05,0,3250421000,3044957000.0,694504000,2555917000,0.901,14.564,-278060000.0,55276000,55276000,2160907000.0,219893000.0,1.214,1.139,962448000,277087000,685361000,962448000,0,232365000.0,0,0.018,0.84,360325000.0,592690000.0,0.216,592690000.0,360325000.0,312238000.0,2.18,2.16,2.18,1471496000,1397574500.0,1471496000,5577085108.0,15.0,9.41,151583000.0,1.5,1.0,583687000.0,0.213,562044000,48087000.0,3023318000,2887642000.0,199044000,72558000,0,72558000,1675299000,572231000,1103068000,4823187108.0,2442000.0,-251854000.0,0.0,154560000.0,-84765000.0,102713000.0,-529914000.0,0.0,429643000.0,0.0,219893000.0,219893000.0,219893000.0,0.0,0.0,0.08,243198000.0,340489000.0,181317000,0.385,3.278,21.934,21.963,1848634000,0.0,47.88,1.757,1.763,342910000,1884269000.0,2744594000.0,2744594000.0,0.0,0.072,0.157,0.125,0.131,0.0,216978000.0,1.0,100734902.0,101037000,102012000.0,27.164,2688377000,44657000,92345000.0,268797000,26.608,122273000
68,VMC,MRT,1999-12-31,1999-12-31,1999-12-31,2021-08-05,0,2839493000,2249052000.0,624724000,2214769000,1.159,13.119,-211583000.0,52834000,52834000,2021320000.0,239693000.0,1.616,1.145,806732000,107870000,698862000,806732000,0,207108000.0,0,0.016,0.65,400137000.0,607245000.0,0.233,607245000.0,400137000.0,351561000.0,2.38,2.35,2.38,1323653000,1238676500.0,1323653000,4869571701.0,12.0,8.019,191386000.0,1.897,1.0,586451000.0,0.225,454783000,48576000.0,2751966000,2004432500.0,178734000,77064000,0,77064000,1515840000,386642000,1129198000,3995956701.0,-127726000.0,-764306000.0,-12508000.0,490761000.0,-78730000.0,445194000.0,-975889000.0,0.0,402969000.0,0.0,239693000.0,239693000.0,239693000.0,0.0,0.0,0.092,228357000.0,358094000.0,136056000,0.273,3.019,16.671,16.782,1639715000,0.0,39.94,1.532,1.545,314357000,1749212000.0,2607771000.0,2607771000.0,0.0,0.107,0.194,0.2,0.153,0.0,205643000.0,1.0,100048991.0,100895000,102190000.0,25.846,2384710000,52931000,111868000.0,266522000,23.636,238082000
69,VMC,MRT,1999-06-30,1999-06-30,1999-06-30,2021-08-05,0,2782276000,2189442750.0,674220000,2108056000,1.023,12.117,-203181000.0,77455000,77455000,1668791000.0,238459000.0,1.239,1.274,951070000,262333000,688737000,951070000,0,173979000.0,0,0.013,0.607,380248000.0,554227000.0,0.248,554227000.0,380248000.0,351678000.0,2.367,2.33,2.367,1223368000,1165036750.0,1223368000,5773685468.0,15.0,10.418,151832000.0,1.504,1.0,569937000.0,0.255,544261000,28570000.0,2567656000,1927855750.0,188912000,74022000,0,74022000,1558908000,543974000,1014934000,4867204468.0,12351000.0,-760631000.0,-20348000.0,654086000.0,-74298000.0,619650000.0,-962312000.0,1500000.0,355013000.0,0.0,238459000.0,238459000.0,238459000.0,0.0,0.0,0.107,223844000.0,346093000.0,139621000,0.256,3.979,20.411,20.384,1431698000,0.0,48.25,2.174,2.176,358833000,,2238728000.0,2238728000.0,0.0,0.109,0.205,0.197,0.17,0.0,211745000.0,1.0,100874704.0,100962000,102331000.0,22.174,2238015000,37528000,113219000.0,171197000,22.167,130246000
70,VMC,MRT,1999-03-31,1999-03-31,1999-03-31,2021-08-05,0,2726642000,1879648000.0,597228000,2129414000,1.114,11.629,-204743000.0,44559000,44559000,1534623000.0,245763000.0,1.119,1.327,951040000,255805000,695235000,951040000,0,157690000.0,0,0.014,0.585,376780000.0,534470000.0,0.255,534470000.0,376780000.0,360340000.0,2.437,2.4,2.437,1171779000,1123814000.0,1171779000,4069969625.0,11.0,7.615,146987000.0,1.459,1.0,558400000.0,0.267,571404000,16440000.0,2527932000,1595821500.0,183527000,73792000,0,73792000,1554863000,533787000,1021076000,4166219625.0,-39737000.0,-788353000.0,-45653000.0,651908000.0,-72263000.0,601629000.0,-993096000.0,0.0,351730000.0,0.0,245763000.0,245763000.0,245763000.0,0.0,0.0,0.117,215228000.0,343172000.0,130851000,0.24,3.555,16.952,16.951,1424810000,0.0,41.31,1.991,1.989,320764000,,2093023000.0,2093023000.0,0.0,0.131,0.219,0.236,0.18,0.0,206423000.0,1.0,100852569.0,100764000,102260000.0,20.772,2155238000,36643000,114577000.0,172164000,21.389,63441000
71,VMC,MRT,1998-12-31,1998-12-31,1998-12-31,2021-08-05,0,1658611000,1566090750.0,576373000,1082238000,1.258,11.439,-176203000.0,180560000,180560000,1420094000.0,255908000.0,2.726,0.438,84318000,7785000,76533000,84318000,0,137792000.0,0,0.016,0.693,381626000.0,519418000.0,0.264,519418000.0,381626000.0,374844000.0,2.54,2.5,2.54,1153700000,1078743500.0,1153700000,4385628162.0,11.0,8.443,179542000.0,1.78,1.0,549670000.0,0.279,94008000,6782000.0,1256899000,1257203000.0,143680000,71034000,0,71034000,504911000,211462000,293449000,4411751162.0,51994000.0,-24567000.0,-65003000.0,-6719000.0,-70015000.0,-102981000.0,-200770000.0,0.0,355745000.0,0.0,255908000.0,255908000.0,255908000.0,0.0,0.0,0.13,206403000.0,343267000.0,107382000,0.273,3.824,17.24,17.27,895785000,0.0,43.867,2.24,2.246,210690000,1588145000.0,1969764000.0,1969764000.0,0.0,0.163,0.237,0.304,0.194,0.0,198956000.0,1.0,100571835.0,100854000,102177000.0,19.531,1564603000,24923000,118936000.0,119942000,15.514,364911000
72,VMC,MRT,1998-09-30,1998-09-30,1998-09-30,2021-08-05,0,1590242000,1513749500.0,558596000,1031646000,1.155,11.02,-129036000.0,110441000,110441000,1217244000.0,247614000.0,2.722,0.431,84318000,7719000,76599000,84318000,0,141447000.0,0,0.02,0.677,367282000.0,508729000.0,0.291,508729000.0,367282000.0,360491000.0,2.45,2.413,2.45,1111300000,1038192750.0,1111300000,3430252868.0,9.0,6.743,197791000.0,1.961,1.0,531305000.0,0.304,0,6791000.0,1358936000,1229136000.0,139032000,67969000,0,67969000,478942000,205183000,273759000,3410681868.0,60339000.0,-16209000.0,-66967000.0,-7542000.0,-68409000.0,-121243000.0,-145245000.0,0.0,326827000.0,0.0,247614000.0,247614000.0,247614000.0,0.0,0.0,0.142,196841000.0,334464000.0,104825000,0.276,3.069,13.774,13.769,850531000,0.0,33.733,1.951,1.946,279933000,,1748549000.0,1748549000.0,0.0,0.164,0.239,0.299,0.21,0.0,189016000.0,1.0,101107170.0,100848000,102117000.0,17.338,1590242000,21413000,112877000.0,97533000,15.769,353413000
73,VMC,MRT,1998-06-30,1998-06-30,1998-06-30,2021-08-05,0,1543097000,1468607750.0,521326000,1021771000,1.169,10.465,-129217000.0,76782000,76782000,1214024000.0,230994000.0,2.329,0.458,84675000,7796000,76879000,84675000,0,139204000.0,0,0.019,0.66,337418000.0,476622000.0,0.278,476622000.0,337418000.0,330476000.0,2.277,2.247,2.277,1058477000,999883250.0,1058477000,3563948391.0,11.0,7.478,165760000.0,1.639,1.0,502914000.0,0.293,87665000,6942000.0,1239519000,1196961750.0,147620000,67373000,0,67373000,484620000,223806000,260814000,3569898391.0,42086000.0,-16200000.0,-56487000.0,-5852000.0,-66810000.0,-107474000.0,-145417000.0,0.0,294977000.0,0.0,230994000.0,230994000.0,230994000.0,0.0,0.0,0.135,199728000.0,303186000.0,120199000,0.29,3.373,15.455,15.62,842313000,0.0,35.567,2.079,2.095,270459000,,1716938000.0,1716938000.0,0.0,0.157,0.231,0.282,0.197,0.0,192454000.0,1.0,100372026.0,101149000,102509000.0,16.974,1455432000,20277000,99482000.0,94702000,14.389,297520000
74,VMC,MRT,1998-03-31,1998-03-31,1998-03-31,2021-08-05,0,1472413000,1429161750.0,474139000,998274000,1.187,9.834,-151448000.0,95966000,95966000,1203692000.0,223728000.0,2.068,0.485,90016000,8085000,81931000,90016000,0,133693000.0,0,0.018,0.643,329102000.0,462795000.0,0.273,462795000.0,329102000.0,322007000.0,2.207,2.177,2.207,991497000,962820250.0,991497000,3638093106.0,11.0,7.861,196864000.0,1.953,1.0,492493000.0,0.29,63719000,7095000.0,1173458000,1188902750.0,144542000,64942000,0,64942000,480916000,229286000,251630000,3675666106.0,79587000.0,-15332000.0,-37150000.0,-5428000.0,-65033000.0,-101945000.0,-166780000.0,0.0,348312000.0,0.0,223728000.0,223728000.0,223728000.0,0.0,0.0,0.132,199883000.0,292610000.0,114577000,0.291,3.707,16.429,16.538,827307000,0.0,36.5,2.167,2.17,205491000,,1696185000.0,1696185000.0,0.0,0.157,0.232,0.277,0.194,0.0,193279000.0,1.0,100703181.0,100825000,102152000.0,16.823,1408694000,21356000,98279000.0,92268000,13.972,244853000
75,VMC,MRT,1997-12-31,1997-12-31,1997-12-31,2021-08-05,0,1449246000,1389831000.0,487132000,962114000,1.208,9.77,-144792000.0,128566000,128566000,1199453000.0,209145000.0,2.345,0.462,90993000,9062000,81931000,90993000,0,129217000.0,0,0.018,0.627,307415000.0,436632000.0,0.26,436632000.0,307415000.0,300501000.0,2.06,2.03,2.06,991497000,931016000.0,991497000,,,,195337000.0,1.925,1.0,479128000.0,0.285,59345000,6914000.0,1144631000,1191891500.0,132359000,63482000,0,63482000,457749000,207697000,250052000,3427264927.0,77750000.0,-11936000.0,-43060000.0,-4635000.0,-63622000.0,-105651000.0,-156728000.0,0.0,340129000.0,0.0,209145000.0,209145000.0,209145000.0,0.0,0.0,0.125,195558000.0,283570000.0,112548000,0.304,3.457,16.387,16.521,808419000,0.0,34.033,2.042,2.058,189389000,1449847000.0,1678581000.0,1678581000.0,0.0,0.15,0.225,0.258,0.183,0.0,190446000.0,1.0,100703181.0,101483000,102850000.0,16.541,1389901000,21385000,91356000.0,110468000,13.696,279435000
76,VMC,MRT,1997-09-30,1997-09-30,1997-09-30,2021-08-05,0,1409675000,1357680750.0,469103000,940572000,,9.445,,61780000,61780000,,,2.256,0.471,90269000,9548000,80721000,90269000,0,,0,0.021,0.61,,,,,,,,,,958062000,904057750.0,958062000,,,,,,1.0,,,0,,1230239000,1197988750.0,123451000,63106000,0,63106000,451613000,207925000,243688000,,,,,,,,,,,,,,,,,,,,113447000,,,,,793401000,,29.0,,,255508000,,,,,,,,,,,1.0,,101433000,,,1409675000,21800000,,88248000,13.898,261178000
77,VMC,MRT,1997-06-30,1997-06-30,1997-06-30,2021-08-05,0,1385313000,,429368000,955945000,,8.983,,34696000,34696000,,,1.849,0.522,88845000,8257000,80588000,88845000,0,,0,0.023,0.593,,,,,,,,,,910225000,,910225000,,,,,,1.0,,,0,,1207283000,,134531000,61451000,0,61451000,475088000,232179000,242909000,,,,,,,,,,,,,,,,,,,,115106000,,,,,801476000,,26.167,,,233141000,,,,,,,,,,,1.0,,101328000,,,1385313000,22585000,,89405000,13.672,197189000
78,VMC,MRT,1997-03-31,1997-03-31,1997-03-31,2021-08-05,0,1315090000,,380780000,934310000,,8.463,,16379000,16379000,,,1.839,0.522,93811000,8176000,85635000,93811000,0,,0,0.027,0.577,,,,,,,,,,864280000,,864280000,,,,,,1.0,,,0,,1185413000,,137668000,59589000,0,59589000,450810000,207109000,243701000,,,,,,,,,,,,,,,,,,,,103234000,,,,,777214000,,21.627,,,197830000,,,,,,,,,,,1.0,,102120000,,,1315090000,23004000,,88947000,12.878,173671000
79,VMC,MRT,1996-12-31,1996-12-31,1996-12-31,2021-08-05,0,1320645000,1268219500.0,394045000,926600000,1.237,8.474,-139815000.0,50816000,50816000,1115442000.0,188595000.0,2.024,0.495,93845000,8310000,85535000,93845000,0,121257000.0,0,0.028,0.56,294216000.0,415473000.0,0.265,415473000.0,294216000.0,285580000.0,1.81,1.79,1.81,883664000,840151000.0,883664000,,,,205717000.0,1.973,1.0,453503000.0,0.289,0,8636000.0,1169020000,1143226500.0,128578000,61274000,0,61274000,436981000,194654000,242327000,,28947000.0,-64765000.0,-45182000.0,-7191000.0,-58399000.0,-110772000.0,-205813000.0,-1233000.0,345532000.0,0.0,188595000.0,188595000.0,188595000.0,0.0,0.0,0.12,175128000.0,278375000.0,98528000,0.309,,,11.212,764490000,0.0,20.293,,1.349,176864000,1304405000.0,1568945000.0,1568945000.0,0.0,0.149,0.224,0.257,0.188,2010000.0,175128000.0,1.0,,104274000,105518000.0,15.046,1320645000,23474000,96985000.0,116574000,12.665,199391000
80,VMC,MRT,1995-12-31,1995-12-31,1995-12-31,2021-08-05,0,1215794000,,362121000,853673000,,7.471,-77293000.0,21869000,21869000,1044710000.0,166240000.0,2.041,0.526,100917000,10639000,90278000,100917000,0,110677000.0,0,0.025,0.487,269520000.0,380197000.0,0.26,380197000.0,269520000.0,258421000.0,1.56,1.543,1.56,796638000,,796638000,,,,189163000.0,1.774,1.0,416264000.0,0.285,0,11099000.0,1117433000,,126801000,56272000,0,56272000,419156000,177409000,241747000,,14152000.0,-27172000.0,-50148000.0,-43930000.0,-51848000.0,-145926000.0,-106378000.0,-1913000.0,266456000.0,0.0,166240000.0,166240000.0,166240000.0,0.0,0.0,0.114,159829000.0,256435000.0,98253000,0.312,,,12.314,698033000,0.0,19.21,,1.402,170757000,1174171000.0,1460974000.0,1460974000.0,0.0,,,,0.184,699000.0,159829000.0,1.0,,106632000,107799000.0,13.701,1215794000,26555000,92181000.0,108197000,11.402,184712000
