None,ticker,dimension,calendardate,datekey,reportperiod,lastupdated,accoci,assets,assetsavg,assetsc,assetsnc,assetturnover,bvps,capex,cashneq,cashnequsd,cor,consolinc,currentratio,de,debt,debtc,debtnc,debtusd,deferredrev,depamor,deposits,divyield,dps,ebit,ebitda,ebitdamargin,ebitdausd,ebitusd,ebt,eps,epsdil,epsusd,equity,equityavg,equityusd,ev,evebit,evebitda,fcf,fcfps,fxusd,gp,grossmargin,intangibles,intexp,invcap,invcapavg,inventory,investments,investmentsc,investmentsnc,liabilities,liabilitiesc,liabilitiesnc,marketcap,ncf,ncfbus,ncfcommon,ncfdebt,ncfdiv,ncff,ncfi,ncfinv,ncfo,ncfx,netinc,netinccmn,netinccmnusd,netincdis,netincnci,netmargin,opex,opinc,payables,payoutratio,pb,pe,pe1,ppnenet,prefdivis,price,ps,ps1,receivables,retearn,revenue,revenueusd,rnd,roa,roe,roic,ros,sbcomp,sgna,sharefactor,sharesbas,shareswa,shareswadil,sps,tangibles,taxassets,taxexp,taxliabilities,tbvps,workingcapital
0,CCK,ARY,2020-12-31,2021-02-26,2020-12-31,2021-07-23,-3193000000,16670000000,15774250000.0,4883000000,11787000000,0.734,16.289,-571000000.0,1173000000,1173000000,9663000000.0,688000000.0,1.146,6.399,8430000000,243000000,8187000000,8430000000,0,481000000.0,0,0.0,0.0,1123000000.0,1604000000.0,0.139,1604000000.0,1123000000.0,823000000.0,4.34,4.3,4.34,2198000000,1896500000.0,2198000000,20151496487,18.0,12.563,744000000.0,5.514,1.0,1912000000.0,0.165,6473000000,300000000.0,13193000000,13714250000.0,1673000000,0,0,0,14066000000,4261000000,9805000000,12894496487,575000000.0,0.0,-64000000.0,-133000000.0,0.0,-239000000.0,-535000000.0,28000000.0,1315000000.0,34000000.0,579000000.0,579000000.0,579000000.0,0.0,109000000.0,0.05,648000000.0,1264000000.0,2845000000,0.0,5.866,22.27,22.018,4412000000,0.0,95.56,1.114,1.114,1783000000,4538000000.0,11575000000.0,11575000000.0,0.0,0.037,0.305,0.082,0.097,32000000.0,614000000.0,1.0,134936129,134936129,,85.781,10197000000,0,244000000.0,0,75.569,622000000
1,CCK,ARY,2019-12-31,2020-02-28,2019-12-31,2021-07-23,-3131000000,15505000000,15441000000.0,4002000000,11503000000,0.755,12.618,-393000000.0,607000000,607000000,9839000000.0,625000000.0,1.026,7.83,8162000000,188000000,7974000000,8162000000,0,490000000.0,0,0.0,0.0,1054000000.0,1544000000.0,0.132,1544000000.0,1054000000.0,676000000.0,3.81,3.78,3.81,1713000000,1440000000.0,1713000000,17125615405,16.0,11.092,770000000.0,5.672,1.0,1826000000.0,0.157,6445000000,378000000.0,12716000000,13655750000.0,1626000000,0,0,0,13413000000,3899000000,9514000000,9570615405,4000000.0,-11000000.0,-3000000.0,-672000000.0,0.0,-786000000.0,-374000000.0,23000000.0,1163000000.0,1000000.0,510000000.0,510000000.0,510000000.0,0.0,115000000.0,0.044,630000000.0,1196000000.0,2646000000,0.0,5.587,18.766,18.504,4091000000,0.0,70.5,0.82,0.82,1528000000,3959000000.0,11665000000.0,11665000000.0,0.0,0.033,0.354,0.077,0.09,29000000.0,631000000.0,1.0,135753410,135753410,,85.928,9060000000,0,166000000.0,0,66.739,103000000
2,CCK,ARY,2018-12-31,2019-02-28,2018-12-31,2021-07-23,-3374000000,15262000000,14759000000.0,4079000000,11183000000,0.756,6.923,-426000000.0,607000000,607000000,9453000000.0,528000000.0,1.042,14.916,8692000000,175000000,8517000000,8692000000,0,425000000.0,0,0.0,0.0,1039000000.0,1464000000.0,0.131,1464000000.0,1039000000.0,655000000.0,3.28,3.28,3.28,937000000,856750000.0,937000000,15432504635,15.0,10.541,145000000.0,1.071,1.0,1698000000.0,0.152,6635000000,384000000.0,12799000000,13240500000.0,1690000000,0,0,0,13976000000,3913000000,10063000000,7347504635,224000000.0,-3937000000.0,-3000000.0,3610000000.0,0.0,3533000000.0,-3843000000.0,524000000.0,571000000.0,-37000000.0,439000000.0,439000000.0,439000000.0,0.0,89000000.0,0.039,602000000.0,1096000000.0,2732000000,0.0,7.842,16.737,16.552,3745000000,0.0,54.29,0.659,0.659,1602000000,3449000000.0,11151000000.0,11151000000.0,0.0,0.03,0.512,0.078,0.093,27000000.0,558000000.0,1.0,135338085,135338085,,82.394,8627000000,0,216000000.0,0,63.744,166000000
3,CCK,ARY,2017-12-31,2018-02-26,2017-12-31,2021-07-23,-3241000000,10663000000,10323750000.0,3074000000,7589000000,0.843,4.475,-490000000.0,424000000,424000000,7199000000.0,428000000.0,0.946,16.206,5343000000,126000000,5217000000,5343000000,0,247000000.0,0,0.0,0.0,976000000.0,1223000000.0,0.141,1223000000.0,976000000.0,724000000.0,2.39,2.38,2.39,601000000,641000000.0,601000000,11801006482,12.0,9.649,270000000.0,2.01,1.0,1499000000.0,0.172,3518000000,252000000.0,8814000000,8891500000.0,1385000000,0,0,0,9740000000,3250000000,6490000000,6882006482,-135000000.0,0.0,-330000000.0,-4000000.0,0.0,-400000000.0,-509000000.0,0.0,760000000.0,14000000.0,323000000.0,323000000.0,323000000.0,0.0,105000000.0,0.037,422000000.0,1077000000.0,3124000000,0.0,11.451,21.307,21.439,3239000000,0.0,51.24,0.791,0.791,1041000000,3004000000.0,8698000000.0,8698000000.0,0.0,0.031,0.504,0.11,0.112,23000000.0,371000000.0,1.0,134309260,134309260,,64.761,7145000000,0,401000000.0,0,53.198,-176000000
4,CCK,ARY,2016-12-31,2017-02-24,2016-12-31,2021-07-23,-3400000000,9599000000,9819500000.0,2841000000,6758000000,0.844,2.623,-463000000.0,559000000,559000000,6830000000.0,583000000.0,0.981,24.402,4911000000,194000000,4717000000,4911000000,0,247000000.0,0,0.0,0.0,925000000.0,1172000000.0,0.141,1172000000.0,925000000.0,682000000.0,3.58,3.56,3.58,366000000,350500000.0,366000000,11793729636,13.0,10.063,467000000.0,3.347,1.0,1454000000.0,0.176,3263000000,243000000.0,7792000000,8394250000.0,1245000000,0,0,0,8931000000,2896000000,6035000000,7441729636,-158000000.0,0.0,2000000.0,-584000000.0,0.0,-616000000.0,-442000000.0,0.0,930000000.0,-30000000.0,496000000.0,496000000.0,496000000.0,0.0,87000000.0,0.06,433000000.0,1021000000.0,2702000000,0.0,20.333,15.003,14.897,2820000000,0.0,53.33,0.898,0.898,865000000,2621000000.0,8284000000.0,8284000000.0,0.0,0.051,1.415,0.11,0.112,20000000.0,368000000.0,1.0,139541152,139541152,,59.366,6336000000,0,186000000.0,0,45.406,-55000000
5,CCK,ARY,2015-12-31,2016-02-29,2015-12-31,2021-07-23,-3154000000,10020000000,10188000000.0,3049000000,6971000000,0.86,1.031,-347000000.0,717000000,717000000,7353000000.0,461000000.0,1.048,66.562,5518000000,263000000,5255000000,5518000000,0,237000000.0,0,0.0,0.0,841000000.0,1078000000.0,0.123,1078000000.0,841000000.0,571000000.0,2.85,2.82,2.85,144000000,95750000.0,144000000,11341742508,13.0,10.521,609000000.0,4.362,1.0,1409000000.0,0.161,3580000000,270000000.0,8333000000,9110250000.0,1213000000,0,0,0,9585000000,2908000000,6677000000,6540742508,-248000000.0,-1174000000.0,-3000000.0,510000000.0,0.0,406000000.0,-1548000000.0,-11000000.0,956000000.0,-62000000.0,393000000.0,393000000.0,393000000.0,0.0,68000000.0,0.045,482000000.0,927000000.0,2645000000,0.0,45.422,16.643,16.439,2699000000,0.0,46.85,0.746,0.746,912000000,2175000000.0,8762000000.0,8762000000.0,0.0,0.039,4.104,0.092,0.096,27000000.0,390000000.0,1.0,139610299,139610299,,62.76,6440000000,0,178000000.0,0,46.128,141000000
6,CCK,ARY,2014-12-31,2015-03-02,2014-12-31,2021-07-23,-2765000000,9708000000,9326250000.0,3624000000,6084000000,0.975,0.855,-312000000.0,965000000,965000000,7715000000.0,475000000.0,1.239,78.328,5259000000,252000000,5007000000,5259000000,0,190000000.0,0,0.0,0.0,681000000.0,871000000.0,0.096,871000000.0,681000000.0,428000000.0,2.82,2.79,2.82,119000000,134000000.0,119000000,11686515904,17.0,13.417,600000000.0,4.312,1.0,1382000000.0,0.152,2926000000,253000000.0,8150000000,8342000000.0,1324000000,0,0,0,9321000000,2926000000,6395000000,7392515904,276000000.0,-711000000.0,12000000.0,630000000.0,0.0,445000000.0,-1021000000.0,0.0,912000000.0,-60000000.0,387000000.0,387000000.0,387000000.0,0.0,88000000.0,0.043,572000000.0,810000000.0,2651000000,0.0,62.122,19.102,18.84,2437000000,0.0,53.13,0.813,0.813,1031000000,1782000000.0,9097000000.0,9097000000.0,0.0,0.041,2.888,0.082,0.075,22000000.0,398000000.0,1.0,139140145,139140145,,65.38,6782000000,0,41000000.0,0,48.742,698000000
7,CCK,ARY,2013-12-31,2014-03-03,2013-12-31,2021-07-23,-2513000000,8030000000,7908000000.0,3180000000,4850000000,1.095,0.029,-246000000.0,689000000,689000000,7314000000.0,428000000.0,1.089,1935.25,3842000000,373000000,3469000000,3842000000,0,134000000.0,0,0.0,0.0,708000000.0,842000000.0,0.097,842000000.0,708000000.0,472000000.0,2.32,2.3,2.32,4000000,-97750000.0,4000000,9316655072,13.0,11.065,639000000.0,4.618,1.0,1342000000.0,0.155,2016000000,236000000.0,6247000000,7001750000.0,1213000000,0,0,0,7741000000,2920000000,4821000000,6163655072,339000000.0,-6000000.0,-279000000.0,47000000.0,0.0,-306000000.0,-246000000.0,0.0,885000000.0,6000000.0,324000000.0,324000000.0,324000000.0,0.0,104000000.0,0.037,491000000.0,851000000.0,2547000000,0.0,1540.914,19.024,19.198,2152000000,0.0,44.54,0.712,0.712,1064000000,1395000000.0,8656000000.0,8656000000.0,0.0,0.041,-3.315,0.101,0.082,21000000.0,425000000.0,1.0,138384712,138384712,,62.55,6014000000,0,148000000.0,0,43.459,260000000
8,CCK,ARY,2012-12-31,2013-03-01,2012-12-31,2021-07-23,-2614000000,7490000000,7375500000.0,2750000000,4740000000,1.148,-1.131,-321000000.0,350000000,350000000,7193000000.0,658000000.0,1.092,-45.475,3665000000,376000000,3289000000,3665000000,0,180000000.0,0,0.0,0.0,766000000.0,946000000.0,0.112,946000000.0,766000000.0,540000000.0,3.81,3.75,3.81,-162000000,-184500000.0,-162000000,8799587882,11.0,9.302,300000000.0,2.095,1.0,1277000000.0,0.151,1998000000,226000000.0,6289000000,6655000000.0,1166000000,0,0,0,7367000000,2518000000,4849000000,5484587882,8000000.0,-78000000.0,-242000000.0,72000000.0,0.0,-254000000.0,-362000000.0,0.0,621000000.0,3000000.0,557000000.0,557000000.0,557000000.0,0.0,101000000.0,0.066,423000000.0,854000000.0,2142000000,0.0,-33.855,9.847,10.052,1995000000,0.0,38.3,0.648,0.648,1057000000,1069000000.0,8470000000.0,8470000000.0,0.0,0.076,-3.019,0.115,0.09,18000000.0,382000000.0,1.0,143200728,143200728,,59.148,5492000000,0,-17000000.0,0,38.352,232000000
9,CCK,ARY,2011-12-31,2012-02-29,2011-12-31,2021-07-23,-2590000000,6868000000,7500500000.0,2603000000,4265000000,1.152,-3.179,-375000000.0,342000000,342000000,7296000000.0,396000000.0,1.139,-15.025,3532000000,195000000,3337000000,3532000000,0,176000000.0,0,0.0,0.0,708000000.0,884000000.0,0.102,884000000.0,708000000.0,476000000.0,1.86,1.83,1.86,-473000000,-162500000.0,-473000000,8690381257,12.0,9.831,4000000.0,0.027,1.0,1348000000.0,0.156,1952000000,232000000.0,5821000000,6214750000.0,1148000000,0,0,0,7107000000,2285000000,4822000000,5500381257,-121000000.0,4000000.0,-301000000.0,487000000.0,0.0,-129000000.0,-372000000.0,0.0,379000000.0,1000000.0,282000000.0,282000000.0,282000000.0,0.0,114000000.0,0.033,506000000.0,842000000.0,2090000000,0.0,-11.629,19.505,19.876,1751000000,0.0,36.97,0.636,0.636,948000000,512000000.0,8644000000.0,8644000000.0,0.0,0.038,-1.735,0.114,0.082,18000000.0,395000000.0,1.0,148779585,148779585,,58.099,4916000000,0,194000000.0,0,33.042,318000000
10,CCK,ARY,2010-12-31,2011-02-28,2010-12-31,2021-07-23,-2333000000,6899000000,6884000000.0,2649000000,4250000000,1.154,-0.617,-288000000.0,463000000,463000000,6691000000.0,452000000.0,1.114,-69.479,3048000000,399000000,2649000000,3048000000,0,172000000.0,0,0.0,0.0,692000000.0,864000000.0,0.109,864000000.0,692000000.0,489000000.0,2.03,2.0,2.03,-96000000,46000000.0,-96000000,8574743274,12.0,9.924,302000000.0,1.94,1.0,1250000000.0,0.157,1984000000,203000000.0,5123000000,5394750000.0,1060000000,0,0,0,6670000000,2377000000,4293000000,5989743274,4000000.0,7000000.0,-242000000.0,289000000.0,0.0,-299000000.0,-281000000.0,0.0,590000000.0,-6000000.0,324000000.0,324000000.0,324000000.0,0.0,128000000.0,0.041,430000000.0,820000000.0,1978000000,0.0,-62.393,18.487,18.956,1610000000,0.0,38.48,0.754,0.754,936000000,230000000.0,7941000000.0,7941000000.0,0.0,0.047,7.043,0.128,0.087,20000000.0,360000000.0,1.0,155658609,155658609,,51.015,4915000000,0,165000000.0,0,31.576,272000000
11,CCK,ARY,2009-12-31,2010-03-01,2009-12-31,2021-07-23,-2255000000,6532000000,6920000000.0,2242000000,4290000000,1.147,-0.037,-178000000.0,459000000,459000000,6745000000.0,450000000.0,1.165,-1024.833,2798000000,59000000,2739000000,2798000000,0,194000000.0,0,0.0,0.0,588000000.0,782000000.0,0.099,782000000.0,588000000.0,341000000.0,2.1,2.06,2.1,-6000000,-42250000.0,-6000000,6797860028,12.0,8.693,578000000.0,3.58,1.0,1193000000.0,0.15,2050000000,247000000.0,4896000000,5809500000.0,960000000,0,0,0,6149000000,1925000000,4224000000,4458860028,-137000000.0,-22000000.0,19000000.0,-562000000.0,0.0,-701000000.0,-200000000.0,0.0,756000000.0,8000000.0,334000000.0,334000000.0,334000000.0,0.0,116000000.0,0.042,473000000.0,720000000.0,1866000000,0.0,-743.143,13.35,13.152,1509000000,0.0,27.62,0.562,0.562,714000000,-94000000.0,7938000000.0,7938000000.0,0.0,0.048,-7.905,0.101,0.074,18000000.0,381000000.0,1.0,161435917,161435917,,49.171,4482000000,0,7000000.0,0,27.763,317000000
12,CCK,ARY,2008-12-31,2009-02-27,2008-12-31,2021-07-23,-2195000000,6774000000,7256500000.0,2457000000,4317000000,1.144,-1.984,-159000000.0,596000000,596000000,7083000000.0,226000000.0,1.186,-22.369,3337000000,90000000,3247000000,3337000000,0,216000000.0,0,0.0,0.0,640000000.0,856000000.0,0.103,856000000.0,640000000.0,338000000.0,1.42,1.39,1.42,-317000000,43250000.0,-317000000,6108277693,10.0,7.136,263000000.0,1.646,1.0,1222000000.0,0.147,1956000000,302000000.0,5487000000,6289750000.0,979000000,0,0,0,7091000000,2072000000,5019000000,3367277693,139000000.0,0.0,-25000000.0,-52000000.0,0.0,-77000000.0,-186000000.0,0.0,422000000.0,-20000000.0,226000000.0,226000000.0,226000000.0,0.0,0.0,0.027,448000000.0,774000000.0,1982000000,0.0,-10.622,14.899,14.845,1473000000,0.0,21.08,0.405,0.405,734000000,-428000000.0,8305000000.0,8305000000.0,0.0,0.031,5.225,0.102,0.077,16000000.0,396000000.0,1.0,159738031,159738031,,51.991,4818000000,0,112000000.0,0,30.162,385000000
13,CCK,ARY,2007-12-31,2008-03-07,2007-12-31,2021-07-23,-1646000000,6979000000,6825750000.0,2234000000,4745000000,1.132,-0.094,-90000000.0,457000000,457000000,6700000000.0,528000000.0,1.072,-466.267,3437000000,83000000,3354000000,3437000000,0,229000000.0,0,0.0,0.0,446000000.0,675000000.0,0.087,675000000.0,446000000.0,128000000.0,3.27,3.19,3.27,-15000000,-325500000.0,-15000000,6889269931,15.0,10.206,419000000.0,2.614,1.0,1027000000.0,0.133,2199000000,318000000.0,5677000000,5852750000.0,1030000000,0,0,0,6994000000,2083000000,4911000000,3909269931,50000000.0,7000000.0,-104000000.0,-224000000.0,0.0,-396000000.0,-94000000.0,0.0,509000000.0,31000000.0,528000000.0,528000000.0,528000000.0,0.0,0.0,0.068,334000000.0,693000000.0,2000000000,0.0,-260.618,7.404,7.459,1604000000,0.0,24.39,0.506,0.506,673000000,-654000000.0,7727000000.0,7727000000.0,0.0,0.077,-1.622,0.076,0.058,14000000.0,385000000.0,1.0,160281670,160281670,,48.209,4780000000,0,-400000000.0,0,29.822,151000000
14,CCK,ARY,2007-12-31,2008-02-28,2007-12-31,2021-07-23,-1646000000,6979000000,6825750000.0,2234000000,4745000000,1.132,-0.094,-90000000.0,457000000,457000000,6700000000.0,528000000.0,1.072,-466.267,3437000000,83000000,3354000000,3437000000,0,229000000.0,0,0.0,0.0,446000000.0,675000000.0,0.087,675000000.0,446000000.0,128000000.0,3.27,3.19,3.27,-15000000,-325500000.0,-15000000,6948574149,16.0,10.294,419000000.0,2.614,1.0,1027000000.0,0.133,2199000000,318000000.0,5677000000,5852750000.0,1030000000,0,0,0,6994000000,2083000000,4911000000,3968574149,50000000.0,7000000.0,-104000000.0,-224000000.0,0.0,-396000000.0,-94000000.0,0.0,509000000.0,31000000.0,528000000.0,528000000.0,528000000.0,0.0,0.0,0.068,334000000.0,693000000.0,2000000000,0.0,-264.572,7.516,7.572,1604000000,0.0,24.76,0.514,0.514,673000000,-654000000.0,7727000000.0,7727000000.0,0.0,0.077,-1.622,0.076,0.058,14000000.0,385000000.0,1.0,160281670,160281670,,48.209,4780000000,0,-400000000.0,0,29.822,151000000
15,CCK,ARY,2006-12-31,2007-02-28,2006-12-31,2021-07-23,-1731000000,6358000000,6941500000.0,2062000000,4296000000,1.006,-3.337,-110000000.0,407000000,407000000,6090000000.0,309000000.0,1.054,-12.666,3541000000,121000000,3420000000,3541000000,0,230000000.0,0,0.0,0.0,533000000.0,763000000.0,0.109,763000000.0,533000000.0,247000000.0,1.87,2.01,1.87,-545000000,-247250000.0,-545000000,6856273311,13.0,8.986,245000000.0,1.5,1.0,892000000.0,0.128,2185000000,286000000.0,5351000000,6080750000.0,906000000,0,0,0,6903000000,1956000000,4947000000,3722273311,113000000.0,7000000.0,-117000000.0,4000000.0,0.0,-158000000.0,-111000000.0,0.0,355000000.0,27000000.0,309000000.0,309000000.0,309000000.0,33000000.0,0.0,0.044,277000000.0,615000000.0,1796000000,0.0,-6.83,12.046,12.187,1608000000,0.0,22.79,0.533,0.533,689000000,-1217000000.0,6982000000.0,6982000000.0,0.0,0.045,-1.25,0.088,0.076,0.0,316000000.0,1.0,163329237,163329237,,42.748,4173000000,0,-62000000.0,39000000,25.55,106000000
16,CCK,ARY,2005-12-31,2006-03-16,2005-12-31,2021-07-23,-1219000000,6545000000,7500750000.0,1845000000,4700000000,0.921,-1.409,-152000000.0,294000000,294000000,6008000000.0,-362000000.0,0.95,-28.733,3403000000,211000000,3192000000,3403000000,0,282000000.0,0,0.0,0.0,-3000000.0,279000000.0,0.04,279000000.0,-3000000.0,-364000000.0,-2.18,-2.12,-2.18,-236000000,90000000.0,-236000000,6285459429,-2095.0,22.529,-274000000.0,-1.635,1.0,900000000.0,0.13,2013000000,361000000.0,5698000000,6643750000.0,810000000,0,0,0,6781000000,1943000000,4838000000,3176459429,-177000000.0,627000000.0,-22000000.0,-430000000.0,0.0,-497000000.0,464000000.0,0.0,-122000000.0,-22000000.0,-362000000.0,-362000000.0,-362000000.0,11000000.0,0.0,-0.052,385000000.0,515000000.0,1674000000,0.0,-13.46,-8.775,-8.697,1607000000,0.0,18.96,0.46,0.46,686000000,-1526000000.0,6908000000.0,6908000000.0,0.0,-0.048,-4.022,0.0,0.0,0.0,349000000.0,1.0,167534780,167534780,,41.233,4532000000,0,-2000000.0,58000000,27.051,-98000000
17,CCK,ARY,2004-12-31,2005-03-11,2004-12-31,2021-07-23,-1087000000,8125000000,7946000000.0,2343000000,5782000000,0.906,1.66,-99000000.0,471000000,471000000,6292000000.0,51000000.0,1.126,28.332,3872000000,76000000,3796000000,3872000000,0,308000000.0,0,0.0,0.0,494000000.0,802000000.0,0.111,802000000.0,494000000.0,133000000.0,0.31,0.3,0.31,277000000,213250000.0,277000000,6211105990,13.0,7.745,305000000.0,1.828,1.0,907000000.0,0.126,2592000000,361000000.0,6854000000,7016000000.0,894000000,85000000,0,85000000,7848000000,2080000000,5768000000,2810105990,70000000.0,0.0,3000000.0,-208000000.0,0.0,-246000000.0,-107000000.0,0.0,404000000.0,19000000.0,51000000.0,51000000.0,51000000.0,0.0,0.0,0.007,452000000.0,455000000.0,1943000000,0.0,10.145,55.1,54.323,2002000000,0.0,16.84,0.39,0.39,900000000,-1164000000.0,7199000000.0,7199000000.0,0.0,0.006,0.239,0.07,0.069,0.0,363000000.0,1.0,166870902,166870902,,43.141,5533000000,0,82000000.0,61000000,33.157,263000000
18,CCK,ARY,2003-12-31,2004-03-12,2003-12-31,2021-07-23,-1170000000,7773000000,8018750000.0,2122000000,5651000000,0.827,0.848,-85000000.0,401000000,401000000,5865000000.0,-32000000.0,1.042,54.521,3939000000,230000000,3709000000,3939000000,0,326000000.0,0,0.0,0.0,442000000.0,768000000.0,0.116,768000000.0,442000000.0,63000000.0,-0.19,-0.19,-0.19,140000000,-16500000.0,140000000,5040464482,11.0,6.563,349000000.0,2.114,1.0,765000000.0,0.115,2442000000,379000000.0,6833000000,7405750000.0,815000000,83000000,0,83000000,7633000000,2036000000,5597000000,1502464482,38000000.0,0.0,2000000.0,-298000000.0,0.0,-328000000.0,-100000000.0,0.0,434000000.0,32000000.0,-32000000.0,-32000000.0,-32000000.0,0.0,0.0,-0.005,473000000.0,292000000.0,1744000000,0.0,10.732,-46.952,-47.895,2112000000,0.0,9.1,0.227,0.227,817000000,-1215000000.0,6630000000.0,6630000000.0,0.0,-0.004,1.939,0.06,0.067,0.0,337000000.0,1.0,165105987,165105987,,40.156,5331000000,0,95000000.0,62000000,32.288,86000000
19,CCK,ARY,2002-12-31,2003-03-31,2002-12-31,2021-07-23,-1386000000,7505000000,,2024000000,5481000000,,-0.531,-70000000.0,363000000,363000000,5994000000.0,-1205000000.0,0.892,-87.264,4054000000,666000000,3388000000,4054000000,0,375000000.0,0,0.0,0.0,-833000000.0,-458000000.0,-0.067,-458000000.0,-833000000.0,-1175000000.0,-1.33,-1.33,-1.33,-87000000,,-87000000,4617683008,-6.0,-10.082,345000000.0,2.106,1.0,798000000.0,0.117,2269000000,342000000.0,6657000000,,779000000,111000000,0,111000000,7592000000,2270000000,5322000000,926683008,-93000000.0,661000000.0,3000000.0,-1101000000.0,0.0,-1128000000.0,591000000.0,0.0,415000000.0,29000000.0,-1205000000.0,-1205000000.0,-1205000000.0,0.0,0.0,-0.177,613000000.0,185000000.0,1541000000,0.0,-10.652,-0.769,-4.226,2212000000,0.0,5.62,0.136,0.136,806000000,-1183000000.0,6792000000.0,6792000000.0,0.0,,,,-0.123,0.0,317000000.0,1.0,164890215,163843107,,41.454,5236000000,0,30000000.0,63000000,31.957,-246000000
0,CCK,ARQ,2021-06-30,2021-07-23,2021-06-30,2021-07-23,0,16695000000,,7105000000,9590000000,,17.219,-192000000.0,566000000,566000000,2355000000.0,173000000.0,1.574,6.176,8232000000,212000000,8020000000,8232000000,0,112000000.0,0,0.004,0.2,342000000.0,454000000.0,0.159,454000000.0,342000000.0,274000000.0,0.96,0.95,0.96,2262000000,,2262000000,20806717833,15.0,11.296,362000000.0,2.756,1.0,501000000.0,0.175,4770000000,68000000.0,15077000000,,1492000000,0,0,0,13971000000,4514000000,9457000000,13140717833,-3000000.0,0.0,-285000000.0,-38000000.0,-26000000.0,-368000000.0,-191000000.0,0.0,554000000.0,2000000.0,128000000.0,128000000.0,128000000.0,3000000.0,45000000.0,0.045,116000000.0,385000000.0,2236000000,0.208,5.809,18.666,18.909,3962000000,0.0,100.03,1.089,1.089,1766000000,,2856000000.0,2856000000.0,0.0,,,,,6000000.0,147000000.0,1.0,131367768,131367768,,21.74,11925000000,0,146000000.0,0,90.776,2591000000
1,CCK,ARQ,2021-03-31,2021-04-23,2021-03-31,2021-07-23,0,16180000000,,4603000000,11577000000,,17.621,-133000000.0,588000000,588000000,2528000000.0,245000000.0,1.226,5.626,8244000000,216000000,8028000000,8244000000,0,127000000.0,0,0.002,0.2,357000000.0,484000000.0,0.157,484000000.0,357000000.0,286000000.0,1.58,1.57,1.58,2377000000,,2377000000,22442274677,18.0,12.751,-518000000.0,-3.84,1.0,550000000.0,0.179,6280000000,71000000.0,13800000000,,1817000000,0,0,0,13372000000,3756000000,9616000000,14786274677,-571000000.0,0.0,-11000000.0,-4000000.0,-27000000.0,-55000000.0,-120000000.0,13000000.0,-385000000.0,-11000000.0,211000000.0,211000000.0,211000000.0,0.0,34000000.0,0.069,166000000.0,384000000.0,2500000000,0.127,6.221,21.063,20.759,4393000000,0.0,109.61,1.243,1.243,1868000000,,3078000000.0,3078000000.0,0.0,,,,,11000000.0,164000000.0,1.0,134898957,134898957,,22.817,9900000000,0,75000000.0,0,73.388,847000000
2,CCK,ARQ,2020-12-31,2021-02-26,2020-12-31,2021-07-23,-3193000000,16670000000,,4883000000,11787000000,,16.289,-246000000.0,1173000000,1173000000,2450000000.0,188000000.0,1.146,6.399,8430000000,243000000,8187000000,8430000000,0,121000000.0,0,0.0,0.0,285000000.0,406000000.0,0.137,406000000.0,285000000.0,213000000.0,1.14,1.12,1.14,2198000000,,2198000000,20151496487,18.0,12.563,760000000.0,5.632,1.0,512000000.0,0.173,6473000000,72000000.0,13193000000,,1673000000,0,0,0,14066000000,4261000000,9805000000,12894496487,550000000.0,0.0,-7000000.0,-223000000.0,0.0,-265000000.0,-226000000.0,0.0,1006000000.0,35000000.0,151000000.0,151000000.0,151000000.0,0.0,37000000.0,0.051,175000000.0,337000000.0,2845000000,0.0,5.866,22.27,22.018,4412000000,0.0,95.56,1.114,1.114,1783000000,4538000000.0,2962000000.0,2962000000.0,0.0,,,,,9000000.0,161000000.0,1.0,134936129,134936129,,21.951,10197000000,0,62000000.0,0,75.569,622000000
3,CCK,ARQ,2020-09-30,2020-10-23,2020-09-30,2021-07-23,0,15629000000,,4330000000,11299000000,,14.166,-126000000.0,613000000,613000000,2599000000.0,245000000.0,1.195,6.973,8456000000,257000000,8199000000,8456000000,0,121000000.0,0,0.0,0.0,377000000.0,498000000.0,0.157,498000000.0,377000000.0,305000000.0,1.61,1.59,1.61,1909000000,,1909000000,20022843336,20.0,13.593,421000000.0,3.124,1.0,568000000.0,0.179,6280000000,72000000.0,13568000000,,1642000000,0,0,0,13311000000,3624000000,9687000000,12179843336,261000000.0,0.0,0.0,-162000000.0,0.0,-170000000.0,-125000000.0,13000000.0,547000000.0,9000000.0,214000000.0,214000000.0,214000000.0,0.0,31000000.0,0.068,162000000.0,406000000.0,2320000000,0.0,6.38,23.65,23.354,4098000000,0.0,90.38,1.068,1.068,1821000000,,3167000000.0,3167000000.0,0.0,,,,,8000000.0,152000000.0,1.0,134762595,134762595,,23.501,9349000000,0,91000000.0,0,69.374,706000000
4,CCK,ARQ,2020-06-30,2020-07-27,2020-06-30,2021-07-23,0,15265000000,,3973000000,11292000000,,13.468,-89000000.0,366000000,366000000,2272000000.0,141000000.0,1.153,7.187,8411000000,257000000,8154000000,8411000000,0,117000000.0,0,0.0,0.0,255000000.0,372000000.0,0.138,372000000.0,255000000.0,179000000.0,0.95,0.94,0.95,1815000000,,1815000000,17804723811,19.0,12.468,280000000.0,2.078,1.0,417000000.0,0.155,6174000000,76000000.0,13689000000,,1747000000,0,0,0,13044000000,3447000000,9597000000,9759723811,-394000000.0,0.0,-1000000.0,-700000000.0,0.0,-686000000.0,-88000000.0,1000000.0,369000000.0,11000000.0,126000000.0,126000000.0,126000000.0,0.0,15000000.0,0.047,142000000.0,275000000.0,2183000000,0.0,5.377,20.165,19.95,4021000000,0.0,72.42,0.862,0.862,1604000000,,2689000000.0,2689000000.0,0.0,,,,,5000000.0,139000000.0,1.0,134765587,134765587,,19.953,9091000000,0,53000000.0,0,67.458,526000000
5,CCK,ARQ,2020-03-31,2020-04-30,2020-03-31,2021-07-23,0,15533000000,,4250000000,11283000000,,12.356,-110000000.0,765000000,765000000,2342000000.0,114000000.0,1.313,8.101,9019000000,231000000,8788000000,9019000000,0,122000000.0,0,0.0,0.0,206000000.0,328000000.0,0.119,328000000.0,206000000.0,126000000.0,0.66,0.65,0.66,1664000000,,1664000000,16928442063,17.0,11.278,-717000000.0,-5.324,1.0,415000000.0,0.151,6142000000,80000000.0,14407000000,,1668000000,0,0,0,13480000000,3238000000,10242000000,8674442063,158000000.0,0.0,-56000000.0,952000000.0,0.0,882000000.0,-96000000.0,14000000.0,-607000000.0,-21000000.0,88000000.0,88000000.0,88000000.0,0.0,26000000.0,0.032,169000000.0,246000000.0,2077000000,0.0,5.213,17.524,17.408,3959000000,0.0,64.41,0.744,0.744,1554000000,,2757000000.0,2757000000.0,0.0,,,,,10000000.0,162000000.0,1.0,134675393,134675393,,20.471,9391000000,0,38000000.0,0,69.731,1012000000
6,CCK,ARQ,2019-12-31,2020-02-28,2019-12-31,2021-07-23,-3131000000,15505000000,,4002000000,11503000000,,12.618,-168000000.0,607000000,607000000,2391000000.0,116000000.0,1.026,7.83,8162000000,188000000,7974000000,8162000000,0,124000000.0,0,0.0,0.0,151000000.0,275000000.0,0.099,275000000.0,151000000.0,63000000.0,0.65,0.64,0.65,1713000000,,1713000000,17125615405,16.0,11.092,794000000.0,5.849,1.0,400000000.0,0.143,6445000000,88000000.0,12716000000,,1626000000,0,0,0,13413000000,3899000000,9514000000,9570615405,265000000.0,0.0,-5000000.0,-465000000.0,0.0,-541000000.0,-158000000.0,2000000.0,962000000.0,2000000.0,87000000.0,87000000.0,87000000.0,0.0,29000000.0,0.031,201000000.0,199000000.0,2646000000,0.0,5.587,18.766,18.504,4091000000,0.0,70.5,0.82,0.82,1528000000,3959000000.0,2791000000.0,2791000000.0,0.0,,,,,6000000.0,161000000.0,1.0,135753410,135753410,,20.559,9060000000,0,-24000000.0,0,66.739,103000000
7,CCK,ARQ,2019-09-30,2019-10-31,2019-09-30,2021-07-23,0,15337000000,,4082000000,11255000000,,11.946,-82000000.0,339000000,339000000,2576000000.0,204000000.0,1.124,8.225,8467000000,267000000,8200000000,8467000000,0,121000000.0,0,0.0,0.0,332000000.0,453000000.0,0.147,453000000.0,332000000.0,237000000.0,1.37,1.36,1.37,1619000000,,1619000000,17999807949,17.0,11.509,346000000.0,2.553,1.0,508000000.0,0.165,6367000000,95000000.0,13466000000,,1740000000,0,0,0,13316000000,3632000000,9684000000,9871807949,1000000.0,-11000000.0,1000000.0,-323000000.0,0.0,-344000000.0,-79000000.0,15000000.0,428000000.0,-4000000.0,183000000.0,183000000.0,183000000.0,0.0,21000000.0,0.059,156000000.0,352000000.0,2409000000,0.0,6.097,20.739,20.518,3939000000,0.0,72.84,0.85,0.85,1795000000,,3084000000.0,3084000000.0,0.0,,,,,7000000.0,156000000.0,1.0,135527292,135527292,,22.756,8970000000,0,54000000.0,0,66.186,450000000
8,CCK,ARQ,2019-06-30,2019-07-29,2019-06-30,2021-07-23,0,15565000000,,4214000000,11351000000,,9.548,-73000000.0,342000000,342000000,2540000000.0,174000000.0,1.168,10.715,8984000000,270000000,8714000000,8984000000,0,123000000.0,0,0.0,0.0,322000000.0,445000000.0,0.147,445000000.0,322000000.0,225000000.0,1.02,1.02,1.02,1294000000,,1294000000,17344207098,16.0,10.779,366000000.0,2.701,1.0,495000000.0,0.163,6554000000,97000000.0,14045000000,,1837000000,0,0,0,13865000000,3608000000,10257000000,8702207098,49000000.0,0.0,0.0,-320000000.0,0.0,-318000000.0,-73000000.0,0.0,439000000.0,1000000.0,137000000.0,137000000.0,137000000.0,0.0,37000000.0,0.045,112000000.0,383000000.0,2355000000,0.0,6.725,19.042,18.83,3970000000,0.0,64.21,0.744,0.744,1830000000,,3035000000.0,3035000000.0,0.0,,,,,8000000.0,157000000.0,1.0,135527287,135527287,,22.394,9011000000,0,88000000.0,0,66.488,606000000
9,CCK,ARQ,2019-03-31,2019-04-29,2019-03-31,2021-07-23,0,15357000000,,4024000000,11333000000,,8.379,-70000000.0,301000000,301000000,2332000000.0,131000000.0,1.204,12.218,9236000000,255000000,8981000000,9236000000,0,122000000.0,0,0.0,0.0,249000000.0,371000000.0,0.135,371000000.0,249000000.0,151000000.0,0.77,0.77,0.77,1134000000,,1134000000,16829306138,16.0,10.74,-736000000.0,-5.438,1.0,423000000.0,0.154,6554000000,98000000.0,14396000000,,1851000000,0,0,0,13855000000,3342000000,10513000000,7894306138,-311000000.0,0.0,1000000.0,436000000.0,0.0,417000000.0,-64000000.0,6000000.0,-666000000.0,2000000.0,103000000.0,103000000.0,103000000.0,0.0,28000000.0,0.037,161000000.0,262000000.0,2223000000,0.0,6.961,17.465,17.257,3947000000,0.0,58.33,0.674,0.674,1686000000,,2755000000.0,2755000000.0,0.0,,,,,8000000.0,157000000.0,1.0,135338696,135338696,,20.356,8803000000,0,48000000.0,0,65.044,682000000
10,CCK,ARQ,2018-12-31,2019-02-28,2018-12-31,2021-07-23,-3374000000,15262000000,,4079000000,11183000000,,6.923,-148000000.0,607000000,607000000,2344000000.0,75000000.0,1.042,14.916,8692000000,175000000,8517000000,8692000000,0,120000000.0,0,0.0,0.0,175000000.0,295000000.0,0.108,295000000.0,175000000.0,73000000.0,0.39,0.4,0.39,937000000,,937000000,15432504635,15.0,10.541,655000000.0,4.84,1.0,390000000.0,0.143,6635000000,102000000.0,12799000000,,1690000000,0,0,0,13976000000,3913000000,10063000000,7347504635,305000000.0,0.0,0.0,-319000000.0,0.0,-369000000.0,-124000000.0,24000000.0,803000000.0,-5000000.0,53000000.0,53000000.0,53000000.0,0.0,22000000.0,0.019,172000000.0,218000000.0,2732000000,0.0,7.842,16.737,16.552,3745000000,0.0,54.29,0.659,0.659,1602000000,3449000000.0,2734000000.0,2734000000.0,0.0,,,,,10000000.0,156000000.0,1.0,135338085,135338085,,20.201,8627000000,0,20000000.0,0,63.744,166000000
11,CCK,ARQ,2018-09-30,2018-10-29,2018-09-30,2021-07-23,0,15335000000,,4098000000,11237000000,,6.961,-83000000.0,298000000,298000000,2657000000.0,193000000.0,1.138,14.904,9070000000,142000000,8928000000,9070000000,0,127000000.0,0,0.0,0.0,371000000.0,498000000.0,0.157,498000000.0,371000000.0,266000000.0,1.23,1.23,1.23,941000000,,941000000,14360761504,14.0,10.028,177000000.0,1.309,1.0,517000000.0,0.163,6753000000,105000000.0,13753000000,,1639000000,0,0,0,14025000000,3601000000,10424000000,5588761504,47000000.0,-5000000.0,0.0,-247000000.0,0.0,-260000000.0,73000000.0,165000000.0,260000000.0,-26000000.0,164000000.0,164000000.0,164000000.0,0.0,29000000.0,0.052,152000000.0,365000000.0,2507000000,0.0,5.939,18.817,18.373,3722000000,0.0,41.34,0.528,0.528,1968000000,,3174000000.0,3174000000.0,0.0,,,,,6000000.0,153000000.0,1.0,135190167,135190167,,23.478,8582000000,0,102000000.0,0,63.481,497000000
12,CCK,ARQ,2018-06-30,2018-08-02,2018-06-30,2021-07-23,0,15360000000,,4155000000,11205000000,,5.799,-103000000.0,298000000,298000000,2579000000.0,147000000.0,1.177,18.142,9351000000,115000000,9236000000,9351000000,0,113000000.0,0,0.0,0.0,290000000.0,403000000.0,0.132,403000000.0,290000000.0,187000000.0,0.99,0.99,0.99,784000000,,784000000,15055273718,15.0,11.431,156000000.0,1.154,1.0,467000000.0,0.153,6741000000,103000000.0,14143000000,,1737000000,0,0,0,14223000000,3529000000,10694000000,6002273718,-1904000000.0,-3907000000.0,-2000000.0,1730000000.0,0.0,1707000000.0,-3850000000.0,160000000.0,259000000.0,-20000000.0,132000000.0,132000000.0,132000000.0,0.0,15000000.0,0.043,175000000.0,292000000.0,2452000000,0.0,7.656,19.362,18.974,3688000000,0.0,44.4,0.608,0.608,1790000000,,3046000000.0,3046000000.0,0.0,,,,,5000000.0,159000000.0,1.0,135186345,135186345,,22.532,8619000000,0,55000000.0,0,63.756,626000000
13,CCK,ARQ,2018-03-31,2018-05-02,2018-03-31,2021-07-23,0,13079000000,,5261000000,7818000000,,5.696,-92000000.0,2201000000,2201000000,1873000000.0,113000000.0,1.839,15.643,7871000000,93000000,7778000000,7871000000,0,65000000.0,0,0.0,0.0,203000000.0,268000000.0,0.122,268000000.0,203000000.0,129000000.0,0.67,0.67,0.67,765000000,,765000000,12041554679,12.0,9.894,-843000000.0,-6.277,1.0,324000000.0,0.147,3621000000,74000000.0,12267000000,,1431000000,0,0,0,11967000000,2861000000,9106000000,6371554679,1776000000.0,-25000000.0,-1000000.0,2446000000.0,0.0,2455000000.0,58000000.0,175000000.0,-751000000.0,14000000.0,90000000.0,90000000.0,90000000.0,0.0,23000000.0,0.041,103000000.0,221000000.0,2009000000,0.0,8.329,20.822,20.626,3322000000,0.0,47.44,0.708,0.708,1386000000,,2197000000.0,2197000000.0,0.0,,,,,6000000.0,90000000.0,1.0,134307645,134307645,,16.358,9458000000,0,39000000.0,0,70.42,2400000000
14,CCK,ARQ,2017-12-31,2018-02-26,2017-12-31,2021-07-23,-3241000000,10663000000,,3074000000,7589000000,,4.475,-216000000.0,424000000,424000000,1822000000.0,-61000000.0,0.946,16.206,5343000000,126000000,5217000000,5343000000,0,64000000.0,0,0.0,0.0,199000000.0,263000000.0,0.121,263000000.0,199000000.0,134000000.0,-0.64,-0.64,-0.64,601000000,,601000000,11801006482,12.0,9.649,56000000.0,0.417,1.0,346000000.0,0.16,3518000000,65000000.0,8814000000,,1385000000,0,0,0,9740000000,3250000000,6490000000,6882006482,50000000.0,0.0,1000000.0,35000000.0,0.0,0.0,-220000000.0,0.0,272000000.0,-2000000.0,-89000000.0,-89000000.0,-89000000.0,0.0,28000000.0,-0.041,124000000.0,222000000.0,3124000000,0.0,11.451,21.307,21.439,3239000000,0.0,51.24,0.791,0.791,1041000000,3004000000.0,2168000000.0,2168000000.0,0.0,,,,,7000000.0,99000000.0,1.0,134309260,134309260,,16.142,7145000000,0,223000000.0,0,53.198,-176000000
15,CCK,ARQ,2017-09-30,2017-10-27,2017-09-30,2021-07-23,0,10496000000,,3153000000,7343000000,,5.943,-79000000.0,374000000,374000000,2019000000.0,208000000.0,1.038,11.759,5232000000,118000000,5114000000,5232000000,0,63000000.0,0,0.0,0.0,320000000.0,383000000.0,0.155,383000000.0,320000000.0,256000000.0,1.32,1.32,1.32,798000000,,798000000,12816353005,14.0,10.852,377000000.0,2.808,1.0,449000000.0,0.182,3562000000,64000000.0,8755000000,,1430000000,0,0,0,9384000000,3037000000,6347000000,7958353005,73000000.0,0.0,-62000000.0,-223000000.0,0.0,-289000000.0,-99000000.0,0.0,456000000.0,5000000.0,177000000.0,177000000.0,177000000.0,0.0,31000000.0,0.072,102000000.0,347000000.0,2919000000,0.0,9.973,16.684,16.886,3066000000,0.0,59.27,0.941,0.941,1098000000,,2468000000.0,2468000000.0,0.0,,,,,6000000.0,90000000.0,1.0,134272870,134272870,,18.38,6934000000,0,79000000.0,0,51.641,116000000
16,CCK,ARQ,2017-06-30,2017-07-28,2017-06-30,2021-07-23,0,10266000000,,3020000000,7246000000,,4.607,-91000000.0,301000000,301000000,1780000000.0,148000000.0,1.081,15.002,5359000000,97000000,5262000000,5359000000,0,61000000.0,0,0.0,0.0,242000000.0,303000000.0,0.14,303000000.0,242000000.0,181000000.0,0.95,0.94,0.95,622000000,,622000000,13008541854,14.0,11.302,261000000.0,1.933,1.0,381000000.0,0.176,3512000000,61000000.0,9018000000,,1490000000,0,0,0,9331000000,2794000000,6537000000,7950541854,-37000000.0,0.0,-143000000.0,-159000000.0,0.0,-310000000.0,-86000000.0,0.0,352000000.0,7000000.0,128000000.0,128000000.0,128000000.0,0.0,20000000.0,0.059,110000000.0,271000000.0,2697000000,0.0,12.782,16.461,16.778,3020000000,0.0,58.89,0.957,0.957,1005000000,,2161000000.0,2161000000.0,0.0,,,,,6000000.0,92000000.0,1.0,135006654,135006654,,16.007,6754000000,0,53000000.0,0,50.027,226000000
17,CCK,ARQ,2017-03-31,2017-04-28,2017-03-31,2021-07-23,0,9870000000,,2888000000,6982000000,,3.99,-104000000.0,338000000,338000000,1578000000.0,133000000.0,1.157,16.595,5300000000,94000000,5206000000,5300000000,0,59000000.0,0,0.0,0.0,215000000.0,274000000.0,0.144,274000000.0,215000000.0,153000000.0,0.77,0.77,0.77,543000000,,543000000,12595116745,13.0,10.452,-424000000.0,-3.116,1.0,323000000.0,0.17,3357000000,62000000.0,8979000000,,1417000000,0,0,0,9011000000,2496000000,6515000000,7633116745,-221000000.0,0.0,-126000000.0,343000000.0,0.0,199000000.0,-104000000.0,0.0,-320000000.0,4000000.0,107000000.0,107000000.0,107000000.0,0.0,26000000.0,0.056,86000000.0,237000000.0,2402000000,0.0,14.057,14.567,14.839,2898000000,0.0,56.09,0.921,0.921,899000000,,1901000000.0,1901000000.0,0.0,,,,,4000000.0,90000000.0,1.0,136086945,136086945,,13.969,6513000000,0,46000000.0,0,47.859,392000000
18,CCK,ARQ,2016-12-31,2017-02-24,2016-12-31,2021-07-23,-3400000000,9599000000,,2841000000,6758000000,,2.623,-219000000.0,559000000,559000000,1592000000.0,93000000.0,0.981,24.402,4911000000,194000000,4717000000,4911000000,0,59000000.0,0,0.0,0.0,162000000.0,221000000.0,0.115,221000000.0,162000000.0,100000000.0,0.47,0.47,0.47,366000000,,366000000,11793729636,13.0,10.063,335000000.0,2.401,1.0,331000000.0,0.172,3263000000,62000000.0,7792000000,,1245000000,0,0,0,8931000000,2896000000,6035000000,7441729636,33000000.0,0.0,2000000.0,-245000000.0,0.0,-288000000.0,-214000000.0,0.0,554000000.0,-19000000.0,65000000.0,65000000.0,65000000.0,0.0,28000000.0,0.034,139000000.0,192000000.0,2702000000,0.0,20.333,15.003,14.897,2820000000,0.0,53.33,0.898,0.898,865000000,2621000000.0,1923000000.0,1923000000.0,0.0,,,,,5000000.0,93000000.0,1.0,139541152,139541152,,13.781,6336000000,0,35000000.0,0,45.406,-55000000
19,CCK,ARQ,2016-09-30,2016-10-28,2016-09-30,2021-07-23,0,9963000000,,3090000000,6873000000,,3.355,-101000000.0,526000000,526000000,1901000000.0,206000000.0,1.105,19.582,5267000000,170000000,5097000000,5267000000,0,63000000.0,0,0.0,0.0,290000000.0,353000000.0,0.152,353000000.0,290000000.0,231000000.0,1.32,1.31,1.32,469000000,,469000000,12306825384,13.0,10.325,212000000.0,1.516,1.0,425000000.0,0.183,3450000000,59000000.0,8457000000,,1300000000,0,0,0,9184000000,2797000000,6387000000,7565825384,156000000.0,0.0,3000000.0,-54000000.0,0.0,-47000000.0,-103000000.0,0.0,313000000.0,-7000000.0,183000000.0,183000000.0,183000000.0,0.0,23000000.0,0.079,110000000.0,315000000.0,2627000000,0.0,16.132,15.223,15.075,2746000000,0.0,54.12,0.902,0.902,1047000000,,2326000000.0,2326000000.0,0.0,,,,,5000000.0,90000000.0,1.0,139797217,139797217,,16.638,6513000000,0,48000000.0,0,46.589,293000000
20,CCK,ARQ,2016-06-30,2016-07-29,2016-06-30,2021-07-23,0,9776000000,,2958000000,6818000000,,2.277,-92000000.0,370000000,370000000,1756000000.0,185000000.0,1.046,28.783,5284000000,273000000,5011000000,5284000000,0,65000000.0,0,0.0,0.0,292000000.0,357000000.0,0.167,357000000.0,292000000.0,234000000.0,1.22,1.21,1.22,318000000,,318000000,12312645983,14.0,10.642,379000000.0,2.713,1.0,386000000.0,0.18,3472000000,58000000.0,8391000000,,1419000000,0,0,0,9153000000,2827000000,6326000000,7398645983,113000000.0,0.0,0.0,-260000000.0,0.0,-277000000.0,-77000000.0,0.0,471000000.0,-4000000.0,169000000.0,169000000.0,169000000.0,0.0,16000000.0,0.079,91000000.0,295000000.0,2554000000,0.0,23.266,16.261,16.1,2700000000,0.0,52.97,0.868,0.868,929000000,,2142000000.0,2142000000.0,0.0,,,,,4000000.0,94000000.0,1.0,139676156,139676156,,15.335,6304000000,0,65000000.0,0,45.133,131000000
21,CCK,ARQ,2016-03-31,2016-04-29,2016-03-31,2021-07-23,0,9940000000,,2904000000,7036000000,,1.785,-51000000.0,257000000,257000000,1581000000.0,99000000.0,1.068,37.699,5599000000,306000000,5293000000,5599000000,0,60000000.0,0,0.0,0.0,181000000.0,241000000.0,0.127,241000000.0,181000000.0,117000000.0,0.57,0.57,0.57,249000000,,249000000,12728717278,15.0,11.345,-459000000.0,-3.291,1.0,312000000.0,0.165,3627000000,64000000.0,8937000000,,1413000000,0,0,0,9387000000,2718000000,6669000000,7386717278,-460000000.0,0.0,-3000000.0,-25000000.0,0.0,-4000000.0,-48000000.0,0.0,-408000000.0,0.0,79000000.0,79000000.0,79000000.0,0.0,20000000.0,0.042,93000000.0,219000000.0,2412000000,0.0,29.666,17.259,17.084,2727000000,0.0,52.96,0.853,0.853,980000000,,1893000000.0,1893000000.0,0.0,,,,,6000000.0,91000000.0,1.0,139477290,139477290,,13.572,6313000000,0,38000000.0,0,45.262,186000000
22,CCK,ARQ,2015-12-31,2016-02-29,2015-12-31,2021-07-23,-3154000000,10020000000,,3049000000,6971000000,,1.031,-174000000.0,717000000,717000000,1692000000.0,86000000.0,1.048,66.562,5518000000,263000000,5255000000,5518000000,0,63000000.0,0,0.0,0.0,178000000.0,241000000.0,0.119,241000000.0,178000000.0,110000000.0,0.48,0.47,0.48,144000000,,144000000,11341742508,13.0,10.521,467000000.0,3.345,1.0,335000000.0,0.165,3580000000,68000000.0,8333000000,,1213000000,0,0,0,9585000000,2908000000,6677000000,6540742508,251000000.0,0.0,1000000.0,-161000000.0,0.0,-205000000.0,-174000000.0,0.0,641000000.0,-11000000.0,66000000.0,66000000.0,66000000.0,0.0,20000000.0,0.033,134000000.0,201000000.0,2645000000,0.0,45.422,16.643,16.439,2699000000,0.0,46.85,0.746,0.746,912000000,2175000000.0,2027000000.0,2027000000.0,0.0,,,,,5000000.0,99000000.0,1.0,139610299,139610299,,14.519,6440000000,0,44000000.0,0,46.128,141000000
23,CCK,ARQ,2015-09-30,2015-10-23,2015-09-30,2021-07-23,0,10229000000,,3262000000,6967000000,,1.004,-62000000.0,466000000,466000000,2045000000.0,160000000.0,1.195,69.971,5811000000,203000000,5608000000,5811000000,0,61000000.0,0,0.0,0.0,257000000.0,318000000.0,0.129,318000000.0,257000000.0,189000000.0,1.02,1.01,1.02,140000000,,140000000,12701758997,17.0,13.108,268000000.0,1.922,1.0,415000000.0,0.169,3664000000,68000000.0,9180000000,,1302000000,0,0,0,9796000000,2730000000,7066000000,7356758997,178000000.0,3000000.0,0.0,-77000000.0,0.0,-68000000.0,-72000000.0,-11000000.0,330000000.0,-12000000.0,141000000.0,141000000.0,141000000.0,0.0,19000000.0,0.057,134000000.0,281000000.0,2527000000,0.0,52.548,21.638,21.451,2614000000,0.0,52.77,0.83,0.83,1183000000,,2460000000.0,2460000000.0,0.0,,,,,5000000.0,94000000.0,1.0,139411768,139411768,,17.646,6565000000,0,48000000.0,0,47.091,532000000
24,CCK,ARQ,2015-06-30,2015-07-30,2015-06-30,2021-07-23,0,10359000000,,3184000000,7175000000,,0.904,-59000000.0,288000000,288000000,1905000000.0,153000000.0,1.165,79.008,5885000000,208000000,5677000000,5885000000,0,62000000.0,0,0.0,0.0,260000000.0,322000000.0,0.141,322000000.0,260000000.0,191000000.0,1.03,1.02,1.03,126000000,,126000000,12843105720,17.0,13.227,213000000.0,1.528,1.0,373000000.0,0.164,3790000000,69000000.0,9433000000,,1454000000,0,0,0,9955000000,2733000000,7222000000,7246105720,8000000.0,8000000.0,-3000000.0,-195000000.0,0.0,-207000000.0,-56000000.0,0.0,272000000.0,-1000000.0,142000000.0,142000000.0,142000000.0,0.0,11000000.0,0.062,96000000.0,277000000.0,2525000000,0.0,57.509,16.357,16.143,2672000000,0.0,51.98,0.805,0.805,1098000000,,2278000000.0,2278000000.0,0.0,,,,,6000000.0,99000000.0,1.0,139401803,139401803,,16.341,6569000000,0,49000000.0,0,47.123,451000000
25,CCK,ARQ,2015-03-31,2015-05-06,2015-03-31,2021-07-23,0,10144000000,,3077000000,7067000000,,-0.194,-52000000.0,280000000,280000000,1711000000.0,62000000.0,1.178,-366.519,5990000000,244000000,5746000000,5990000000,0,51000000.0,0,0.0,0.0,146000000.0,197000000.0,0.099,197000000.0,146000000.0,81000000.0,0.32,0.32,0.32,-27000000,,-27000000,13316213895,19.0,14.506,-339000000.0,-2.435,1.0,286000000.0,0.143,3746000000,65000000.0,9495000000,,1446000000,0,0,0,9896000000,2613000000,7283000000,7606213895,-685000000.0,-1185000000.0,-1000000.0,943000000.0,0.0,886000000.0,-1246000000.0,0.0,-287000000.0,-38000000.0,44000000.0,44000000.0,44000000.0,0.0,18000000.0,0.022,118000000.0,168000000.0,2369000000,0.0,-281.712,18.688,18.456,2619000000,0.0,54.63,0.836,0.836,1039000000,,1997000000.0,1997000000.0,0.0,,,,,11000000.0,98000000.0,1.0,139231446,139231446,,14.343,6398000000,0,37000000.0,0,45.952,464000000
26,CCK,ARQ,2014-12-31,2015-03-02,2014-12-31,2021-07-23,-2765000000,9708000000,,3624000000,6084000000,,0.855,-109000000.0,965000000,965000000,1840000000.0,36000000.0,1.239,78.328,5259000000,252000000,5007000000,5259000000,0,55000000.0,0,0.0,0.0,77000000.0,132000000.0,0.062,132000000.0,77000000.0,12000000.0,0.09,0.09,0.09,119000000,,119000000,11686515904,17.0,13.417,794000000.0,5.706,1.0,287000000.0,0.135,2926000000,65000000.0,8150000000,,1324000000,0,0,0,9321000000,2926000000,6395000000,7392515904,585000000.0,0.0,3000000.0,-119000000.0,0.0,-161000000.0,-109000000.0,0.0,903000000.0,-48000000.0,13000000.0,13000000.0,13000000.0,0.0,23000000.0,0.006,179000000.0,108000000.0,2651000000,0.0,62.122,19.102,18.84,2437000000,0.0,53.13,0.813,0.813,1031000000,1782000000.0,2127000000.0,2127000000.0,0.0,,,,,4000000.0,96000000.0,1.0,139140145,139140145,,15.287,6782000000,0,-1000000.0,0,48.742,698000000
27,CCK,ARQ,2014-09-30,2014-10-28,2014-09-30,2021-07-23,0,9817000000,,3608000000,6209000000,,1.944,-59000000.0,380000000,380000000,2172000000.0,266000000.0,1.304,34.33,5447000000,247000000,5200000000,5447000000,0,53000000.0,0,0.0,0.0,267000000.0,320000000.0,0.123,320000000.0,267000000.0,203000000.0,1.78,1.76,1.78,270000000,,270000000,11672594218,16.0,13.219,67000000.0,0.482,1.0,422000000.0,0.163,3067000000,64000000.0,9051000000,,1473000000,0,0,0,9269000000,2766000000,6503000000,6605594218,136000000.0,0.0,1000000.0,100000000.0,0.0,78000000.0,-58000000.0,0.0,126000000.0,-10000000.0,244000000.0,244000000.0,244000000.0,0.0,22000000.0,0.094,103000000.0,319000000.0,2519000000,0.0,24.465,15.616,15.388,2447000000,0.0,47.55,0.731,0.731,1385000000,,2594000000.0,2594000000.0,0.0,,,,,4000000.0,95000000.0,1.0,138918911,138918911,,18.673,6750000000,0,-41000000.0,0,48.589,842000000
28,CCK,ARQ,2014-06-30,2014-07-30,2014-06-30,2021-07-23,0,9895000000,,3487000000,6408000000,,1.037,-63000000.0,244000000,244000000,2007000000.0,127000000.0,1.224,65.854,5492000000,262000000,5230000000,5492000000,0,47000000.0,0,0.0,0.0,222000000.0,269000000.0,0.113,269000000.0,222000000.0,156000000.0,0.77,0.76,0.77,144000000,,144000000,11834273672,18.0,14.379,315000000.0,2.268,1.0,376000000.0,0.158,3272000000,66000000.0,9022000000,,1615000000,0,0,0,9483000000,2849000000,6634000000,6586273672,-23000000.0,-711000000.0,6000000.0,390000000.0,0.0,381000000.0,-781000000.0,0.0,378000000.0,-1000000.0,106000000.0,106000000.0,106000000.0,0.0,21000000.0,0.044,134000000.0,242000000.0,2587000000,0.0,45.738,23.522,23.245,2496000000,0.0,47.42,0.745,0.745,1264000000,,2383000000.0,2383000000.0,0.0,,,,,5000000.0,103000000.0,1.0,138892317,138892317,,17.157,6623000000,0,50000000.0,0,47.684,638000000
29,CCK,ARQ,2014-03-31,2014-04-25,2014-03-31,2021-07-23,0,7885000000,,3079000000,4806000000,,0.022,-81000000.0,267000000,267000000,1696000000.0,46000000.0,1.202,2542.333,4104000000,339000000,3765000000,4104000000,0,35000000.0,0,0.0,0.0,115000000.0,150000000.0,0.075,150000000.0,115000000.0,57000000.0,0.18,0.17,0.18,3000000,,3000000,10421972801,15.0,12.511,-576000000.0,-4.156,1.0,297000000.0,0.149,2016000000,58000000.0,7145000000,,1334000000,0,0,0,7627000000,2561000000,5066000000,6584972801,-422000000.0,0.0,2000000.0,259000000.0,0.0,147000000.0,-73000000.0,0.0,-495000000.0,-1000000.0,24000000.0,24000000.0,24000000.0,0.0,22000000.0,0.012,156000000.0,141000000.0,2165000000,0.0,2194.991,21.449,21.498,2160000000,0.0,47.51,0.759,0.759,1199000000,,1993000000.0,1993000000.0,0.0,,,,,9000000.0,104000000.0,1.0,138601827,138601827,,14.379,5869000000,0,33000000.0,0,42.344,518000000
30,CCK,ARQ,2013-12-31,2014-03-03,2013-12-31,2021-07-23,-2513000000,8030000000,,3180000000,4850000000,,0.029,-71000000.0,689000000,689000000,1797000000.0,79000000.0,1.089,1935.25,3842000000,373000000,3469000000,3842000000,0,36000000.0,0,0.0,0.0,108000000.0,144000000.0,0.07,144000000.0,108000000.0,51000000.0,0.36,0.36,0.36,4000000,,4000000,9316655072,13.0,11.065,938000000.0,6.778,1.0,274000000.0,0.132,2016000000,57000000.0,6247000000,,1213000000,0,0,0,7741000000,2920000000,4821000000,6163655072,453000000.0,-6000000.0,5000000.0,-487000000.0,0.0,-493000000.0,-68000000.0,0.0,1009000000.0,5000000.0,49000000.0,49000000.0,49000000.0,0.0,30000000.0,0.024,133000000.0,141000000.0,2547000000,0.0,1540.914,19.024,19.198,2152000000,0.0,44.54,0.712,0.712,1064000000,1395000000.0,2071000000.0,2071000000.0,0.0,,,,,4000000.0,106000000.0,1.0,138384712,138384712,,14.966,6014000000,0,2000000.0,0,43.459,260000000
31,CCK,ARQ,2013-09-30,2013-10-31,2013-09-30,2021-07-23,0,8032000000,,3244000000,4788000000,,-0.768,-56000000.0,236000000,236000000,1995000000.0,127000000.0,1.197,-74.123,4253000000,535000000,3718000000,4253000000,0,34000000.0,0,0.0,0.0,226000000.0,260000000.0,0.109,260000000.0,226000000.0,168000000.0,0.73,0.73,0.73,-106000000,,-106000000,10036385393,14.0,11.934,71000000.0,0.514,1.0,394000000.0,0.165,2010000000,58000000.0,7329000000,,1331000000,0,0,0,7857000000,2710000000,5147000000,6019385393,9000000.0,0.0,-103000000.0,70000000.0,0.0,-62000000.0,-62000000.0,0.0,127000000.0,6000000.0,101000000.0,101000000.0,101000000.0,0.0,26000000.0,0.042,144000000.0,250000000.0,2175000000,0.0,-56.787,19.801,20.0,2087000000,0.0,43.6,0.698,0.698,1459000000,,2389000000.0,2389000000.0,0.0,,,,,5000000.0,113000000.0,1.0,138059298,138059298,,17.304,6022000000,0,67000000.0,0,43.619,534000000
32,CCK,ARQ,2013-06-30,2013-07-26,2013-06-30,2021-07-23,0,7869000000,,3172000000,4697000000,,-1.143,-56000000.0,227000000,227000000,1848000000.0,155000000.0,1.206,-48.099,4126000000,454000000,3672000000,4126000000,0,30000000.0,0,0.0,0.0,249000000.0,279000000.0,0.126,279000000.0,249000000.0,188000000.0,0.94,0.93,0.94,-161000000,,-161000000,10071403755,14.0,11.215,125000000.0,0.888,1.0,375000000.0,0.169,1944000000,61000000.0,7193000000,,1424000000,0,0,0,7744000000,2631000000,5113000000,6172403755,-77000000.0,0.0,-183000000.0,19000000.0,0.0,-190000000.0,-64000000.0,0.0,181000000.0,-4000000.0,133000000.0,133000000.0,133000000.0,0.0,22000000.0,0.06,106000000.0,269000000.0,2177000000,0.0,-38.338,11.69,11.91,2018000000,0.0,43.83,0.723,0.723,1302000000,,2223000000.0,2223000000.0,0.0,,,,,2000000.0,102000000.0,1.0,140826004,140826004,,15.785,5925000000,0,55000000.0,0,42.073,541000000
33,CCK,ARQ,2013-03-31,2013-04-30,2013-03-31,2021-07-23,0,7701000000,,3024000000,4677000000,,-0.89,-63000000.0,304000000,304000000,1674000000.0,67000000.0,1.3,-58.883,4104000000,396000000,3708000000,4104000000,0,34000000.0,0,0.0,0.0,125000000.0,159000000.0,0.081,159000000.0,125000000.0,65000000.0,0.29,0.28,0.29,-128000000,,-128000000,9939041350,14.0,10.995,-495000000.0,-3.441,1.0,299000000.0,0.152,1937000000,60000000.0,7238000000,,1352000000,0,0,0,7537000000,2326000000,5211000000,6139041350,-46000000.0,0.0,2000000.0,445000000.0,0.0,439000000.0,-52000000.0,0.0,-432000000.0,-1000000.0,41000000.0,41000000.0,41000000.0,0.0,26000000.0,0.021,108000000.0,191000000.0,1930000000,0.0,-47.961,11.605,11.693,1988000000,0.0,42.68,0.723,0.723,1175000000,,1973000000.0,1973000000.0,0.0,,,,,10000000.0,104000000.0,1.0,143838832,143838832,,13.717,5764000000,0,24000000.0,0,40.073,698000000
34,CCK,ARQ,2012-12-31,2013-03-01,2012-12-31,2021-07-23,-2614000000,7490000000,,2750000000,4740000000,,-1.131,-110000000.0,350000000,350000000,1756000000.0,67000000.0,1.092,-45.475,3665000000,376000000,3289000000,3665000000,0,47000000.0,0,0.0,0.0,96000000.0,143000000.0,0.07,143000000.0,96000000.0,40000000.0,0.22,0.22,0.22,-162000000,,-162000000,8799587882,11.0,9.302,628000000.0,4.385,1.0,281000000.0,0.138,1998000000,56000000.0,6289000000,,1166000000,0,0,0,7367000000,2518000000,4849000000,5484587882,110000000.0,-78000000.0,-42000000.0,-402000000.0,0.0,-472000000.0,-157000000.0,0.0,738000000.0,1000000.0,29000000.0,29000000.0,29000000.0,0.0,38000000.0,0.014,149000000.0,132000000.0,2142000000,0.0,-33.855,9.847,10.052,1995000000,0.0,38.3,0.648,0.648,1057000000,1069000000.0,2037000000.0,2037000000.0,0.0,,,,,3000000.0,94000000.0,1.0,143200728,143200728,,14.225,5492000000,0,11000000.0,0,38.352,232000000
35,CCK,ARQ,2012-09-30,2012-11-06,2012-09-30,2021-07-23,0,7610000000,,3053000000,4557000000,,-0.173,-74000000.0,240000000,240000000,1933000000.0,344000000.0,1.285,-295.32,3997000000,401000000,3596000000,3997000000,0,46000000.0,0,0.0,0.0,271000000.0,317000000.0,0.138,317000000.0,271000000.0,214000000.0,2.23,2.2,2.23,-25000000,,-25000000,9347133185,12.0,10.105,25000000.0,0.173,1.0,369000000.0,0.16,1976000000,57000000.0,7015000000,,1207000000,0,0,0,7383000000,2376000000,5007000000,5590133185,10000000.0,0.0,-197000000.0,190000000.0,0.0,-20000000.0,-77000000.0,0.0,99000000.0,8000000.0,325000000.0,325000000.0,325000000.0,0.0,19000000.0,0.141,85000000.0,284000000.0,1975000000,0.0,-223.605,10.429,10.598,1845000000,0.0,38.79,0.658,0.658,1397000000,,2302000000.0,2302000000.0,0.0,,,,,3000000.0,92000000.0,1.0,144112740,144112740,,15.974,5634000000,0,-111000000.0,0,39.094,677000000
36,CCK,ARQ,2012-06-30,2012-08-09,2012-06-30,2021-07-23,0,7224000000,,2909000000,4315000000,,-1.524,-75000000.0,230000000,230000000,1844000000.0,157000000.0,1.278,-31.775,3791000000,298000000,3493000000,3791000000,0,45000000.0,0,0.0,0.0,240000000.0,285000000.0,0.13,285000000.0,240000000.0,185000000.0,0.91,0.89,0.91,-227000000,,-227000000,9011835901,12.0,9.701,98000000.0,0.658,1.0,340000000.0,0.156,1944000000,55000000.0,6564000000,,1272000000,0,0,0,7213000000,2277000000,4936000000,5450835901,-20000000.0,0.0,2000000.0,-67000000.0,0.0,-100000000.0,-80000000.0,0.0,173000000.0,-13000000.0,134000000.0,134000000.0,134000000.0,0.0,23000000.0,0.061,83000000.0,257000000.0,1979000000,0.0,-24.012,16.032,15.978,1800000000,0.0,36.59,0.633,0.633,1194000000,,2184000000.0,2184000000.0,0.0,,,,,2000000.0,90000000.0,1.0,148970645,148970645,,14.661,5280000000,0,51000000.0,0,35.443,632000000
37,CCK,ARQ,2012-03-31,2012-05-09,2012-03-31,2021-07-23,0,7178000000,,2824000000,4354000000,,-2.176,-62000000.0,250000000,250000000,1660000000.0,90000000.0,1.349,-22.407,3915000000,230000000,3685000000,3915000000,0,42000000.0,0,0.0,0.0,159000000.0,201000000.0,0.103,201000000.0,159000000.0,101000000.0,0.47,0.46,0.47,-324000000,,-324000000,9089862155,12.0,9.753,-451000000.0,-3.029,1.0,287000000.0,0.147,1998000000,58000000.0,6752000000,,1313000000,0,0,0,7260000000,2093000000,5167000000,5424862155,-92000000.0,0.0,-5000000.0,351000000.0,0.0,338000000.0,-48000000.0,0.0,-389000000.0,7000000.0,69000000.0,69000000.0,69000000.0,0.0,21000000.0,0.035,106000000.0,181000000.0,1863000000,0.0,-16.743,16.194,16.341,1796000000,0.0,36.44,0.623,0.623,1066000000,,1947000000.0,1947000000.0,0.0,,,,,10000000.0,106000000.0,1.0,148871080,148871080,,13.078,5180000000,0,32000000.0,0,34.795,731000000
38,CCK,ARQ,2011-12-31,2012-02-29,2011-12-31,2021-07-23,-2590000000,6868000000,,2603000000,4265000000,,-3.179,-127000000.0,342000000,342000000,1769000000.0,39000000.0,1.139,-15.025,3532000000,195000000,3337000000,3532000000,0,44000000.0,0,0.0,0.0,78000000.0,122000000.0,0.059,122000000.0,78000000.0,20000000.0,0.05,0.06,0.05,-473000000,,-473000000,8690381257,12.0,9.831,386000000.0,2.594,1.0,289000000.0,0.14,1952000000,58000000.0,5821000000,,1148000000,0,0,0,7107000000,2285000000,4822000000,5500381257,-137000000.0,4000000.0,-98000000.0,-212000000.0,0.0,-528000000.0,-124000000.0,0.0,513000000.0,2000000.0,8000000.0,8000000.0,8000000.0,0.0,31000000.0,0.004,183000000.0,106000000.0,2090000000,0.0,-11.629,19.505,19.876,1751000000,0.0,36.97,0.636,0.636,948000000,512000000.0,2058000000.0,2058000000.0,0.0,,,,,3000000.0,97000000.0,1.0,148779585,148779585,,13.833,4916000000,0,12000000.0,0,33.042,318000000
39,CCK,ARQ,2011-09-30,2011-11-07,2011-09-30,2021-07-23,0,7599000000,,3305000000,4294000000,,-0.666,-66000000.0,479000000,479000000,2027000000.0,159000000.0,1.387,-74.19,3757000000,361000000,3396000000,3757000000,0,47000000.0,0,0.0,0.0,274000000.0,321000000.0,0.132,321000000.0,274000000.0,216000000.0,0.86,0.84,0.86,-100000000,,-100000000,8336103665,11.0,8.973,47000000.0,0.313,1.0,396000000.0,0.163,1977000000,58000000.0,6518000000,,1339000000,0,0,0,7419000000,2382000000,5037000000,5058103665,58000000.0,0.0,0.0,-27000000.0,0.0,-95000000.0,59000000.0,0.0,113000000.0,-19000000.0,129000000.0,129000000.0,129000000.0,0.0,30000000.0,0.053,96000000.0,300000000.0,2021000000,0.0,-50.581,15.856,16.01,1710000000,0.0,33.46,0.593,0.589,1317000000,,2423000000.0,2423000000.0,0.0,,,,,3000000.0,96000000.0,1.0,151168669,150138644,152680719.0,16.138,5622000000,0,87000000.0,0,37.445,923000000
40,CCK,ARQ,2011-06-30,2011-08-09,2011-06-30,2021-07-23,0,8059000000,,3599000000,4460000000,,-0.459,-79000000.0,546000000,546000000,1910000000.0,156000000.0,1.328,-111.257,3876000000,452000000,3424000000,3876000000,0,45000000.0,0,0.0,0.0,243000000.0,288000000.0,0.126,288000000.0,243000000.0,183000000.0,0.85,0.83,0.85,-70000000,,-70000000,8817748668,12.0,10.066,-9000000.0,-0.059,1.0,371000000.0,0.163,2069000000,60000000.0,6610000000,,1537000000,0,0,0,7788000000,2710000000,5078000000,5487748668,12000000.0,0.0,-201000000.0,370000000.0,0.0,141000000.0,-206000000.0,0.0,70000000.0,7000000.0,129000000.0,129000000.0,129000000.0,0.0,27000000.0,0.057,100000000.0,271000000.0,2258000000,0.0,-78.396,17.366,17.975,1746000000,0.0,36.31,0.66,0.665,1323000000,,2281000000.0,2281000000.0,0.0,,,,,2000000.0,100000000.0,1.0,151136014,152344400,155486354.0,14.973,5990000000,0,54000000.0,0,39.319,889000000
41,CCK,ARQ,2011-03-31,2011-05-04,2011-03-31,2021-07-23,0,7476000000,,3070000000,4406000000,,-0.045,-103000000.0,409000000,409000000,1590000000.0,42000000.0,1.189,-1019.571,3473000000,589000000,2884000000,3473000000,0,40000000.0,0,0.0,0.0,113000000.0,153000000.0,0.081,153000000.0,113000000.0,57000000.0,0.1,0.1,0.1,-7000000,,-7000000,9195589464,14.0,10.332,-420000000.0,-2.717,1.0,292000000.0,0.155,2047000000,56000000.0,5910000000,,1353000000,0,0,0,7137000000,2583000000,4554000000,6131589464,-54000000.0,0.0,-2000000.0,356000000.0,0.0,353000000.0,-101000000.0,0.0,-317000000.0,11000000.0,16000000.0,16000000.0,16000000.0,0.0,26000000.0,0.009,127000000.0,165000000.0,1994000000,0.0,-875.941,20.507,21.027,1702000000,0.0,39.32,0.762,0.756,1104000000,,1882000000.0,1882000000.0,0.0,,,,,10000000.0,102000000.0,1.0,155940729,154610056,157928690.0,12.173,5429000000,0,41000000.0,0,35.114,487000000
42,CCK,ARQ,2010-12-31,2011-02-28,2010-12-31,2021-07-23,-2333000000,6899000000,,2649000000,4250000000,,-0.617,-121000000.0,463000000,463000000,1661000000.0,80000000.0,1.114,-69.479,3048000000,399000000,2649000000,3048000000,0,44000000.0,0,0.0,0.0,123000000.0,167000000.0,0.086,167000000.0,123000000.0,67000000.0,0.28,0.28,0.28,-96000000,,-96000000,8574743274,12.0,9.924,430000000.0,2.762,1.0,288000000.0,0.148,1984000000,56000000.0,5123000000,,1060000000,0,0,0,6670000000,2377000000,4293000000,5989743274,48000000.0,7000000.0,-143000000.0,-163000000.0,0.0,-385000000.0,-117000000.0,0.0,551000000.0,-1000000.0,45000000.0,45000000.0,45000000.0,0.0,35000000.0,0.023,140000000.0,148000000.0,1978000000,0.0,-62.393,18.487,18.956,1610000000,0.0,38.48,0.754,0.754,936000000,230000000.0,1949000000.0,1949000000.0,0.0,,,,,3000000.0,104000000.0,1.0,155658609,155658609,,12.521,4915000000,0,22000000.0,0,31.576,272000000
43,CCK,ARQ,2010-09-30,2010-11-05,2010-09-30,2021-07-23,0,7146000000,,2879000000,4267000000,,0.873,-79000000.0,415000000,415000000,1828000000.0,161000000.0,1.185,48.05,3229000000,455000000,2774000000,3229000000,0,40000000.0,0,0.0,0.0,228000000.0,268000000.0,0.122,268000000.0,228000000.0,173000000.0,0.79,0.78,0.79,139000000,,139000000,7992674995,12.0,8.274,154000000.0,0.967,1.0,377000000.0,0.171,1998000000,55000000.0,5533000000,,1068000000,0,0,0,6679000000,2429000000,4250000000,5178674995,3000000.0,0.0,-98000000.0,152000000.0,0.0,-170000000.0,-79000000.0,0.0,233000000.0,19000000.0,126000000.0,126000000.0,126000000.0,0.0,35000000.0,0.057,103000000.0,274000000.0,1974000000,0.0,37.257,14.385,14.381,1524000000,0.0,32.5,0.655,0.654,1274000000,,2205000000.0,2205000000.0,0.0,,,,,2000000.0,82000000.0,1.0,159343846,159181133,161674329.0,13.852,5148000000,0,47000000.0,0,32.341,450000000
44,CCK,ARQ,2010-06-30,2010-08-06,2010-06-30,2021-07-23,0,6701000000,,2705000000,3996000000,,0.652,-56000000.0,412000000,412000000,1675000000.0,144000000.0,1.294,59.267,2979000000,272000000,2707000000,2979000000,0,88000000.0,0,0.0,0.0,214000000.0,302000000.0,0.15,302000000.0,214000000.0,169000000.0,0.7,0.69,0.7,105000000,,105000000,7188302930,12.0,8.215,166000000.0,1.031,1.0,335000000.0,0.167,1884000000,45000000.0,5293000000,,1076000000,0,0,0,6223000000,2091000000,4132000000,4621302930,13000000.0,0.0,2000000.0,-96000000.0,0.0,-130000000.0,-64000000.0,0.0,222000000.0,-15000000.0,112000000.0,112000000.0,112000000.0,0.0,32000000.0,0.056,87000000.0,248000000.0,1819000000,0.0,44.012,13.513,13.256,1418000000,0.0,28.5,0.579,0.574,1095000000,,2010000000.0,2010000000.0,0.0,,,,,15000000.0,95000000.0,1.0,162150980,160961879,163292749.0,12.487,4817000000,0,57000000.0,0,29.926,614000000
45,CCK,ARQ,2010-03-31,2010-05-10,2010-03-31,2021-07-23,0,6790000000,,2647000000,4143000000,,0.224,-32000000.0,399000000,399000000,1527000000.0,67000000.0,1.35,176.639,3174000000,249000000,2925000000,3174000000,0,0.0,0,0.0,0.0,127000000.0,127000000.0,0.071,127000000.0,127000000.0,80000000.0,0.26,0.25,0.26,36000000,,36000000,6842888224,12.0,8.728,-448000000.0,-2.788,1.0,250000000.0,0.141,1974000000,47000000.0,5630000000,,1076000000,0,0,0,6359000000,1961000000,4398000000,4067888224,-60000000.0,0.0,-3000000.0,396000000.0,0.0,386000000.0,-21000000.0,0.0,-416000000.0,-9000000.0,41000000.0,41000000.0,41000000.0,0.0,26000000.0,0.023,100000000.0,150000000.0,1712000000,0.0,112.997,12.143,11.9,1453000000,0.0,25.11,0.507,0.502,1044000000,,1777000000.0,1777000000.0,0.0,,,,,0.0,79000000.0,1.0,162002717,160714929,163100074.0,11.057,4816000000,0,39000000.0,0,29.966,686000000
46,CCK,ARQ,2009-12-31,2010-03-01,2009-12-31,2021-07-23,-2255000000,6532000000,,2242000000,4290000000,,-0.037,-72000000.0,459000000,459000000,1667000000.0,107000000.0,1.165,-1024.833,2798000000,59000000,2739000000,2798000000,0,194000000.0,0,0.0,0.0,75000000.0,269000000.0,0.14,269000000.0,75000000.0,17000000.0,0.51,0.49,0.51,-6000000,,-6000000,6797860028,12.0,8.693,504000000.0,3.122,1.0,250000000.0,0.13,2050000000,58000000.0,4896000000,,960000000,0,0,0,6149000000,1925000000,4224000000,4458860028,21000000.0,-22000000.0,14000000.0,-391000000.0,0.0,-465000000.0,-90000000.0,0.0,576000000.0,0.0,81000000.0,81000000.0,81000000.0,0.0,26000000.0,0.042,159000000.0,91000000.0,1866000000,0.0,-743.143,13.35,13.152,1509000000,0.0,27.62,0.562,0.562,714000000,-94000000.0,1917000000.0,1917000000.0,0.0,,,,,18000000.0,107000000.0,1.0,161435917,161435917,,11.875,4482000000,0,-64000000.0,0,27.763,317000000
47,CCK,ARQ,2009-09-30,2009-10-30,2009-09-30,2021-07-23,0,7178000000,,2673000000,4505000000,,0.828,-32000000.0,438000000,438000000,1917000000.0,141000000.0,1.333,50.008,3225000000,77000000,3148000000,3225000000,0,0.0,0,0.0,0.0,177000000.0,177000000.0,0.078,177000000.0,177000000.0,111000000.0,0.68,0.67,0.68,133000000,,133000000,7068637583,12.0,9.016,311000000.0,1.936,1.0,365000000.0,0.16,2060000000,66000000.0,5899000000,,1077000000,0,0,0,6651000000,2006000000,4645000000,4281637583,-268000000.0,0.0,5000000.0,-546000000.0,0.0,-580000000.0,-32000000.0,0.0,343000000.0,1000000.0,108000000.0,108000000.0,108000000.0,0.0,33000000.0,0.047,134000000.0,231000000.0,1929000000,0.0,32.193,17.915,17.649,1496000000,0.0,26.65,0.542,0.542,1054000000,,2282000000.0,2282000000.0,0.0,,,,,0.0,95000000.0,1.0,160661823,160661823,,14.204,5118000000,0,3000000.0,0,31.856,667000000
48,CCK,ARQ,2009-06-30,2009-07-31,2009-06-30,2021-07-23,0,7390000000,,2969000000,4421000000,,-0.137,-24000000.0,706000000,706000000,1722000000.0,139000000.0,1.531,-319.364,3735000000,89000000,3646000000,3735000000,0,0.0,0,0.0,0.0,211000000.0,211000000.0,0.103,211000000.0,211000000.0,149000000.0,0.66,0.65,0.66,-22000000,,-22000000,7048194753,11.0,8.371,158000000.0,0.987,1.0,333000000.0,0.162,2031000000,62000000.0,6449000000,,1209000000,0,0,0,7026000000,1939000000,5087000000,4019194753,410000000.0,0.0,0.0,263000000.0,0.0,230000000.0,-28000000.0,0.0,182000000.0,26000000.0,105000000.0,105000000.0,105000000.0,0.0,34000000.0,0.051,90000000.0,243000000.0,1850000000,0.0,-182.691,16.405,16.299,1490000000,0.0,25.1,0.503,0.503,939000000,,2055000000.0,2055000000.0,0.0,,,,,0.0,90000000.0,1.0,160127281,160127281,,12.834,5359000000,0,44000000.0,0,33.467,1030000000
49,CCK,ARQ,2009-03-31,2009-05-05,2009-03-31,2021-07-23,0,6580000000,,2410000000,4170000000,,-1.729,-50000000.0,296000000,296000000,1439000000.0,63000000.0,1.351,-23.723,3398000000,80000000,3318000000,3398000000,0,0.0,0,0.0,0.0,125000000.0,125000000.0,0.074,125000000.0,125000000.0,64000000.0,0.25,0.25,0.25,-274000000,,-274000000,6867778309,11.0,8.07,-395000000.0,-2.492,1.0,245000000.0,0.145,1904000000,61000000.0,5994000000,,1154000000,0,0,0,6500000000,1784000000,4716000000,3765778309,-300000000.0,0.0,0.0,112000000.0,0.0,114000000.0,-50000000.0,0.0,-345000000.0,-19000000.0,40000000.0,40000000.0,40000000.0,0.0,23000000.0,0.024,90000000.0,155000000.0,1704000000,0.0,-13.744,15.756,15.693,1421000000,0.0,23.54,0.463,0.459,814000000,,1684000000.0,1684000000.0,0.0,,,,,0.0,89000000.0,1.0,159973590,158491731,161286880.0,10.625,4676000000,0,24000000.0,0,29.503,626000000
50,CCK,ARQ,2008-12-31,2009-02-27,2008-12-31,2021-07-23,-2195000000,6774000000,,2457000000,4317000000,,-1.984,-55000000.0,596000000,596000000,1641000000.0,-14000000.0,1.186,-22.369,3337000000,90000000,3247000000,3337000000,0,216000000.0,0,0.0,0.0,55000000.0,271000000.0,0.144,271000000.0,55000000.0,-15000000.0,-0.08,-0.09,-0.08,-317000000,,-317000000,6108277693,10.0,7.136,513000000.0,3.212,1.0,236000000.0,0.126,1956000000,70000000.0,5487000000,,979000000,0,0,0,7091000000,2072000000,5019000000,3367277693,264000000.0,0.0,-32000000.0,-197000000.0,0.0,-226000000.0,-58000000.0,0.0,568000000.0,-20000000.0,-14000000.0,-14000000.0,-14000000.0,0.0,0.0,-0.007,135000000.0,101000000.0,1982000000,0.0,-10.622,14.899,14.845,1473000000,0.0,21.08,0.405,0.405,734000000,-428000000.0,1877000000.0,1877000000.0,0.0,,,,,16000000.0,87000000.0,1.0,159738031,159738031,,11.75,4818000000,0,-1000000.0,0,30.162,385000000
51,CCK,ARQ,2008-09-30,2008-10-24,2008-09-30,2021-07-23,0,7154000000,,2625000000,4529000000,,1.359,-39000000.0,332000000,332000000,1991000000.0,114000000.0,1.32,31.667,3533000000,88000000,3445000000,3533000000,0,0.0,0,0.0,0.0,235000000.0,235000000.0,0.099,235000000.0,235000000.0,159000000.0,0.71,0.7,0.71,219000000,,219000000,6132374271,11.0,7.964,169000000.0,1.049,1.0,378000000.0,0.16,2089000000,76000000.0,6278000000,,1112000000,0,0,0,6935000000,1988000000,4947000000,2931374271,21000000.0,0.0,3000000.0,-124000000.0,0.0,-126000000.0,-42000000.0,0.0,208000000.0,-19000000.0,114000000.0,114000000.0,114000000.0,0.0,0.0,0.048,107000000.0,271000000.0,1900000000,0.0,13.385,5.125,5.11,1506000000,0.0,18.19,0.353,0.353,1067000000,,2369000000.0,2369000000.0,0.0,,,,,0.0,102000000.0,1.0,161153066,161153066,,14.7,5065000000,0,45000000.0,0,31.43,637000000
52,CCK,ARQ,2008-06-30,2008-07-28,2008-06-30,2021-07-23,0,7698000000,,2837000000,4861000000,,1.261,-32000000.0,311000000,311000000,1844000000.0,99000000.0,1.291,36.921,3799000000,107000000,3692000000,3799000000,0,0.0,0,0.0,0.0,220000000.0,220000000.0,0.1,220000000.0,220000000.0,141000000.0,0.62,0.61,0.62,203000000,,203000000,7978699575,16.0,10.96,57000000.0,0.354,1.0,352000000.0,0.16,2266000000,79000000.0,6723000000,,1325000000,0,0,0,7495000000,2197000000,5298000000,4490699575,29000000.0,0.0,5000000.0,-14000000.0,0.0,-17000000.0,-46000000.0,0.0,89000000.0,3000000.0,99000000.0,99000000.0,99000000.0,0.0,0.0,0.045,104000000.0,248000000.0,2090000000,0.0,22.122,8.165,8.158,1612000000,0.0,27.9,0.556,0.556,1085000000,,2196000000.0,2196000000.0,0.0,,,,,0.0,105000000.0,1.0,160956974,160956974,,13.643,5432000000,0,42000000.0,0,33.748,640000000
53,CCK,ARQ,2008-03-31,2008-05-09,2008-03-31,2021-07-23,0,7400000000,,2554000000,4846000000,,0.427,-33000000.0,282000000,282000000,1607000000.0,27000000.0,1.276,107.824,3819000000,93000000,3726000000,3819000000,0,0.0,0,0.0,0.0,130000000.0,130000000.0,0.07,130000000.0,130000000.0,53000000.0,0.17,0.17,0.17,68000000,,68000000,7910906329,17.0,11.383,-476000000.0,-2.99,1.0,256000000.0,0.137,2264000000,77000000.0,6671000000,,1220000000,0,0,0,7332000000,2002000000,5330000000,4373906329,-175000000.0,0.0,-1000000.0,283000000.0,0.0,292000000.0,-40000000.0,0.0,-443000000.0,16000000.0,27000000.0,27000000.0,27000000.0,0.0,0.0,0.014,102000000.0,154000000.0,1909000000,0.0,64.322,8.115,8.159,1621000000,0.0,27.25,0.555,0.551,937000000,,1863000000.0,1863000000.0,0.0,,,,,0.0,102000000.0,1.0,160510324,159187316,162776273.0,11.703,5136000000,0,26000000.0,0,32.264,552000000
54,CCK,ARQ,2007-12-31,2008-03-07,2007-12-31,2021-07-23,-1646000000,6979000000,,2234000000,4745000000,,-0.094,-48000000.0,457000000,457000000,1651000000.0,332000000.0,1.072,-466.267,3437000000,83000000,3354000000,3437000000,0,229000000.0,0,0.0,0.0,-44000000.0,185000000.0,0.099,185000000.0,-44000000.0,-130000000.0,2.06,2.0,2.06,-15000000,,-15000000,6889269931,15.0,10.206,490000000.0,3.057,1.0,220000000.0,0.118,2199000000,86000000.0,5677000000,,1030000000,0,0,0,6994000000,2083000000,4911000000,3909269931,109000000.0,7000000.0,2000000.0,-346000000.0,0.0,-395000000.0,-45000000.0,0.0,538000000.0,11000000.0,332000000.0,332000000.0,332000000.0,0.0,0.0,0.177,49000000.0,171000000.0,2000000000,0.0,-260.618,7.404,7.459,1604000000,0.0,24.39,0.506,0.506,673000000,-654000000.0,1871000000.0,1871000000.0,0.0,,,,,14000000.0,100000000.0,1.0,160281670,160281670,,11.673,4780000000,0,-462000000.0,0,29.822,151000000
55,CCK,ARQ,2007-12-31,2008-02-28,2007-12-31,2021-07-23,-1646000000,6979000000,,2234000000,4745000000,,-0.094,-48000000.0,457000000,457000000,1651000000.0,332000000.0,1.072,-466.267,3437000000,83000000,3354000000,3437000000,0,229000000.0,0,0.0,0.0,-44000000.0,185000000.0,0.099,185000000.0,-44000000.0,-130000000.0,2.06,2.0,2.06,-15000000,,-15000000,6948574149,16.0,10.294,490000000.0,3.057,1.0,220000000.0,0.118,2199000000,86000000.0,5677000000,,1030000000,0,0,0,6994000000,2083000000,4911000000,3968574149,109000000.0,7000000.0,2000000.0,-346000000.0,0.0,-395000000.0,-45000000.0,0.0,538000000.0,11000000.0,332000000.0,332000000.0,332000000.0,0.0,0.0,0.177,49000000.0,171000000.0,2000000000,0.0,-264.572,7.516,7.572,1604000000,0.0,24.76,0.514,0.514,673000000,-654000000.0,1871000000.0,1871000000.0,0.0,,,,,14000000.0,100000000.0,1.0,160281670,160281670,,11.673,4780000000,0,-462000000.0,0,29.822,151000000
56,CCK,ARQ,2007-09-30,2007-10-31,2007-09-30,2021-07-23,0,6949000000,,2528000000,4421000000,,-2.394,-24000000.0,348000000,348000000,1842000000.0,92000000.0,1.211,-19.003,3763000000,119000000,3644000000,3763000000,0,0.0,0,0.0,0.0,193000000.0,193000000.0,0.09,193000000.0,193000000.0,114000000.0,0.57,0.56,0.57,-386000000,,-386000000,7377737018,11.0,8.451,157000000.0,0.974,1.0,311000000.0,0.144,2307000000,79000000.0,5969000000,,1021000000,0,0,0,7335000000,2088000000,5247000000,3962737018,44000000.0,0.0,-115000000.0,-2000000.0,0.0,-120000000.0,-27000000.0,0.0,181000000.0,10000000.0,92000000.0,92000000.0,92000000.0,0.0,0.0,0.043,102000000.0,209000000.0,1928000000,0.0,-10.266,10.511,10.736,1586000000,0.0,24.8,0.533,0.538,1084000000,,2153000000.0,2153000000.0,0.0,,,,,0.0,97000000.0,1.0,159787783,161238844,165217100.0,13.353,4642000000,0,22000000.0,41000000,28.79,440000000
57,CCK,ARQ,2007-06-30,2007-07-27,2007-06-30,2021-07-23,0,6793000000,,2473000000,4320000000,,-2.382,26000000.0,304000000,304000000,1707000000.0,88000000.0,1.209,-18.508,3701000000,134000000,3567000000,3701000000,0,0.0,0,0.0,0.0,187000000.0,187000000.0,0.094,187000000.0,187000000.0,110000000.0,0.54,0.53,0.54,-388000000,,-388000000,7461235568,12.0,8.737,50000000.0,0.307,1.0,283000000.0,0.142,2236000000,77000000.0,5909000000,,1106000000,0,0,0,7181000000,2045000000,5136000000,4064235568,26000000.0,0.0,6000000.0,-23000000.0,0.0,-27000000.0,24000000.0,0.0,24000000.0,5000000.0,88000000.0,88000000.0,88000000.0,0.0,0.0,0.044,88000000.0,195000000.0,1883000000,0.0,-10.475,10.984,10.996,1580000000,0.0,24.74,0.557,0.552,993000000,,1990000000.0,1990000000.0,0.0,,,,,0.0,93000000.0,1.0,164277913,162900139,167182198.0,12.216,4557000000,0,22000000.0,28000000,27.974,428000000
58,CCK,ARQ,2007-03-31,2007-05-03,2007-03-31,2021-07-23,0,6582000000,,2267000000,4315000000,,-3.161,-44000000.0,278000000,278000000,1500000000.0,16000000.0,1.158,-13.83,3709000000,131000000,3578000000,3709000000,0,0.0,0,0.0,0.0,110000000.0,110000000.0,0.064,110000000.0,110000000.0,34000000.0,0.1,0.1,0.1,-513000000,,-513000000,7495837096,13.0,9.3,-278000000.0,-1.713,1.0,213000000.0,0.124,2200000000,76000000.0,5856000000,,1060000000,0,0,0,7095000000,1957000000,5138000000,4064837096,-129000000.0,0.0,3000000.0,147000000.0,0.0,146000000.0,-46000000.0,0.0,-234000000.0,5000000.0,16000000.0,16000000.0,16000000.0,0.0,0.0,0.009,95000000.0,118000000.0,1800000000,0.0,-7.924,12.243,12.368,1594000000,0.0,24.86,0.571,0.567,861000000,,1713000000.0,1713000000.0,0.0,,,,,0.0,95000000.0,1.0,163509135,162273457,166681273.0,10.556,4382000000,0,18000000.0,26000000,27.004,310000000
59,CCK,ARQ,2006-12-31,2007-02-28,2006-12-31,2021-07-23,-1731000000,6358000000,,2062000000,4296000000,,-3.337,21000000.0,407000000,407000000,1377000000.0,181000000.0,1.054,-12.666,3541000000,121000000,3420000000,3541000000,0,230000000.0,0,0.0,0.0,153000000.0,383000000.0,0.243,383000000.0,153000000.0,77000000.0,1.1,1.26,1.1,-545000000,,-545000000,6856273311,13.0,8.986,362000000.0,2.216,1.0,199000000.0,0.126,2185000000,76000000.0,5351000000,,906000000,0,0,0,6903000000,1956000000,4947000000,3722273311,118000000.0,7000000.0,-13000000.0,-196000000.0,0.0,-69000000.0,11000000.0,0.0,341000000.0,41000000.0,181000000.0,181000000.0,181000000.0,7000000.0,0.0,0.115,28000000.0,171000000.0,1796000000,0.0,-6.83,12.046,12.187,1608000000,0.0,22.79,0.533,0.533,689000000,-1217000000.0,1576000000.0,1576000000.0,0.0,,,,,0.0,80000000.0,1.0,163329237,163329237,,9.649,4173000000,0,-104000000.0,39000000,25.55,106000000
60,CCK,ARQ,2006-09-30,2006-11-01,2006-09-30,2021-07-23,0,7236000000,,2350000000,4886000000,,-0.646,-31000000.0,289000000,289000000,1760000000.0,85000000.0,1.095,-68.626,3698000000,229000000,3469000000,3698000000,0,0.0,0,0.0,0.0,174000000.0,174000000.0,0.086,174000000.0,174000000.0,101000000.0,0.51,0.5,0.51,-107000000,,-107000000,6576925393,-438.0,24.633,92000000.0,0.555,1.0,262000000.0,0.13,2127000000,73000000.0,6372000000,,922000000,0,0,0,7343000000,2146000000,5197000000,3167925393,9000000.0,0.0,-98000000.0,-13000000.0,0.0,106000000.0,-37000000.0,0.0,123000000.0,-1000000.0,85000000.0,85000000.0,85000000.0,2000000.0,0.0,0.042,77000000.0,185000000.0,1862000000,0.0,-29.607,-9.6,-9.764,1600000000,0.0,19.43,0.45,0.458,1070000000,,2022000000.0,2022000000.0,0.0,,,,,0.0,78000000.0,1.0,163042995,165711447,169829685.0,12.202,5109000000,0,16000000.0,55000000,30.831,204000000
61,CCK,ARQ,2006-06-30,2006-08-08,2006-06-30,2021-07-23,0,7287000000,,2347000000,4940000000,,-0.742,-46000000.0,308000000,308000000,1558000000.0,50000000.0,1.08,-59.766,3710000000,227000000,3483000000,3710000000,0,0.0,0,0.0,0.0,139000000.0,139000000.0,0.077,139000000.0,139000000.0,69000000.0,0.3,0.29,0.3,-124000000,,-124000000,6215821282,-518.0,23.022,23000000.0,0.138,1.0,247000000.0,0.137,2125000000,70000000.0,6391000000,,1008000000,0,0,0,7411000000,2173000000,5238000000,2813821282,-13000000.0,0.0,-7000000.0,0.0,0.0,-406000000.0,-45000000.0,0.0,69000000.0,-7000000.0,50000000.0,50000000.0,50000000.0,24000000.0,0.0,0.028,80000000.0,167000000.0,1888000000,0.0,-22.692,-8.35,-8.256,1622000000,0.0,16.76,0.428,0.426,929000000,,1805000000.0,1805000000.0,0.0,,,,,0.0,75000000.0,1.0,167889098,167085962,170917175.0,10.803,5162000000,0,19000000.0,58000000,30.894,174000000
62,CCK,ARQ,2006-03-31,2006-05-05,2006-03-31,2021-07-23,0,6885000000,,2157000000,4728000000,,-1.275,-54000000.0,293000000,293000000,1395000000.0,-7000000.0,1.086,-33.324,3643000000,215000000,3428000000,3643000000,0,0.0,0,0.0,0.0,67000000.0,67000000.0,0.042,67000000.0,67000000.0,0.0,-0.04,-0.04,-0.04,-213000000,,-213000000,6176524363,-309.0,23.575,-232000000.0,-1.389,1.0,184000000.0,0.117,2040000000,67000000.0,6209000000,,965000000,0,0,0,7098000000,1986000000,5112000000,2826524363,-1000000.0,0.0,1000000.0,213000000.0,0.0,211000000.0,-40000000.0,0.0,-178000000.0,-6000000.0,-7000000.0,-7000000.0,-7000000.0,0.0,0.0,-0.004,92000000.0,92000000.0,1715000000,0.0,-13.27,-7.873,-7.801,1608000000,0.0,16.85,0.417,0.415,814000000,,1579000000.0,1579000000.0,0.0,,,,,0.0,83000000.0,1.0,167746253,167075638,171640555.0,9.451,4845000000,0,7000000.0,56000000,28.999,171000000
63,CCK,ARQ,2005-12-31,2006-03-16,2005-12-31,2021-07-23,-1219000000,6545000000,,1845000000,4700000000,,-1.409,-63000000.0,294000000,294000000,1439000000.0,-458000000.0,0.95,-28.733,3403000000,211000000,3192000000,3403000000,0,282000000.0,0,0.0,0.0,-395000000.0,-113000000.0,-0.069,-113000000.0,-395000000.0,-473000000.0,-2.76,-2.68,-2.76,-236000000,,-236000000,6285459429,-2095.0,22.529,-286000000.0,-1.707,1.0,190000000.0,0.117,2013000000,78000000.0,5698000000,,810000000,0,0,0,6781000000,1943000000,4838000000,3176459429,19000000.0,627000000.0,-16000000.0,-339000000.0,0.0,-365000000.0,609000000.0,0.0,-223000000.0,-2000000.0,-458000000.0,-458000000.0,-458000000.0,30000000.0,0.0,-0.281,142000000.0,48000000.0,1674000000,0.0,-13.46,-8.775,-8.697,1607000000,0.0,18.96,0.46,0.46,686000000,-1526000000.0,1629000000.0,1629000000.0,0.0,,,,,0.0,87000000.0,1.0,167534780,167534780,,9.723,4532000000,0,-15000000.0,58000000,27.051,-98000000
64,CCK,ARQ,2005-09-30,2005-10-28,2005-09-30,2021-07-23,0,7728000000,,3041000000,4687000000,,1.249,-40000000.0,275000000,275000000,1344000000.0,78000000.0,1.461,36.333,3705000000,87000000,3618000000,3705000000,0,0.0,0,0.0,0.0,177000000.0,177000000.0,0.114,177000000.0,177000000.0,83000000.0,0.47,0.46,0.47,207000000,,207000000,6086858446,13.0,7.705,114000000.0,0.688,1.0,215000000.0,0.138,2038000000,94000000.0,7038000000,,856000000,0,0,0,7521000000,2082000000,5439000000,2656858446,10000000.0,0.0,2000000.0,-46000000.0,0.0,-51000000.0,-89000000.0,0.0,154000000.0,-4000000.0,78000000.0,78000000.0,78000000.0,-19000000.0,0.0,0.05,67000000.0,148000000.0,1749000000,0.0,12.835,38.505,37.952,1636000000,0.0,15.94,0.378,0.376,944000000,,1559000000.0,1559000000.0,0.0,,,,,0.0,64000000.0,1.0,166678698,165793699,171766529.0,9.403,5690000000,0,5000000.0,46000000,34.32,959000000
65,CCK,ARQ,2005-06-30,2005-08-05,2005-06-30,2021-07-23,0,7651000000,,2333000000,5318000000,,0.972,-13000000.0,265000000,265000000,1729000000.0,28000000.0,1.142,46.522,3707000000,72000000,3635000000,3707000000,0,0.0,0,0.0,0.0,131000000.0,131000000.0,0.065,131000000.0,131000000.0,36000000.0,0.17,0.16,0.17,161000000,,161000000,6162558201,13.0,7.761,215000000.0,1.298,1.0,288000000.0,0.143,2421000000,95000000.0,6629000000,,1009000000,84000000,0,84000000,7490000000,2043000000,5447000000,2720558201,-75000000.0,0.0,-5000000.0,-255000000.0,0.0,-279000000.0,-15000000.0,0.0,228000000.0,-9000000.0,28000000.0,28000000.0,28000000.0,0.0,0.0,0.014,85000000.0,203000000.0,1911000000,0.0,16.898,55.522,54.5,1798000000,0.0,16.35,0.365,0.363,987000000,,2017000000.0,2017000000.0,0.0,,,,,0.0,102000000.0,1.0,166394997,165694221,171526145.0,12.173,5230000000,0,8000000.0,60000000,31.564,290000000
66,CCK,ARQ,2005-06-30,2005-08-04,2005-06-30,2021-07-23,0,7651000000,,2333000000,5318000000,,0.972,-13000000.0,265000000,265000000,1729000000.0,28000000.0,1.142,46.522,3707000000,72000000,3635000000,3707000000,0,0.0,0,0.0,0.0,131000000.0,131000000.0,0.065,131000000.0,131000000.0,36000000.0,0.17,0.16,0.17,161000000,,161000000,6182525601,13.0,7.787,215000000.0,1.298,1.0,288000000.0,0.143,2421000000,95000000.0,6629000000,,1009000000,84000000,0,84000000,7490000000,2043000000,5447000000,2740525601,-75000000.0,0.0,-5000000.0,-255000000.0,0.0,-279000000.0,-15000000.0,0.0,228000000.0,-9000000.0,28000000.0,28000000.0,28000000.0,0.0,0.0,0.014,85000000.0,203000000.0,1911000000,0.0,17.022,55.929,54.9,1798000000,0.0,16.47,0.367,0.366,987000000,,2017000000.0,2017000000.0,0.0,,,,,0.0,102000000.0,1.0,166394997,165694221,171526145.0,12.173,5230000000,0,8000000.0,60000000,31.564,290000000
67,CCK,ARQ,2005-03-31,2005-05-04,2005-03-31,2021-07-23,0,8079000000,,2483000000,5596000000,,1.375,-36000000.0,340000000,340000000,1496000000.0,-10000000.0,1.23,34.434,4023000000,139000000,3884000000,4023000000,0,0.0,0,0.0,0.0,84000000.0,84000000.0,0.049,84000000.0,84000000.0,-10000000.0,-0.06,-0.06,-0.06,228000000,,228000000,6227987845,13.0,7.746,-317000000.0,-1.912,1.0,207000000.0,0.122,2533000000,94000000.0,7210000000,,1059000000,82000000,0,82000000,7851000000,2019000000,5832000000,2544987845,-131000000.0,0.0,-3000000.0,210000000.0,0.0,198000000.0,-41000000.0,0.0,-281000000.0,-7000000.0,-10000000.0,-10000000.0,-10000000.0,0.0,0.0,-0.006,91000000.0,116000000.0,1819000000,0.0,11.162,44.649,43.771,1905000000,0.0,15.32,0.35,0.349,995000000,,1703000000.0,1703000000.0,0.0,,,,,0.0,96000000.0,1.0,166121922,165819217,165819217.0,10.27,5546000000,0,0.0,61000000,33.446,464000000
68,CCK,ARQ,2004-12-31,2005-03-11,2004-12-31,2021-07-23,-1087000000,8125000000,,2343000000,5782000000,,1.66,-14000000.0,471000000,471000000,1558000000.0,-27000000.0,1.126,28.332,3872000000,76000000,3796000000,3872000000,0,308000000.0,0,0.0,0.0,90000000.0,398000000.0,0.228,398000000.0,90000000.0,-1000000.0,-0.16,-0.17,-0.16,277000000,,277000000,6211105990,13.0,7.745,360000000.0,2.157,1.0,190000000.0,0.109,2592000000,91000000.0,6854000000,,894000000,85000000,0,85000000,7848000000,2080000000,5768000000,2810105990,176000000.0,0.0,1000000.0,-30000000.0,0.0,-203000000.0,-16000000.0,0.0,374000000.0,21000000.0,-27000000.0,-27000000.0,-27000000.0,0.0,0.0,-0.015,182000000.0,8000000.0,1943000000,0.0,10.145,55.1,54.323,2002000000,0.0,16.84,0.39,0.39,900000000,-1164000000.0,1748000000.0,1748000000.0,0.0,,,,,0.0,94000000.0,1.0,166870902,166870902,,10.475,5533000000,0,26000000.0,61000000,33.157,263000000
69,CCK,ARQ,2004-09-30,2004-11-05,2004-09-30,2021-07-23,0,7904000000,,2382000000,5522000000,,1.409,-24000000.0,295000000,295000000,1719000000.0,58000000.0,1.127,32.923,3959000000,190000000,3769000000,3959000000,0,0.0,0,0.0,0.0,181000000.0,181000000.0,0.091,181000000.0,181000000.0,90000000.0,0.35,0.35,0.35,233000000,,233000000,5759648509,12.0,6.981,72000000.0,0.436,1.0,273000000.0,0.137,2452000000,91000000.0,7002000000,,911000000,85000000,0,85000000,7671000000,2114000000,5557000000,2095648509,44000000.0,0.0,1000000.0,91000000.0,0.0,-28000000.0,-24000000.0,0.0,96000000.0,0.0,58000000.0,58000000.0,58000000.0,0.0,0.0,0.029,88000000.0,185000000.0,1860000000,0.0,8.994,33.264,33.342,1959000000,0.0,12.67,0.298,0.297,1117000000,,1992000000.0,1992000000.0,0.0,,,,,0.0,87000000.0,1.0,165402408,165310712,168000750.0,12.05,5452000000,0,32000000.0,64000000,32.98,268000000
70,CCK,ARQ,2004-06-30,2004-08-03,2004-06-30,2021-07-23,0,7868000000,,2329000000,5539000000,,1.078,-24000000.0,251000000,251000000,1580000000.0,33000000.0,1.113,43.202,3904000000,195000000,3709000000,3904000000,0,0.0,0,0.0,0.0,138000000.0,138000000.0,0.075,138000000.0,138000000.0,49000000.0,0.2,0.2,0.2,178000000,,178000000,5306014160,12.0,8.558,107000000.0,0.648,1.0,256000000.0,0.139,2430000000,89000000.0,6999000000,,978000000,81000000,0,81000000,7690000000,2092000000,5598000000,1653014160,8000000.0,0.0,0.0,84000000.0,0.0,-101000000.0,-20000000.0,0.0,131000000.0,-2000000.0,33000000.0,33000000.0,33000000.0,0.0,0.0,0.018,90000000.0,166000000.0,1843000000,0.0,9.287,-1653.014,,1992000000,0.0,10.0,0.239,0.239,1030000000,,1836000000.0,1836000000.0,0.0,,,,,0.0,90000000.0,1.0,165301416,165165133,167343493.0,11.116,5438000000,0,16000000.0,54000000,32.925,237000000
71,CCK,ARQ,2004-03-31,2004-05-07,2004-03-31,2021-07-23,0,7887000000,,2253000000,5634000000,,1.0,-37000000.0,263000000,263000000,1440000000.0,-18000000.0,1.123,46.8,4042000000,194000000,3848000000,4042000000,0,0.0,0,0.0,0.0,80000000.0,80000000.0,0.049,80000000.0,80000000.0,-10000000.0,-0.11,-0.11,-0.11,165000000,,165000000,5133198569,11.0,7.271,-234000000.0,-1.418,1.0,183000000.0,0.113,2450000000,90000000.0,7209000000,,954000000,85000000,0,85000000,7722000000,2007000000,5715000000,1354198569,-158000000.0,0.0,1000000.0,-353000000.0,0.0,86000000.0,-47000000.0,0.0,-197000000.0,0.0,-18000000.0,-18000000.0,-18000000.0,0.0,0.0,-0.011,92000000.0,91000000.0,1755000000,0.0,8.207,-84.637,-91.111,2057000000,0.0,8.2,0.199,0.199,941000000,,1623000000.0,1623000000.0,0.0,,,,,0.0,92000000.0,1.0,165146167,165075996,165075996.0,9.832,5437000000,0,8000000.0,58000000,32.936,246000000
72,CCK,ARQ,2003-12-31,2004-03-12,2003-12-31,2021-07-23,-1170000000,7773000000,,2122000000,5651000000,,0.848,-30000000.0,401000000,401000000,1433000000.0,-10000000.0,1.042,54.521,3939000000,230000000,3709000000,3939000000,0,326000000.0,0,0.0,0.0,100000000.0,426000000.0,0.268,426000000.0,100000000.0,1000000.0,-0.06,-0.06,-0.06,140000000,,140000000,5040464482,11.0,6.563,334000000.0,2.023,1.0,158000000.0,0.099,2442000000,99000000.0,6833000000,,815000000,83000000,0,83000000,7633000000,2036000000,5597000000,1502464482,114000000.0,0.0,0.0,-367000000.0,0.0,-283000000.0,109000000.0,0.0,364000000.0,14000000.0,-10000000.0,-10000000.0,-10000000.0,0.0,0.0,-0.006,185000000.0,-27000000.0,1744000000,0.0,10.732,-46.952,-47.895,2112000000,0.0,9.1,0.227,0.227,817000000,-1215000000.0,1591000000.0,1591000000.0,0.0,,,,,0.0,95000000.0,1.0,165105987,165105987,,9.636,5331000000,0,11000000.0,62000000,32.288,86000000
73,CCK,ARQ,2003-09-30,2003-11-07,2003-09-30,2021-07-23,0,8018000000,,2444000000,5574000000,,-0.461,-17000000.0,432000000,432000000,1613000000.0,-6000000.0,1.203,-106.5,4272000000,250000000,4022000000,4272000000,0,-163000000.0,0,0.0,0.0,139000000.0,-24000000.0,-0.013,-24000000.0,139000000.0,39000000.0,-0.03,-0.03,-0.03,-76000000,,-76000000,5159973424,,,138000000.0,0.837,1.0,240000000.0,0.13,2373000000,100000000.0,7454000000,,858000000,84000000,0,84000000,8094000000,2031000000,6063000000,1319973424,11000000.0,0.0,0.0,-102000000.0,0.0,135000000.0,-10000000.0,0.0,155000000.0,35000000.0,-6000000.0,-6000000.0,-6000000.0,0.0,0.0,-0.003,129000000.0,111000000.0,1734000000,0.0,-17.368,,,2081000000,0.0,8.0,,,1099000000,,1853000000.0,1853000000.0,0.0,,,,,0.0,80000000.0,1.0,164996678,164948690,166227852.0,11.234,5645000000,0,45000000.0,47000000,34.223,413000000
74,CCK,ARQ,2003-06-30,2003-08-18,2003-06-30,2021-07-23,0,8207000000,,2530000000,5677000000,,-0.34,-24000000.0,438000000,438000000,1507000000.0,18000000.0,1.221,-147.554,4364000000,252000000,4112000000,4364000000,0,85000000.0,0,0.0,0.0,139000000.0,224000000.0,0.13,224000000.0,139000000.0,38000000.0,0.11,0.11,0.11,-56000000,,-56000000,5139975048,,,47000000.0,0.285,1.0,219000000.0,0.127,2362000000,101000000.0,7699000000,,975000000,93000000,0,93000000,8263000000,2072000000,6191000000,1213975048,11000000.0,0.0,2000000.0,-179000000.0,0.0,167000000.0,94000000.0,0.0,71000000.0,-13000000.0,18000000.0,18000000.0,18000000.0,0.0,0.0,0.01,78000000.0,141000000.0,1762000000,0.0,-21.678,,,2176000000,0.0,7.36,,,1050000000,,1726000000.0,1726000000.0,0.0,,,,,0.0,81000000.0,1.0,164942262,164916169,166782495.0,10.466,5845000000,0,20000000.0,58000000,35.442,458000000
75,CCK,ARQ,2003-06-30,2003-08-08,2003-06-30,2021-07-23,0,8229000000,,2530000000,5699000000,,-0.473,-24000000.0,438000000,438000000,1507000000.0,-4000000.0,1.221,-106.5,4364000000,252000000,4112000000,4364000000,0,85000000.0,0,0.0,0.0,117000000.0,202000000.0,0.117,202000000.0,117000000.0,16000000.0,-0.02,-0.02,-0.02,-78000000,,-78000000,5123480822,,,47000000.0,0.285,1.0,219000000.0,0.127,2362000000,101000000.0,7721000000,,975000000,115000000,0,115000000,8307000000,2072000000,6235000000,1197480822,11000000.0,0.0,2000000.0,-179000000.0,0.0,167000000.0,94000000.0,0.0,71000000.0,-13000000.0,-4000000.0,-4000000.0,-4000000.0,0.0,0.0,-0.002,78000000.0,141000000.0,1762000000,0.0,-15.352,,,2176000000,0.0,7.26,,,1050000000,,1726000000.0,1726000000.0,0.0,,,,,0.0,81000000.0,1.0,164942262,164916169,166782495.0,10.466,5867000000,0,20000000.0,58000000,35.576,458000000
76,CCK,ARQ,2003-03-31,2003-05-20,2003-03-31,2021-07-23,0,8055000000,,2498000000,5557000000,,-0.317,-14000000.0,545000000,545000000,1312000000.0,-34000000.0,1.19,-155.904,4494000000,394000000,4100000000,4494000000,0,78000000.0,0,0.0,0.0,64000000.0,142000000.0,0.097,142000000.0,64000000.0,-15000000.0,-0.21,-0.21,-0.21,-52000000,,-52000000,5075222380,,,-170000000.0,-1.038,1.0,148000000.0,0.101,2289000000,79000000.0,7615000000,,917000000,112000000,0,112000000,8107000000,2100000000,6007000000,1126222380,-98000000.0,0.0,0.0,350000000.0,0.0,-347000000.0,-293000000.0,0.0,-156000000.0,-4000000.0,-34000000.0,-34000000.0,-34000000.0,0.0,0.0,-0.023,81000000.0,67000000.0,1642000000,0.0,-21.658,,,2170000000,0.0,6.83,,,929000000,,1460000000.0,1460000000.0,0.0,,,,,0.0,81000000.0,1.0,164893467,163843107,163843107.0,8.911,5766000000,0,19000000.0,64000000,35.192,398000000
77,CCK,ARQ,2003-03-31,2003-05-15,2003-03-31,2021-07-23,0,8055000000,,2498000000,5557000000,,-0.317,-14000000.0,545000000,545000000,1312000000.0,-34000000.0,1.19,-155.904,4494000000,394000000,4100000000,4494000000,0,78000000.0,0,0.0,0.0,64000000.0,142000000.0,0.097,142000000.0,64000000.0,-15000000.0,-0.21,-0.21,-0.21,-52000000,,-52000000,5101605334,,,-170000000.0,-1.038,1.0,148000000.0,0.101,2289000000,79000000.0,7615000000,,917000000,112000000,0,112000000,8107000000,2100000000,6007000000,1152605334,-98000000.0,0.0,0.0,350000000.0,0.0,-67000000.0,-13000000.0,0.0,-156000000.0,-4000000.0,-34000000.0,-34000000.0,-34000000.0,0.0,0.0,-0.023,81000000.0,67000000.0,1642000000,0.0,-22.165,,,2170000000,0.0,6.99,,,929000000,,1460000000.0,1460000000.0,0.0,,,,,0.0,81000000.0,1.0,164893467,163843107,163843107.0,8.911,5766000000,0,19000000.0,64000000,35.192,398000000
78,CCK,ARQ,2002-12-31,2003-03-31,2002-12-31,2021-07-23,-1386000000,7505000000,,2024000000,5481000000,,-0.531,,363000000,363000000,,,0.892,-87.264,4054000000,666000000,3388000000,4054000000,0,,0,0.0,0.0,,,,,,,,,,-87000000,,-87000000,4617683008,-6.0,-10.082,,,1.0,,,2269000000,,6657000000,,779000000,111000000,0,111000000,7592000000,2270000000,5322000000,926683008,,,,,,,,,,,,,,,,,,,1541000000,,-10.652,-0.769,-4.226,2212000000,,5.62,0.136,0.136,806000000,-1183000000.0,,,,,,,,,,1.0,164890215,163843107,,,5236000000,0,,63000000,31.957,-246000000
0,CCK,ART,2021-06-30,2021-07-23,2021-06-30,2021-07-23,0,16695000000,16293500000.0,7105000000,9590000000,0.74,17.219,-697000000.0,566000000,566000000,9932000000.0,851000000.0,1.574,6.176,8232000000,212000000,8020000000,8232000000,0,481000000.0,0,0.004,0.4,1361000000.0,1842000000.0,0.153,1842000000.0,1361000000.0,1078000000.0,5.29,5.23,5.29,2262000000,2186500000.0,2262000000,20806717833,15.0,11.296,1025000000.0,7.803,1.0,2131000000.0,0.177,4770000000,283000000.0,15077000000,13909500000.0,1492000000,0,0,0,13971000000,4514000000,9457000000,13140717833,237000000.0,0.0,-303000000.0,-427000000.0,-53000000.0,-858000000.0,-662000000.0,26000000.0,1722000000.0,35000000.0,704000000.0,704000000.0,704000000.0,3000000.0,147000000.0,0.058,619000000.0,1512000000.0,2236000000,0.076,5.809,18.666,18.909,3962000000,0.0,100.03,1.089,1.089,1766000000,,12063000000.0,12063000000.0,0.0,0.043,0.322,0.098,0.113,34000000.0,624000000.0,1.0,131367768,131367768,,91.826,11925000000,0,374000000.0,0,90.776,2591000000
1,CCK,ART,2021-03-31,2021-04-23,2021-03-31,2021-07-23,0,16180000000,15936000000.0,4603000000,11577000000,0.746,17.621,-594000000.0,588000000,588000000,9849000000.0,819000000.0,1.226,5.626,8244000000,216000000,8028000000,8244000000,0,486000000.0,0,0.002,0.2,1274000000.0,1760000000.0,0.148,1760000000.0,1274000000.0,983000000.0,5.28,5.22,5.28,2377000000,2074750000.0,2377000000,22442274677,18.0,12.751,943000000.0,6.99,1.0,2047000000.0,0.172,6280000000,291000000.0,13800000000,13562500000.0,1817000000,0,0,0,13372000000,3756000000,9616000000,14786274677,-154000000.0,0.0,-19000000.0,-1089000000.0,-27000000.0,-1176000000.0,-559000000.0,27000000.0,1537000000.0,44000000.0,702000000.0,702000000.0,702000000.0,0.0,117000000.0,0.059,645000000.0,1402000000.0,2500000000,0.038,6.221,21.063,20.759,4393000000,0.0,109.61,1.243,1.243,1868000000,,11896000000.0,11896000000.0,0.0,0.044,0.338,0.094,0.107,33000000.0,616000000.0,1.0,134898957,134898957,,88.185,9900000000,0,281000000.0,0,73.388,847000000
2,CCK,ART,2020-12-31,2021-02-26,2020-12-31,2021-07-23,-3193000000,16670000000,15774250000.0,4883000000,11787000000,0.734,16.289,-571000000.0,1173000000,1173000000,9663000000.0,688000000.0,1.146,6.399,8430000000,243000000,8187000000,8430000000,0,481000000.0,0,0.0,0.0,1123000000.0,1604000000.0,0.139,1604000000.0,1123000000.0,823000000.0,4.34,4.3,4.34,2198000000,1896500000.0,2198000000,20151496487,18.0,12.563,744000000.0,5.514,1.0,1912000000.0,0.165,6473000000,300000000.0,13193000000,13714250000.0,1673000000,0,0,0,14066000000,4261000000,9805000000,12894496487,575000000.0,0.0,-64000000.0,-133000000.0,0.0,-239000000.0,-535000000.0,28000000.0,1315000000.0,34000000.0,579000000.0,579000000.0,579000000.0,0.0,109000000.0,0.05,648000000.0,1264000000.0,2845000000,0.0,5.866,22.27,22.018,4412000000,0.0,95.56,1.114,1.114,1783000000,4538000000.0,11575000000.0,11575000000.0,0.0,0.037,0.305,0.082,0.097,32000000.0,614000000.0,1.0,134936129,134936129,,85.781,10197000000,0,244000000.0,0,75.569,622000000
3,CCK,ART,2020-09-30,2020-10-23,2020-09-30,2021-07-23,0,15629000000,15483000000.0,4330000000,11299000000,0.737,14.166,-493000000.0,613000000,613000000,9604000000.0,616000000.0,1.195,6.973,8456000000,257000000,8199000000,8456000000,0,484000000.0,0,0.0,0.0,989000000.0,1473000000.0,0.129,1473000000.0,989000000.0,673000000.0,3.87,3.82,3.87,1909000000,1775250000.0,1909000000,20022843336,20.0,13.593,778000000.0,5.773,1.0,1800000000.0,0.158,6280000000,316000000.0,13568000000,13595000000.0,1642000000,0,0,0,13311000000,3624000000,9687000000,12179843336,290000000.0,0.0,-62000000.0,-375000000.0,0.0,-515000000.0,-467000000.0,30000000.0,1271000000.0,1000000.0,515000000.0,515000000.0,515000000.0,0.0,101000000.0,0.045,674000000.0,1126000000.0,2320000000,0.0,6.38,23.65,23.354,4098000000,0.0,90.38,1.068,1.068,1821000000,,11404000000.0,11404000000.0,0.0,0.033,0.29,0.073,0.087,29000000.0,614000000.0,1.0,134762595,134762595,,84.623,9349000000,0,158000000.0,0,69.374,706000000
4,CCK,ART,2020-06-30,2020-07-27,2020-06-30,2021-07-23,0,15265000000,15410000000.0,3973000000,11292000000,0.735,13.468,-449000000.0,366000000,366000000,9581000000.0,575000000.0,1.153,7.187,8411000000,257000000,8154000000,8411000000,0,484000000.0,0,0.0,0.0,944000000.0,1428000000.0,0.126,1428000000.0,944000000.0,605000000.0,3.63,3.59,3.63,1815000000,1702750000.0,1815000000,17804723811,19.0,12.468,703000000.0,5.216,1.0,1740000000.0,0.154,6174000000,339000000.0,13689000000,13569500000.0,1747000000,0,0,0,13044000000,3447000000,9597000000,9759723811,30000000.0,-11000000.0,-61000000.0,-536000000.0,0.0,-689000000.0,-421000000.0,32000000.0,1152000000.0,-12000000.0,484000000.0,484000000.0,484000000.0,0.0,91000000.0,0.043,668000000.0,1072000000.0,2183000000,0.0,5.377,20.165,19.95,4021000000,0.0,72.42,0.862,0.862,1604000000,,11321000000.0,11321000000.0,0.0,0.031,0.284,0.07,0.083,28000000.0,618000000.0,1.0,134765587,134765587,,84.005,9091000000,0,121000000.0,0,67.458,526000000
5,CCK,ART,2020-03-31,2020-04-30,2020-03-31,2021-07-23,0,15533000000,15485000000.0,4250000000,11283000000,0.753,12.356,-433000000.0,765000000,765000000,9849000000.0,608000000.0,1.313,8.101,9019000000,231000000,8788000000,9019000000,0,490000000.0,0,0.0,0.0,1011000000.0,1501000000.0,0.129,1501000000.0,1011000000.0,651000000.0,3.7,3.67,3.7,1664000000,1572500000.0,1664000000,16928442063,17.0,11.278,789000000.0,5.859,1.0,1818000000.0,0.156,6142000000,360000000.0,14407000000,13658500000.0,1668000000,0,0,0,13480000000,3238000000,10242000000,8674442063,473000000.0,-11000000.0,-60000000.0,-156000000.0,0.0,-321000000.0,-406000000.0,31000000.0,1222000000.0,-22000000.0,495000000.0,495000000.0,495000000.0,0.0,113000000.0,0.042,638000000.0,1180000000.0,2077000000,0.0,5.213,17.524,17.408,3959000000,0.0,64.41,0.744,0.744,1554000000,,11667000000.0,11667000000.0,0.0,0.032,0.315,0.074,0.087,31000000.0,636000000.0,1.0,134675393,134675393,,86.631,9391000000,0,156000000.0,0,69.731,1012000000
6,CCK,ART,2019-12-31,2020-02-28,2019-12-31,2021-07-23,-3131000000,15505000000,15441000000.0,4002000000,11503000000,0.755,12.618,-393000000.0,607000000,607000000,9839000000.0,625000000.0,1.026,7.83,8162000000,188000000,7974000000,8162000000,0,490000000.0,0,0.0,0.0,1054000000.0,1544000000.0,0.132,1544000000.0,1054000000.0,676000000.0,3.81,3.78,3.81,1713000000,1440000000.0,1713000000,17125615405,16.0,11.092,770000000.0,5.672,1.0,1826000000.0,0.157,6445000000,378000000.0,12716000000,13655750000.0,1626000000,0,0,0,13413000000,3899000000,9514000000,9570615405,4000000.0,-11000000.0,-3000000.0,-672000000.0,0.0,-786000000.0,-374000000.0,23000000.0,1163000000.0,1000000.0,510000000.0,510000000.0,510000000.0,0.0,115000000.0,0.044,630000000.0,1196000000.0,2646000000,0.0,5.587,18.766,18.504,4091000000,0.0,70.5,0.82,0.82,1528000000,3959000000.0,11665000000.0,11665000000.0,0.0,0.033,0.354,0.077,0.09,29000000.0,631000000.0,1.0,135753410,135753410,,85.928,9060000000,0,166000000.0,0,66.739,103000000
7,CCK,ART,2019-09-30,2019-10-31,2019-09-30,2021-07-23,0,15337000000,15380250000.0,4082000000,11255000000,0.755,11.946,-373000000.0,339000000,339000000,9792000000.0,584000000.0,1.124,8.225,8467000000,267000000,8200000000,8467000000,0,486000000.0,0,0.0,0.0,1078000000.0,1564000000.0,0.135,1564000000.0,1078000000.0,686000000.0,3.55,3.55,3.55,1619000000,1246000000.0,1619000000,17999807949,17.0,11.509,631000000.0,4.656,1.0,1816000000.0,0.156,6367000000,392000000.0,13466000000,13676500000.0,1740000000,0,0,0,13316000000,3632000000,9684000000,9871807949,44000000.0,-11000000.0,2000000.0,-526000000.0,0.0,-614000000.0,-340000000.0,45000000.0,1004000000.0,-6000000.0,476000000.0,476000000.0,476000000.0,0.0,108000000.0,0.041,601000000.0,1215000000.0,2409000000,0.0,6.097,20.739,20.518,3939000000,0.0,72.84,0.85,0.85,1795000000,,11608000000.0,11608000000.0,0.0,0.031,0.382,0.079,0.093,33000000.0,626000000.0,1.0,135527292,135527292,,85.651,8970000000,0,210000000.0,0,66.186,450000000
8,CCK,ART,2019-06-30,2019-07-29,2019-06-30,2021-07-23,0,15565000000,15379750000.0,4214000000,11351000000,0.761,9.548,-374000000.0,342000000,342000000,9873000000.0,573000000.0,1.168,10.715,8984000000,270000000,8714000000,8984000000,0,492000000.0,0,0.0,0.0,1117000000.0,1609000000.0,0.138,1609000000.0,1117000000.0,715000000.0,3.41,3.42,3.41,1294000000,1076500000.0,1294000000,17344207098,16.0,10.779,462000000.0,3.409,1.0,1825000000.0,0.156,6554000000,402000000.0,14045000000,13748250000.0,1837000000,0,0,0,13865000000,3608000000,10257000000,8702207098,90000000.0,-5000000.0,1000000.0,-450000000.0,0.0,-530000000.0,-188000000.0,195000000.0,836000000.0,-28000000.0,457000000.0,457000000.0,457000000.0,0.0,116000000.0,0.039,597000000.0,1228000000.0,2355000000,0.0,6.725,19.042,18.83,3970000000,0.0,64.21,0.744,0.744,1830000000,,11698000000.0,11698000000.0,0.0,0.03,0.425,0.081,0.095,32000000.0,623000000.0,1.0,135527287,135527287,,86.315,9011000000,0,258000000.0,0,66.488,606000000
9,CCK,ART,2019-03-31,2019-04-29,2019-03-31,2021-07-23,0,15357000000,15328500000.0,4024000000,11333000000,0.764,8.379,-404000000.0,301000000,301000000,9912000000.0,546000000.0,1.204,12.218,9236000000,255000000,8981000000,9236000000,0,482000000.0,0,0.0,0.0,1085000000.0,1567000000.0,0.134,1567000000.0,1085000000.0,677000000.0,3.38,3.39,3.38,1134000000,949000000.0,1134000000,16829306138,16.0,10.74,252000000.0,1.862,1.0,1797000000.0,0.153,6554000000,408000000.0,14396000000,13772750000.0,1851000000,0,0,0,13855000000,3342000000,10513000000,7894306138,-1863000000.0,-3912000000.0,-1000000.0,1600000000.0,0.0,1495000000.0,-3965000000.0,355000000.0,656000000.0,-49000000.0,452000000.0,452000000.0,452000000.0,0.0,94000000.0,0.039,660000000.0,1137000000.0,2223000000,0.0,6.961,17.465,17.257,3947000000,0.0,58.33,0.674,0.674,1686000000,,11709000000.0,11709000000.0,0.0,0.029,0.476,0.079,0.093,29000000.0,625000000.0,1.0,135338696,135338696,,86.516,8803000000,0,225000000.0,0,65.044,682000000
10,CCK,ART,2018-12-31,2019-02-28,2018-12-31,2021-07-23,-3374000000,15262000000,14759000000.0,4079000000,11183000000,0.756,6.923,-426000000.0,607000000,607000000,9453000000.0,528000000.0,1.042,14.916,8692000000,175000000,8517000000,8692000000,0,425000000.0,0,0.0,0.0,1039000000.0,1464000000.0,0.131,1464000000.0,1039000000.0,655000000.0,3.28,3.28,3.28,937000000,856750000.0,937000000,15432504635,15.0,10.541,145000000.0,1.071,1.0,1698000000.0,0.152,6635000000,384000000.0,12799000000,13240500000.0,1690000000,0,0,0,13976000000,3913000000,10063000000,7347504635,224000000.0,-3937000000.0,-3000000.0,3610000000.0,0.0,3533000000.0,-3843000000.0,524000000.0,571000000.0,-37000000.0,439000000.0,439000000.0,439000000.0,0.0,89000000.0,0.039,602000000.0,1096000000.0,2732000000,0.0,7.842,16.737,16.552,3745000000,0.0,54.29,0.659,0.659,1602000000,3449000000.0,11151000000.0,11151000000.0,0.0,0.03,0.512,0.078,0.093,27000000.0,558000000.0,1.0,135338085,135338085,,82.394,8627000000,0,216000000.0,0,63.744,166000000
11,CCK,ART,2018-09-30,2018-10-29,2018-09-30,2021-07-23,0,15335000000,13609250000.0,4098000000,11237000000,0.778,6.961,-494000000.0,298000000,298000000,8931000000.0,392000000.0,1.138,14.904,9070000000,142000000,8928000000,9070000000,0,369000000.0,0,0.0,0.0,1063000000.0,1432000000.0,0.135,1432000000.0,1063000000.0,716000000.0,2.25,2.25,2.25,941000000,772750000.0,941000000,14360761504,14.0,10.028,-454000000.0,-3.358,1.0,1654000000.0,0.156,6753000000,347000000.0,13753000000,12244250000.0,1639000000,0,0,0,14025000000,3601000000,10424000000,5588761504,-31000000.0,-3937000000.0,-2000000.0,3964000000.0,0.0,3902000000.0,-3939000000.0,500000000.0,40000000.0,-34000000.0,297000000.0,297000000.0,297000000.0,0.0,95000000.0,0.028,554000000.0,1100000000.0,2507000000,0.0,5.939,18.817,18.373,3722000000,0.0,41.34,0.528,0.528,1968000000,,10585000000.0,10585000000.0,0.0,0.022,0.384,0.087,0.1,24000000.0,501000000.0,1.0,135190167,135190167,,78.297,8582000000,0,419000000.0,0,63.481,497000000
12,CCK,ART,2018-06-30,2018-08-02,2018-06-30,2021-07-23,0,15360000000,12399500000.0,4155000000,11205000000,0.797,5.799,-490000000.0,298000000,298000000,8293000000.0,407000000.0,1.177,18.142,9351000000,115000000,9236000000,9351000000,0,305000000.0,0,0.0,0.0,1012000000.0,1317000000.0,0.133,1317000000.0,1012000000.0,706000000.0,2.34,2.34,2.34,784000000,737000000.0,784000000,15055273718,15.0,11.431,-254000000.0,-1.879,1.0,1586000000.0,0.161,6741000000,306000000.0,14143000000,10994750000.0,1737000000,0,0,0,14223000000,3529000000,10694000000,6002273718,-5000000.0,-3932000000.0,-64000000.0,3988000000.0,0.0,3873000000.0,-4111000000.0,335000000.0,236000000.0,-3000000.0,310000000.0,310000000.0,310000000.0,0.0,97000000.0,0.031,504000000.0,1082000000.0,2452000000,0.0,7.656,19.362,18.974,3688000000,0.0,44.4,0.608,0.608,1790000000,,9879000000.0,9879000000.0,0.0,0.025,0.421,0.092,0.102,24000000.0,438000000.0,1.0,135186345,135186345,,73.077,8619000000,0,396000000.0,0,63.756,626000000
13,CCK,ART,2018-03-31,2018-05-02,2018-03-31,2021-07-23,0,13079000000,11126000000.0,5261000000,7818000000,0.808,5.696,-478000000.0,2201000000,2201000000,7494000000.0,408000000.0,1.839,15.643,7871000000,93000000,7778000000,7871000000,0,253000000.0,0,0.0,0.0,964000000.0,1217000000.0,0.135,1217000000.0,964000000.0,700000000.0,2.3,2.29,2.3,765000000,696500000.0,765000000,12041554679,12.0,9.894,-149000000.0,-1.109,1.0,1500000000.0,0.167,3621000000,264000000.0,12267000000,9713500000.0,1431000000,0,0,0,11967000000,2861000000,9106000000,6371554679,1862000000.0,-25000000.0,-205000000.0,2099000000.0,0.0,1856000000.0,-347000000.0,175000000.0,329000000.0,24000000.0,306000000.0,306000000.0,306000000.0,0.0,102000000.0,0.034,439000000.0,1061000000.0,2009000000,0.0,8.329,20.822,20.626,3322000000,0.0,47.44,0.708,0.708,1386000000,,8994000000.0,8994000000.0,0.0,0.028,0.439,0.099,0.107,25000000.0,371000000.0,1.0,134307645,134307645,,66.966,9458000000,0,394000000.0,0,70.42,2400000000
14,CCK,ART,2017-12-31,2018-02-26,2017-12-31,2021-07-23,-3241000000,10663000000,10323750000.0,3074000000,7589000000,0.843,4.475,-490000000.0,424000000,424000000,7199000000.0,428000000.0,0.946,16.206,5343000000,126000000,5217000000,5343000000,0,247000000.0,0,0.0,0.0,976000000.0,1223000000.0,0.141,1223000000.0,976000000.0,724000000.0,2.39,2.38,2.39,601000000,641000000.0,601000000,11801006482,12.0,9.649,270000000.0,2.01,1.0,1499000000.0,0.172,3518000000,252000000.0,8814000000,8891500000.0,1385000000,0,0,0,9740000000,3250000000,6490000000,6882006482,-135000000.0,0.0,-330000000.0,-4000000.0,0.0,-400000000.0,-509000000.0,0.0,760000000.0,14000000.0,323000000.0,323000000.0,323000000.0,0.0,105000000.0,0.037,422000000.0,1077000000.0,3124000000,0.0,11.451,21.307,21.439,3239000000,0.0,51.24,0.791,0.791,1041000000,3004000000.0,8698000000.0,8698000000.0,0.0,0.031,0.504,0.11,0.112,23000000.0,371000000.0,1.0,134309260,134309260,,64.761,7145000000,0,401000000.0,0,53.198,-176000000
15,CCK,ART,2017-09-30,2017-10-27,2017-09-30,2021-07-23,0,10496000000,10057750000.0,3153000000,7343000000,0.84,5.943,-493000000.0,374000000,374000000,6969000000.0,582000000.0,1.038,11.759,5232000000,118000000,5114000000,5232000000,0,242000000.0,0,0.0,0.0,939000000.0,1181000000.0,0.14,1181000000.0,939000000.0,690000000.0,3.51,3.5,3.51,798000000,582250000.0,798000000,12816353005,14.0,10.852,549000000.0,4.089,1.0,1484000000.0,0.176,3562000000,249000000.0,8755000000,8636000000.0,1430000000,0,0,0,9384000000,3037000000,6347000000,7958353005,-152000000.0,0.0,-329000000.0,-284000000.0,0.0,-688000000.0,-503000000.0,0.0,1042000000.0,-3000000.0,477000000.0,477000000.0,477000000.0,0.0,105000000.0,0.056,437000000.0,1047000000.0,2919000000,0.0,9.973,16.684,16.886,3066000000,0.0,59.27,0.941,0.941,1098000000,,8453000000.0,8453000000.0,0.0,0.047,0.819,0.109,0.111,21000000.0,365000000.0,1.0,134272870,134272870,,62.954,6934000000,0,213000000.0,0,51.641,116000000
16,CCK,ART,2017-06-30,2017-07-28,2017-06-30,2021-07-23,0,10266000000,9924500000.0,3020000000,7246000000,0.837,4.607,-515000000.0,301000000,301000000,6851000000.0,580000000.0,1.081,15.002,5359000000,97000000,5262000000,5359000000,0,242000000.0,0,0.0,0.0,909000000.0,1151000000.0,0.138,1151000000.0,909000000.0,665000000.0,3.51,3.49,3.51,622000000,500000000.0,622000000,13008541854,14.0,11.302,384000000.0,2.844,1.0,1460000000.0,0.176,3512000000,244000000.0,9018000000,8561500000.0,1490000000,0,0,0,9331000000,2794000000,6537000000,7950541854,-69000000.0,0.0,-264000000.0,-115000000.0,0.0,-446000000.0,-507000000.0,0.0,899000000.0,-15000000.0,483000000.0,483000000.0,483000000.0,0.0,97000000.0,0.058,445000000.0,1015000000.0,2697000000,0.0,12.782,16.461,16.778,3020000000,0.0,58.89,0.957,0.957,1005000000,,8311000000.0,8311000000.0,0.0,0.049,0.966,0.106,0.109,20000000.0,365000000.0,1.0,135006654,135006654,,61.56,6754000000,0,182000000.0,0,50.027,226000000
17,CCK,ART,2017-03-31,2017-04-28,2017-03-31,2021-07-23,0,9870000000,9802000000.0,2888000000,6982000000,0.846,3.99,-516000000.0,338000000,338000000,6827000000.0,617000000.0,1.157,16.595,5300000000,94000000,5206000000,5300000000,0,246000000.0,0,0.0,0.0,959000000.0,1205000000.0,0.145,1205000000.0,959000000.0,718000000.0,3.78,3.76,3.78,543000000,424000000.0,543000000,12595116745,13.0,10.452,502000000.0,3.689,1.0,1465000000.0,0.177,3357000000,241000000.0,8979000000,8404750000.0,1417000000,0,0,0,9011000000,2496000000,6515000000,7633116745,81000000.0,0.0,-121000000.0,-216000000.0,0.0,-413000000.0,-498000000.0,0.0,1018000000.0,-26000000.0,524000000.0,524000000.0,524000000.0,0.0,93000000.0,0.063,426000000.0,1039000000.0,2402000000,0.0,14.057,14.567,14.839,2898000000,0.0,56.09,0.921,0.921,899000000,,8292000000.0,8292000000.0,0.0,0.053,1.236,0.114,0.116,18000000.0,367000000.0,1.0,136086945,136086945,,60.932,6513000000,0,194000000.0,0,47.859,392000000
18,CCK,ART,2016-12-31,2017-02-24,2016-12-31,2021-07-23,-3400000000,9599000000,9819500000.0,2841000000,6758000000,0.844,2.623,-463000000.0,559000000,559000000,6830000000.0,583000000.0,0.981,24.402,4911000000,194000000,4717000000,4911000000,0,247000000.0,0,0.0,0.0,925000000.0,1172000000.0,0.141,1172000000.0,925000000.0,682000000.0,3.58,3.56,3.58,366000000,350500000.0,366000000,11793729636,13.0,10.063,467000000.0,3.347,1.0,1454000000.0,0.176,3263000000,243000000.0,7792000000,8394250000.0,1245000000,0,0,0,8931000000,2896000000,6035000000,7441729636,-158000000.0,0.0,2000000.0,-584000000.0,0.0,-616000000.0,-442000000.0,0.0,930000000.0,-30000000.0,496000000.0,496000000.0,496000000.0,0.0,87000000.0,0.06,433000000.0,1021000000.0,2702000000,0.0,20.333,15.003,14.897,2820000000,0.0,53.33,0.898,0.898,865000000,2621000000.0,8284000000.0,8284000000.0,0.0,0.051,1.415,0.11,0.112,20000000.0,368000000.0,1.0,139541152,139541152,,59.366,6336000000,0,186000000.0,0,45.406,-55000000
19,CCK,ART,2016-09-30,2016-10-28,2016-09-30,2021-07-23,0,9963000000,9924750000.0,3090000000,6873000000,0.845,3.355,-418000000.0,526000000,526000000,6930000000.0,576000000.0,1.105,19.582,5267000000,170000000,5097000000,5267000000,0,251000000.0,0,0.0,0.0,941000000.0,1192000000.0,0.142,1192000000.0,941000000.0,692000000.0,3.59,3.56,3.59,469000000,295000000.0,469000000,12306825384,13.0,10.325,599000000.0,4.285,1.0,1458000000.0,0.174,3450000000,249000000.0,8457000000,8529500000.0,1300000000,0,0,0,9184000000,2797000000,6387000000,7565825384,60000000.0,0.0,1000000.0,-500000000.0,0.0,-533000000.0,-402000000.0,0.0,1017000000.0,-22000000.0,497000000.0,497000000.0,497000000.0,0.0,79000000.0,0.059,428000000.0,1030000000.0,2627000000,0.0,16.132,15.223,15.075,2746000000,0.0,54.12,0.902,0.902,1047000000,,8388000000.0,8388000000.0,0.0,0.05,1.685,0.11,0.112,20000000.0,374000000.0,1.0,139797217,139797217,,60.001,6513000000,0,195000000.0,0,46.589,293000000
20,CCK,ART,2016-06-30,2016-07-29,2016-06-30,2021-07-23,0,9776000000,9991250000.0,2958000000,6818000000,0.853,2.277,-379000000.0,370000000,370000000,7074000000.0,530000000.0,1.046,28.783,5284000000,273000000,5011000000,5284000000,0,249000000.0,0,0.0,0.0,908000000.0,1157000000.0,0.136,1157000000.0,908000000.0,650000000.0,3.29,3.26,3.29,318000000,212750000.0,318000000,12312645983,14.0,10.642,655000000.0,4.689,1.0,1448000000.0,0.17,3472000000,258000000.0,8391000000,8710250000.0,1419000000,0,0,0,9153000000,2827000000,6326000000,7398645983,82000000.0,3000000.0,-2000000.0,-523000000.0,0.0,-554000000.0,-371000000.0,-11000000.0,1034000000.0,-27000000.0,455000000.0,455000000.0,455000000.0,0.0,75000000.0,0.053,452000000.0,996000000.0,2554000000,0.0,23.266,16.261,16.1,2700000000,0.0,52.97,0.868,0.868,929000000,,8522000000.0,8522000000.0,0.0,0.046,2.139,0.104,0.107,20000000.0,378000000.0,1.0,139676156,139676156,,61.013,6304000000,0,195000000.0,0,45.133,131000000
21,CCK,ART,2016-03-31,2016-04-29,2016-03-31,2021-07-23,0,9940000000,10137000000.0,2904000000,7036000000,0.854,1.785,-346000000.0,257000000,257000000,7223000000.0,498000000.0,1.068,37.699,5599000000,306000000,5293000000,5599000000,0,246000000.0,0,0.0,0.0,876000000.0,1122000000.0,0.13,1122000000.0,876000000.0,607000000.0,3.1,3.07,3.1,249000000,164750000.0,249000000,12728717278,15.0,11.345,489000000.0,3.506,1.0,1435000000.0,0.166,3627000000,269000000.0,8937000000,8970750000.0,1413000000,0,0,0,9387000000,2718000000,6669000000,7386717278,-23000000.0,11000000.0,-5000000.0,-458000000.0,0.0,-484000000.0,-350000000.0,-11000000.0,835000000.0,-24000000.0,428000000.0,428000000.0,428000000.0,0.0,70000000.0,0.049,457000000.0,978000000.0,2412000000,0.0,29.666,17.259,17.084,2727000000,0.0,52.96,0.853,0.853,980000000,,8658000000.0,8658000000.0,0.0,0.042,2.598,0.098,0.101,22000000.0,383000000.0,1.0,139477290,139477290,,62.075,6313000000,0,179000000.0,0,45.262,186000000
22,CCK,ART,2015-12-31,2016-02-29,2015-12-31,2021-07-23,-3154000000,10020000000,10188000000.0,3049000000,6971000000,0.86,1.031,-347000000.0,717000000,717000000,7353000000.0,461000000.0,1.048,66.562,5518000000,263000000,5255000000,5518000000,0,237000000.0,0,0.0,0.0,841000000.0,1078000000.0,0.123,1078000000.0,841000000.0,571000000.0,2.85,2.82,2.85,144000000,95750000.0,144000000,11341742508,13.0,10.521,609000000.0,4.362,1.0,1409000000.0,0.161,3580000000,270000000.0,8333000000,9110250000.0,1213000000,0,0,0,9585000000,2908000000,6677000000,6540742508,-248000000.0,-1174000000.0,-3000000.0,510000000.0,0.0,406000000.0,-1548000000.0,-11000000.0,956000000.0,-62000000.0,393000000.0,393000000.0,393000000.0,0.0,68000000.0,0.045,482000000.0,927000000.0,2645000000,0.0,45.422,16.643,16.439,2699000000,0.0,46.85,0.746,0.746,912000000,2175000000.0,8762000000.0,8762000000.0,0.0,0.039,4.104,0.092,0.096,27000000.0,390000000.0,1.0,139610299,139610299,,62.76,6440000000,0,178000000.0,0,46.128,141000000
23,CCK,ART,2015-09-30,2015-10-23,2015-09-30,2021-07-23,0,10229000000,10110000000.0,3262000000,6967000000,0.877,1.004,-282000000.0,466000000,466000000,7501000000.0,411000000.0,1.195,69.971,5811000000,203000000,5608000000,5811000000,0,229000000.0,0,0.0,0.0,740000000.0,969000000.0,0.109,969000000.0,740000000.0,473000000.0,2.46,2.44,2.46,140000000,89500000.0,140000000,12701758997,17.0,13.108,936000000.0,6.714,1.0,1361000000.0,0.154,3664000000,267000000.0,9180000000,9064500000.0,1302000000,0,0,0,9796000000,2730000000,7066000000,7356758997,86000000.0,-1174000000.0,-1000000.0,552000000.0,0.0,450000000.0,-1483000000.0,-11000000.0,1218000000.0,-99000000.0,340000000.0,340000000.0,340000000.0,0.0,71000000.0,0.038,527000000.0,834000000.0,2527000000,0.0,52.548,21.638,21.451,2614000000,0.0,52.77,0.83,0.83,1183000000,,8862000000.0,8862000000.0,0.0,0.034,3.799,0.082,0.084,26000000.0,387000000.0,1.0,139411768,139411768,,63.567,6565000000,0,133000000.0,0,47.091,532000000
24,CCK,ART,2015-06-30,2015-07-30,2015-06-30,2021-07-23,0,10359000000,10007000000.0,3184000000,7175000000,0.899,0.904,-279000000.0,288000000,288000000,7628000000.0,517000000.0,1.165,79.008,5885000000,208000000,5677000000,5885000000,0,221000000.0,0,0.0,0.0,750000000.0,971000000.0,0.108,971000000.0,750000000.0,487000000.0,3.22,3.19,3.22,126000000,122000000.0,126000000,12843105720,17.0,13.227,735000000.0,5.273,1.0,1368000000.0,0.152,3790000000,263000000.0,9433000000,9032250000.0,1454000000,0,0,0,9955000000,2733000000,7222000000,7246105720,44000000.0,-1177000000.0,0.0,729000000.0,0.0,596000000.0,-1469000000.0,0.0,1014000000.0,-97000000.0,443000000.0,443000000.0,443000000.0,0.0,74000000.0,0.049,496000000.0,872000000.0,2525000000,0.0,57.509,16.357,16.143,2672000000,0.0,51.98,0.805,0.805,1098000000,,8996000000.0,8996000000.0,0.0,0.044,3.631,0.083,0.083,25000000.0,388000000.0,1.0,139401803,139401803,,64.533,6569000000,0,44000000.0,0,47.123,451000000
25,CCK,ART,2015-03-31,2015-05-06,2015-03-31,2021-07-23,0,10144000000,9891000000.0,3077000000,7067000000,0.92,-0.194,-283000000.0,280000000,280000000,7730000000.0,491000000.0,1.178,-366.519,5990000000,244000000,5746000000,5990000000,0,206000000.0,0,0.0,0.0,712000000.0,918000000.0,0.101,918000000.0,712000000.0,452000000.0,2.96,2.93,2.96,-27000000,126500000.0,-27000000,13316213895,19.0,14.506,837000000.0,6.012,1.0,1371000000.0,0.151,3746000000,260000000.0,9495000000,8929500000.0,1446000000,0,0,0,9896000000,2613000000,7283000000,7606213895,13000000.0,-1896000000.0,9000000.0,1314000000.0,0.0,1184000000.0,-2194000000.0,0.0,1120000000.0,-97000000.0,407000000.0,407000000.0,407000000.0,0.0,84000000.0,0.045,534000000.0,837000000.0,2369000000,0.0,-281.712,18.688,18.456,2619000000,0.0,54.63,0.836,0.836,1039000000,,9101000000.0,9101000000.0,0.0,0.041,3.217,0.08,0.078,24000000.0,392000000.0,1.0,139231446,139231446,,65.366,6398000000,0,45000000.0,0,45.952,464000000
26,CCK,ART,2014-12-31,2015-03-02,2014-12-31,2021-07-23,-2765000000,9708000000,9326250000.0,3624000000,6084000000,0.975,0.855,-312000000.0,965000000,965000000,7715000000.0,475000000.0,1.239,78.328,5259000000,252000000,5007000000,5259000000,0,190000000.0,0,0.0,0.0,681000000.0,871000000.0,0.096,871000000.0,681000000.0,428000000.0,2.82,2.79,2.82,119000000,134000000.0,119000000,11686515904,17.0,13.417,600000000.0,4.312,1.0,1382000000.0,0.152,2926000000,253000000.0,8150000000,8342000000.0,1324000000,0,0,0,9321000000,2926000000,6395000000,7392515904,276000000.0,-711000000.0,12000000.0,630000000.0,0.0,445000000.0,-1021000000.0,0.0,912000000.0,-60000000.0,387000000.0,387000000.0,387000000.0,0.0,88000000.0,0.043,572000000.0,810000000.0,2651000000,0.0,62.122,19.102,18.84,2437000000,0.0,53.13,0.813,0.813,1031000000,1782000000.0,9097000000.0,9097000000.0,0.0,0.041,2.888,0.082,0.075,22000000.0,398000000.0,1.0,139140145,139140145,,65.38,6782000000,0,41000000.0,0,48.742,698000000
27,CCK,ART,2014-09-30,2014-10-28,2014-09-30,2021-07-23,0,9817000000,8906750000.0,3608000000,6209000000,1.015,1.944,-274000000.0,380000000,380000000,7672000000.0,518000000.0,1.304,34.33,5447000000,247000000,5200000000,5447000000,0,171000000.0,0,0.0,0.0,712000000.0,883000000.0,0.098,883000000.0,712000000.0,467000000.0,3.09,3.05,3.09,270000000,105250000.0,270000000,11672594218,16.0,13.219,744000000.0,5.356,1.0,1369000000.0,0.151,3067000000,245000000.0,9051000000,7866250000.0,1473000000,0,0,0,9269000000,2766000000,6503000000,6605594218,144000000.0,-717000000.0,14000000.0,262000000.0,0.0,113000000.0,-980000000.0,0.0,1018000000.0,-7000000.0,423000000.0,423000000.0,423000000.0,0.0,95000000.0,0.047,526000000.0,843000000.0,2519000000,0.0,24.465,15.616,15.388,2447000000,0.0,47.55,0.731,0.731,1385000000,,9041000000.0,9041000000.0,0.0,0.047,4.019,0.091,0.079,22000000.0,408000000.0,1.0,138918911,138918911,,65.081,6750000000,0,44000000.0,0,48.589,842000000
28,CCK,ART,2014-06-30,2014-07-30,2014-06-30,2021-07-23,0,9895000000,8460500000.0,3487000000,6408000000,1.044,1.037,-271000000.0,244000000,244000000,7495000000.0,379000000.0,1.224,65.854,5492000000,262000000,5230000000,5492000000,0,152000000.0,0,0.0,0.0,671000000.0,823000000.0,0.093,823000000.0,671000000.0,432000000.0,2.04,2.02,2.04,144000000,11250000.0,144000000,11834273672,18.0,14.379,748000000.0,5.385,1.0,1341000000.0,0.152,3272000000,239000000.0,9022000000,7435750000.0,1615000000,0,0,0,9483000000,2849000000,6634000000,6586273672,17000000.0,-717000000.0,-90000000.0,232000000.0,0.0,-27000000.0,-984000000.0,0.0,1019000000.0,9000000.0,280000000.0,280000000.0,280000000.0,0.0,99000000.0,0.032,567000000.0,774000000.0,2587000000,0.0,45.738,23.522,23.245,2496000000,0.0,47.42,0.745,0.745,1264000000,,8836000000.0,8836000000.0,0.0,0.033,24.889,0.09,0.076,23000000.0,426000000.0,1.0,138892317,138892317,,63.618,6623000000,0,152000000.0,0,47.684,638000000
29,CCK,ART,2014-03-31,2014-04-25,2014-03-31,2021-07-23,0,7885000000,7954000000.0,3079000000,4806000000,1.091,0.022,-264000000.0,267000000,267000000,7336000000.0,407000000.0,1.202,2542.333,4104000000,339000000,3765000000,4104000000,0,135000000.0,0,0.0,0.0,698000000.0,833000000.0,0.096,833000000.0,698000000.0,464000000.0,2.21,2.19,2.21,3000000,-65000000.0,3000000,10421972801,15.0,12.511,558000000.0,4.026,1.0,1340000000.0,0.154,2016000000,234000000.0,7145000000,6978500000.0,1334000000,0,0,0,7627000000,2561000000,5066000000,6584972801,-37000000.0,-6000000.0,-279000000.0,-139000000.0,0.0,-598000000.0,-267000000.0,0.0,822000000.0,6000000.0,307000000.0,307000000.0,307000000.0,0.0,100000000.0,0.035,539000000.0,801000000.0,2165000000,0.0,2194.991,21.449,21.498,2160000000,0.0,47.51,0.759,0.759,1199000000,,8676000000.0,8676000000.0,0.0,0.039,-4.723,0.1,0.08,20000000.0,425000000.0,1.0,138601827,138601827,,62.597,5869000000,0,157000000.0,0,42.344,518000000
30,CCK,ART,2013-12-31,2014-03-03,2013-12-31,2021-07-23,-2513000000,8030000000,7908000000.0,3180000000,4850000000,1.095,0.029,-246000000.0,689000000,689000000,7314000000.0,428000000.0,1.089,1935.25,3842000000,373000000,3469000000,3842000000,0,134000000.0,0,0.0,0.0,708000000.0,842000000.0,0.097,842000000.0,708000000.0,472000000.0,2.32,2.3,2.32,4000000,-97750000.0,4000000,9316655072,13.0,11.065,639000000.0,4.618,1.0,1342000000.0,0.155,2016000000,236000000.0,6247000000,7001750000.0,1213000000,0,0,0,7741000000,2920000000,4821000000,6163655072,339000000.0,-6000000.0,-279000000.0,47000000.0,0.0,-306000000.0,-246000000.0,0.0,885000000.0,6000000.0,324000000.0,324000000.0,324000000.0,0.0,104000000.0,0.037,491000000.0,851000000.0,2547000000,0.0,1540.914,19.024,19.198,2152000000,0.0,44.54,0.712,0.712,1064000000,1395000000.0,8656000000.0,8656000000.0,0.0,0.041,-3.315,0.101,0.082,21000000.0,425000000.0,1.0,138384712,138384712,,62.55,6014000000,0,148000000.0,0,43.459,260000000
31,CCK,ART,2013-09-30,2013-10-31,2013-09-30,2021-07-23,0,8032000000,7773000000.0,3244000000,4788000000,1.109,-0.768,-285000000.0,236000000,236000000,7273000000.0,416000000.0,1.197,-74.123,4253000000,535000000,3718000000,4253000000,0,145000000.0,0,0.0,0.0,696000000.0,841000000.0,0.098,841000000.0,696000000.0,461000000.0,2.18,2.16,2.18,-106000000,-139250000.0,-106000000,10036385393,14.0,11.934,329000000.0,2.383,1.0,1349000000.0,0.156,2010000000,235000000.0,7329000000,7012250000.0,1331000000,0,0,0,7857000000,2710000000,5147000000,6019385393,-4000000.0,-78000000.0,-326000000.0,132000000.0,0.0,-285000000.0,-335000000.0,0.0,614000000.0,2000000.0,304000000.0,304000000.0,304000000.0,0.0,112000000.0,0.035,507000000.0,842000000.0,2175000000,0.0,-56.787,19.801,20.0,2087000000,0.0,43.6,0.698,0.698,1459000000,,8622000000.0,8622000000.0,0.0,0.039,-2.183,0.099,0.081,20000000.0,413000000.0,1.0,138059298,138059298,,62.451,6022000000,0,157000000.0,0,43.619,534000000
32,CCK,ART,2013-06-30,2013-07-26,2013-06-30,2021-07-23,0,7869000000,7667500000.0,3172000000,4697000000,1.113,-1.143,-303000000.0,227000000,227000000,7211000000.0,633000000.0,1.206,-48.099,4126000000,454000000,3672000000,4126000000,0,157000000.0,0,0.0,0.0,741000000.0,898000000.0,0.105,898000000.0,741000000.0,507000000.0,3.68,3.63,3.68,-161000000,-119000000.0,-161000000,10071403755,14.0,11.215,283000000.0,2.01,1.0,1324000000.0,0.155,1944000000,234000000.0,7193000000,6933750000.0,1424000000,0,0,0,7744000000,2631000000,5113000000,6172403755,-3000000.0,-78000000.0,-420000000.0,252000000.0,0.0,-243000000.0,-350000000.0,0.0,586000000.0,4000000.0,528000000.0,528000000.0,528000000.0,0.0,105000000.0,0.062,448000000.0,876000000.0,2177000000,0.0,-38.338,11.69,11.91,2018000000,0.0,43.83,0.723,0.723,1302000000,,8535000000.0,8535000000.0,0.0,0.069,-4.437,0.107,0.087,18000000.0,392000000.0,1.0,140826004,140826004,,60.607,5925000000,0,-21000000.0,0,42.073,541000000
33,CCK,ART,2013-03-31,2013-04-30,2013-03-31,2021-07-23,0,7701000000,7506250000.0,3024000000,4677000000,1.132,-0.89,-322000000.0,304000000,304000000,7207000000.0,635000000.0,1.3,-58.883,4104000000,396000000,3708000000,4104000000,0,172000000.0,0,0.0,0.0,732000000.0,904000000.0,0.106,904000000.0,732000000.0,504000000.0,3.65,3.59,3.65,-128000000,-135500000.0,-128000000,9939041350,14.0,10.995,256000000.0,1.78,1.0,1289000000.0,0.152,1937000000,228000000.0,7238000000,6776500000.0,1352000000,0,0,0,7537000000,2326000000,5211000000,6139041350,54000000.0,-78000000.0,-235000000.0,166000000.0,0.0,-153000000.0,-366000000.0,0.0,578000000.0,-5000000.0,529000000.0,529000000.0,529000000.0,0.0,106000000.0,0.062,425000000.0,864000000.0,1930000000,0.0,-47.961,11.605,11.693,1988000000,0.0,42.68,0.723,0.723,1175000000,,8496000000.0,8496000000.0,0.0,0.07,-3.904,0.108,0.086,18000000.0,380000000.0,1.0,143838832,143838832,,59.066,5764000000,0,-25000000.0,0,40.073,698000000
34,CCK,ART,2012-12-31,2013-03-01,2012-12-31,2021-07-23,-2614000000,7490000000,7375500000.0,2750000000,4740000000,1.148,-1.131,-321000000.0,350000000,350000000,7193000000.0,658000000.0,1.092,-45.475,3665000000,376000000,3289000000,3665000000,0,180000000.0,0,0.0,0.0,766000000.0,946000000.0,0.112,946000000.0,766000000.0,540000000.0,3.81,3.75,3.81,-162000000,-184500000.0,-162000000,8799587882,11.0,9.302,300000000.0,2.095,1.0,1277000000.0,0.151,1998000000,226000000.0,6289000000,6655000000.0,1166000000,0,0,0,7367000000,2518000000,4849000000,5484587882,8000000.0,-78000000.0,-242000000.0,72000000.0,0.0,-254000000.0,-362000000.0,0.0,621000000.0,3000000.0,557000000.0,557000000.0,557000000.0,0.0,101000000.0,0.066,423000000.0,854000000.0,2142000000,0.0,-33.855,9.847,10.052,1995000000,0.0,38.3,0.648,0.648,1057000000,1069000000.0,8470000000.0,8470000000.0,0.0,0.076,-3.019,0.115,0.09,18000000.0,382000000.0,1.0,143200728,143200728,,59.148,5492000000,0,-17000000.0,0,38.352,232000000
35,CCK,ART,2012-09-30,2012-11-06,2012-09-30,2021-07-23,0,7610000000,7220000000.0,3053000000,4557000000,1.176,-0.173,-338000000.0,240000000,240000000,7206000000.0,630000000.0,1.285,-295.32,3997000000,401000000,3596000000,3997000000,0,177000000.0,0,0.0,0.0,748000000.0,925000000.0,0.109,925000000.0,748000000.0,520000000.0,3.66,3.61,3.66,-25000000,-262250000.0,-25000000,9347133185,12.0,10.105,58000000.0,0.402,1.0,1285000000.0,0.151,1976000000,228000000.0,7015000000,6538000000.0,1207000000,0,0,0,7383000000,2376000000,5007000000,5590133185,-239000000.0,4000000.0,-298000000.0,262000000.0,0.0,-310000000.0,-329000000.0,0.0,396000000.0,4000000.0,536000000.0,536000000.0,536000000.0,0.0,94000000.0,0.063,457000000.0,828000000.0,1975000000,0.0,-223.605,10.429,10.598,1845000000,0.0,38.79,0.658,0.658,1397000000,,8491000000.0,8491000000.0,0.0,0.074,-2.044,0.114,0.088,18000000.0,385000000.0,1.0,144112740,144112740,,58.919,5634000000,0,-16000000.0,0,39.094,677000000
36,CCK,ART,2012-06-30,2012-08-09,2012-06-30,2021-07-23,0,7224000000,7217250000.0,2909000000,4315000000,1.193,-1.524,-330000000.0,230000000,230000000,7300000000.0,445000000.0,1.278,-31.775,3791000000,298000000,3493000000,3791000000,0,178000000.0,0,0.0,0.0,751000000.0,929000000.0,0.108,929000000.0,751000000.0,522000000.0,2.29,2.25,2.29,-227000000,-281000000.0,-227000000,9011835901,12.0,9.701,80000000.0,0.537,1.0,1312000000.0,0.152,1944000000,229000000.0,6564000000,6413750000.0,1272000000,0,0,0,7213000000,2277000000,4936000000,5450835901,-191000000.0,4000000.0,-101000000.0,45000000.0,0.0,-385000000.0,-193000000.0,0.0,410000000.0,-23000000.0,340000000.0,340000000.0,340000000.0,0.0,105000000.0,0.039,468000000.0,844000000.0,1979000000,0.0,-24.012,16.032,15.978,1800000000,0.0,36.59,0.633,0.633,1194000000,,8612000000.0,8612000000.0,0.0,0.047,-1.21,0.117,0.087,18000000.0,389000000.0,1.0,148970645,148970645,,57.81,5280000000,0,182000000.0,0,35.443,632000000
37,CCK,ART,2012-03-31,2012-05-09,2012-03-31,2021-07-23,0,7178000000,7426000000.0,2824000000,4354000000,1.173,-2.176,-334000000.0,250000000,250000000,7366000000.0,444000000.0,1.349,-22.407,3915000000,230000000,3685000000,3915000000,0,178000000.0,0,0.0,0.0,754000000.0,932000000.0,0.107,932000000.0,754000000.0,520000000.0,2.23,2.19,2.23,-324000000,-241750000.0,-324000000,9089862155,12.0,9.753,-27000000.0,-0.181,1.0,1343000000.0,0.154,1998000000,234000000.0,6752000000,6425250000.0,1313000000,0,0,0,7260000000,2093000000,5167000000,5424862155,-159000000.0,4000000.0,-304000000.0,482000000.0,0.0,-144000000.0,-319000000.0,0.0,307000000.0,-3000000.0,335000000.0,335000000.0,335000000.0,0.0,109000000.0,0.038,485000000.0,858000000.0,1863000000,0.0,-16.743,16.194,16.341,1796000000,0.0,36.44,0.623,0.623,1066000000,,8709000000.0,8709000000.0,0.0,0.045,-1.386,0.117,0.087,18000000.0,399000000.0,1.0,148871080,148871080,,58.5,5180000000,0,185000000.0,0,34.795,731000000
38,CCK,ART,2011-12-31,2012-02-29,2011-12-31,2021-07-23,-2590000000,6868000000,7500500000.0,2603000000,4265000000,1.152,-3.179,-375000000.0,342000000,342000000,7296000000.0,396000000.0,1.139,-15.025,3532000000,195000000,3337000000,3532000000,0,176000000.0,0,0.0,0.0,708000000.0,884000000.0,0.102,884000000.0,708000000.0,476000000.0,1.86,1.83,1.86,-473000000,-162500000.0,-473000000,8690381257,12.0,9.831,4000000.0,0.027,1.0,1348000000.0,0.156,1952000000,232000000.0,5821000000,6214750000.0,1148000000,0,0,0,7107000000,2285000000,4822000000,5500381257,-121000000.0,4000000.0,-301000000.0,487000000.0,0.0,-129000000.0,-372000000.0,0.0,379000000.0,1000000.0,282000000.0,282000000.0,282000000.0,0.0,114000000.0,0.033,506000000.0,842000000.0,2090000000,0.0,-11.629,19.505,19.876,1751000000,0.0,36.97,0.636,0.636,948000000,512000000.0,8644000000.0,8644000000.0,0.0,0.038,-1.735,0.114,0.082,18000000.0,395000000.0,1.0,148779585,148779585,,58.099,4916000000,0,194000000.0,0,33.042,318000000
39,CCK,ART,2011-09-30,2011-11-07,2011-09-30,2021-07-23,0,7599000000,7508250000.0,3305000000,4294000000,1.137,-0.666,-369000000.0,479000000,479000000,7188000000.0,437000000.0,1.387,-74.19,3757000000,361000000,3396000000,3757000000,0,176000000.0,0,0.0,0.0,753000000.0,929000000.0,0.109,929000000.0,753000000.0,523000000.0,2.09,2.05,2.09,-100000000,-68250000.0,-100000000,8336103665,11.0,8.973,48000000.0,0.32,1.0,1347000000.0,0.158,1977000000,230000000.0,6518000000,6040250000.0,1339000000,0,0,0,7419000000,2382000000,5037000000,5058103665,64000000.0,7000000.0,-346000000.0,536000000.0,0.0,14000000.0,-365000000.0,0.0,417000000.0,-2000000.0,319000000.0,319000000.0,319000000.0,0.0,118000000.0,0.037,463000000.0,884000000.0,2021000000,0.0,-50.581,15.856,16.01,1710000000,0.0,33.46,0.593,0.589,1317000000,,8535000000.0,8535000000.0,0.0,0.042,-4.674,0.125,0.088,18000000.0,402000000.0,1.0,151168669,150138644,,56.847,5622000000,0,204000000.0,0,37.445,923000000
40,CCK,ART,2011-06-30,2011-08-09,2011-06-30,2021-07-23,0,8059000000,7395000000.0,3599000000,4460000000,1.125,-0.459,-382000000.0,546000000,546000000,6989000000.0,439000000.0,1.328,-111.257,3876000000,452000000,3424000000,3876000000,0,169000000.0,0,0.0,0.0,707000000.0,876000000.0,0.105,876000000.0,707000000.0,480000000.0,2.02,1.99,2.02,-70000000,-8500000.0,-70000000,8817748668,12.0,10.066,155000000.0,1.017,1.0,1328000000.0,0.16,2069000000,227000000.0,6610000000,5794000000.0,1537000000,0,0,0,7788000000,2710000000,5078000000,5487748668,9000000.0,7000000.0,-444000000.0,715000000.0,0.0,-61000000.0,-503000000.0,0.0,537000000.0,36000000.0,316000000.0,316000000.0,316000000.0,0.0,123000000.0,0.038,470000000.0,858000000.0,2258000000,0.0,-78.396,17.366,17.975,1746000000,0.0,36.31,0.66,0.665,1323000000,,8317000000.0,8317000000.0,0.0,0.043,-37.176,0.122,0.085,17000000.0,388000000.0,1.0,151136014,152344400,,54.593,5990000000,0,164000000.0,0,39.319,889000000
41,CCK,ART,2011-03-31,2011-05-04,2011-03-31,2021-07-23,0,7476000000,7055500000.0,3070000000,4406000000,1.14,-0.045,-359000000.0,409000000,409000000,6754000000.0,427000000.0,1.189,-1019.571,3473000000,589000000,2884000000,3473000000,0,212000000.0,0,0.0,0.0,678000000.0,890000000.0,0.111,890000000.0,678000000.0,466000000.0,1.87,1.85,1.87,-7000000,35250000.0,-7000000,9195589464,14.0,10.332,330000000.0,2.134,1.0,1292000000.0,0.161,2047000000,212000000.0,5910000000,5464750000.0,1353000000,0,0,0,7137000000,2583000000,4554000000,6131589464,10000000.0,7000000.0,-241000000.0,249000000.0,0.0,-332000000.0,-361000000.0,0.0,689000000.0,14000000.0,299000000.0,299000000.0,299000000.0,0.0,128000000.0,0.037,457000000.0,835000000.0,1994000000,0.0,-875.941,20.507,21.027,1702000000,0.0,39.32,0.762,0.756,1104000000,,8046000000.0,8046000000.0,0.0,0.042,8.482,0.124,0.084,30000000.0,383000000.0,1.0,155940729,154610056,,52.041,5429000000,0,167000000.0,0,35.114,487000000
42,CCK,ART,2010-12-31,2011-02-28,2010-12-31,2021-07-23,-2333000000,6899000000,6884000000.0,2649000000,4250000000,1.154,-0.617,-288000000.0,463000000,463000000,6691000000.0,452000000.0,1.114,-69.479,3048000000,399000000,2649000000,3048000000,0,172000000.0,0,0.0,0.0,692000000.0,864000000.0,0.109,864000000.0,692000000.0,489000000.0,2.03,2.0,2.03,-96000000,46000000.0,-96000000,8574743274,12.0,9.924,302000000.0,1.94,1.0,1250000000.0,0.157,1984000000,203000000.0,5123000000,5394750000.0,1060000000,0,0,0,6670000000,2377000000,4293000000,5989743274,4000000.0,7000000.0,-242000000.0,289000000.0,0.0,-299000000.0,-281000000.0,0.0,590000000.0,-6000000.0,324000000.0,324000000.0,324000000.0,0.0,128000000.0,0.041,430000000.0,820000000.0,1978000000,0.0,-62.393,18.487,18.956,1610000000,0.0,38.48,0.754,0.754,936000000,230000000.0,7941000000.0,7941000000.0,0.0,0.047,7.043,0.128,0.087,20000000.0,360000000.0,1.0,155658609,155658609,,51.015,4915000000,0,165000000.0,0,31.576,272000000
43,CCK,ART,2010-09-30,2010-11-05,2010-09-30,2021-07-23,0,7146000000,6792250000.0,2879000000,4267000000,1.164,0.873,-239000000.0,415000000,415000000,6697000000.0,479000000.0,1.185,48.05,3229000000,455000000,2774000000,3229000000,0,322000000.0,0,0.0,0.0,644000000.0,966000000.0,0.122,966000000.0,644000000.0,439000000.0,2.26,2.21,2.26,139000000,68500000.0,139000000,7992674995,12.0,8.274,376000000.0,2.362,1.0,1212000000.0,0.153,1998000000,205000000.0,5533000000,5338000000.0,1068000000,0,0,0,6679000000,2429000000,4250000000,5178674995,-23000000.0,-22000000.0,-85000000.0,61000000.0,0.0,-379000000.0,-254000000.0,0.0,615000000.0,-5000000.0,360000000.0,360000000.0,360000000.0,0.0,119000000.0,0.046,449000000.0,763000000.0,1974000000,0.0,37.257,14.385,14.381,1524000000,0.0,32.5,0.655,0.654,1274000000,,7909000000.0,7909000000.0,0.0,0.053,5.255,0.121,0.081,35000000.0,363000000.0,1.0,159343846,159181133,,49.686,5148000000,0,79000000.0,0,32.341,450000000
44,CCK,ART,2010-06-30,2010-08-06,2010-06-30,2021-07-23,0,6701000000,6800250000.0,2705000000,3996000000,1.174,0.652,-192000000.0,412000000,412000000,6786000000.0,459000000.0,1.294,59.267,2979000000,272000000,2707000000,2979000000,0,282000000.0,0,0.0,0.0,593000000.0,875000000.0,0.11,875000000.0,593000000.0,377000000.0,2.15,2.1,2.15,105000000,67000000.0,105000000,7188302930,12.0,8.215,533000000.0,3.311,1.0,1200000000.0,0.15,1884000000,216000000.0,5293000000,5429500000.0,1076000000,0,0,0,6223000000,2091000000,4132000000,4621302930,-294000000.0,-22000000.0,18000000.0,-637000000.0,0.0,-789000000.0,-207000000.0,0.0,725000000.0,-23000000.0,342000000.0,342000000.0,342000000.0,0.0,117000000.0,0.043,480000000.0,720000000.0,1819000000,0.0,44.012,13.513,13.256,1418000000,0.0,28.5,0.579,0.574,1095000000,,7986000000.0,7986000000.0,0.0,0.05,5.104,0.109,0.074,33000000.0,376000000.0,1.0,162150980,160961879,,49.614,4817000000,0,35000000.0,0,29.926,614000000
45,CCK,ART,2010-03-31,2010-05-10,2010-03-31,2021-07-23,0,6790000000,6972500000.0,2647000000,4143000000,1.152,0.224,-160000000.0,399000000,399000000,6833000000.0,454000000.0,1.35,176.639,3174000000,249000000,2925000000,3174000000,0,194000000.0,0,0.0,0.0,590000000.0,784000000.0,0.098,784000000.0,590000000.0,357000000.0,2.11,2.06,2.11,36000000,35250000.0,36000000,6842888224,12.0,8.728,525000000.0,3.267,1.0,1198000000.0,0.149,1974000000,233000000.0,5630000000,5718500000.0,1076000000,0,0,0,6359000000,1961000000,4398000000,4067888224,103000000.0,-22000000.0,16000000.0,-278000000.0,0.0,-429000000.0,-171000000.0,0.0,685000000.0,18000000.0,335000000.0,335000000.0,335000000.0,0.0,119000000.0,0.042,483000000.0,715000000.0,1712000000,0.0,112.997,12.143,11.9,1453000000,0.0,25.11,0.507,0.502,1044000000,,8031000000.0,8031000000.0,0.0,0.048,9.504,0.103,0.073,18000000.0,371000000.0,1.0,162002717,160714929,,49.97,4816000000,0,22000000.0,0,29.966,686000000
46,CCK,ART,2009-12-31,2010-03-01,2009-12-31,2021-07-23,-2255000000,6532000000,6920000000.0,2242000000,4290000000,1.147,-0.037,-178000000.0,459000000,459000000,6745000000.0,450000000.0,1.165,-1024.833,2798000000,59000000,2739000000,2798000000,0,194000000.0,0,0.0,0.0,588000000.0,782000000.0,0.099,782000000.0,588000000.0,341000000.0,2.1,2.06,2.1,-6000000,-42250000.0,-6000000,6797860028,12.0,8.693,578000000.0,3.58,1.0,1193000000.0,0.15,2050000000,247000000.0,4896000000,5809500000.0,960000000,0,0,0,6149000000,1925000000,4224000000,4458860028,-137000000.0,-22000000.0,19000000.0,-562000000.0,0.0,-701000000.0,-200000000.0,0.0,756000000.0,8000000.0,334000000.0,334000000.0,334000000.0,0.0,116000000.0,0.042,473000000.0,720000000.0,1866000000,0.0,-743.143,13.35,13.152,1509000000,0.0,27.62,0.562,0.562,714000000,-94000000.0,7938000000.0,7938000000.0,0.0,0.048,-7.905,0.101,0.074,18000000.0,381000000.0,1.0,161435917,161435917,,49.171,4482000000,0,7000000.0,0,27.763,317000000
47,CCK,ART,2009-09-30,2009-10-30,2009-09-30,2021-07-23,0,7178000000,6980500000.0,2673000000,4505000000,1.131,0.828,-161000000.0,438000000,438000000,6719000000.0,329000000.0,1.333,50.008,3225000000,77000000,3148000000,3225000000,0,216000000.0,0,0.0,0.0,568000000.0,784000000.0,0.099,784000000.0,568000000.0,309000000.0,1.51,1.48,1.51,133000000,-120000000.0,133000000,7068637583,12.0,9.016,587000000.0,3.654,1.0,1179000000.0,0.149,2060000000,259000000.0,5899000000,5957250000.0,1077000000,0,0,0,6651000000,2006000000,4645000000,4281637583,106000000.0,0.0,-27000000.0,-368000000.0,0.0,-462000000.0,-168000000.0,0.0,748000000.0,-12000000.0,239000000.0,239000000.0,239000000.0,0.0,90000000.0,0.03,449000000.0,730000000.0,1929000000,0.0,32.193,17.915,17.649,1496000000,0.0,26.65,0.542,0.542,1054000000,,7898000000.0,7898000000.0,0.0,0.034,-1.992,0.095,0.072,16000000.0,361000000.0,1.0,160661823,160661823,,49.159,5118000000,0,70000000.0,0,31.856,667000000
48,CCK,ART,2009-06-30,2009-07-31,2009-06-30,2021-07-23,0,7390000000,6974500000.0,2969000000,4421000000,1.145,-0.137,-168000000.0,706000000,706000000,6793000000.0,302000000.0,1.531,-319.364,3735000000,89000000,3646000000,3735000000,0,216000000.0,0,0.0,0.0,626000000.0,842000000.0,0.105,842000000.0,626000000.0,357000000.0,1.54,1.51,1.54,-22000000,-98500000.0,-22000000,7048194753,11.0,8.371,445000000.0,2.779,1.0,1192000000.0,0.149,2031000000,269000000.0,6449000000,6052000000.0,1209000000,0,0,0,7026000000,1939000000,5087000000,4019194753,395000000.0,0.0,-29000000.0,54000000.0,0.0,-8000000.0,-178000000.0,0.0,613000000.0,-32000000.0,245000000.0,245000000.0,245000000.0,0.0,57000000.0,0.031,422000000.0,770000000.0,1850000000,0.0,-182.691,16.405,16.299,1490000000,0.0,25.1,0.503,0.503,939000000,,7985000000.0,7985000000.0,0.0,0.035,-2.487,0.103,0.078,16000000.0,368000000.0,1.0,160127281,160127281,,49.867,5359000000,0,112000000.0,0,33.467,1030000000
49,CCK,ART,2009-03-31,2009-05-05,2009-03-31,2021-07-23,0,6580000000,7051500000.0,2410000000,4170000000,1.152,-1.729,-176000000.0,296000000,296000000,6915000000.0,262000000.0,1.351,-23.723,3398000000,80000000,3318000000,3398000000,0,216000000.0,0,0.0,0.0,635000000.0,851000000.0,0.105,851000000.0,635000000.0,349000000.0,1.5,1.47,1.5,-274000000,-42250000.0,-274000000,6867778309,11.0,8.07,344000000.0,2.17,1.0,1211000000.0,0.149,1904000000,286000000.0,5994000000,6120500000.0,1154000000,0,0,0,6500000000,1784000000,4716000000,3765778309,14000000.0,0.0,-24000000.0,-223000000.0,0.0,-255000000.0,-196000000.0,0.0,520000000.0,-55000000.0,239000000.0,239000000.0,239000000.0,0.0,23000000.0,0.029,436000000.0,775000000.0,1704000000,0.0,-13.744,15.756,15.693,1421000000,0.0,23.54,0.463,0.459,814000000,,8126000000.0,8126000000.0,0.0,0.034,-5.657,0.104,0.078,16000000.0,383000000.0,1.0,159973590,158491731,,51.271,4676000000,0,110000000.0,0,29.503,626000000
50,CCK,ART,2008-12-31,2009-02-27,2008-12-31,2021-07-23,-2195000000,6774000000,7256500000.0,2457000000,4317000000,1.144,-1.984,-159000000.0,596000000,596000000,7083000000.0,226000000.0,1.186,-22.369,3337000000,90000000,3247000000,3337000000,0,216000000.0,0,0.0,0.0,640000000.0,856000000.0,0.103,856000000.0,640000000.0,338000000.0,1.42,1.39,1.42,-317000000,43250000.0,-317000000,6108277693,10.0,7.136,263000000.0,1.646,1.0,1222000000.0,0.147,1956000000,302000000.0,5487000000,6289750000.0,979000000,0,0,0,7091000000,2072000000,5019000000,3367277693,139000000.0,0.0,-25000000.0,-52000000.0,0.0,-77000000.0,-186000000.0,0.0,422000000.0,-20000000.0,226000000.0,226000000.0,226000000.0,0.0,0.0,0.027,448000000.0,774000000.0,1982000000,0.0,-10.622,14.899,14.845,1473000000,0.0,21.08,0.405,0.405,734000000,-428000000.0,8305000000.0,8305000000.0,0.0,0.031,5.225,0.102,0.077,16000000.0,396000000.0,1.0,159738031,159738031,,51.991,4818000000,0,112000000.0,0,30.162,385000000
51,CCK,ART,2008-09-30,2008-10-24,2008-09-30,2021-07-23,0,7154000000,7307750000.0,2625000000,4529000000,1.136,1.359,-152000000.0,332000000,332000000,7093000000.0,572000000.0,1.32,31.667,3533000000,88000000,3445000000,3533000000,0,229000000.0,0,0.0,0.0,541000000.0,770000000.0,0.093,770000000.0,541000000.0,223000000.0,3.56,3.48,3.56,219000000,118750000.0,219000000,6132374271,11.0,7.964,240000000.0,1.489,1.0,1206000000.0,0.145,2089000000,318000000.0,6278000000,6337250000.0,1112000000,0,0,0,6935000000,1988000000,4947000000,2931374271,-16000000.0,7000000.0,9000000.0,-201000000.0,0.0,-246000000.0,-173000000.0,0.0,392000000.0,11000000.0,572000000.0,572000000.0,572000000.0,0.0,0.0,0.069,362000000.0,844000000.0,1900000000,0.0,13.385,5.125,5.11,1506000000,0.0,18.19,0.353,0.353,1067000000,,8299000000.0,8299000000.0,0.0,0.078,4.817,0.085,0.065,14000000.0,409000000.0,1.0,161153066,161153066,,51.498,5065000000,0,-349000000.0,0,31.43,637000000
52,CCK,ART,2008-06-30,2008-07-28,2008-06-30,2021-07-23,0,7698000000,7256500000.0,2837000000,4861000000,1.114,1.261,-137000000.0,311000000,311000000,6944000000.0,550000000.0,1.291,36.921,3799000000,107000000,3692000000,3799000000,0,229000000.0,0,0.0,0.0,499000000.0,728000000.0,0.09,728000000.0,499000000.0,178000000.0,3.42,3.34,3.42,203000000,-32500000.0,203000000,7978699575,16.0,10.96,228000000.0,1.417,1.0,1139000000.0,0.141,2266000000,321000000.0,6723000000,6260000000.0,1325000000,0,0,0,7495000000,2197000000,5298000000,4490699575,7000000.0,7000000.0,-109000000.0,-79000000.0,0.0,-240000000.0,-158000000.0,0.0,365000000.0,40000000.0,550000000.0,550000000.0,550000000.0,0.0,0.0,0.068,357000000.0,782000000.0,2090000000,0.0,22.122,8.165,8.158,1612000000,0.0,27.9,0.556,0.556,1085000000,,8083000000.0,8083000000.0,0.0,0.076,-16.923,0.08,0.062,14000000.0,404000000.0,1.0,160956974,160956974,,50.218,5432000000,0,-372000000.0,0,33.748,640000000
53,CCK,ART,2008-03-31,2008-05-09,2008-03-31,2021-07-23,0,7400000000,7030250000.0,2554000000,4846000000,1.12,0.427,-79000000.0,282000000,282000000,6807000000.0,539000000.0,1.276,107.824,3819000000,93000000,3726000000,3819000000,0,229000000.0,0,0.0,0.0,466000000.0,695000000.0,0.088,695000000.0,466000000.0,147000000.0,3.34,3.26,3.34,68000000,-180250000.0,68000000,7910906329,17.0,11.383,221000000.0,1.388,1.0,1070000000.0,0.136,2264000000,319000000.0,6671000000,6056500000.0,1220000000,0,0,0,7332000000,2002000000,5330000000,4373906329,4000000.0,7000000.0,-108000000.0,-88000000.0,0.0,-250000000.0,-88000000.0,0.0,300000000.0,42000000.0,539000000.0,539000000.0,539000000.0,0.0,0.0,0.068,341000000.0,729000000.0,1909000000,0.0,64.322,8.115,8.159,1621000000,0.0,27.25,0.555,0.551,937000000,,7877000000.0,7877000000.0,0.0,0.077,-2.99,0.077,0.059,14000000.0,392000000.0,1.0,160510324,159187316,,49.483,5136000000,0,-392000000.0,0,32.264,552000000
54,CCK,ART,2007-12-31,2008-03-07,2007-12-31,2021-07-23,-1646000000,6979000000,6825750000.0,2234000000,4745000000,1.132,-0.094,-90000000.0,457000000,457000000,6700000000.0,528000000.0,1.072,-466.267,3437000000,83000000,3354000000,3437000000,0,229000000.0,0,0.0,0.0,446000000.0,675000000.0,0.087,675000000.0,446000000.0,128000000.0,3.27,3.19,3.27,-15000000,-325500000.0,-15000000,6889269931,15.0,10.206,419000000.0,2.614,1.0,1027000000.0,0.133,2199000000,318000000.0,5677000000,5852750000.0,1030000000,0,0,0,6994000000,2083000000,4911000000,3909269931,50000000.0,7000000.0,-104000000.0,-224000000.0,0.0,-396000000.0,-94000000.0,0.0,509000000.0,31000000.0,528000000.0,528000000.0,528000000.0,0.0,0.0,0.068,334000000.0,693000000.0,2000000000,0.0,-260.618,7.404,7.459,1604000000,0.0,24.39,0.506,0.506,673000000,-654000000.0,7727000000.0,7727000000.0,0.0,0.077,-1.622,0.076,0.058,14000000.0,385000000.0,1.0,160281670,160281670,,48.209,4780000000,0,-400000000.0,0,29.822,151000000
55,CCK,ART,2007-12-31,2008-02-28,2007-12-31,2021-07-23,-1646000000,6979000000,6825750000.0,2234000000,4745000000,1.132,-0.094,-90000000.0,457000000,457000000,6700000000.0,528000000.0,1.072,-466.267,3437000000,83000000,3354000000,3437000000,0,229000000.0,0,0.0,0.0,446000000.0,675000000.0,0.087,675000000.0,446000000.0,128000000.0,3.27,3.19,3.27,-15000000,-325500000.0,-15000000,6948574149,16.0,10.294,419000000.0,2.614,1.0,1027000000.0,0.133,2199000000,318000000.0,5677000000,5852750000.0,1030000000,0,0,0,6994000000,2083000000,4911000000,3968574149,50000000.0,7000000.0,-104000000.0,-224000000.0,0.0,-396000000.0,-94000000.0,0.0,509000000.0,31000000.0,528000000.0,528000000.0,528000000.0,0.0,0.0,0.068,334000000.0,693000000.0,2000000000,0.0,-264.572,7.516,7.572,1604000000,0.0,24.76,0.514,0.514,673000000,-654000000.0,7727000000.0,7727000000.0,0.0,0.077,-1.622,0.076,0.058,14000000.0,385000000.0,1.0,160281670,160281670,,48.209,4780000000,0,-400000000.0,0,29.822,151000000
56,CCK,ART,2007-09-30,2007-10-31,2007-09-30,2021-07-23,0,6949000000,6670500000.0,2528000000,4421000000,1.114,-2.394,-21000000.0,348000000,348000000,6426000000.0,377000000.0,1.211,-19.003,3763000000,119000000,3644000000,3763000000,0,230000000.0,0,0.0,0.0,643000000.0,873000000.0,0.117,873000000.0,643000000.0,335000000.0,2.31,2.45,2.31,-386000000,-458000000.0,-386000000,7377737018,11.0,8.451,291000000.0,1.805,1.0,1006000000.0,0.135,2307000000,308000000.0,5969000000,5771250000.0,1021000000,0,0,0,7335000000,2088000000,5247000000,3962737018,59000000.0,7000000.0,-119000000.0,-74000000.0,0.0,-70000000.0,-38000000.0,0.0,312000000.0,61000000.0,377000000.0,377000000.0,377000000.0,7000000.0,0.0,0.051,313000000.0,693000000.0,1928000000,0.0,-10.266,10.511,10.736,1586000000,0.0,24.8,0.533,0.538,1084000000,,7432000000.0,7432000000.0,0.0,0.057,-0.823,0.111,0.087,0.0,365000000.0,1.0,159787783,161238844,,46.093,4642000000,0,-42000000.0,41000000,28.79,440000000
57,CCK,ART,2007-06-30,2007-07-27,2007-06-30,2021-07-23,0,6793000000,6742250000.0,2473000000,4320000000,1.083,-2.382,-28000000.0,304000000,304000000,6344000000.0,370000000.0,1.209,-18.508,3701000000,134000000,3567000000,3701000000,0,230000000.0,0,0.0,0.0,624000000.0,854000000.0,0.117,854000000.0,624000000.0,322000000.0,2.25,2.39,2.25,-388000000,-388250000.0,-388000000,7461235568,12.0,8.737,226000000.0,1.387,1.0,957000000.0,0.131,2236000000,302000000.0,5909000000,5872000000.0,1106000000,0,0,0,7181000000,2045000000,5136000000,4064235568,24000000.0,7000000.0,-102000000.0,-85000000.0,0.0,156000000.0,-48000000.0,0.0,254000000.0,50000000.0,370000000.0,370000000.0,370000000.0,9000000.0,0.0,0.051,288000000.0,669000000.0,1883000000,0.0,-10.475,10.984,10.996,1580000000,0.0,24.74,0.557,0.552,993000000,,7301000000.0,7301000000.0,0.0,0.055,-0.953,0.106,0.085,0.0,346000000.0,1.0,164277913,162900139,,44.819,4557000000,0,-48000000.0,28000000,27.974,428000000
58,CCK,ART,2007-03-31,2007-05-03,2007-03-31,2021-07-23,0,6582000000,6865750000.0,2267000000,4315000000,1.036,-3.161,-100000000.0,278000000,278000000,6195000000.0,332000000.0,1.158,-13.83,3709000000,131000000,3578000000,3709000000,0,230000000.0,0,0.0,0.0,576000000.0,806000000.0,0.113,806000000.0,576000000.0,281000000.0,2.01,2.15,2.01,-513000000,-322250000.0,-513000000,7495837096,13.0,9.3,199000000.0,1.226,1.0,921000000.0,0.129,2200000000,295000000.0,5856000000,5992500000.0,1060000000,0,0,0,7095000000,1957000000,5138000000,4064837096,-15000000.0,7000000.0,-115000000.0,-62000000.0,0.0,-223000000.0,-117000000.0,0.0,299000000.0,38000000.0,332000000.0,332000000.0,332000000.0,33000000.0,0.0,0.047,280000000.0,641000000.0,1800000000,0.0,-7.924,12.243,12.368,1594000000,0.0,24.86,0.571,0.567,861000000,,7116000000.0,7116000000.0,0.0,0.048,-1.03,0.096,0.081,0.0,328000000.0,1.0,163509135,162273457,,43.852,4382000000,0,-51000000.0,26000000,27.004,310000000
59,CCK,ART,2006-12-31,2007-02-28,2006-12-31,2021-07-23,-1731000000,6358000000,6941500000.0,2062000000,4296000000,1.006,-3.337,-110000000.0,407000000,407000000,6090000000.0,309000000.0,1.054,-12.666,3541000000,121000000,3420000000,3541000000,0,230000000.0,0,0.0,0.0,533000000.0,763000000.0,0.109,763000000.0,533000000.0,247000000.0,1.87,2.01,1.87,-545000000,-247250000.0,-545000000,6856273311,13.0,8.986,245000000.0,1.5,1.0,892000000.0,0.128,2185000000,286000000.0,5351000000,6080750000.0,906000000,0,0,0,6903000000,1956000000,4947000000,3722273311,113000000.0,7000000.0,-117000000.0,4000000.0,0.0,-158000000.0,-111000000.0,0.0,355000000.0,27000000.0,309000000.0,309000000.0,309000000.0,33000000.0,0.0,0.044,277000000.0,615000000.0,1796000000,0.0,-6.83,12.046,12.187,1608000000,0.0,22.79,0.533,0.533,689000000,-1217000000.0,6982000000.0,6982000000.0,0.0,0.045,-1.25,0.088,0.076,0.0,316000000.0,1.0,163329237,163329237,,42.748,4173000000,0,-62000000.0,39000000,25.55,106000000
60,CCK,ART,2006-09-30,2006-11-01,2006-09-30,2021-07-23,0,7236000000,6988250000.0,2350000000,4886000000,1.007,-0.646,-194000000.0,289000000,289000000,6152000000.0,-330000000.0,1.095,-68.626,3698000000,229000000,3469000000,3698000000,0,282000000.0,0,0.0,0.0,-15000000.0,267000000.0,0.038,267000000.0,-15000000.0,-303000000.0,-1.99,-1.93,-1.99,-107000000,-170000000.0,-107000000,6576925393,-438.0,24.633,-403000000.0,-2.432,1.0,883000000.0,0.126,2127000000,288000000.0,6372000000,6167500000.0,922000000,0,0,0,7343000000,2146000000,5197000000,3167925393,14000000.0,627000000.0,-120000000.0,-139000000.0,0.0,-454000000.0,487000000.0,0.0,-209000000.0,-16000000.0,-330000000.0,-330000000.0,-330000000.0,56000000.0,0.0,-0.047,391000000.0,492000000.0,1862000000,0.0,-29.607,-9.6,-9.764,1600000000,0.0,19.43,0.45,0.458,1070000000,,7035000000.0,7035000000.0,0.0,-0.047,1.941,-0.002,-0.002,0.0,323000000.0,1.0,163042995,165711447,,42.453,5109000000,0,27000000.0,55000000,30.831,204000000
61,CCK,ART,2006-06-30,2006-08-08,2006-06-30,2021-07-23,0,7287000000,7111250000.0,2347000000,4940000000,0.924,-0.742,-203000000.0,308000000,308000000,5736000000.0,-337000000.0,1.08,-59.766,3710000000,227000000,3483000000,3710000000,0,282000000.0,0,0.0,0.0,-12000000.0,270000000.0,0.041,270000000.0,-12000000.0,-321000000.0,-2.03,-1.97,-2.03,-124000000,-91500000.0,-124000000,6215821282,-518.0,23.022,-381000000.0,-2.28,1.0,836000000.0,0.127,2125000000,309000000.0,6391000000,6334000000.0,1008000000,0,0,0,7411000000,2173000000,5238000000,2813821282,15000000.0,627000000.0,-20000000.0,-172000000.0,0.0,-611000000.0,435000000.0,0.0,-178000000.0,-19000000.0,-337000000.0,-337000000.0,-337000000.0,35000000.0,0.0,-0.051,381000000.0,455000000.0,1888000000,0.0,-22.692,-8.35,-8.256,1622000000,0.0,16.76,0.428,0.426,929000000,,6572000000.0,6572000000.0,0.0,-0.047,3.683,-0.002,-0.002,0.0,309000000.0,1.0,167889098,167085962,,39.333,5162000000,0,16000000.0,58000000,30.894,174000000
62,CCK,ART,2006-03-31,2006-05-05,2006-03-31,2021-07-23,0,6885000000,7202250000.0,2157000000,4728000000,0.942,-1.275,-170000000.0,293000000,293000000,5907000000.0,-359000000.0,1.086,-33.324,3643000000,215000000,3428000000,3643000000,0,282000000.0,0,0.0,0.0,-20000000.0,262000000.0,0.039,262000000.0,-20000000.0,-354000000.0,-2.16,-2.1,-2.16,-213000000,-20250000.0,-213000000,6176524363,-309.0,23.575,-189000000.0,-1.131,1.0,877000000.0,0.129,2040000000,334000000.0,6209000000,6393500000.0,965000000,0,0,0,7098000000,1986000000,5112000000,2826524363,-47000000.0,627000000.0,-18000000.0,-427000000.0,0.0,-484000000.0,465000000.0,0.0,-19000000.0,-21000000.0,-359000000.0,-359000000.0,-359000000.0,11000000.0,0.0,-0.053,386000000.0,491000000.0,1715000000,0.0,-13.27,-7.873,-7.801,1608000000,0.0,16.85,0.417,0.415,814000000,,6784000000.0,6784000000.0,0.0,-0.05,17.728,-0.003,-0.003,0.0,336000000.0,1.0,167746253,167075638,,40.604,4845000000,0,5000000.0,56000000,28.999,171000000
63,CCK,ART,2005-12-31,2006-03-16,2005-12-31,2021-07-23,-1219000000,6545000000,7500750000.0,1845000000,4700000000,0.921,-1.409,-152000000.0,294000000,294000000,6008000000.0,-362000000.0,0.95,-28.733,3403000000,211000000,3192000000,3403000000,0,282000000.0,0,0.0,0.0,-3000000.0,279000000.0,0.04,279000000.0,-3000000.0,-364000000.0,-2.18,-2.12,-2.18,-236000000,90000000.0,-236000000,6285459429,-2095.0,22.529,-274000000.0,-1.635,1.0,900000000.0,0.13,2013000000,361000000.0,5698000000,6643750000.0,810000000,0,0,0,6781000000,1943000000,4838000000,3176459429,-177000000.0,627000000.0,-22000000.0,-430000000.0,0.0,-497000000.0,464000000.0,0.0,-122000000.0,-22000000.0,-362000000.0,-362000000.0,-362000000.0,11000000.0,0.0,-0.052,385000000.0,515000000.0,1674000000,0.0,-13.46,-8.775,-8.697,1607000000,0.0,18.96,0.46,0.46,686000000,-1526000000.0,6908000000.0,6908000000.0,0.0,-0.048,-4.022,0.0,0.0,0.0,349000000.0,1.0,167534780,167534780,,41.233,4532000000,0,-2000000.0,58000000,27.051,-98000000
64,CCK,ART,2005-09-30,2005-10-28,2005-09-30,2021-07-23,0,7728000000,7895750000.0,3041000000,4687000000,0.89,1.249,-103000000.0,275000000,275000000,6127000000.0,69000000.0,1.461,36.333,3705000000,87000000,3618000000,3705000000,0,308000000.0,0,0.0,0.0,482000000.0,790000000.0,0.112,790000000.0,482000000.0,108000000.0,0.42,0.39,0.42,207000000,218250000.0,207000000,6086858446,13.0,7.705,372000000.0,2.244,1.0,900000000.0,0.128,2038000000,374000000.0,7038000000,6932750000.0,856000000,0,0,0,7521000000,2082000000,5439000000,2656858446,-20000000.0,0.0,-5000000.0,-121000000.0,0.0,-335000000.0,-161000000.0,0.0,475000000.0,1000000.0,69000000.0,69000000.0,69000000.0,-19000000.0,0.0,0.01,425000000.0,475000000.0,1749000000,0.0,12.835,38.505,37.952,1636000000,0.0,15.94,0.378,0.376,944000000,,7027000000.0,7027000000.0,0.0,0.009,0.316,0.07,0.069,0.0,356000000.0,1.0,166678698,165793699,,42.384,5690000000,0,39000000.0,46000000,34.32,959000000
65,CCK,ART,2005-06-30,2005-08-05,2005-06-30,2021-07-23,0,7651000000,7939750000.0,2333000000,5318000000,0.94,0.972,-87000000.0,265000000,265000000,6502000000.0,49000000.0,1.142,46.522,3707000000,72000000,3635000000,3707000000,0,308000000.0,0,0.0,0.0,486000000.0,794000000.0,0.106,794000000.0,486000000.0,115000000.0,0.3,0.28,0.3,161000000,224750000.0,161000000,6162558201,13.0,7.761,330000000.0,1.992,1.0,958000000.0,0.128,2421000000,371000000.0,6629000000,6923750000.0,1009000000,84000000,0,84000000,7490000000,2043000000,5447000000,2720558201,14000000.0,0.0,-6000000.0,16000000.0,0.0,-312000000.0,-96000000.0,0.0,417000000.0,5000000.0,49000000.0,49000000.0,49000000.0,0.0,0.0,0.007,446000000.0,512000000.0,1911000000,0.0,16.898,55.522,54.5,1798000000,0.0,16.35,0.365,0.363,987000000,,7460000000.0,7460000000.0,0.0,0.006,0.218,0.07,0.065,0.0,379000000.0,1.0,166394997,165694221,,45.023,5230000000,0,66000000.0,60000000,31.564,290000000
66,CCK,ART,2005-06-30,2005-08-04,2005-06-30,2021-07-23,0,7651000000,7939750000.0,2333000000,5318000000,0.94,0.972,-87000000.0,265000000,265000000,6502000000.0,49000000.0,1.142,46.522,3707000000,72000000,3635000000,3707000000,0,308000000.0,0,0.0,0.0,486000000.0,794000000.0,0.106,794000000.0,486000000.0,115000000.0,0.3,0.28,0.3,161000000,224750000.0,161000000,6182525601,13.0,7.787,330000000.0,1.992,1.0,958000000.0,0.128,2421000000,371000000.0,6629000000,6923750000.0,1009000000,84000000,0,84000000,7490000000,2043000000,5447000000,2740525601,14000000.0,0.0,-6000000.0,16000000.0,0.0,-312000000.0,-96000000.0,0.0,417000000.0,5000000.0,49000000.0,49000000.0,49000000.0,0.0,0.0,0.007,446000000.0,512000000.0,1911000000,0.0,17.022,55.929,54.9,1798000000,0.0,16.47,0.367,0.366,987000000,,7460000000.0,7460000000.0,0.0,0.006,0.218,0.07,0.065,0.0,379000000.0,1.0,166394997,165694221,,45.023,5230000000,0,66000000.0,60000000,31.564,290000000
67,CCK,ART,2005-03-31,2005-05-04,2005-03-31,2021-07-23,0,8079000000,7994000000.0,2483000000,5596000000,0.911,1.375,-98000000.0,340000000,340000000,6350000000.0,57000000.0,1.23,34.434,4023000000,139000000,3884000000,4023000000,0,308000000.0,0,0.0,0.0,496000000.0,804000000.0,0.11,804000000.0,496000000.0,131000000.0,0.35,0.34,0.35,228000000,229000000.0,228000000,6227987845,13.0,7.746,222000000.0,1.339,1.0,929000000.0,0.128,2533000000,365000000.0,7210000000,7016250000.0,1059000000,82000000,0,82000000,7851000000,2019000000,5832000000,2544987845,97000000.0,0.0,-1000000.0,355000000.0,0.0,-134000000.0,-101000000.0,0.0,320000000.0,12000000.0,57000000.0,57000000.0,57000000.0,0.0,0.0,0.008,451000000.0,478000000.0,1819000000,0.0,11.162,44.649,43.771,1905000000,0.0,15.32,0.35,0.349,995000000,,7279000000.0,7279000000.0,0.0,0.007,0.249,0.071,0.068,0.0,367000000.0,1.0,166121922,165819217,,43.897,5546000000,0,74000000.0,61000000,33.446,464000000
68,CCK,ART,2004-12-31,2005-03-11,2004-12-31,2021-07-23,-1087000000,8125000000,7946000000.0,2343000000,5782000000,0.906,1.66,-99000000.0,471000000,471000000,6292000000.0,51000000.0,1.126,28.332,3872000000,76000000,3796000000,3872000000,0,308000000.0,0,0.0,0.0,494000000.0,802000000.0,0.111,802000000.0,494000000.0,133000000.0,0.31,0.3,0.31,277000000,213250000.0,277000000,6211105990,13.0,7.745,305000000.0,1.828,1.0,907000000.0,0.126,2592000000,361000000.0,6854000000,7016000000.0,894000000,85000000,0,85000000,7848000000,2080000000,5768000000,2810105990,70000000.0,0.0,3000000.0,-208000000.0,0.0,-246000000.0,-107000000.0,0.0,404000000.0,19000000.0,51000000.0,51000000.0,51000000.0,0.0,0.0,0.007,452000000.0,455000000.0,1943000000,0.0,10.145,55.1,54.323,2002000000,0.0,16.84,0.39,0.39,900000000,-1164000000.0,7199000000.0,7199000000.0,0.0,0.006,0.239,0.07,0.069,0.0,363000000.0,1.0,166870902,166870902,,43.141,5533000000,0,82000000.0,61000000,33.157,263000000
69,CCK,ART,2004-09-30,2004-11-05,2004-09-30,2021-07-23,0,7904000000,7858000000.0,2382000000,5522000000,0.896,1.409,-115000000.0,295000000,295000000,6172000000.0,63000000.0,1.127,32.923,3959000000,190000000,3769000000,3959000000,0,326000000.0,0,0.0,0.0,499000000.0,825000000.0,0.117,825000000.0,499000000.0,130000000.0,0.38,0.38,0.38,233000000,179000000.0,233000000,5759648509,12.0,6.981,279000000.0,1.688,1.0,870000000.0,0.124,2452000000,369000000.0,7002000000,7010750000.0,911000000,85000000,0,85000000,7671000000,2114000000,5557000000,2095648509,8000000.0,0.0,2000000.0,-545000000.0,0.0,-326000000.0,18000000.0,0.0,394000000.0,12000000.0,63000000.0,63000000.0,63000000.0,0.0,0.0,0.009,455000000.0,415000000.0,1860000000,0.0,8.994,33.264,33.342,1959000000,0.0,12.67,0.298,0.297,1117000000,,7042000000.0,7042000000.0,0.0,0.008,0.352,0.071,0.071,0.0,364000000.0,1.0,165402408,165310712,,42.599,5452000000,0,67000000.0,64000000,32.98,268000000
70,CCK,ART,2004-06-30,2004-08-03,2004-06-30,2021-07-23,0,7868000000,7886500000.0,2329000000,5539000000,0.875,1.078,-108000000.0,251000000,251000000,6066000000.0,-1000000.0,1.113,43.202,3904000000,195000000,3709000000,3904000000,0,163000000.0,0,0.0,0.0,457000000.0,620000000.0,0.09,620000000.0,457000000.0,79000000.0,0.0,0.0,0.0,178000000,101750000.0,178000000,5306014160,12.0,8.558,345000000.0,2.089,1.0,837000000.0,0.121,2430000000,378000000.0,6999000000,7123750000.0,978000000,81000000,0,81000000,7690000000,2092000000,5598000000,1653014160,-25000000.0,0.0,1000000.0,-738000000.0,0.0,-163000000.0,32000000.0,0.0,453000000.0,47000000.0,-1000000.0,-1000000.0,-1000000.0,0.0,0.0,0.0,496000000.0,341000000.0,1843000000,,9.287,-1653.014,,1992000000,0.0,10.0,0.239,0.239,1030000000,,6903000000.0,6903000000.0,0.0,0.0,-0.01,0.064,0.066,0.0,357000000.0,1.0,165301416,165165133,,41.795,5438000000,0,80000000.0,54000000,32.925,237000000
71,CCK,ART,2004-03-31,2004-05-07,2004-03-31,2021-07-23,0,7887000000,7976750000.0,2253000000,5634000000,0.852,1.0,-108000000.0,263000000,263000000,5993000000.0,-16000000.0,1.123,46.8,4042000000,194000000,3848000000,4042000000,0,248000000.0,0,0.0,0.0,458000000.0,706000000.0,0.104,706000000.0,458000000.0,68000000.0,-0.09,-0.09,-0.09,165000000,37750000.0,165000000,5133198569,11.0,7.271,285000000.0,1.726,1.0,800000000.0,0.118,2450000000,390000000.0,7209000000,7304250000.0,954000000,85000000,0,85000000,7722000000,2007000000,5715000000,1354198569,-22000000.0,0.0,3000000.0,-1001000000.0,0.0,105000000.0,146000000.0,0.0,393000000.0,36000000.0,-16000000.0,-16000000.0,-16000000.0,0.0,0.0,-0.002,484000000.0,316000000.0,1755000000,0.0,8.207,-84.637,-91.111,2057000000,0.0,8.2,0.199,0.199,941000000,,6793000000.0,6793000000.0,0.0,-0.002,-0.424,0.063,0.067,0.0,348000000.0,1.0,165146167,165075996,,41.151,5437000000,0,84000000.0,58000000,32.936,246000000
72,CCK,ART,2003-12-31,2004-03-12,2003-12-31,2021-07-23,-1170000000,7773000000,8018750000.0,2122000000,5651000000,0.827,0.848,-85000000.0,401000000,401000000,5865000000.0,-32000000.0,1.042,54.521,3939000000,230000000,3709000000,3939000000,0,326000000.0,0,0.0,0.0,442000000.0,768000000.0,0.116,768000000.0,442000000.0,63000000.0,-0.19,-0.19,-0.19,140000000,-16500000.0,140000000,5040464482,11.0,6.563,349000000.0,2.114,1.0,765000000.0,0.115,2442000000,379000000.0,6833000000,7405750000.0,815000000,83000000,0,83000000,7633000000,2036000000,5597000000,1502464482,38000000.0,0.0,2000000.0,-298000000.0,0.0,-328000000.0,-100000000.0,0.0,434000000.0,32000000.0,-32000000.0,-32000000.0,-32000000.0,0.0,0.0,-0.005,473000000.0,292000000.0,1744000000,0.0,10.732,-46.952,-47.895,2112000000,0.0,9.1,0.227,0.227,817000000,-1215000000.0,6630000000.0,6630000000.0,0.0,-0.004,1.939,0.06,0.067,0.0,337000000.0,1.0,165105987,165105987,,40.156,5331000000,0,95000000.0,62000000,32.288,86000000
73,CCK,ART,2003-09-30,2003-11-07,2003-09-30,2021-07-23,0,8018000000,7951750000.0,2444000000,5574000000,,-0.461,,432000000,432000000,,,1.203,-106.5,4272000000,250000000,4022000000,4272000000,0,,0,0.0,0.0,,,,,,,,,,-76000000,-73250000.0,-76000000,5159973424,,,,,1.0,,,2373000000,,7454000000,7361750000.0,858000000,84000000,0,84000000,8094000000,2031000000,6063000000,1319973424,,,,,,,,,,,,,,,,,,,1734000000,,-17.368,,,2081000000,,8.0,,,1099000000,,,,,,,,,,,1.0,164996678,164948690,,,5645000000,0,,47000000,34.223,413000000
74,CCK,ART,2003-06-30,2003-08-18,2003-06-30,2021-07-23,0,8207000000,,2530000000,5677000000,,-0.34,,438000000,438000000,,,1.221,-147.554,4364000000,252000000,4112000000,4364000000,0,,0,0.0,0.0,,,,,,,,,,-56000000,,-56000000,5139975048,,,,,1.0,,,2362000000,,7699000000,,975000000,93000000,0,93000000,8263000000,2072000000,6191000000,1213975048,,,,,,,,,,,,,,,,,,,1762000000,,-21.678,,,2176000000,,7.36,,,1050000000,,,,,,,,,,,1.0,164942262,164916169,,,5845000000,0,,58000000,35.442,458000000
75,CCK,ART,2003-06-30,2003-08-08,2003-06-30,2021-07-23,0,8229000000,,2530000000,5699000000,,-0.473,,438000000,438000000,,,1.221,-106.5,4364000000,252000000,4112000000,4364000000,0,,0,0.0,0.0,,,,,,,,,,-78000000,,-78000000,5123480822,,,,,1.0,,,2362000000,,7721000000,,975000000,115000000,0,115000000,8307000000,2072000000,6235000000,1197480822,,,,,,,,,,,,,,,,,,,1762000000,,-15.352,,,2176000000,,7.26,,,1050000000,,,,,,,,,,,1.0,164942262,164916169,,,5867000000,0,,58000000,35.576,458000000
76,CCK,ART,2003-03-31,2003-05-20,2003-03-31,2021-07-23,0,8055000000,,2498000000,5557000000,,-0.317,,545000000,545000000,,,1.19,-155.904,4494000000,394000000,4100000000,4494000000,0,,0,0.0,0.0,,,,,,,,,,-52000000,,-52000000,5075222380,,,,,1.0,,,2289000000,,7615000000,,917000000,112000000,0,112000000,8107000000,2100000000,6007000000,1126222380,,,,,,,,,,,,,,,,,,,1642000000,,-21.658,,,2170000000,,6.83,,,929000000,,,,,,,,,,,1.0,164893467,163843107,,,5766000000,0,,64000000,35.192,398000000
77,CCK,ART,2003-03-31,2003-05-15,2003-03-31,2021-07-23,0,8055000000,,2498000000,5557000000,,-0.317,,545000000,545000000,,,1.19,-155.904,4494000000,394000000,4100000000,4494000000,0,,0,0.0,0.0,,,,,,,,,,-52000000,,-52000000,5101605334,,,,,1.0,,,2289000000,,7615000000,,917000000,112000000,0,112000000,8107000000,2100000000,6007000000,1152605334,,,,,,,,,,,,,,,,,,,1642000000,,-22.165,,,2170000000,,6.99,,,929000000,,,,,,,,,,,1.0,164893467,163843107,,,5766000000,0,,64000000,35.192,398000000
78,CCK,ART,2002-12-31,2003-03-31,2002-12-31,2021-07-23,-1386000000,7505000000,,2024000000,5481000000,,-0.531,-70000000.0,363000000,363000000,5994000000.0,-1205000000.0,0.892,-87.264,4054000000,666000000,3388000000,4054000000,0,375000000.0,0,0.0,0.0,-833000000.0,-458000000.0,-0.067,-458000000.0,-833000000.0,-1175000000.0,-1.33,-1.33,-1.33,-87000000,,-87000000,4617683008,-6.0,-10.082,345000000.0,2.106,1.0,798000000.0,0.117,2269000000,342000000.0,6657000000,,779000000,111000000,0,111000000,7592000000,2270000000,5322000000,926683008,-93000000.0,661000000.0,3000000.0,-1101000000.0,0.0,-1128000000.0,591000000.0,0.0,415000000.0,29000000.0,-1205000000.0,-1205000000.0,-1205000000.0,0.0,0.0,-0.177,613000000.0,185000000.0,1541000000,0.0,-10.652,-0.769,-4.226,2212000000,0.0,5.62,0.136,0.136,806000000,-1183000000.0,6792000000.0,6792000000.0,0.0,,,,-0.123,0.0,317000000.0,1.0,164890215,163843107,,41.454,5236000000,0,30000000.0,63000000,31.957,-246000000
