None,ticker,dimension,calendardate,datekey,reportperiod,lastupdated,accoci,assets,assetsavg,assetsc,assetsnc,assetturnover,bvps,capex,cashneq,cashnequsd,cor,consolinc,currentratio,de,debt,debtc,debtnc,debtusd,deferredrev,depamor,deposits,divyield,dps,ebit,ebitda,ebitdamargin,ebitdausd,ebitusd,ebt,eps,epsdil,epsusd,equity,equityavg,equityusd,ev,evebit,evebitda,fcf,fcfps,fxusd,gp,grossmargin,intangibles,intexp,invcap,invcapavg,inventory,investments,investmentsc,investmentsnc,liabilities,liabilitiesc,liabilitiesnc,marketcap,ncf,ncfbus,ncfcommon,ncfdebt,ncfdiv,ncff,ncfi,ncfinv,ncfo,ncfx,netinc,netinccmn,netinccmnusd,netincdis,netincnci,netmargin,opex,opinc,payables,payoutratio,pb,pe,pe1,ppnenet,prefdivis,price,ps,ps1,receivables,retearn,revenue,revenueusd,rnd,roa,roe,roic,ros,sbcomp,sgna,sharefactor,sharesbas,shareswa,shareswadil,sps,tangibles,taxassets,taxexp,taxliabilities,tbvps,workingcapital
0,CCK,MRY,2020-12-31,2020-12-31,2020-12-31,2021-07-23,0.0,16691000000.0,15779500000.0,4903000000.0,11788000000.0,0.734,16.31,-571000000.0,1173000000.0,1173000000.0,9663000000.0,688000000.0,1.145,6.409,8369000000.0,214000000.0,8155000000.0,8369000000.0,0.0,481000000.0,0.0,0.0,0.0,1123000000.0,1604000000.0,0.139,1604000000.0,1123000000.0,823000000.0,4.34,4.3,4.34,2198000000.0,1896500000.0,2198000000.0,21346212019.0,19.0,13.308,744000000.0,5.521,1.0,1912000000.0,0.165,4901000000.0,300000000.0,14703000000.0,14091750000.0,1263000000.0,0.0,0.0,0.0,14087000000.0,4283000000.0,9804000000.0,13503212019.0,575000000.0,0.0,-64000000.0,-133000000.0,0.0,-239000000.0,-535000000.0,28000000.0,1315000000.0,34000000.0,579000000.0,579000000.0,579000000.0,0.0,109000000.0,0.05,648000000.0,1264000000.0,2142000000.0,0.0,6.143,23.322,23.088,3823000000.0,0.0,100.2,1.167,1.167,1479000000.0,4538000000.0,11575000000.0,11575000000.0,0.0,0.037,0.305,0.08,0.097,32000000.0,614000000.0,1.0,134762595.0,134762595.0,,85.892,11790000000.0,0.0,244000000.0,0.0,87.487,620000000.0
1,CCK,MRY,2019-12-31,2019-12-31,2019-12-31,2021-07-23,-3131000000.0,15505000000.0,15441000000.0,4002000000.0,11503000000.0,0.755,12.64,-393000000.0,607000000.0,607000000.0,9839000000.0,625000000.0,1.026,7.83,8162000000.0,188000000.0,7974000000.0,8162000000.0,0.0,490000000.0,0.0,0.0,0.0,1054000000.0,1544000000.0,0.132,1544000000.0,1054000000.0,676000000.0,3.81,3.78,3.81,1713000000.0,1440000000.0,1713000000.0,17959149762.0,17.0,11.632,770000000.0,5.682,1.0,1826000000.0,0.157,6445000000.0,378000000.0,12716000000.0,13655750000.0,1626000000.0,0.0,0.0,0.0,13413000000.0,3899000000.0,9514000000.0,9831149762.0,4000000.0,-11000000.0,-3000000.0,-672000000.0,0.0,-786000000.0,-374000000.0,23000000.0,1163000000.0,1000000.0,510000000.0,510000000.0,510000000.0,0.0,115000000.0,0.044,630000000.0,1196000000.0,2646000000.0,0.0,5.739,19.277,19.039,4091000000.0,0.0,72.54,0.843,0.843,1528000000.0,3959000000.0,11665000000.0,11665000000.0,0.0,0.033,0.354,0.077,0.09,29000000.0,631000000.0,1.0,135527292.0,135527292.0,,86.071,9060000000.0,0.0,166000000.0,0.0,66.85,103000000.0
2,CCK,MRY,2018-12-31,2018-12-31,2018-12-31,2021-07-23,-3374000000.0,15262000000.0,14759000000.0,4079000000.0,11183000000.0,0.756,6.931,-426000000.0,607000000.0,607000000.0,9453000000.0,528000000.0,1.042,14.916,8663000000.0,170000000.0,8493000000.0,8663000000.0,0.0,425000000.0,0.0,0.0,0.0,1039000000.0,1464000000.0,0.131,1464000000.0,1039000000.0,655000000.0,3.28,3.28,3.28,937000000.0,856750000.0,937000000.0,14391855242.0,14.0,9.831,145000000.0,1.073,1.0,1698000000.0,0.152,6635000000.0,384000000.0,12770000000.0,13233250000.0,1690000000.0,0.0,0.0,0.0,13976000000.0,3913000000.0,10063000000.0,5619855242.0,224000000.0,-3937000000.0,-3000000.0,3610000000.0,0.0,3533000000.0,-3843000000.0,524000000.0,571000000.0,-37000000.0,439000000.0,439000000.0,439000000.0,0.0,89000000.0,0.039,602000000.0,1096000000.0,2732000000.0,0.0,5.998,12.801,12.674,3745000000.0,0.0,41.57,0.504,0.504,1602000000.0,3449000000.0,11151000000.0,11151000000.0,0.0,0.03,0.512,0.079,0.093,27000000.0,558000000.0,1.0,135190167.0,135190167.0,,82.484,8627000000.0,0.0,216000000.0,0.0,63.814,166000000.0
3,CCK,MRY,2017-12-31,2017-12-31,2017-12-31,2021-07-23,-3241000000.0,10663000000.0,10323750000.0,3074000000.0,7589000000.0,0.843,4.476,-490000000.0,424000000.0,424000000.0,7253000000.0,428000000.0,0.946,16.206,5343000000.0,126000000.0,5217000000.0,5343000000.0,0.0,247000000.0,0.0,0.0,0.0,976000000.0,1223000000.0,0.141,1223000000.0,976000000.0,724000000.0,2.39,2.38,2.39,601000000.0,641000000.0,601000000.0,12410848938.0,13.0,10.148,-741000000.0,-5.519,1.0,1445000000.0,0.166,3518000000.0,252000000.0,8814000000.0,8891500000.0,1385000000.0,0.0,0.0,0.0,9740000000.0,3250000000.0,6490000000.0,7552848938.0,-141000000.0,0.0,-330000000.0,-4000000.0,0.0,-400000000.0,496000000.0,1010000000.0,-251000000.0,14000000.0,323000000.0,323000000.0,323000000.0,0.0,105000000.0,0.037,421000000.0,1024000000.0,2367000000.0,0.0,12.567,23.383,23.536,3239000000.0,0.0,56.25,0.868,0.868,1041000000.0,3004000000.0,8698000000.0,8698000000.0,0.0,0.031,0.504,0.11,0.112,23000000.0,367000000.0,1.0,134272870.0,134272870.0,,64.779,7145000000.0,0.0,401000000.0,0.0,53.213,-176000000.0
4,CCK,MRY,2016-12-31,2016-12-31,2016-12-31,2021-07-23,-3400000000.0,9599000000.0,9819500000.0,2841000000.0,6758000000.0,0.844,2.618,-463000000.0,559000000.0,559000000.0,6870000000.0,583000000.0,0.981,24.402,4911000000.0,194000000.0,4717000000.0,4911000000.0,0.0,247000000.0,0.0,0.0,0.0,925000000.0,1172000000.0,0.141,1172000000.0,925000000.0,682000000.0,3.58,3.56,3.58,366000000.0,350500000.0,366000000.0,12090139698.0,13.0,10.316,-597000000.0,-4.27,1.0,1414000000.0,0.171,3263000000.0,243000000.0,7792000000.0,8394250000.0,1245000000.0,0.0,0.0,0.0,8931000000.0,2896000000.0,6035000000.0,7349139698.0,-169000000.0,0.0,2000000.0,-606000000.0,0.0,-638000000.0,633000000.0,1086000000.0,-134000000.0,-30000000.0,496000000.0,496000000.0,496000000.0,0.0,87000000.0,0.06,417000000.0,997000000.0,2702000000.0,0.0,20.08,14.817,14.684,2820000000.0,0.0,52.57,0.887,0.887,865000000.0,2621000000.0,8284000000.0,8284000000.0,0.0,0.051,1.415,0.11,0.112,20000000.0,366000000.0,1.0,139797217.0,139797217.0,,59.257,6336000000.0,0.0,186000000.0,0.0,45.323,-55000000.0
5,CCK,MRY,2015-12-31,2015-12-31,2015-12-31,2021-07-23,-3154000000.0,10050000000.0,10195500000.0,3049000000.0,7001000000.0,0.859,0.674,-347000000.0,717000000.0,717000000.0,7353000000.0,461000000.0,1.048,102.819,5518000000.0,263000000.0,5255000000.0,5518000000.0,0.0,237000000.0,0.0,0.0,0.0,841000000.0,1078000000.0,0.123,1078000000.0,841000000.0,571000000.0,2.85,2.82,2.85,94000000.0,83250000.0,94000000.0,12413176638.0,15.0,11.515,609000000.0,4.368,1.0,1409000000.0,0.161,3580000000.0,270000000.0,8363000000.0,9117750000.0,1213000000.0,0.0,0.0,0.0,9665000000.0,2908000000.0,6757000000.0,7068176638.0,-248000000.0,-1174000000.0,-3000000.0,510000000.0,0.0,406000000.0,-1548000000.0,-11000000.0,956000000.0,-62000000.0,393000000.0,393000000.0,393000000.0,0.0,68000000.0,0.045,482000000.0,927000000.0,2645000000.0,0.0,75.193,17.985,17.789,2699000000.0,0.0,50.7,0.807,0.807,912000000.0,2125000000.0,8762000000.0,8762000000.0,0.0,0.039,4.721,0.092,0.096,27000000.0,390000000.0,1.0,139411768.0,139411768.0,,62.85,6470000000.0,0.0,178000000.0,0.0,46.409,141000000.0
6,CCK,MRY,2014-12-31,2014-12-31,2014-12-31,2021-07-23,-2765000000.0,9643000000.0,9310000000.0,3619000000.0,6024000000.0,0.977,0.857,-312000000.0,965000000.0,965000000.0,7715000000.0,478000000.0,1.238,77.782,5194000000.0,250000000.0,4944000000.0,5194000000.0,0.0,190000000.0,0.0,0.0,0.0,686000000.0,876000000.0,0.096,876000000.0,686000000.0,433000000.0,2.84,2.82,2.84,119000000.0,134000000.0,119000000.0,12137972570.0,18.0,13.856,600000000.0,4.319,1.0,1382000000.0,0.152,2926000000.0,253000000.0,8022000000.0,8310000000.0,1324000000.0,0.0,0.0,0.0,9256000000.0,2924000000.0,6332000000.0,7070972570.0,276000000.0,-711000000.0,12000000.0,630000000.0,0.0,445000000.0,-1021000000.0,0.0,912000000.0,-60000000.0,390000000.0,390000000.0,390000000.0,0.0,88000000.0,0.043,567000000.0,815000000.0,2651000000.0,0.0,59.42,18.131,17.923,2437000000.0,0.0,50.9,0.777,0.777,1031000000.0,1782000000.0,9097000000.0,9097000000.0,0.0,0.042,2.91,0.083,0.075,22000000.0,398000000.0,1.0,138918911.0,138918911.0,,65.484,6717000000.0,0.0,43000000.0,0.0,48.352,695000000.0
7,CCK,MRY,2013-12-31,2013-12-31,2013-12-31,2021-07-23,-2513000000.0,8030000000.0,7908000000.0,3180000000.0,4850000000.0,1.095,0.029,-246000000.0,689000000.0,689000000.0,7314000000.0,428000000.0,1.089,1935.25,3842000000.0,373000000.0,3469000000.0,3842000000.0,0.0,134000000.0,0.0,0.0,0.0,708000000.0,842000000.0,0.097,842000000.0,708000000.0,472000000.0,2.32,2.3,2.32,4000000.0,-97750000.0,4000000.0,10170302912.0,14.0,12.079,639000000.0,4.628,1.0,1342000000.0,0.155,2040000000.0,236000000.0,6223000000.0,6995750000.0,1213000000.0,0.0,0.0,0.0,7741000000.0,2920000000.0,4821000000.0,6153302912.0,339000000.0,-6000000.0,-279000000.0,47000000.0,0.0,-306000000.0,-246000000.0,0.0,885000000.0,6000000.0,324000000.0,324000000.0,324000000.0,0.0,104000000.0,0.037,491000000.0,851000000.0,2547000000.0,0.0,1538.326,18.992,19.211,2152000000.0,0.0,44.57,0.711,0.711,1064000000.0,1395000000.0,8656000000.0,8656000000.0,0.0,0.041,-3.315,0.101,0.082,21000000.0,425000000.0,1.0,138059298.0,138059298.0,,62.698,5990000000.0,0.0,148000000.0,0.0,43.387,260000000.0
8,CCK,MRY,2012-12-31,2012-12-31,2012-12-31,2021-07-23,-2614000000.0,7500000000.0,7378000000.0,2750000000.0,4750000000.0,1.148,-1.11,-321000000.0,350000000.0,350000000.0,7193000000.0,664000000.0,1.09,-46.069,3665000000.0,376000000.0,3289000000.0,3665000000.0,0.0,180000000.0,0.0,0.0,0.0,768000000.0,948000000.0,0.112,948000000.0,768000000.0,542000000.0,3.83,3.77,3.83,-160000000.0,-184000000.0,-160000000.0,9061789959.0,12.0,9.559,300000000.0,2.082,1.0,1277000000.0,0.151,1998000000.0,226000000.0,6295000000.0,6656500000.0,1166000000.0,0.0,0.0,0.0,7371000000.0,2522000000.0,4849000000.0,5304789959.0,8000000.0,-78000000.0,-242000000.0,72000000.0,0.0,-254000000.0,-362000000.0,0.0,621000000.0,3000000.0,559000000.0,559000000.0,559000000.0,0.0,105000000.0,0.066,417000000.0,860000000.0,2146000000.0,0.0,-33.155,9.49,9.611,2005000000.0,0.0,36.81,0.626,0.626,1057000000.0,1071000000.0,8470000000.0,8470000000.0,0.0,0.076,-3.038,0.115,0.091,18000000.0,382000000.0,1.0,144112740.0,144112740.0,,58.773,5502000000.0,0.0,-17000000.0,0.0,38.178,228000000.0
9,CCK,MRY,2011-12-31,2011-12-31,2011-12-31,2021-07-23,-2590000000.0,6868000000.0,7500500000.0,2603000000.0,4265000000.0,1.152,-3.129,-375000000.0,342000000.0,342000000.0,7296000000.0,396000000.0,1.139,-15.025,3532000000.0,195000000.0,3337000000.0,3532000000.0,0.0,176000000.0,0.0,0.0,0.0,708000000.0,884000000.0,0.102,884000000.0,708000000.0,476000000.0,1.86,1.83,1.86,-473000000.0,-162500000.0,-473000000.0,8354243905.0,12.0,9.451,4000000.0,0.026,1.0,1348000000.0,0.156,1952000000.0,232000000.0,5821000000.0,6214750000.0,1148000000.0,0.0,0.0,0.0,7107000000.0,2285000000.0,4822000000.0,5076243905.0,-121000000.0,4000000.0,-301000000.0,487000000.0,0.0,-129000000.0,-372000000.0,0.0,379000000.0,1000000.0,282000000.0,282000000.0,282000000.0,0.0,114000000.0,0.033,506000000.0,842000000.0,2090000000.0,0.0,-10.732,18.001,18.054,1751000000.0,0.0,33.58,0.587,0.587,948000000.0,512000000.0,8644000000.0,8644000000.0,0.0,0.038,-1.735,0.114,0.082,18000000.0,395000000.0,1.0,151168669.0,151168669.0,,57.181,4916000000.0,0.0,194000000.0,0.0,32.52,318000000.0
10,CCK,MRY,2010-12-31,2010-12-31,2010-12-31,2021-07-23,-2333000000.0,6899000000.0,6884000000.0,2649000000.0,4250000000.0,1.154,-0.602,-288000000.0,463000000.0,463000000.0,6691000000.0,452000000.0,1.114,-69.479,3048000000.0,399000000.0,2649000000.0,3048000000.0,0.0,172000000.0,0.0,0.0,0.0,692000000.0,864000000.0,0.109,864000000.0,692000000.0,489000000.0,2.03,2.0,2.03,-96000000.0,46000000.0,-96000000.0,8132897579.0,12.0,9.413,302000000.0,1.895,1.0,1250000000.0,0.157,1984000000.0,203000000.0,5123000000.0,5394750000.0,1060000000.0,0.0,0.0,0.0,6670000000.0,2377000000.0,4293000000.0,5318897579.0,4000000.0,7000000.0,-242000000.0,258000000.0,0.0,-299000000.0,-281000000.0,0.0,590000000.0,-6000000.0,324000000.0,324000000.0,324000000.0,0.0,128000000.0,0.041,430000000.0,820000000.0,1978000000.0,0.0,-55.405,16.416,16.443,1610000000.0,0.0,33.38,0.67,0.67,936000000.0,230000000.0,7941000000.0,7941000000.0,0.0,0.047,7.043,0.128,0.087,20000000.0,360000000.0,1.0,159343846.0,159343846.0,,49.836,4915000000.0,0.0,165000000.0,0.0,30.845,272000000.0
11,CCK,MRY,2009-12-31,2009-12-31,2009-12-31,2021-07-23,-2255000000.0,6532000000.0,6920000000.0,2242000000.0,4290000000.0,1.147,-0.037,-178000000.0,459000000.0,459000000.0,6745000000.0,450000000.0,1.165,-1024.833,2798000000.0,59000000.0,2739000000.0,2798000000.0,0.0,194000000.0,0.0,0.0,0.0,588000000.0,782000000.0,0.099,782000000.0,588000000.0,341000000.0,2.1,2.06,2.1,-6000000.0,-42250000.0,-6000000.0,6896729432.0,12.0,8.819,578000000.0,3.598,1.0,1193000000.0,0.15,2050000000.0,247000000.0,4896000000.0,5809500000.0,960000000.0,0.0,0.0,0.0,6149000000.0,1925000000.0,4224000000.0,4109729432.0,-137000000.0,-22000000.0,19000000.0,-570000000.0,0.0,-701000000.0,-200000000.0,0.0,756000000.0,8000000.0,334000000.0,334000000.0,334000000.0,0.0,116000000.0,0.042,473000000.0,720000000.0,1866000000.0,0.0,-684.955,12.305,12.181,1509000000.0,0.0,25.58,0.518,0.518,714000000.0,-94000000.0,7938000000.0,7938000000.0,0.0,0.048,-7.905,0.101,0.074,18000000.0,381000000.0,1.0,160661823.0,160661823.0,,49.408,4482000000.0,0.0,7000000.0,0.0,27.897,317000000.0
12,CCK,MRY,2008-12-31,2008-12-31,2008-12-31,2021-07-23,-2195000000.0,6774000000.0,7256500000.0,2457000000.0,4317000000.0,1.144,-1.967,-159000000.0,596000000.0,596000000.0,7101000000.0,330000000.0,1.186,-21.256,3337000000.0,90000000.0,3247000000.0,3337000000.0,0.0,216000000.0,0.0,0.0,0.0,640000000.0,856000000.0,0.103,856000000.0,640000000.0,338000000.0,1.42,1.39,1.42,-317000000.0,43250000.0,-317000000.0,6295138867.0,10.0,7.354,263000000.0,1.632,1.0,1204000000.0,0.145,1956000000.0,302000000.0,5487000000.0,6289750000.0,979000000.0,0.0,0.0,0.0,6738000000.0,2072000000.0,4666000000.0,3094138867.0,139000000.0,0.0,-25000000.0,-52000000.0,0.0,-77000000.0,-186000000.0,0.0,422000000.0,-20000000.0,226000000.0,226000000.0,226000000.0,0.0,104000000.0,0.027,448000000.0,756000000.0,1982000000.0,0.0,-9.761,13.691,13.521,1473000000.0,0.0,19.2,0.373,0.373,734000000.0,-428000000.0,8305000000.0,8305000000.0,0.0,0.031,5.225,0.102,0.077,16000000.0,396000000.0,1.0,161153066.0,161153066.0,,51.535,4818000000.0,0.0,112000000.0,0.0,29.897,385000000.0
13,CCK,MRY,2007-12-31,2007-12-31,2007-12-31,2021-07-23,-1646000000.0,6979000000.0,6825750000.0,2234000000.0,4745000000.0,1.132,0.094,-90000000.0,457000000.0,457000000.0,6697000000.0,601000000.0,1.072,464.267,3437000000.0,83000000.0,3354000000.0,3437000000.0,0.0,229000000.0,0.0,0.0,0.0,446000000.0,675000000.0,0.087,675000000.0,446000000.0,128000000.0,3.27,3.19,3.27,15000000.0,-318000000.0,15000000.0,7513556634.0,17.0,11.131,419000000.0,2.622,1.0,1030000000.0,0.133,2199000000.0,318000000.0,5677000000.0,5852750000.0,1030000000.0,0.0,0.0,0.0,6964000000.0,2083000000.0,4881000000.0,4098556634.0,50000000.0,7000000.0,-104000000.0,-224000000.0,0.0,-396000000.0,-94000000.0,0.0,509000000.0,31000000.0,528000000.0,528000000.0,528000000.0,0.0,73000000.0,0.068,534000000.0,496000000.0,2000000000.0,0.0,273.237,7.762,7.844,1604000000.0,0.0,25.65,0.53,0.53,673000000.0,-654000000.0,7727000000.0,7727000000.0,0.0,0.077,-1.66,0.076,0.058,14000000.0,385000000.0,1.0,159787783.0,159787783.0,,48.358,4780000000.0,0.0,-400000000.0,0.0,29.915,151000000.0
14,CCK,MRY,2006-12-31,2006-12-31,2006-12-31,2021-07-23,-1731000000.0,6409000000.0,6954250000.0,2113000000.0,4296000000.0,1.004,-3.03,-110000000.0,407000000.0,407000000.0,6090000000.0,309000000.0,1.08,-13.974,3541000000.0,121000000.0,3420000000.0,3541000000.0,0.0,230000000.0,0.0,0.0,0.0,533000000.0,763000000.0,0.109,763000000.0,533000000.0,247000000.0,1.87,2.01,1.87,-494000000.0,-234500000.0,-494000000.0,6819859455.0,13.0,8.938,245000000.0,1.503,1.0,892000000.0,0.128,2185000000.0,286000000.0,5402000000.0,6093500000.0,957000000.0,0.0,0.0,0.0,6903000000.0,1956000000.0,4947000000.0,3410859455.0,113000000.0,7000000.0,-117000000.0,4000000.0,0.0,-158000000.0,-111000000.0,0.0,355000000.0,27000000.0,309000000.0,309000000.0,309000000.0,33000000.0,0.0,0.044,277000000.0,615000000.0,1835000000.0,0.0,-6.905,11.038,11.187,1608000000.0,0.0,20.92,0.489,0.489,689000000.0,-1166000000.0,6982000000.0,6982000000.0,0.0,0.044,-1.318,0.087,0.076,11000000.0,316000000.0,1.0,163042995.0,163042995.0,,42.823,4224000000.0,0.0,-62000000.0,0.0,25.907,157000000.0
15,CCK,MRY,2005-12-31,2005-12-31,2005-12-31,2021-07-23,-1219000000.0,6545000000.0,7500750000.0,1845000000.0,4700000000.0,0.89,-1.416,-152000000.0,294000000.0,294000000.0,5764000000.0,-354000000.0,0.95,-28.733,3403000000.0,211000000.0,3192000000.0,3403000000.0,0.0,282000000.0,0.0,0.0,0.0,18000000.0,300000000.0,0.045,300000000.0,18000000.0,-343000000.0,-2.13,-1.88,-2.13,-236000000.0,90000000.0,-236000000.0,6685234972.0,371.0,22.284,-274000000.0,-1.644,1.0,911000000.0,0.136,2013000000.0,361000000.0,5698000000.0,6643750000.0,810000000.0,0.0,0.0,0.0,6781000000.0,1943000000.0,4838000000.0,3255234972.0,-177000000.0,627000000.0,-22000000.0,-430000000.0,0.0,-497000000.0,464000000.0,0.0,-122000000.0,-22000000.0,-354000000.0,-354000000.0,-354000000.0,42000000.0,0.0,-0.053,344000000.0,567000000.0,1674000000.0,0.0,-13.793,-9.196,-9.169,1607000000.0,0.0,19.53,0.488,0.488,686000000.0,-1526000000.0,6675000000.0,6675000000.0,0.0,-0.047,-3.933,0.003,0.003,3000000.0,339000000.0,1.0,166678698.0,166678698.0,,40.047,4532000000.0,0.0,11000000.0,58000000.0,27.19,-98000000.0
16,CCK,MRY,2004-12-31,2004-12-31,2004-12-31,2021-07-23,-1087000000.0,8125000000.0,7946000000.0,2343000000.0,5782000000.0,0.791,1.675,-99000000.0,471000000.0,471000000.0,5491000000.0,51000000.0,1.126,28.332,3872000000.0,76000000.0,3796000000.0,3872000000.0,0.0,308000000.0,0.0,0.0,0.0,479000000.0,787000000.0,0.125,787000000.0,479000000.0,118000000.0,0.31,0.16,0.31,277000000.0,215000000.0,277000000.0,5936629086.0,12.0,7.543,305000000.0,1.844,1.0,794000000.0,0.126,2592000000.0,361000000.0,6854000000.0,7016000000.0,894000000.0,0.0,0.0,0.0,7848000000.0,2080000000.0,5768000000.0,2272629086.0,70000000.0,0.0,3000000.0,-208000000.0,0.0,-246000000.0,-107000000.0,0.0,404000000.0,19000000.0,51000000.0,51000000.0,51000000.0,-24000000.0,0.0,0.008,379000000.0,415000000.0,1943000000.0,0.0,8.204,44.561,44.323,2002000000.0,0.0,13.74,0.362,0.362,900000000.0,-1164000000.0,6285000000.0,6285000000.0,0.0,0.006,0.237,0.068,0.076,0.0,307000000.0,1.0,165402408.0,165402408.0,,37.998,5533000000.0,0.0,67000000.0,61000000.0,33.452,263000000.0
17,CCK,MRY,2003-12-31,2003-12-31,2003-12-31,2021-07-23,-1170000000.0,7773000000.0,8013250000.0,2122000000.0,5651000000.0,0.75,0.849,-85000000.0,401000000.0,401000000.0,5354000000.0,-32000000.0,1.042,54.521,3939000000.0,230000000.0,3709000000.0,3939000000.0,0.0,326000000.0,0.0,0.0,0.0,418000000.0,744000000.0,0.124,744000000.0,418000000.0,39000000.0,-0.19,-0.45,-0.19,140000000.0,-11000000.0,140000000.0,5334869903.0,13.0,7.171,349000000.0,2.115,1.0,653000000.0,0.109,2442000000.0,379000000.0,6833000000.0,7400250000.0,815000000.0,83000000.0,0.0,83000000.0,7633000000.0,2036000000.0,5597000000.0,1494869903.0,38000000.0,0.0,2000000.0,-298000000.0,0.0,-328000000.0,-100000000.0,0.0,434000000.0,32000000.0,-32000000.0,-32000000.0,-32000000.0,-42000000.0,0.0,-0.005,427000000.0,226000000.0,1744000000.0,0.0,10.678,-46.715,-47.684,2112000000.0,0.0,9.06,0.249,0.249,794000000.0,-1215000000.0,6007000000.0,6007000000.0,0.0,-0.004,2.909,0.056,0.07,0.0,292000000.0,1.0,164996678.0,164996678.0,,36.407,5331000000.0,0.0,71000000.0,62000000.0,32.31,86000000.0
18,CCK,MRY,2002-12-31,2002-12-31,2002-12-31,2021-07-23,-1386000000.0,7505000000.0,8562500000.0,2024000000.0,5481000000.0,0.793,-0.528,-70000000.0,363000000.0,363000000.0,5994000000.0,-1205000000.0,0.892,-87.264,4054000000.0,666000000.0,3388000000.0,4054000000.0,0.0,375000000.0,0.0,0.0,0.0,-833000000.0,-458000000.0,-0.067,-458000000.0,-833000000.0,-1175000000.0,-8.38,-8.38,-8.38,-87000000.0,358500000.0,-87000000.0,,,,345000000.0,2.092,1.0,798000000.0,0.117,2269000000.0,342000000.0,6657000000.0,7505000000.0,779000000.0,111000000.0,0.0,111000000.0,7592000000.0,2270000000.0,5322000000.0,1310877209.0,-93000000.0,661000000.0,3000000.0,-1101000000.0,0.0,-1128000000.0,591000000.0,0.0,415000000.0,29000000.0,-1205000000.0,-1205000000.0,-1205000000.0,0.0,0.0,-0.177,613000000.0,185000000.0,1541000000.0,0.0,-15.068,-1.088,-0.949,2212000000.0,0.0,7.95,0.193,0.193,806000000.0,-1183000000.0,6792000000.0,6792000000.0,0.0,-0.141,-3.361,-0.111,-0.123,0.0,317000000.0,1.0,164890215.0,164890215.0,,41.191,5236000000.0,0.0,30000000.0,63000000.0,31.754,-246000000.0
19,CCK,MRY,2001-12-31,2001-12-31,2001-12-31,2021-07-23,-1447000000.0,9620000000.0,,2422000000.0,7198000000.0,,,-140000000.0,456000000.0,456000000.0,6449000000.0,-972000000.0,0.966,10.965,5320000000.0,845000000.0,4475000000.0,5320000000.0,0.0,499000000.0,0.0,0.0,0.0,11000000.0,510000000.0,0.071,510000000.0,11000000.0,-444000000.0,-7.77,-7.77,-7.77,804000000.0,,804000000.0,,,,170000000.0,,1.0,738000000.0,0.103,3625000000.0,455000000.0,8353000000.0,,862000000.0,99000000.0,0.0,99000000.0,8816000000.0,2506000000.0,6310000000.0,,74000000.0,0.0,0.0,-68000000.0,0.0,-63000000.0,-163000000.0,0.0,310000000.0,-10000000.0,-972000000.0,-972000000.0,-972000000.0,0.0,0.0,-0.135,735000000.0,3000000.0,1593000000.0,0.0,,,-0.327,2618000000.0,0.0,2.54,,,1014000000.0,22000000.0,7187000000.0,7187000000.0,0.0,,,,0.002,0.0,310000000.0,1.0,,,,,5995000000.0,0.0,528000000.0,68000000.0,,-84000000.0
20,CCK,MRY,2000-12-31,2000-12-31,2000-12-31,2021-07-23,,,,,,,,-234000000.0,,,6361000000.0,-174000000.0,,,,,,,,495000000.0,,0.134,1.0,161000000.0,656000000.0,0.09,656000000.0,161000000.0,-232000000.0,-1.4,-1.4,-1.4,,,,,,,36000000.0,,1.0,928000000.0,0.127,,393000000.0,,,,,,,,,,,115000000.0,-11000000.0,-47000000.0,389000000.0,-127000000.0,127000000.0,-248000000.0,0.0,270000000.0,-34000000.0,-174000000.0,-176000000.0,-176000000.0,0.0,0.0,-0.024,764000000.0,164000000.0,,-0.714,,,-5.313,,2000000.0,7.438,,,,,7289000000.0,7289000000.0,0.0,,,,0.022,0.0,314000000.0,1.0,,,,,,,-58000000.0,,,
0,CCK,MRQ,2021-06-30,2021-06-30,2021-06-30,2021-07-23,0.0,16695000000.0,,7105000000.0,9590000000.0,,16.768,-192000000.0,566000000.0,566000000.0,2355000000.0,173000000.0,1.574,6.176,8232000000.0,212000000.0,8020000000.0,8232000000.0,0.0,112000000.0,0.0,0.004,0.2,342000000.0,454000000.0,0.159,454000000.0,342000000.0,274000000.0,0.96,0.95,0.96,2262000000.0,,2262000000.0,21444022395.0,16.0,11.642,362000000.0,2.683,1.0,501000000.0,0.175,4770000000.0,68000000.0,15077000000.0,,1492000000.0,0.0,0.0,0.0,13971000000.0,4514000000.0,9457000000.0,13788022395.0,-3000000.0,0.0,-285000000.0,-38000000.0,-26000000.0,-368000000.0,-191000000.0,0.0,554000000.0,2000000.0,128000000.0,128000000.0,128000000.0,3000000.0,45000000.0,0.045,116000000.0,385000000.0,2236000000.0,0.208,6.096,19.585,19.321,3962000000.0,0.0,102.21,1.143,1.143,1766000000.0,,2856000000.0,2856000000.0,0.0,,,,,6000000.0,147000000.0,1.0,134898957.0,134898957.0,,21.171,11925000000.0,0.0,146000000.0,0.0,88.399,2591000000.0
1,CCK,MRQ,2021-03-31,2021-03-31,2021-03-31,2021-07-23,0.0,16180000000.0,,4603000000.0,11577000000.0,,17.616,-133000000.0,588000000.0,588000000.0,2528000000.0,245000000.0,1.226,5.626,8244000000.0,216000000.0,8028000000.0,8244000000.0,0.0,127000000.0,0.0,0.002,0.2,357000000.0,484000000.0,0.157,484000000.0,357000000.0,286000000.0,1.58,1.57,1.58,2377000000.0,,2377000000.0,20351201958.0,16.0,11.676,-518000000.0,-3.839,1.0,550000000.0,0.179,6280000000.0,71000000.0,13800000000.0,,1817000000.0,0.0,0.0,0.0,13372000000.0,3756000000.0,9616000000.0,13094201958.0,-571000000.0,0.0,-11000000.0,-4000000.0,-27000000.0,-55000000.0,-120000000.0,13000000.0,-385000000.0,-11000000.0,211000000.0,211000000.0,211000000.0,0.0,34000000.0,0.069,166000000.0,384000000.0,2500000000.0,0.127,5.509,18.653,18.379,4393000000.0,0.0,97.04,1.154,1.154,1868000000.0,,3078000000.0,3078000000.0,0.0,,,,,11000000.0,164000000.0,1.0,134936129.0,134936129.0,,22.811,9900000000.0,0.0,75000000.0,0.0,73.368,847000000.0
2,CCK,MRQ,2020-12-31,2020-12-31,2020-12-31,2021-07-23,0.0,16691000000.0,,4903000000.0,11788000000.0,,16.31,-246000000.0,1173000000.0,1173000000.0,2450000000.0,188000000.0,1.145,6.409,8369000000.0,214000000.0,8155000000.0,8369000000.0,0.0,121000000.0,0.0,0.0,0.0,285000000.0,406000000.0,0.137,406000000.0,285000000.0,213000000.0,1.14,1.12,1.14,2198000000.0,,2198000000.0,21346212019.0,19.0,13.308,760000000.0,5.64,1.0,512000000.0,0.173,4901000000.0,72000000.0,14703000000.0,,1263000000.0,0.0,0.0,0.0,14087000000.0,4283000000.0,9804000000.0,13503212019.0,550000000.0,0.0,-7000000.0,-223000000.0,0.0,-265000000.0,-226000000.0,0.0,1006000000.0,35000000.0,151000000.0,151000000.0,151000000.0,0.0,37000000.0,0.051,175000000.0,337000000.0,2142000000.0,0.0,6.143,23.322,23.088,3823000000.0,0.0,100.2,1.167,1.167,1479000000.0,4538000000.0,2962000000.0,2962000000.0,0.0,,,,,9000000.0,161000000.0,1.0,134762595.0,134762595.0,,21.979,11790000000.0,0.0,62000000.0,0.0,87.487,620000000.0
3,CCK,MRQ,2020-09-30,2020-09-30,2020-09-30,2021-07-23,0.0,15629000000.0,,4330000000.0,11299000000.0,,14.165,-126000000.0,613000000.0,613000000.0,2599000000.0,245000000.0,1.195,6.973,8456000000.0,257000000.0,8199000000.0,8456000000.0,0.0,121000000.0,0.0,0.0,0.0,377000000.0,498000000.0,0.157,498000000.0,377000000.0,305000000.0,1.61,1.59,1.61,1909000000.0,,1909000000.0,18403083017.0,19.0,12.639,421000000.0,3.124,1.0,568000000.0,0.179,6280000000.0,72000000.0,13568000000.0,,1642000000.0,0.0,0.0,0.0,13311000000.0,3624000000.0,9687000000.0,10358083017.0,261000000.0,0.0,0.0,-162000000.0,0.0,-170000000.0,-125000000.0,13000000.0,547000000.0,9000000.0,214000000.0,214000000.0,214000000.0,0.0,31000000.0,0.068,162000000.0,406000000.0,2320000000.0,0.0,5.426,20.113,19.86,4098000000.0,0.0,76.86,0.954,0.954,1821000000.0,,3167000000.0,3167000000.0,0.0,,,,,8000000.0,152000000.0,1.0,134765587.0,134765587.0,,23.5,9349000000.0,0.0,91000000.0,0.0,69.372,706000000.0
4,CCK,MRQ,2020-06-30,2020-06-30,2020-06-30,2021-07-23,0.0,15265000000.0,,3973000000.0,11292000000.0,,13.477,-89000000.0,366000000.0,366000000.0,1806000000.0,141000000.0,1.153,7.187,8411000000.0,257000000.0,8154000000.0,8411000000.0,0.0,117000000.0,0.0,0.0,0.0,238000000.0,355000000.0,0.166,355000000.0,238000000.0,165000000.0,0.95,0.94,0.95,1815000000.0,,1815000000.0,17025408346.0,18.0,12.066,280000000.0,2.079,1.0,331000000.0,0.155,6174000000.0,73000000.0,13689000000.0,,1747000000.0,0.0,0.0,0.0,13044000000.0,3447000000.0,9597000000.0,8771408346.0,-394000000.0,0.0,-1000000.0,-700000000.0,0.0,-686000000.0,-88000000.0,1000000.0,369000000.0,11000000.0,126000000.0,126000000.0,126000000.0,-50000000.0,15000000.0,0.059,123000000.0,208000000.0,2183000000.0,0.0,4.833,18.123,17.942,4021000000.0,0.0,65.13,0.815,0.815,1604000000.0,,2137000000.0,2137000000.0,0.0,,,,,5000000.0,120000000.0,1.0,134675393.0,134675393.0,,15.868,9091000000.0,0.0,39000000.0,0.0,67.503,526000000.0
5,CCK,MRQ,2020-03-31,2020-03-31,2020-03-31,2021-07-23,0.0,15533000000.0,,4250000000.0,11283000000.0,,12.258,-110000000.0,765000000.0,765000000.0,2342000000.0,114000000.0,1.313,8.101,9019000000.0,231000000.0,8788000000.0,9019000000.0,0.0,122000000.0,0.0,0.0,0.0,206000000.0,328000000.0,0.119,328000000.0,206000000.0,126000000.0,0.66,0.65,0.66,1664000000.0,,1664000000.0,15434127916.0,15.0,10.283,-717000000.0,-5.282,1.0,415000000.0,0.151,6142000000.0,80000000.0,14407000000.0,,1668000000.0,0.0,0.0,0.0,13480000000.0,3238000000.0,10242000000.0,7879127916.0,158000000.0,0.0,-56000000.0,952000000.0,0.0,882000000.0,-96000000.0,14000000.0,-607000000.0,-21000000.0,88000000.0,88000000.0,88000000.0,0.0,26000000.0,0.032,169000000.0,246000000.0,2077000000.0,0.0,4.735,15.917,15.686,3959000000.0,0.0,58.04,0.675,0.675,1554000000.0,,2757000000.0,2757000000.0,0.0,,,,,10000000.0,162000000.0,1.0,135753410.0,135753410.0,,20.309,9391000000.0,0.0,38000000.0,0.0,69.177,1012000000.0
6,CCK,MRQ,2019-12-31,2019-12-31,2019-12-31,2021-07-23,-3131000000.0,15505000000.0,,4002000000.0,11503000000.0,,12.64,-168000000.0,607000000.0,607000000.0,2391000000.0,116000000.0,1.026,7.83,8162000000.0,188000000.0,7974000000.0,8162000000.0,0.0,124000000.0,0.0,0.0,0.0,151000000.0,275000000.0,0.099,275000000.0,151000000.0,63000000.0,0.65,0.64,0.65,1713000000.0,,1713000000.0,17959149762.0,17.0,11.632,794000000.0,5.859,1.0,400000000.0,0.143,6445000000.0,88000000.0,12716000000.0,,1626000000.0,0.0,0.0,0.0,13413000000.0,3899000000.0,9514000000.0,9831149762.0,265000000.0,0.0,-5000000.0,-465000000.0,0.0,-541000000.0,-158000000.0,2000000.0,962000000.0,2000000.0,87000000.0,87000000.0,87000000.0,0.0,29000000.0,0.031,201000000.0,199000000.0,2646000000.0,0.0,5.739,19.277,19.039,4091000000.0,0.0,72.54,0.843,0.843,1528000000.0,3959000000.0,2791000000.0,2791000000.0,0.0,,,,,6000000.0,161000000.0,1.0,135527292.0,135527292.0,,20.594,9060000000.0,0.0,-24000000.0,0.0,66.85,103000000.0
7,CCK,MRQ,2019-09-30,2019-09-30,2019-09-30,2021-07-23,0.0,15337000000.0,,4082000000.0,11255000000.0,,11.946,-82000000.0,339000000.0,339000000.0,2576000000.0,204000000.0,1.124,8.225,8467000000.0,267000000.0,8200000000.0,8467000000.0,0.0,121000000.0,0.0,0.0,0.0,332000000.0,453000000.0,0.147,453000000.0,332000000.0,237000000.0,1.37,1.36,1.37,1619000000.0,,1619000000.0,17594932579.0,16.0,11.25,346000000.0,2.553,1.0,508000000.0,0.165,6367000000.0,95000000.0,13466000000.0,,1740000000.0,0.0,0.0,0.0,13316000000.0,3632000000.0,9684000000.0,8952932579.0,1000000.0,-11000000.0,1000000.0,-323000000.0,0.0,-344000000.0,-79000000.0,15000000.0,428000000.0,-4000000.0,183000000.0,183000000.0,183000000.0,0.0,21000000.0,0.059,156000000.0,352000000.0,2409000000.0,0.0,5.53,18.809,18.608,3939000000.0,0.0,66.06,0.771,0.771,1795000000.0,,3084000000.0,3084000000.0,0.0,,,,,7000000.0,156000000.0,1.0,135527287.0,135527287.0,,22.756,8970000000.0,0.0,54000000.0,0.0,66.186,450000000.0
8,CCK,MRQ,2019-06-30,2019-06-30,2019-06-30,2021-07-23,0.0,15565000000.0,,4214000000.0,11351000000.0,,9.561,-73000000.0,342000000.0,342000000.0,2540000000.0,174000000.0,1.168,10.715,8984000000.0,270000000.0,8714000000.0,8984000000.0,0.0,123000000.0,0.0,0.0,0.0,322000000.0,445000000.0,0.147,445000000.0,322000000.0,225000000.0,1.02,1.02,1.02,1294000000.0,,1294000000.0,17204194326.0,15.0,10.692,366000000.0,2.704,1.0,495000000.0,0.163,6554000000.0,97000000.0,14045000000.0,,1837000000.0,0.0,0.0,0.0,13865000000.0,3608000000.0,10257000000.0,8269194326.0,49000000.0,0.0,0.0,-320000000.0,0.0,-318000000.0,-73000000.0,0.0,439000000.0,1000000.0,137000000.0,137000000.0,137000000.0,0.0,37000000.0,0.045,112000000.0,383000000.0,2355000000.0,0.0,6.39,18.095,17.918,3970000000.0,0.0,61.1,0.707,0.707,1830000000.0,,3035000000.0,3035000000.0,0.0,,,,,8000000.0,157000000.0,1.0,135338696.0,135338696.0,,22.425,9011000000.0,0.0,88000000.0,0.0,66.581,606000000.0
9,CCK,MRQ,2019-03-31,2019-03-31,2019-03-31,2021-07-23,0.0,15357000000.0,,4024000000.0,11333000000.0,,8.379,-70000000.0,301000000.0,301000000.0,2332000000.0,131000000.0,1.204,12.218,9236000000.0,255000000.0,8981000000.0,9236000000.0,0.0,122000000.0,0.0,0.0,0.0,249000000.0,371000000.0,0.135,371000000.0,249000000.0,151000000.0,0.77,0.77,0.77,1134000000.0,,1134000000.0,15470399298.0,14.0,9.873,-736000000.0,-5.438,1.0,423000000.0,0.154,6554000000.0,98000000.0,14396000000.0,,1851000000.0,0.0,0.0,0.0,13855000000.0,3342000000.0,10513000000.0,7385399298.0,-311000000.0,0.0,1000000.0,436000000.0,0.0,417000000.0,-64000000.0,6000000.0,-666000000.0,2000000.0,103000000.0,103000000.0,103000000.0,0.0,28000000.0,0.037,161000000.0,262000000.0,2223000000.0,0.0,6.513,16.339,16.145,3947000000.0,0.0,54.57,0.631,0.631,1686000000.0,,2755000000.0,2755000000.0,0.0,,,,,8000000.0,157000000.0,1.0,135338085.0,135338085.0,,20.356,8803000000.0,0.0,48000000.0,0.0,65.045,682000000.0
10,CCK,MRQ,2018-12-31,2018-12-31,2018-12-31,2021-07-23,-3374000000.0,15262000000.0,,4079000000.0,11183000000.0,,6.931,-148000000.0,607000000.0,607000000.0,2344000000.0,75000000.0,1.042,14.916,8663000000.0,170000000.0,8493000000.0,8663000000.0,0.0,120000000.0,0.0,0.0,0.0,175000000.0,295000000.0,0.108,295000000.0,175000000.0,73000000.0,0.39,0.4,0.39,937000000.0,,937000000.0,14391855242.0,14.0,9.831,655000000.0,4.845,1.0,390000000.0,0.143,6635000000.0,102000000.0,12770000000.0,,1690000000.0,0.0,0.0,0.0,13976000000.0,3913000000.0,10063000000.0,5619855242.0,305000000.0,0.0,0.0,-319000000.0,0.0,-369000000.0,-124000000.0,24000000.0,803000000.0,-5000000.0,53000000.0,53000000.0,53000000.0,0.0,22000000.0,0.019,172000000.0,218000000.0,2732000000.0,0.0,5.998,12.801,12.674,3745000000.0,0.0,41.57,0.504,0.504,1602000000.0,3449000000.0,2734000000.0,2734000000.0,0.0,,,,,10000000.0,156000000.0,1.0,135190167.0,135190167.0,,20.223,8627000000.0,0.0,20000000.0,0.0,63.814,166000000.0
11,CCK,MRQ,2018-09-30,2018-09-30,2018-09-30,2021-07-23,0.0,15335000000.0,,4098000000.0,11237000000.0,,6.961,-83000000.0,298000000.0,298000000.0,2657000000.0,193000000.0,1.138,14.904,9070000000.0,142000000.0,8928000000.0,9070000000.0,0.0,127000000.0,0.0,0.0,0.0,371000000.0,498000000.0,0.157,498000000.0,371000000.0,266000000.0,1.23,1.23,1.23,941000000.0,,941000000.0,15541944560.0,15.0,10.853,177000000.0,1.309,1.0,517000000.0,0.163,6753000000.0,105000000.0,13753000000.0,,1639000000.0,0.0,0.0,0.0,14025000000.0,3601000000.0,10424000000.0,6488944560.0,47000000.0,-5000000.0,0.0,-247000000.0,0.0,-260000000.0,73000000.0,165000000.0,260000000.0,-26000000.0,164000000.0,164000000.0,164000000.0,0.0,29000000.0,0.052,152000000.0,365000000.0,2507000000.0,0.0,6.896,21.848,21.333,3722000000.0,0.0,48.0,0.613,0.613,1968000000.0,,3174000000.0,3174000000.0,0.0,,,,,6000000.0,153000000.0,1.0,135186345.0,135186345.0,,23.479,8582000000.0,0.0,102000000.0,0.0,63.483,497000000.0
12,CCK,MRQ,2018-06-30,2018-06-30,2018-06-30,2021-07-23,0.0,15360000000.0,,4155000000.0,11205000000.0,,5.837,-103000000.0,298000000.0,298000000.0,2579000000.0,147000000.0,1.177,18.142,9351000000.0,115000000.0,9236000000.0,9351000000.0,0.0,113000000.0,0.0,0.0,0.0,290000000.0,403000000.0,0.132,403000000.0,290000000.0,187000000.0,0.99,0.99,0.99,784000000.0,,784000000.0,11681610190.0,12.0,8.87,156000000.0,1.162,1.0,467000000.0,0.153,6741000000.0,103000000.0,14143000000.0,,1737000000.0,0.0,0.0,0.0,14223000000.0,3529000000.0,10694000000.0,6011610190.0,-1904000000.0,-3907000000.0,-2000000.0,1730000000.0,0.0,1707000000.0,-3850000000.0,160000000.0,259000000.0,-20000000.0,132000000.0,132000000.0,132000000.0,0.0,15000000.0,0.043,175000000.0,292000000.0,2452000000.0,0.0,7.668,19.392,19.128,3688000000.0,0.0,44.76,0.609,0.609,1790000000.0,,3046000000.0,3046000000.0,0.0,,,,,5000000.0,159000000.0,1.0,134307645.0,134307645.0,,22.679,8619000000.0,0.0,55000000.0,0.0,64.174,626000000.0
13,CCK,MRQ,2018-03-31,2018-03-31,2018-03-31,2021-07-23,0.0,13079000000.0,,5261000000.0,7818000000.0,,5.696,-92000000.0,2201000000.0,2201000000.0,1873000000.0,113000000.0,1.839,15.643,7871000000.0,93000000.0,7778000000.0,7871000000.0,0.0,65000000.0,0.0,0.0,0.0,203000000.0,268000000.0,0.122,268000000.0,203000000.0,129000000.0,0.67,0.67,0.67,765000000.0,,765000000.0,11735194945.0,12.0,9.643,-843000000.0,-6.277,1.0,324000000.0,0.147,3621000000.0,74000000.0,12267000000.0,,1431000000.0,0.0,0.0,0.0,11967000000.0,2861000000.0,9106000000.0,6816194945.0,1776000000.0,-25000000.0,-1000000.0,2446000000.0,0.0,2455000000.0,58000000.0,175000000.0,-751000000.0,14000000.0,90000000.0,90000000.0,90000000.0,0.0,23000000.0,0.041,103000000.0,221000000.0,2009000000.0,0.0,8.91,22.275,22.065,3322000000.0,0.0,50.75,0.758,0.758,1386000000.0,,2197000000.0,2197000000.0,0.0,,,,,6000000.0,90000000.0,1.0,134309260.0,134309260.0,,16.358,9458000000.0,0.0,39000000.0,0.0,70.42,2400000000.0
14,CCK,MRQ,2017-12-31,2017-12-31,2017-12-31,2021-07-23,-3241000000.0,10663000000.0,,3074000000.0,7589000000.0,,4.476,-216000000.0,424000000.0,424000000.0,1835000000.0,-61000000.0,0.946,16.206,5343000000.0,126000000.0,5217000000.0,5343000000.0,0.0,64000000.0,0.0,0.0,0.0,199000000.0,263000000.0,0.121,263000000.0,199000000.0,134000000.0,-0.64,-0.64,-0.64,601000000.0,,601000000.0,12410848938.0,13.0,10.148,-197000000.0,-1.467,1.0,333000000.0,0.154,3518000000.0,65000000.0,8814000000.0,,1385000000.0,0.0,0.0,0.0,9740000000.0,3250000000.0,6490000000.0,7552848938.0,49000000.0,0.0,1000000.0,35000000.0,0.0,0.0,32000000.0,252000000.0,19000000.0,-2000000.0,-89000000.0,-89000000.0,-89000000.0,0.0,28000000.0,-0.041,121000000.0,212000000.0,2367000000.0,0.0,12.567,23.383,23.536,3239000000.0,0.0,56.25,0.868,0.868,1041000000.0,3004000000.0,2168000000.0,2168000000.0,0.0,,,,,7000000.0,97000000.0,1.0,134272870.0,134272870.0,,16.146,7145000000.0,0.0,223000000.0,0.0,53.213,-176000000.0
15,CCK,MRQ,2017-09-30,2017-09-30,2017-09-30,2021-07-23,0.0,10496000000.0,,3153000000.0,7343000000.0,,5.911,-79000000.0,374000000.0,374000000.0,2035000000.0,208000000.0,1.038,11.759,5232000000.0,118000000.0,5114000000.0,5232000000.0,0.0,63000000.0,0.0,0.0,0.0,320000000.0,383000000.0,0.155,383000000.0,320000000.0,256000000.0,1.32,1.32,1.32,798000000.0,,798000000.0,13120597377.0,14.0,11.11,126000000.0,0.933,1.0,433000000.0,0.175,3562000000.0,64000000.0,8755000000.0,,1430000000.0,0.0,0.0,0.0,9384000000.0,3037000000.0,6347000000.0,8062597377.0,73000000.0,0.0,-62000000.0,-223000000.0,0.0,-289000000.0,152000000.0,251000000.0,205000000.0,5000000.0,177000000.0,177000000.0,177000000.0,0.0,31000000.0,0.072,105000000.0,328000000.0,2919000000.0,0.0,10.104,16.903,17.014,3066000000.0,0.0,59.72,0.954,0.954,1098000000.0,,2468000000.0,2468000000.0,0.0,,,,,6000000.0,89000000.0,1.0,135006654.0,135006654.0,,18.281,6934000000.0,0.0,79000000.0,0.0,51.36,116000000.0
16,CCK,MRQ,2017-06-30,2017-06-30,2017-06-30,2021-07-23,0.0,10266000000.0,,3020000000.0,7246000000.0,,4.571,-91000000.0,301000000.0,301000000.0,1793000000.0,148000000.0,1.081,15.002,5359000000.0,97000000.0,5262000000.0,5359000000.0,0.0,61000000.0,0.0,0.0,0.0,242000000.0,303000000.0,0.14,303000000.0,242000000.0,181000000.0,0.95,0.94,0.95,622000000.0,,622000000.0,13080947139.0,14.0,11.365,11000000.0,0.081,1.0,368000000.0,0.17,3512000000.0,61000000.0,9018000000.0,,1490000000.0,0.0,0.0,0.0,9331000000.0,2794000000.0,6537000000.0,8118947139.0,-42000000.0,0.0,-143000000.0,-159000000.0,0.0,-310000000.0,159000000.0,250000000.0,102000000.0,7000000.0,128000000.0,128000000.0,128000000.0,0.0,20000000.0,0.059,109000000.0,259000000.0,2697000000.0,0.0,13.053,16.809,16.997,3020000000.0,0.0,59.66,0.977,0.977,1005000000.0,,2161000000.0,2161000000.0,0.0,,,,,6000000.0,91000000.0,1.0,136086945.0,136086945.0,,15.88,6754000000.0,0.0,53000000.0,0.0,49.63,226000000.0
17,CCK,MRQ,2017-03-31,2017-03-31,2017-03-31,2021-07-23,0.0,9870000000.0,,2888000000.0,6982000000.0,,3.891,-104000000.0,338000000.0,338000000.0,1590000000.0,133000000.0,1.157,16.595,5300000000.0,94000000.0,5206000000.0,5300000000.0,0.0,59000000.0,0.0,0.0,0.0,215000000.0,274000000.0,0.144,274000000.0,215000000.0,153000000.0,0.77,0.77,0.77,543000000.0,,543000000.0,11740703998.0,12.0,9.743,-681000000.0,-4.88,1.0,311000000.0,0.164,3357000000.0,62000000.0,8979000000.0,,1417000000.0,0.0,0.0,0.0,9011000000.0,2496000000.0,6515000000.0,7388703998.0,-221000000.0,0.0,-126000000.0,343000000.0,0.0,199000000.0,153000000.0,257000000.0,-577000000.0,4000000.0,107000000.0,107000000.0,107000000.0,0.0,26000000.0,0.056,86000000.0,225000000.0,2402000000.0,0.0,13.607,14.101,14.008,2898000000.0,0.0,52.95,0.891,0.891,899000000.0,,1901000000.0,1901000000.0,0.0,,,,,4000000.0,90000000.0,1.0,139541152.0,139541152.0,,13.623,6513000000.0,0.0,46000000.0,0.0,46.674,392000000.0
18,CCK,MRQ,2016-12-31,2016-12-31,2016-12-31,2021-07-23,-3400000000.0,9599000000.0,,2841000000.0,6758000000.0,,2.618,-225000000.0,559000000.0,559000000.0,1632000000.0,93000000.0,0.981,24.402,4911000000.0,194000000.0,4717000000.0,4911000000.0,0.0,59000000.0,0.0,0.0,0.0,162000000.0,221000000.0,0.115,221000000.0,162000000.0,100000000.0,0.47,0.47,0.47,366000000.0,,366000000.0,12090139698.0,13.0,10.316,-735000000.0,-5.258,1.0,291000000.0,0.151,3263000000.0,62000000.0,7792000000.0,,1245000000.0,0.0,0.0,0.0,8931000000.0,2896000000.0,6035000000.0,7349139698.0,22000000.0,0.0,2000000.0,-267000000.0,0.0,-310000000.0,861000000.0,1086000000.0,-510000000.0,-19000000.0,65000000.0,65000000.0,65000000.0,0.0,28000000.0,0.034,123000000.0,168000000.0,2702000000.0,0.0,20.08,14.817,14.684,2820000000.0,0.0,52.57,0.887,0.887,865000000.0,2621000000.0,1923000000.0,1923000000.0,0.0,,,,,5000000.0,91000000.0,1.0,139797217.0,139797217.0,,13.756,6336000000.0,0.0,35000000.0,0.0,45.323,-55000000.0
19,CCK,MRQ,2016-09-30,2016-09-30,2016-09-30,2021-07-23,0.0,9963000000.0,,3090000000.0,6873000000.0,,3.358,-100000000.0,526000000.0,526000000.0,1901000000.0,206000000.0,1.105,19.582,5267000000.0,170000000.0,5097000000.0,5267000000.0,0.0,63000000.0,0.0,0.0,0.0,290000000.0,353000000.0,0.152,353000000.0,290000000.0,231000000.0,1.32,1.31,1.32,469000000.0,,469000000.0,12888111746.0,14.0,10.812,213000000.0,1.525,1.0,425000000.0,0.183,3450000000.0,59000000.0,8457000000.0,,1300000000.0,0.0,0.0,0.0,9184000000.0,2797000000.0,6387000000.0,7974111746.0,156000000.0,0.0,3000000.0,-54000000.0,0.0,-47000000.0,-103000000.0,0.0,313000000.0,-7000000.0,183000000.0,183000000.0,183000000.0,0.0,23000000.0,0.079,110000000.0,315000000.0,2627000000.0,0.0,17.002,16.044,15.903,2746000000.0,0.0,57.09,0.951,0.951,1047000000.0,,2326000000.0,2326000000.0,0.0,,,,,5000000.0,90000000.0,1.0,139676156.0,139676156.0,,16.653,6513000000.0,0.0,48000000.0,0.0,46.629,293000000.0
20,CCK,MRQ,2016-06-30,2016-06-30,2016-06-30,2021-07-23,0.0,9776000000.0,,2958000000.0,6818000000.0,,2.28,-91000000.0,370000000.0,370000000.0,1756000000.0,185000000.0,1.046,28.783,5284000000.0,273000000.0,5011000000.0,5284000000.0,0.0,65000000.0,0.0,0.0,0.0,292000000.0,357000000.0,0.167,357000000.0,292000000.0,234000000.0,1.22,1.21,1.22,318000000.0,,318000000.0,12409314284.0,14.0,10.725,380000000.0,2.724,1.0,386000000.0,0.18,3472000000.0,58000000.0,8391000000.0,,1419000000.0,0.0,0.0,0.0,9153000000.0,2827000000.0,6326000000.0,7067314284.0,113000000.0,0.0,0.0,-260000000.0,0.0,-277000000.0,-77000000.0,0.0,471000000.0,-4000000.0,169000000.0,169000000.0,169000000.0,0.0,16000000.0,0.079,91000000.0,295000000.0,2554000000.0,0.0,22.224,15.533,15.401,2700000000.0,0.0,50.67,0.829,0.829,929000000.0,,2142000000.0,2142000000.0,0.0,,,,,4000000.0,94000000.0,1.0,139477290.0,139477290.0,,15.357,6304000000.0,0.0,65000000.0,0.0,45.197,131000000.0
21,CCK,MRQ,2016-03-31,2016-03-31,2016-03-31,2021-07-23,0.0,9940000000.0,,2904000000.0,7036000000.0,,1.784,-47000000.0,257000000.0,257000000.0,1581000000.0,99000000.0,1.068,37.699,5599000000.0,306000000.0,5293000000.0,5599000000.0,0.0,60000000.0,0.0,0.0,0.0,181000000.0,241000000.0,0.127,241000000.0,181000000.0,117000000.0,0.57,0.57,0.57,249000000.0,,249000000.0,11724274727.0,13.0,10.449,-455000000.0,-3.259,1.0,312000000.0,0.165,3627000000.0,64000000.0,8937000000.0,,1413000000.0,0.0,0.0,0.0,9387000000.0,2718000000.0,6669000000.0,6923274727.0,-460000000.0,0.0,-3000000.0,-25000000.0,0.0,-4000000.0,-48000000.0,0.0,-408000000.0,0.0,79000000.0,79000000.0,79000000.0,0.0,20000000.0,0.042,93000000.0,219000000.0,2412000000.0,0.0,27.804,16.176,15.997,2727000000.0,0.0,49.59,0.8,0.8,980000000.0,,1893000000.0,1893000000.0,0.0,,,,,6000000.0,91000000.0,1.0,139610299.0,139610299.0,,13.559,6313000000.0,0.0,38000000.0,0.0,45.219,186000000.0
22,CCK,MRQ,2015-12-31,2015-12-31,2015-12-31,2021-07-23,-3154000000.0,10050000000.0,,3049000000.0,7001000000.0,,0.674,-171000000.0,717000000.0,717000000.0,1692000000.0,86000000.0,1.048,102.819,5518000000.0,263000000.0,5255000000.0,5518000000.0,0.0,63000000.0,0.0,0.0,0.0,178000000.0,241000000.0,0.119,241000000.0,178000000.0,110000000.0,0.48,0.47,0.48,94000000.0,,94000000.0,12413176638.0,15.0,11.515,470000000.0,3.371,1.0,335000000.0,0.165,3580000000.0,68000000.0,8363000000.0,,1213000000.0,0.0,0.0,0.0,9665000000.0,2908000000.0,6757000000.0,7068176638.0,251000000.0,0.0,1000000.0,-161000000.0,0.0,-205000000.0,-174000000.0,0.0,641000000.0,-11000000.0,66000000.0,66000000.0,66000000.0,0.0,20000000.0,0.033,134000000.0,201000000.0,2645000000.0,0.0,75.193,17.985,17.789,2699000000.0,0.0,50.7,0.807,0.807,912000000.0,2125000000.0,2027000000.0,2027000000.0,0.0,,,,,5000000.0,99000000.0,1.0,139411768.0,139411768.0,,14.54,6470000000.0,0.0,44000000.0,0.0,46.409,141000000.0
23,CCK,MRQ,2015-09-30,2015-09-30,2015-09-30,2021-07-23,0.0,10229000000.0,,3262000000.0,6967000000.0,,1.004,-65000000.0,466000000.0,466000000.0,2045000000.0,160000000.0,1.195,69.971,5811000000.0,203000000.0,5608000000.0,5811000000.0,0.0,61000000.0,0.0,0.0,0.0,257000000.0,318000000.0,0.129,318000000.0,257000000.0,189000000.0,1.02,1.01,1.02,140000000.0,,140000000.0,11974632487.0,16.0,12.294,265000000.0,1.901,1.0,415000000.0,0.169,3664000000.0,68000000.0,9180000000.0,,1302000000.0,0.0,0.0,0.0,9796000000.0,2730000000.0,7066000000.0,6377632487.0,178000000.0,3000000.0,0.0,-77000000.0,0.0,-68000000.0,-72000000.0,-11000000.0,330000000.0,-12000000.0,141000000.0,141000000.0,141000000.0,0.0,19000000.0,0.057,134000000.0,281000000.0,2527000000.0,0.0,45.555,18.594,18.448,2614000000.0,0.0,45.75,0.72,0.72,1183000000.0,,2460000000.0,2460000000.0,0.0,,,,,5000000.0,94000000.0,1.0,139401803.0,139401803.0,,17.647,6565000000.0,0.0,48000000.0,0.0,47.094,532000000.0
24,CCK,MRQ,2015-06-30,2015-06-30,2015-06-30,2021-07-23,0.0,10359000000.0,,3184000000.0,7175000000.0,,0.905,-59000000.0,288000000.0,288000000.0,1905000000.0,153000000.0,1.165,79.008,5885000000.0,208000000.0,5677000000.0,5885000000.0,0.0,62000000.0,0.0,0.0,0.0,260000000.0,322000000.0,0.141,322000000.0,260000000.0,191000000.0,1.03,1.02,1.03,126000000.0,,126000000.0,13076735808.0,17.0,13.398,213000000.0,1.53,1.0,373000000.0,0.164,3790000000.0,69000000.0,9433000000.0,,1454000000.0,0.0,0.0,0.0,9955000000.0,2733000000.0,7222000000.0,7366735808.0,8000000.0,8000000.0,-3000000.0,-187000000.0,0.0,-207000000.0,-56000000.0,0.0,272000000.0,-1000000.0,142000000.0,142000000.0,142000000.0,0.0,11000000.0,0.062,96000000.0,277000000.0,2525000000.0,0.0,58.466,16.517,16.33,2672000000.0,0.0,52.91,0.819,0.819,1098000000.0,,2278000000.0,2278000000.0,0.0,,,,,6000000.0,99000000.0,1.0,139231446.0,139231446.0,,16.361,6569000000.0,0.0,49000000.0,0.0,47.18,451000000.0
25,CCK,MRQ,2015-03-31,2015-03-31,2015-03-31,2021-07-23,0.0,10144000000.0,,3077000000.0,7067000000.0,,-0.194,-52000000.0,280000000.0,280000000.0,1711000000.0,62000000.0,1.178,-366.519,5990000000.0,244000000.0,5746000000.0,5990000000.0,0.0,51000000.0,0.0,0.0,0.0,146000000.0,197000000.0,0.099,197000000.0,146000000.0,81000000.0,0.32,0.32,0.32,-27000000.0,,-27000000.0,11810350633.0,16.0,12.796,-339000000.0,-2.436,1.0,286000000.0,0.143,3746000000.0,65000000.0,9495000000.0,,1446000000.0,0.0,0.0,0.0,9896000000.0,2613000000.0,7283000000.0,7516350633.0,-685000000.0,-1185000000.0,-1000000.0,935000000.0,0.0,886000000.0,-1246000000.0,0.0,-287000000.0,-38000000.0,44000000.0,44000000.0,44000000.0,0.0,18000000.0,0.022,118000000.0,168000000.0,2369000000.0,0.0,-278.383,18.333,18.128,2619000000.0,0.0,54.02,0.826,0.826,1039000000.0,,1997000000.0,1997000000.0,0.0,,,,,11000000.0,98000000.0,1.0,139140145.0,139140145.0,,14.352,6398000000.0,0.0,37000000.0,0.0,45.982,464000000.0
26,CCK,MRQ,2014-12-31,2014-12-31,2014-12-31,2021-07-23,-2765000000.0,9643000000.0,,3619000000.0,6024000000.0,,0.857,-109000000.0,965000000.0,965000000.0,1840000000.0,39000000.0,1.238,77.782,5194000000.0,250000000.0,4944000000.0,5194000000.0,0.0,55000000.0,0.0,0.0,0.0,82000000.0,137000000.0,0.064,137000000.0,82000000.0,17000000.0,0.11,0.12,0.11,119000000.0,,119000000.0,12137972570.0,18.0,13.856,794000000.0,5.716,1.0,287000000.0,0.135,2926000000.0,65000000.0,8022000000.0,,1324000000.0,0.0,0.0,0.0,9256000000.0,2924000000.0,6332000000.0,7070972570.0,585000000.0,0.0,3000000.0,-119000000.0,0.0,-161000000.0,-109000000.0,0.0,903000000.0,-48000000.0,16000000.0,16000000.0,16000000.0,0.0,23000000.0,0.008,174000000.0,113000000.0,2651000000.0,0.0,59.42,18.131,17.923,2437000000.0,0.0,50.9,0.777,0.777,1031000000.0,1782000000.0,2127000000.0,2127000000.0,0.0,,,,,4000000.0,96000000.0,1.0,138918911.0,138918911.0,,15.311,6717000000.0,0.0,1000000.0,0.0,48.352,695000000.0
27,CCK,MRQ,2014-09-30,2014-09-30,2014-09-30,2021-07-23,0.0,9817000000.0,,3608000000.0,6209000000.0,,1.944,-54000000.0,380000000.0,380000000.0,2172000000.0,266000000.0,1.304,34.33,5447000000.0,247000000.0,5200000000.0,5447000000.0,0.0,53000000.0,0.0,0.0,0.0,267000000.0,320000000.0,0.123,320000000.0,267000000.0,203000000.0,1.78,1.76,1.78,270000000.0,,270000000.0,11431485953.0,16.0,12.946,72000000.0,0.518,1.0,422000000.0,0.163,3067000000.0,64000000.0,9051000000.0,,1473000000.0,0.0,0.0,0.0,9269000000.0,2766000000.0,6503000000.0,6183485953.0,136000000.0,0.0,1000000.0,100000000.0,0.0,78000000.0,-58000000.0,0.0,126000000.0,-10000000.0,244000000.0,244000000.0,244000000.0,0.0,22000000.0,0.094,103000000.0,319000000.0,2519000000.0,0.0,22.902,14.618,14.408,2447000000.0,0.0,44.52,0.684,0.684,1385000000.0,,2594000000.0,2594000000.0,0.0,,,,,4000000.0,95000000.0,1.0,138892317.0,138892317.0,,18.676,6750000000.0,0.0,-41000000.0,0.0,48.599,842000000.0
28,CCK,MRQ,2014-06-30,2014-06-30,2014-06-30,2021-07-23,0.0,9895000000.0,,3487000000.0,6408000000.0,,1.039,-65000000.0,244000000.0,244000000.0,2007000000.0,127000000.0,1.224,65.854,5492000000.0,262000000.0,5230000000.0,5492000000.0,0.0,47000000.0,0.0,0.0,0.0,222000000.0,269000000.0,0.113,269000000.0,222000000.0,156000000.0,0.77,0.76,0.77,144000000.0,,144000000.0,10733826912.0,16.0,13.042,313000000.0,2.258,1.0,376000000.0,0.158,3272000000.0,66000000.0,9022000000.0,,1615000000.0,0.0,0.0,0.0,9483000000.0,2849000000.0,6634000000.0,6896826912.0,-23000000.0,-711000000.0,6000000.0,390000000.0,0.0,381000000.0,-781000000.0,0.0,378000000.0,-1000000.0,106000000.0,106000000.0,106000000.0,0.0,21000000.0,0.044,134000000.0,242000000.0,2587000000.0,0.0,47.895,24.632,24.392,2496000000.0,0.0,49.76,0.781,0.781,1264000000.0,,2383000000.0,2383000000.0,0.0,,,,,5000000.0,103000000.0,1.0,138601827.0,138601827.0,,17.193,6623000000.0,0.0,50000000.0,0.0,47.784,638000000.0
29,CCK,MRQ,2014-03-31,2014-03-31,2014-03-31,2021-07-23,0.0,7885000000.0,,3079000000.0,4806000000.0,,0.022,-84000000.0,267000000.0,267000000.0,1696000000.0,46000000.0,1.202,2542.333,4104000000.0,339000000.0,3765000000.0,4104000000.0,0.0,35000000.0,0.0,0.0,0.0,115000000.0,150000000.0,0.075,150000000.0,115000000.0,57000000.0,0.18,0.17,0.18,3000000.0,,3000000.0,9344332015.0,13.0,11.218,-579000000.0,-4.184,1.0,297000000.0,0.149,2016000000.0,58000000.0,7145000000.0,,1334000000.0,0.0,0.0,0.0,7627000000.0,2561000000.0,5066000000.0,6191332015.0,-422000000.0,0.0,2000000.0,259000000.0,0.0,147000000.0,-73000000.0,0.0,-495000000.0,-1000000.0,24000000.0,24000000.0,24000000.0,0.0,22000000.0,0.012,156000000.0,141000000.0,2165000000.0,0.0,2063.777,20.167,20.244,2160000000.0,0.0,44.74,0.714,0.714,1199000000.0,,1993000000.0,1993000000.0,0.0,,,,,9000000.0,104000000.0,1.0,138384712.0,138384712.0,,14.402,5869000000.0,0.0,33000000.0,0.0,42.411,518000000.0
30,CCK,MRQ,2013-12-31,2013-12-31,2013-12-31,2021-07-23,-2513000000.0,8030000000.0,,3180000000.0,4850000000.0,,0.029,-71000000.0,689000000.0,689000000.0,1797000000.0,79000000.0,1.089,1935.25,3842000000.0,373000000.0,3469000000.0,3842000000.0,0.0,36000000.0,0.0,0.0,0.0,108000000.0,144000000.0,0.07,144000000.0,108000000.0,51000000.0,0.36,0.36,0.36,4000000.0,,4000000.0,10170302912.0,14.0,12.079,938000000.0,6.794,1.0,274000000.0,0.132,2040000000.0,57000000.0,6223000000.0,,1213000000.0,0.0,0.0,0.0,7741000000.0,2920000000.0,4821000000.0,6153302912.0,453000000.0,-6000000.0,5000000.0,-487000000.0,0.0,-493000000.0,-68000000.0,0.0,1009000000.0,5000000.0,49000000.0,49000000.0,49000000.0,0.0,30000000.0,0.024,133000000.0,141000000.0,2547000000.0,0.0,1538.326,18.992,19.211,2152000000.0,0.0,44.57,0.711,0.711,1064000000.0,1395000000.0,2071000000.0,2071000000.0,0.0,,,,,4000000.0,106000000.0,1.0,138059298.0,138059298.0,,15.001,5990000000.0,0.0,2000000.0,0.0,43.387,260000000.0
31,CCK,MRQ,2013-09-30,2013-09-30,2013-09-30,2021-07-23,0.0,8032000000.0,,3244000000.0,4788000000.0,,-0.753,-56000000.0,236000000.0,236000000.0,1995000000.0,127000000.0,1.197,-74.123,4253000000.0,535000000.0,3718000000.0,4253000000.0,0.0,34000000.0,0.0,0.0,0.0,226000000.0,260000000.0,0.109,260000000.0,226000000.0,168000000.0,0.73,0.73,0.73,-106000000.0,,-106000000.0,9853123449.0,14.0,11.688,71000000.0,0.504,1.0,394000000.0,0.165,2010000000.0,58000000.0,7329000000.0,,1331000000.0,0.0,0.0,0.0,7857000000.0,2710000000.0,5147000000.0,5954123449.0,9000000.0,0.0,-103000000.0,70000000.0,0.0,-62000000.0,-62000000.0,0.0,127000000.0,6000000.0,101000000.0,101000000.0,101000000.0,0.0,26000000.0,0.042,144000000.0,250000000.0,2175000000.0,0.0,-56.171,19.458,19.218,2087000000.0,0.0,42.28,0.691,0.691,1459000000.0,,2389000000.0,2389000000.0,0.0,,,,,5000000.0,113000000.0,1.0,140826004.0,140826004.0,,16.964,6022000000.0,0.0,67000000.0,0.0,42.762,534000000.0
32,CCK,MRQ,2013-06-30,2013-06-30,2013-06-30,2021-07-23,0.0,7869000000.0,,3172000000.0,4697000000.0,,-1.119,-56000000.0,227000000.0,227000000.0,1848000000.0,155000000.0,1.206,-48.099,4126000000.0,454000000.0,3672000000.0,4126000000.0,0.0,30000000.0,0.0,0.0,0.0,249000000.0,279000000.0,0.126,279000000.0,249000000.0,188000000.0,0.94,0.93,0.94,-161000000.0,,-161000000.0,9716091160.0,13.0,10.796,125000000.0,0.869,1.0,375000000.0,0.169,1944000000.0,61000000.0,7193000000.0,,1424000000.0,0.0,0.0,0.0,7744000000.0,2631000000.0,5113000000.0,5916091160.0,-77000000.0,0.0,-183000000.0,19000000.0,0.0,-190000000.0,-64000000.0,0.0,181000000.0,-4000000.0,133000000.0,133000000.0,133000000.0,0.0,22000000.0,0.06,106000000.0,269000000.0,2177000000.0,0.0,-36.746,11.162,11.116,2018000000.0,0.0,41.13,0.693,0.693,1302000000.0,,2223000000.0,2223000000.0,0.0,,,,,2000000.0,102000000.0,1.0,143838832.0,143838832.0,,15.455,5925000000.0,0.0,55000000.0,0.0,41.192,541000000.0
33,CCK,MRQ,2013-03-31,2013-03-31,2013-03-31,2021-07-23,0.0,7701000000.0,,3024000000.0,4677000000.0,,-0.894,-63000000.0,304000000.0,304000000.0,1674000000.0,67000000.0,1.3,-58.883,4104000000.0,396000000.0,3708000000.0,4104000000.0,0.0,34000000.0,0.0,0.0,0.0,125000000.0,159000000.0,0.081,159000000.0,125000000.0,65000000.0,0.29,0.28,0.29,-128000000.0,,-128000000.0,9273582292.0,13.0,10.236,-495000000.0,-3.457,1.0,299000000.0,0.152,1937000000.0,60000000.0,7238000000.0,,1352000000.0,0.0,0.0,0.0,7537000000.0,2326000000.0,5211000000.0,5958582292.0,-46000000.0,0.0,2000000.0,445000000.0,0.0,439000000.0,-52000000.0,0.0,-432000000.0,-1000000.0,41000000.0,41000000.0,41000000.0,0.0,26000000.0,0.021,108000000.0,191000000.0,1930000000.0,0.0,-46.551,11.221,11.338,1988000000.0,0.0,41.61,0.701,0.701,1175000000.0,,1973000000.0,1973000000.0,0.0,,,,,10000000.0,104000000.0,1.0,143200728.0,143200728.0,,13.778,5764000000.0,0.0,24000000.0,0.0,40.251,698000000.0
34,CCK,MRQ,2012-12-31,2012-12-31,2012-12-31,2021-07-23,-2614000000.0,7500000000.0,,2750000000.0,4750000000.0,,-1.11,-110000000.0,350000000.0,350000000.0,1756000000.0,73000000.0,1.09,-46.069,3665000000.0,376000000.0,3289000000.0,3665000000.0,0.0,47000000.0,0.0,0.0,0.0,98000000.0,145000000.0,0.071,145000000.0,98000000.0,42000000.0,0.24,0.24,0.24,-160000000.0,,-160000000.0,9061789959.0,12.0,9.559,628000000.0,4.358,1.0,281000000.0,0.138,1998000000.0,56000000.0,6295000000.0,,1166000000.0,0.0,0.0,0.0,7371000000.0,2522000000.0,4849000000.0,5304789959.0,110000000.0,-78000000.0,-42000000.0,-402000000.0,0.0,-472000000.0,-157000000.0,0.0,738000000.0,1000000.0,31000000.0,31000000.0,31000000.0,0.0,42000000.0,0.015,143000000.0,138000000.0,2146000000.0,0.0,-33.155,9.49,9.611,2005000000.0,0.0,36.81,0.626,0.626,1057000000.0,1071000000.0,2037000000.0,2037000000.0,0.0,,,,,3000000.0,94000000.0,1.0,144112740.0,144112740.0,,14.135,5502000000.0,0.0,11000000.0,0.0,38.178,228000000.0
35,CCK,MRQ,2012-09-30,2012-09-30,2012-09-30,2021-07-23,0.0,7610000000.0,,3053000000.0,4557000000.0,,-0.168,-74000000.0,240000000.0,240000000.0,1933000000.0,344000000.0,1.285,-295.32,3997000000.0,401000000.0,3596000000.0,3997000000.0,0.0,46000000.0,0.0,0.0,0.0,271000000.0,317000000.0,0.138,317000000.0,271000000.0,214000000.0,2.23,2.2,2.23,-25000000.0,,-25000000.0,9035671204.0,12.0,9.768,25000000.0,0.168,1.0,369000000.0,0.16,1976000000.0,57000000.0,7015000000.0,,1207000000.0,0.0,0.0,0.0,7383000000.0,2376000000.0,5007000000.0,5474671204.0,10000000.0,0.0,-197000000.0,190000000.0,0.0,-20000000.0,-77000000.0,0.0,99000000.0,8000000.0,325000000.0,325000000.0,325000000.0,0.0,19000000.0,0.141,85000000.0,284000000.0,1975000000.0,0.0,-218.987,10.214,10.014,1845000000.0,0.0,36.75,0.645,0.645,1397000000.0,,2302000000.0,2302000000.0,0.0,,,,,3000000.0,92000000.0,1.0,148970645.0,148970645.0,,15.453,5634000000.0,0.0,-111000000.0,0.0,37.82,677000000.0
36,CCK,MRQ,2012-06-30,2012-06-30,2012-06-30,2021-07-23,0.0,7224000000.0,,2909000000.0,4315000000.0,,-1.525,-75000000.0,230000000.0,230000000.0,1844000000.0,157000000.0,1.278,-31.775,3791000000.0,298000000.0,3493000000.0,3791000000.0,0.0,45000000.0,0.0,0.0,0.0,240000000.0,285000000.0,0.13,285000000.0,240000000.0,185000000.0,0.91,0.89,0.91,-227000000.0,,-227000000.0,8799563549.0,12.0,9.472,98000000.0,0.658,1.0,340000000.0,0.156,1944000000.0,55000000.0,6564000000.0,,1272000000.0,0.0,0.0,0.0,7213000000.0,2277000000.0,4936000000.0,5134563549.0,-20000000.0,0.0,2000000.0,-67000000.0,0.0,-100000000.0,-80000000.0,0.0,173000000.0,-13000000.0,134000000.0,134000000.0,134000000.0,0.0,23000000.0,0.061,83000000.0,257000000.0,1979000000.0,0.0,-22.619,15.102,14.996,1800000000.0,0.0,34.49,0.596,0.596,1194000000.0,,2184000000.0,2184000000.0,0.0,,,,,2000000.0,90000000.0,1.0,148871080.0,148871080.0,,14.67,5280000000.0,0.0,51000000.0,0.0,35.467,632000000.0
37,CCK,MRQ,2012-03-31,2012-03-31,2012-03-31,2021-07-23,0.0,7178000000.0,,2824000000.0,4354000000.0,,-2.178,-62000000.0,250000000.0,250000000.0,1660000000.0,90000000.0,1.349,-22.407,3915000000.0,230000000.0,3685000000.0,3915000000.0,0.0,42000000.0,0.0,0.0,0.0,159000000.0,201000000.0,0.103,201000000.0,159000000.0,101000000.0,0.47,0.46,0.47,-324000000.0,,-324000000.0,8669552116.0,11.0,9.302,-451000000.0,-3.031,1.0,287000000.0,0.147,1998000000.0,58000000.0,6752000000.0,,1313000000.0,0.0,0.0,0.0,7260000000.0,2093000000.0,5167000000.0,5479552116.0,-92000000.0,0.0,-5000000.0,351000000.0,0.0,338000000.0,-48000000.0,0.0,-389000000.0,7000000.0,69000000.0,69000000.0,69000000.0,0.0,21000000.0,0.035,106000000.0,181000000.0,1863000000.0,0.0,-16.912,16.357,16.442,1796000000.0,0.0,36.83,0.629,0.629,1066000000.0,,1947000000.0,1947000000.0,0.0,,,,,10000000.0,106000000.0,1.0,148779585.0,148779585.0,,13.086,5180000000.0,0.0,32000000.0,0.0,34.817,731000000.0
38,CCK,MRQ,2011-12-31,2011-12-31,2011-12-31,2021-07-23,-2590000000.0,6868000000.0,,2603000000.0,4265000000.0,,-3.129,-127000000.0,342000000.0,342000000.0,1769000000.0,39000000.0,1.139,-15.025,3532000000.0,195000000.0,3337000000.0,3532000000.0,0.0,44000000.0,0.0,0.0,0.0,78000000.0,122000000.0,0.059,122000000.0,78000000.0,20000000.0,0.06,0.06,0.06,-473000000.0,,-473000000.0,8354243905.0,12.0,9.451,386000000.0,2.553,1.0,289000000.0,0.14,1952000000.0,58000000.0,5821000000.0,,1148000000.0,0.0,0.0,0.0,7107000000.0,2285000000.0,4822000000.0,5076243905.0,-137000000.0,4000000.0,-98000000.0,-212000000.0,0.0,-528000000.0,-124000000.0,0.0,513000000.0,2000000.0,8000000.0,8000000.0,8000000.0,0.0,31000000.0,0.004,183000000.0,106000000.0,2090000000.0,0.0,-10.732,18.001,18.054,1751000000.0,0.0,33.58,0.587,0.587,948000000.0,512000000.0,2058000000.0,2058000000.0,0.0,,,,,3000000.0,97000000.0,1.0,151168669.0,151168669.0,,13.614,4916000000.0,0.0,12000000.0,0.0,32.52,318000000.0
39,CCK,MRQ,2011-09-30,2011-09-30,2011-09-30,2021-07-23,0.0,7599000000.0,,3305000000.0,4294000000.0,,-0.666,-66000000.0,479000000.0,479000000.0,2027000000.0,159000000.0,1.387,-74.19,3757000000.0,361000000.0,3396000000.0,3757000000.0,0.0,47000000.0,0.0,0.0,0.0,274000000.0,321000000.0,0.132,321000000.0,274000000.0,216000000.0,0.86,0.84,0.86,-100000000.0,,-100000000.0,7956273389.0,11.0,8.564,47000000.0,0.313,1.0,396000000.0,0.163,1977000000.0,58000000.0,6518000000.0,,1339000000.0,0.0,0.0,0.0,7419000000.0,2382000000.0,5037000000.0,4626273389.0,58000000.0,0.0,0.0,-27000000.0,0.0,-95000000.0,59000000.0,0.0,113000000.0,-19000000.0,129000000.0,129000000.0,129000000.0,0.0,30000000.0,0.053,96000000.0,300000000.0,2021000000.0,0.0,-46.263,14.502,14.646,1710000000.0,0.0,30.61,0.542,0.538,1317000000.0,,2423000000.0,2423000000.0,0.0,,,,,3000000.0,96000000.0,1.0,151136014.0,150138644.0,152680719.0,16.138,5622000000.0,0.0,87000000.0,0.0,37.445,923000000.0
40,CCK,MRQ,2011-06-30,2011-06-30,2011-06-30,2021-07-23,0.0,8059000000.0,,3599000000.0,4460000000.0,,-0.459,-79000000.0,546000000.0,546000000.0,1910000000.0,156000000.0,1.328,-111.257,3876000000.0,452000000.0,3424000000.0,3876000000.0,0.0,45000000.0,0.0,0.0,0.0,243000000.0,288000000.0,0.126,288000000.0,243000000.0,183000000.0,0.85,0.83,0.85,-70000000.0,,-70000000.0,9117619100.0,13.0,10.408,-9000000.0,-0.059,1.0,371000000.0,0.163,2069000000.0,60000000.0,6610000000.0,,1537000000.0,0.0,0.0,0.0,7788000000.0,2710000000.0,5078000000.0,6053619100.0,12000000.0,0.0,-201000000.0,370000000.0,0.0,141000000.0,-206000000.0,0.0,70000000.0,7000000.0,129000000.0,129000000.0,129000000.0,0.0,27000000.0,0.057,100000000.0,271000000.0,2258000000.0,0.0,-86.48,19.157,19.218,1746000000.0,0.0,38.82,0.728,0.711,1323000000.0,,2281000000.0,2281000000.0,0.0,,,,,2000000.0,100000000.0,1.0,155940729.0,152344400.0,155486354.0,14.973,5990000000.0,0.0,54000000.0,0.0,39.319,889000000.0
41,CCK,MRQ,2011-03-31,2011-03-31,2011-03-31,2021-07-23,0.0,7476000000.0,,3070000000.0,4406000000.0,,-0.045,-103000000.0,409000000.0,409000000.0,1590000000.0,42000000.0,1.189,-1019.571,3473000000.0,589000000.0,2884000000.0,3473000000.0,0.0,40000000.0,0.0,0.0,0.0,113000000.0,153000000.0,0.081,153000000.0,113000000.0,57000000.0,0.1,0.1,0.1,-7000000.0,,-7000000.0,8590309135.0,13.0,10.154,-420000000.0,-2.717,1.0,292000000.0,0.155,2047000000.0,56000000.0,5910000000.0,,1353000000.0,0.0,0.0,0.0,7137000000.0,2583000000.0,4554000000.0,6005309135.0,-54000000.0,0.0,-2000000.0,356000000.0,0.0,353000000.0,-101000000.0,0.0,-317000000.0,11000000.0,16000000.0,16000000.0,16000000.0,0.0,26000000.0,0.009,127000000.0,165000000.0,1994000000.0,0.0,-857.901,20.085,20.631,1702000000.0,0.0,38.58,0.746,0.741,1104000000.0,,1882000000.0,1882000000.0,0.0,,,,,10000000.0,102000000.0,1.0,155658609.0,154610056.0,157928690.0,12.173,5429000000.0,0.0,41000000.0,0.0,35.114,487000000.0
42,CCK,MRQ,2010-12-31,2010-12-31,2010-12-31,2021-07-23,-2333000000.0,6899000000.0,,2649000000.0,4250000000.0,,-0.602,-121000000.0,463000000.0,463000000.0,1661000000.0,80000000.0,1.114,-69.479,3048000000.0,399000000.0,2649000000.0,3048000000.0,0.0,44000000.0,0.0,0.0,0.0,123000000.0,167000000.0,0.086,167000000.0,123000000.0,67000000.0,0.28,0.28,0.28,-96000000.0,,-96000000.0,8132897579.0,12.0,9.413,430000000.0,2.699,1.0,288000000.0,0.148,1984000000.0,56000000.0,5123000000.0,,1060000000.0,0.0,0.0,0.0,6670000000.0,2377000000.0,4293000000.0,5318897579.0,48000000.0,7000000.0,-143000000.0,-167000000.0,0.0,-385000000.0,-117000000.0,0.0,551000000.0,-1000000.0,45000000.0,45000000.0,45000000.0,0.0,35000000.0,0.023,136000000.0,152000000.0,1978000000.0,0.0,-55.405,16.416,16.443,1610000000.0,0.0,33.38,0.67,0.67,936000000.0,230000000.0,1949000000.0,1949000000.0,0.0,,,,,3000000.0,104000000.0,1.0,159343846.0,159343846.0,,12.231,4915000000.0,0.0,22000000.0,0.0,30.845,272000000.0
43,CCK,MRQ,2010-09-30,2010-09-30,2010-09-30,2021-07-23,0.0,7146000000.0,,2879000000.0,4267000000.0,,0.873,-79000000.0,415000000.0,415000000.0,1828000000.0,161000000.0,1.185,48.05,3229000000.0,455000000.0,2774000000.0,3229000000.0,0.0,40000000.0,0.0,0.0,0.0,228000000.0,268000000.0,0.122,268000000.0,228000000.0,173000000.0,0.79,0.78,0.79,139000000.0,,139000000.0,7214247087.0,11.0,8.755,154000000.0,0.967,1.0,377000000.0,0.171,1998000000.0,55000000.0,5533000000.0,,1068000000.0,0.0,0.0,0.0,6679000000.0,2429000000.0,4250000000.0,4647247087.0,3000000.0,0.0,-98000000.0,139000000.0,0.0,-170000000.0,-79000000.0,0.0,233000000.0,19000000.0,126000000.0,126000000.0,126000000.0,0.0,35000000.0,0.057,103000000.0,274000000.0,1974000000.0,0.0,33.433,12.909,12.681,1524000000.0,0.0,28.66,0.588,0.577,1274000000.0,,2205000000.0,2205000000.0,0.0,,,,,2000000.0,82000000.0,1.0,162150980.0,159181133.0,161674329.0,13.852,5148000000.0,0.0,47000000.0,0.0,32.341,450000000.0
44,CCK,MRQ,2010-06-30,2010-06-30,2010-06-30,2021-07-23,0.0,6701000000.0,,2705000000.0,3996000000.0,,0.652,-56000000.0,412000000.0,412000000.0,1675000000.0,144000000.0,1.294,59.267,2979000000.0,272000000.0,2707000000.0,2979000000.0,0.0,44000000.0,0.0,0.0,0.0,214000000.0,258000000.0,0.128,258000000.0,214000000.0,169000000.0,0.7,0.69,0.7,105000000.0,,105000000.0,6831548034.0,12.0,8.736,166000000.0,1.031,1.0,335000000.0,0.167,1884000000.0,45000000.0,5293000000.0,,1076000000.0,0.0,0.0,0.0,6223000000.0,2091000000.0,4132000000.0,4056548034.0,13000000.0,0.0,2000000.0,-110000000.0,0.0,-130000000.0,-64000000.0,0.0,222000000.0,-15000000.0,112000000.0,112000000.0,112000000.0,0.0,32000000.0,0.056,91000000.0,244000000.0,1819000000.0,0.0,38.634,11.861,11.647,1418000000.0,0.0,25.04,0.508,0.505,1095000000.0,,2010000000.0,2010000000.0,0.0,,,,,8000000.0,95000000.0,1.0,162002717.0,160961879.0,163292749.0,12.487,4817000000.0,0.0,57000000.0,0.0,29.926,614000000.0
45,CCK,MRQ,2010-03-31,2010-03-31,2010-03-31,2021-07-23,0.0,6790000000.0,,2647000000.0,4143000000.0,,0.224,-32000000.0,399000000.0,399000000.0,1527000000.0,67000000.0,1.35,176.639,3174000000.0,249000000.0,2925000000.0,3174000000.0,0.0,44000000.0,0.0,0.0,0.0,127000000.0,171000000.0,0.096,171000000.0,127000000.0,80000000.0,0.26,0.25,0.26,36000000.0,,36000000.0,6691312322.0,11.0,8.081,-448000000.0,-2.788,1.0,250000000.0,0.141,1974000000.0,47000000.0,5630000000.0,,1076000000.0,0.0,0.0,0.0,6359000000.0,1961000000.0,4398000000.0,4352312322.0,-60000000.0,0.0,-3000000.0,396000000.0,0.0,386000000.0,-21000000.0,0.0,-416000000.0,-9000000.0,41000000.0,41000000.0,41000000.0,0.0,26000000.0,0.023,100000000.0,150000000.0,1712000000.0,0.0,120.898,12.992,12.777,1453000000.0,0.0,26.96,0.542,0.54,1044000000.0,,1777000000.0,1777000000.0,0.0,,,,,7000000.0,79000000.0,1.0,161435917.0,160714929.0,163100074.0,11.057,4816000000.0,0.0,39000000.0,0.0,29.966,686000000.0
46,CCK,MRQ,2009-12-31,2009-12-31,2009-12-31,2021-07-23,-2255000000.0,6532000000.0,,2242000000.0,4290000000.0,,-0.037,-72000000.0,459000000.0,459000000.0,1667000000.0,107000000.0,1.165,-1024.833,2798000000.0,59000000.0,2739000000.0,2798000000.0,0.0,52000000.0,0.0,0.0,0.0,75000000.0,127000000.0,0.066,127000000.0,75000000.0,17000000.0,0.51,0.49,0.51,-6000000.0,,-6000000.0,6896729432.0,12.0,8.819,504000000.0,3.137,1.0,250000000.0,0.13,2050000000.0,58000000.0,4896000000.0,,960000000.0,0.0,0.0,0.0,6149000000.0,1925000000.0,4224000000.0,4109729432.0,21000000.0,-22000000.0,14000000.0,-399000000.0,0.0,-465000000.0,-90000000.0,0.0,576000000.0,0.0,81000000.0,81000000.0,81000000.0,0.0,26000000.0,0.042,161000000.0,89000000.0,1866000000.0,0.0,-684.955,12.305,12.181,1509000000.0,0.0,25.58,0.518,0.518,714000000.0,-94000000.0,1917000000.0,1917000000.0,0.0,,,,,4000000.0,107000000.0,1.0,160661823.0,160661823.0,,11.932,4482000000.0,0.0,-64000000.0,0.0,27.897,317000000.0
47,CCK,MRQ,2009-09-30,2009-09-30,2009-09-30,2021-07-23,0.0,7178000000.0,,2673000000.0,4505000000.0,,0.835,-32000000.0,438000000.0,438000000.0,1917000000.0,141000000.0,1.333,50.008,3225000000.0,77000000.0,3148000000.0,3225000000.0,0.0,49000000.0,0.0,0.0,0.0,177000000.0,226000000.0,0.099,226000000.0,177000000.0,111000000.0,0.68,0.67,0.68,133000000.0,,133000000.0,7384462043.0,13.0,7.975,311000000.0,1.953,1.0,365000000.0,0.16,2060000000.0,66000000.0,5899000000.0,,1077000000.0,0.0,0.0,0.0,6651000000.0,2006000000.0,4645000000.0,4355462043.0,-268000000.0,0.0,5000000.0,-546000000.0,0.0,-580000000.0,-32000000.0,0.0,343000000.0,1000000.0,108000000.0,108000000.0,108000000.0,0.0,33000000.0,0.047,134000000.0,231000000.0,1929000000.0,0.0,32.748,18.224,18.013,1496000000.0,0.0,27.2,0.551,0.548,1054000000.0,,2282000000.0,2282000000.0,0.0,,,,,5000000.0,95000000.0,1.0,160127281.0,159208879.0,162120722.0,14.333,5118000000.0,0.0,3000000.0,0.0,32.146,667000000.0
48,CCK,MRQ,2009-06-30,2009-06-30,2009-06-30,2021-07-23,0.0,7390000000.0,,2969000000.0,4421000000.0,,-0.138,-24000000.0,706000000.0,706000000.0,1722000000.0,139000000.0,1.531,-319.364,3735000000.0,89000000.0,3646000000.0,3735000000.0,0.0,93000000.0,0.0,0.0,0.0,211000000.0,304000000.0,0.148,304000000.0,211000000.0,149000000.0,0.66,0.65,0.66,-22000000.0,,-22000000.0,6963762463.0,11.0,7.448,158000000.0,0.994,1.0,333000000.0,0.162,2031000000.0,62000000.0,6449000000.0,,1209000000.0,0.0,0.0,0.0,7026000000.0,1939000000.0,5087000000.0,3861762463.0,410000000.0,0.0,0.0,263000000.0,0.0,230000000.0,-28000000.0,0.0,182000000.0,26000000.0,105000000.0,105000000.0,105000000.0,0.0,34000000.0,0.051,88000000.0,245000000.0,1850000000.0,0.0,-175.535,15.762,15.675,1490000000.0,0.0,24.14,0.484,0.48,939000000.0,,2055000000.0,2055000000.0,0.0,,,,,9000000.0,90000000.0,1.0,159973590.0,158920842.0,161728278.0,12.931,5359000000.0,0.0,44000000.0,0.0,33.721,1030000000.0
49,CCK,MRQ,2009-03-31,2009-03-31,2009-03-31,2021-07-23,0.0,6580000000.0,,2410000000.0,4170000000.0,,-1.729,-50000000.0,296000000.0,296000000.0,1439000000.0,63000000.0,1.351,-23.723,3398000000.0,80000000.0,3318000000.0,3398000000.0,0.0,0.0,0.0,0.0,0.0,125000000.0,125000000.0,0.074,125000000.0,125000000.0,64000000.0,0.25,0.25,0.25,-274000000.0,,-274000000.0,6371845445.0,10.0,7.487,-395000000.0,-2.492,1.0,245000000.0,0.145,1904000000.0,61000000.0,5994000000.0,,1154000000.0,0.0,0.0,0.0,6500000000.0,1784000000.0,4716000000.0,3630845445.0,-300000000.0,0.0,0.0,112000000.0,0.0,114000000.0,-50000000.0,0.0,-345000000.0,-19000000.0,40000000.0,40000000.0,40000000.0,0.0,23000000.0,0.024,90000000.0,155000000.0,1704000000.0,0.0,-13.251,15.192,15.153,1421000000.0,0.0,22.73,0.447,0.443,814000000.0,,1684000000.0,1684000000.0,0.0,,,,,0.0,89000000.0,1.0,159738031.0,158491731.0,161286880.0,10.625,4676000000.0,0.0,24000000.0,0.0,29.503,626000000.0
50,CCK,MRQ,2008-12-31,2008-12-31,2008-12-31,2021-07-23,-2195000000.0,6774000000.0,,2457000000.0,4317000000.0,,-1.967,-55000000.0,596000000.0,596000000.0,1651000000.0,9000000.0,1.186,-21.256,3337000000.0,90000000.0,3247000000.0,3337000000.0,0.0,216000000.0,0.0,0.0,0.0,55000000.0,271000000.0,0.144,271000000.0,55000000.0,-15000000.0,-0.08,-0.09,-0.08,-317000000.0,,-317000000.0,6295138867.0,10.0,7.354,513000000.0,3.183,1.0,226000000.0,0.12,1956000000.0,70000000.0,5487000000.0,,979000000.0,0.0,0.0,0.0,6738000000.0,2072000000.0,4666000000.0,3094138867.0,264000000.0,0.0,-32000000.0,-197000000.0,0.0,-226000000.0,-58000000.0,0.0,568000000.0,-20000000.0,-14000000.0,-14000000.0,-14000000.0,0.0,23000000.0,-0.007,133000000.0,93000000.0,1982000000.0,0.0,-9.761,13.691,13.521,1473000000.0,0.0,19.2,0.373,0.373,734000000.0,-428000000.0,1877000000.0,1877000000.0,0.0,,,,,16000000.0,87000000.0,1.0,161153066.0,161153066.0,,11.647,4818000000.0,0.0,-1000000.0,0.0,29.897,385000000.0
51,CCK,MRQ,2008-09-30,2008-09-30,2008-09-30,2021-07-23,0.0,7154000000.0,,2625000000.0,4529000000.0,,1.369,-39000000.0,332000000.0,332000000.0,1994000000.0,143000000.0,1.32,31.667,3533000000.0,88000000.0,3445000000.0,3533000000.0,0.0,0.0,0.0,0.0,0.0,235000000.0,235000000.0,0.099,235000000.0,235000000.0,159000000.0,0.71,0.7,0.71,219000000.0,,219000000.0,7062854393.0,13.0,9.245,169000000.0,1.056,1.0,375000000.0,0.158,2089000000.0,76000000.0,6278000000.0,,1112000000.0,0.0,0.0,0.0,6935000000.0,1988000000.0,4947000000.0,3574854393.0,21000000.0,0.0,3000000.0,-124000000.0,0.0,-126000000.0,-42000000.0,0.0,208000000.0,-19000000.0,114000000.0,114000000.0,114000000.0,0.0,29000000.0,0.048,107000000.0,268000000.0,1900000000.0,0.0,16.324,6.316,6.31,1506000000.0,0.0,22.21,0.431,0.428,1067000000.0,,2369000000.0,2369000000.0,0.0,,,,,0.0,102000000.0,1.0,160956974.0,160006745.0,163441406.0,14.806,5065000000.0,0.0,45000000.0,0.0,31.655,637000000.0
52,CCK,MRQ,2008-06-30,2008-06-30,2008-06-30,2021-07-23,0.0,7698000000.0,,2837000000.0,4861000000.0,,1.272,-32000000.0,311000000.0,311000000.0,1845000000.0,130000000.0,1.291,36.921,3799000000.0,107000000.0,3692000000.0,3799000000.0,0.0,0.0,0.0,0.0,0.0,220000000.0,220000000.0,0.1,220000000.0,220000000.0,141000000.0,0.62,0.61,0.62,203000000.0,,203000000.0,7708663321.0,16.0,10.662,57000000.0,0.357,1.0,351000000.0,0.16,2266000000.0,79000000.0,6723000000.0,,1325000000.0,0.0,0.0,0.0,7495000000.0,2197000000.0,5298000000.0,4171663321.0,29000000.0,0.0,5000000.0,-14000000.0,0.0,-17000000.0,-46000000.0,0.0,89000000.0,3000000.0,99000000.0,99000000.0,99000000.0,0.0,31000000.0,0.045,106000000.0,245000000.0,2090000000.0,0.0,20.55,7.654,7.667,1612000000.0,0.0,25.99,0.516,0.513,1085000000.0,,2196000000.0,2196000000.0,0.0,,,,,0.0,105000000.0,1.0,160510324.0,159631670.0,163298467.0,13.757,5432000000.0,0.0,42000000.0,0.0,34.028,640000000.0
53,CCK,MRQ,2008-03-31,2008-03-31,2008-03-31,2021-07-23,0.0,7400000000.0,,2554000000.0,4846000000.0,,0.427,-33000000.0,282000000.0,282000000.0,1611000000.0,48000000.0,1.276,107.824,3819000000.0,93000000.0,3726000000.0,3819000000.0,0.0,0.0,0.0,0.0,0.0,130000000.0,130000000.0,0.07,130000000.0,130000000.0,53000000.0,0.17,0.17,0.17,68000000.0,,68000000.0,7012686817.0,15.0,10.119,-476000000.0,-2.99,1.0,252000000.0,0.135,2264000000.0,77000000.0,6671000000.0,,1220000000.0,0.0,0.0,0.0,7332000000.0,2002000000.0,5330000000.0,4032686817.0,-175000000.0,0.0,-1000000.0,283000000.0,0.0,292000000.0,-40000000.0,0.0,-443000000.0,16000000.0,27000000.0,27000000.0,27000000.0,0.0,21000000.0,0.014,102000000.0,150000000.0,1909000000.0,0.0,59.304,7.51,7.556,1621000000.0,0.0,25.16,0.512,0.508,937000000.0,,1863000000.0,1863000000.0,0.0,,,,,0.0,102000000.0,1.0,160281670.0,159187316.0,162776273.0,11.703,5136000000.0,0.0,26000000.0,0.0,32.264,552000000.0
54,CCK,MRQ,2007-12-31,2007-12-31,2007-12-31,2021-07-23,-1646000000.0,6979000000.0,,2234000000.0,4745000000.0,,0.094,-48000000.0,457000000.0,457000000.0,1654000000.0,399000000.0,1.072,464.267,3437000000.0,83000000.0,3354000000.0,3437000000.0,0.0,229000000.0,0.0,0.0,0.0,-50000000.0,179000000.0,0.096,179000000.0,-50000000.0,-136000000.0,2.02,1.98,2.02,15000000.0,,15000000.0,7513556634.0,17.0,11.131,490000000.0,3.067,1.0,217000000.0,0.116,2199000000.0,86000000.0,5677000000.0,,1030000000.0,0.0,0.0,0.0,6964000000.0,2083000000.0,4881000000.0,4098556634.0,109000000.0,7000000.0,2000000.0,-346000000.0,0.0,-395000000.0,-45000000.0,0.0,538000000.0,11000000.0,326000000.0,326000000.0,326000000.0,0.0,73000000.0,0.174,249000000.0,-32000000.0,2000000000.0,0.0,273.237,7.762,7.844,1604000000.0,0.0,25.65,0.53,0.53,673000000.0,-654000000.0,1871000000.0,1871000000.0,0.0,,,,,14000000.0,100000000.0,1.0,159787783.0,159787783.0,,11.709,4780000000.0,0.0,-462000000.0,0.0,29.915,151000000.0
55,CCK,MRQ,2007-09-30,2007-09-30,2007-09-30,2021-07-23,0.0,6949000000.0,,2528000000.0,4421000000.0,,-2.394,-24000000.0,348000000.0,348000000.0,1841000000.0,93000000.0,1.211,-19.003,3763000000.0,119000000.0,3644000000.0,3763000000.0,0.0,0.0,0.0,0.0,0.0,194000000.0,194000000.0,0.09,194000000.0,194000000.0,115000000.0,0.58,0.56,0.58,-386000000.0,,-386000000.0,7135965300.0,11.0,8.278,157000000.0,0.974,1.0,312000000.0,0.145,2307000000.0,79000000.0,5969000000.0,,1021000000.0,0.0,0.0,0.0,7335000000.0,2088000000.0,5247000000.0,3738965300.0,44000000.0,0.0,-115000000.0,-2000000.0,0.0,-120000000.0,-27000000.0,0.0,181000000.0,10000000.0,93000000.0,93000000.0,93000000.0,0.0,0.0,0.043,102000000.0,210000000.0,1928000000.0,0.0,-9.686,10.216,10.116,1586000000.0,0.0,22.76,0.496,0.487,1084000000.0,,2153000000.0,2153000000.0,0.0,,,,,0.0,97000000.0,1.0,164277913.0,161238844.0,165217100.0,13.353,4642000000.0,0.0,22000000.0,41000000.0,28.79,440000000.0
56,CCK,MRQ,2007-06-30,2007-06-30,2007-06-30,2021-07-23,0.0,6793000000.0,,2473000000.0,4320000000.0,,-2.382,26000000.0,304000000.0,304000000.0,1704000000.0,91000000.0,1.209,-18.508,3701000000.0,134000000.0,3567000000.0,3701000000.0,0.0,0.0,0.0,0.0,0.0,190000000.0,190000000.0,0.095,190000000.0,190000000.0,113000000.0,0.56,0.54,0.56,-388000000.0,,-388000000.0,7513823101.0,12.0,8.924,50000000.0,0.307,1.0,286000000.0,0.144,2236000000.0,77000000.0,5909000000.0,,1106000000.0,0.0,0.0,0.0,7181000000.0,2045000000.0,5136000000.0,4082823101.0,26000000.0,0.0,6000000.0,-23000000.0,0.0,-27000000.0,24000000.0,0.0,24000000.0,5000000.0,91000000.0,91000000.0,91000000.0,0.0,0.0,0.046,88000000.0,198000000.0,1883000000.0,0.0,-10.523,11.405,11.454,1580000000.0,0.0,24.97,0.553,0.551,993000000.0,,1990000000.0,1990000000.0,0.0,,,,,0.0,93000000.0,1.0,163509135.0,162900139.0,167182198.0,12.216,4557000000.0,0.0,22000000.0,28000000.0,27.974,428000000.0
57,CCK,MRQ,2007-03-31,2007-03-31,2007-03-31,2021-07-23,0.0,6582000000.0,,2267000000.0,4315000000.0,,-3.161,-44000000.0,278000000.0,278000000.0,1498000000.0,18000000.0,1.158,-13.83,3709000000.0,131000000.0,3578000000.0,3709000000.0,0.0,0.0,0.0,0.0,0.0,112000000.0,112000000.0,0.065,112000000.0,112000000.0,36000000.0,0.11,0.11,0.11,-513000000.0,,-513000000.0,7129033137.0,13.0,9.013,-278000000.0,-1.713,1.0,215000000.0,0.126,2200000000.0,76000000.0,5856000000.0,,1060000000.0,0.0,0.0,0.0,7095000000.0,1957000000.0,5138000000.0,3995033137.0,-129000000.0,0.0,3000000.0,147000000.0,0.0,146000000.0,-46000000.0,0.0,-234000000.0,5000000.0,18000000.0,18000000.0,18000000.0,0.0,0.0,0.011,95000000.0,120000000.0,1800000000.0,0.0,-7.788,12.603,12.74,1594000000.0,0.0,24.46,0.557,0.554,861000000.0,,1713000000.0,1713000000.0,0.0,,,,,0.0,95000000.0,1.0,163329237.0,162273457.0,166681273.0,10.556,4382000000.0,0.0,18000000.0,26000000.0,27.004,310000000.0
58,CCK,MRQ,2006-12-31,2006-12-31,2006-12-31,2021-07-23,-1731000000.0,6409000000.0,,2113000000.0,4296000000.0,,-3.03,21000000.0,407000000.0,407000000.0,1475000000.0,164000000.0,1.08,-13.974,3541000000.0,121000000.0,3420000000.0,3541000000.0,0.0,230000000.0,0.0,0.0,0.0,136000000.0,366000000.0,0.218,366000000.0,136000000.0,60000000.0,1.0,1.16,1.0,-494000000.0,,-494000000.0,6819859455.0,13.0,8.938,362000000.0,2.22,1.0,201000000.0,0.12,2185000000.0,76000000.0,5402000000.0,,957000000.0,0.0,0.0,0.0,6903000000.0,1956000000.0,4947000000.0,3410859455.0,118000000.0,7000000.0,-13000000.0,-212000000.0,0.0,-247000000.0,11000000.0,0.0,341000000.0,13000000.0,164000000.0,164000000.0,164000000.0,6000000.0,0.0,0.098,33000000.0,168000000.0,1835000000.0,0.0,-6.905,11.038,11.187,1608000000.0,0.0,20.92,0.489,0.489,689000000.0,-1166000000.0,1676000000.0,1676000000.0,0.0,,,,,11000000.0,84000000.0,1.0,163042995.0,163042995.0,,10.279,4224000000.0,0.0,-104000000.0,0.0,25.907,157000000.0
59,CCK,MRQ,2006-09-30,2006-09-30,2006-09-30,2021-07-23,0.0,7236000000.0,,2350000000.0,4886000000.0,,-0.646,-31000000.0,289000000.0,289000000.0,1741000000.0,85000000.0,1.095,-68.626,3698000000.0,229000000.0,3469000000.0,3698000000.0,0.0,0.0,0.0,0.0,0.0,174000000.0,174000000.0,0.087,174000000.0,174000000.0,101000000.0,0.51,0.5,0.51,-107000000.0,,-107000000.0,6524737223.0,284.0,21.393,92000000.0,0.555,1.0,260000000.0,0.13,2127000000.0,73000000.0,6372000000.0,,922000000.0,0.0,0.0,0.0,7343000000.0,2146000000.0,5197000000.0,3122737223.0,-19000000.0,0.0,-98000000.0,3000000.0,0.0,-106000000.0,-37000000.0,0.0,123000000.0,1000000.0,85000000.0,85000000.0,85000000.0,1000000.0,0.0,0.042,76000000.0,184000000.0,1862000000.0,0.0,-29.184,-10.238,-10.109,1600000000.0,0.0,18.6,0.466,0.46,1070000000.0,,2001000000.0,2001000000.0,0.0,,,,,0.0,77000000.0,1.0,167889098.0,165711447.0,169829685.0,12.075,5109000000.0,0.0,16000000.0,55000000.0,30.831,204000000.0
60,CCK,MRQ,2006-06-30,2006-06-30,2006-06-30,2021-07-23,0.0,7287000000.0,,2347000000.0,4940000000.0,,-0.742,-46000000.0,308000000.0,308000000.0,1536000000.0,50000000.0,1.08,-59.766,3710000000.0,227000000.0,3483000000.0,3710000000.0,0.0,0.0,0.0,0.0,0.0,139000000.0,139000000.0,0.078,139000000.0,139000000.0,69000000.0,0.3,0.29,0.3,-124000000.0,,-124000000.0,5961809159.0,157.0,18.631,23000000.0,0.138,1.0,245000000.0,0.138,2125000000.0,70000000.0,6391000000.0,,1008000000.0,0.0,0.0,0.0,7411000000.0,2173000000.0,5238000000.0,2611809159.0,15000000.0,0.0,-7000000.0,0.0,0.0,-16000000.0,-45000000.0,0.0,69000000.0,7000000.0,50000000.0,50000000.0,50000000.0,24000000.0,0.0,0.028,79000000.0,166000000.0,1888000000.0,0.0,-21.063,-8.371,-8.282,1622000000.0,0.0,15.57,0.396,0.395,929000000.0,,1781000000.0,1781000000.0,0.0,,,,,0.0,74000000.0,1.0,167746253.0,167085962.0,170917175.0,10.659,5162000000.0,0.0,19000000.0,58000000.0,30.894,174000000.0
61,CCK,MRQ,2006-03-31,2006-03-31,2006-03-31,2021-07-23,0.0,6885000000.0,,2157000000.0,4728000000.0,,-1.275,-54000000.0,293000000.0,293000000.0,1338000000.0,10000000.0,1.086,-33.324,3643000000.0,215000000.0,3428000000.0,3643000000.0,0.0,0.0,0.0,0.0,0.0,84000000.0,84000000.0,0.055,84000000.0,84000000.0,17000000.0,0.06,0.06,0.06,-213000000.0,,-213000000.0,6081066997.0,243.0,19.808,-232000000.0,-1.389,1.0,186000000.0,0.122,2040000000.0,67000000.0,6209000000.0,,965000000.0,0.0,0.0,0.0,7098000000.0,1986000000.0,5112000000.0,2972066997.0,-1000000.0,0.0,1000000.0,213000000.0,0.0,211000000.0,-40000000.0,0.0,-178000000.0,6000000.0,10000000.0,10000000.0,10000000.0,2000000.0,0.0,0.007,89000000.0,97000000.0,1715000000.0,0.0,-13.953,-8.898,-8.826,1608000000.0,0.0,17.74,0.451,0.45,814000000.0,,1524000000.0,1524000000.0,0.0,,,,,0.0,81000000.0,1.0,167534780.0,167075638.0,171640555.0,9.122,4845000000.0,0.0,7000000.0,56000000.0,28.999,171000000.0
62,CCK,MRQ,2005-12-31,2005-12-31,2005-12-31,2021-07-23,-1219000000.0,6545000000.0,,1845000000.0,4700000000.0,,-1.416,-63000000.0,294000000.0,294000000.0,1195000000.0,-450000000.0,0.95,-28.733,3403000000.0,211000000.0,3192000000.0,3403000000.0,0.0,282000000.0,0.0,0.0,0.0,-374000000.0,-92000000.0,-0.066,-92000000.0,-374000000.0,-452000000.0,-2.71,-2.44,-2.71,-236000000.0,,-236000000.0,6685234972.0,371.0,22.284,-286000000.0,-1.716,1.0,201000000.0,0.144,2013000000.0,78000000.0,5698000000.0,,810000000.0,0.0,0.0,0.0,6781000000.0,1943000000.0,4838000000.0,3255234972.0,19000000.0,627000000.0,-16000000.0,-339000000.0,0.0,-365000000.0,609000000.0,0.0,-223000000.0,-2000000.0,-450000000.0,-450000000.0,-450000000.0,61000000.0,0.0,-0.322,101000000.0,100000000.0,1674000000.0,0.0,-13.793,-9.196,-9.169,1607000000.0,0.0,19.53,0.488,0.488,686000000.0,-1526000000.0,1396000000.0,1396000000.0,0.0,,,,,3000000.0,77000000.0,1.0,166678698.0,166678698.0,,8.375,4532000000.0,0.0,-2000000.0,58000000.0,27.19,-98000000.0
63,CCK,MRQ,2005-09-30,2005-09-30,2005-09-30,2021-07-23,0.0,7728000000.0,,3041000000.0,4687000000.0,,1.248,-40000000.0,275000000.0,275000000.0,1618000000.0,78000000.0,1.461,36.333,3705000000.0,87000000.0,3618000000.0,3705000000.0,0.0,0.0,0.0,0.0,0.0,189000000.0,189000000.0,0.1,189000000.0,189000000.0,95000000.0,0.47,0.45,0.47,207000000.0,,207000000.0,6094336252.0,12.0,7.561,114000000.0,0.687,1.0,272000000.0,0.144,2038000000.0,94000000.0,7038000000.0,,856000000.0,0.0,0.0,0.0,7521000000.0,2082000000.0,5439000000.0,2652336252.0,10000000.0,0.0,2000000.0,-46000000.0,0.0,-51000000.0,-89000000.0,0.0,154000000.0,-4000000.0,78000000.0,78000000.0,78000000.0,4000000.0,0.0,0.041,90000000.0,182000000.0,1749000000.0,0.0,12.813,38.44,37.952,1636000000.0,0.0,15.94,0.405,0.404,944000000.0,,1890000000.0,1890000000.0,0.0,,,,,0.0,87000000.0,1.0,166394997.0,165867132.0,171909751.0,11.395,5690000000.0,0.0,17000000.0,46000000.0,34.305,959000000.0
64,CCK,MRQ,2005-06-30,2005-06-30,2005-06-30,2021-07-23,0.0,7651000000.0,,2333000000.0,5318000000.0,,0.972,-13000000.0,265000000.0,265000000.0,1526000000.0,28000000.0,1.142,46.522,3707000000.0,72000000.0,3635000000.0,3707000000.0,0.0,0.0,0.0,0.0,0.0,126000000.0,126000000.0,0.071,126000000.0,126000000.0,31000000.0,0.17,0.16,0.17,161000000.0,,161000000.0,6046914950.0,13.0,7.762,215000000.0,1.298,1.0,257000000.0,0.144,2421000000.0,95000000.0,6629000000.0,,1009000000.0,84000000.0,0.0,84000000.0,7490000000.0,2043000000.0,5447000000.0,2363914950.0,-75000000.0,0.0,-5000000.0,-255000000.0,0.0,-279000000.0,-15000000.0,0.0,228000000.0,-9000000.0,28000000.0,28000000.0,28000000.0,-12000000.0,0.0,0.016,71000000.0,186000000.0,1911000000.0,0.0,14.683,48.243,47.433,1798000000.0,0.0,14.23,0.385,0.384,987000000.0,,1783000000.0,1783000000.0,0.0,,,,,0.0,88000000.0,1.0,166121922.0,165694221.0,171526145.0,10.761,5230000000.0,0.0,3000000.0,60000000.0,31.564,290000000.0
65,CCK,MRQ,2005-03-31,2005-03-31,2005-03-31,2021-07-23,0.0,8079000000.0,,2483000000.0,5596000000.0,,1.375,-36000000.0,340000000.0,340000000.0,1347000000.0,-10000000.0,1.23,34.434,4023000000.0,139000000.0,3884000000.0,4023000000.0,0.0,0.0,0.0,0.0,0.0,89000000.0,89000000.0,0.058,89000000.0,89000000.0,-5000000.0,-0.06,-0.06,-0.06,228000000.0,,228000000.0,5997511235.0,12.0,7.554,-317000000.0,-1.912,1.0,182000000.0,0.119,2533000000.0,94000000.0,7210000000.0,,1059000000.0,82000000.0,0.0,82000000.0,7851000000.0,2019000000.0,5832000000.0,2596511235.0,-131000000.0,0.0,-3000000.0,210000000.0,0.0,198000000.0,-41000000.0,0.0,-281000000.0,-7000000.0,-10000000.0,-10000000.0,-10000000.0,8000000.0,0.0,-0.007,89000000.0,93000000.0,1819000000.0,0.0,11.388,45.553,44.457,1905000000.0,0.0,15.56,0.419,0.417,995000000.0,,1529000000.0,1529000000.0,0.0,,,,,0.0,84000000.0,1.0,166870902.0,165819217.0,171863163.0,9.221,5546000000.0,0.0,5000000.0,61000000.0,33.446,464000000.0
66,CCK,MRQ,2004-12-31,2004-12-31,2004-12-31,2021-07-23,-1087000000.0,8125000000.0,,2343000000.0,5782000000.0,,1.675,-14000000.0,471000000.0,471000000.0,1177000000.0,-27000000.0,1.126,28.332,3872000000.0,76000000.0,3796000000.0,3872000000.0,0.0,308000000.0,0.0,0.0,0.0,94000000.0,402000000.0,0.3,402000000.0,94000000.0,3000000.0,-0.16,-0.31,-0.16,277000000.0,,277000000.0,5936629086.0,12.0,7.543,360000000.0,2.177,1.0,162000000.0,0.121,2592000000.0,91000000.0,6854000000.0,,894000000.0,0.0,0.0,0.0,7848000000.0,2080000000.0,5768000000.0,2272629086.0,176000000.0,0.0,1000000.0,-192000000.0,0.0,-203000000.0,-16000000.0,0.0,374000000.0,21000000.0,-27000000.0,-27000000.0,-27000000.0,9000000.0,0.0,-0.02,142000000.0,20000000.0,1943000000.0,0.0,8.204,44.561,44.323,2002000000.0,0.0,13.74,0.362,0.362,900000000.0,-1164000000.0,1339000000.0,1339000000.0,0.0,,,,,0.0,71000000.0,1.0,165402408.0,165402408.0,,8.095,5533000000.0,0.0,30000000.0,61000000.0,33.452,263000000.0
67,CCK,MRQ,2004-09-30,2004-09-30,2004-09-30,2021-07-23,0.0,7904000000.0,,2382000000.0,5522000000.0,,1.411,-24000000.0,295000000.0,295000000.0,1299000000.0,58000000.0,1.127,32.923,3959000000.0,190000000.0,3769000000.0,3959000000.0,0.0,0.0,0.0,0.0,0.0,162000000.0,162000000.0,0.109,162000000.0,162000000.0,71000000.0,0.35,0.35,0.35,233000000.0,,233000000.0,5357257599.0,12.0,6.807,72000000.0,0.436,1.0,188000000.0,0.126,2452000000.0,91000000.0,7002000000.0,,911000000.0,85000000.0,0.0,85000000.0,7671000000.0,2114000000.0,5557000000.0,1704257599.0,44000000.0,0.0,1000000.0,-17000000.0,0.0,-28000000.0,-24000000.0,0.0,96000000.0,0.0,58000000.0,58000000.0,58000000.0,-33000000.0,0.0,0.039,55000000.0,133000000.0,1860000000.0,0.0,7.314,25.063,25.146,1959000000.0,0.0,10.31,0.288,0.288,1117000000.0,,1487000000.0,1487000000.0,0.0,,,,,0.0,54000000.0,1.0,165301416.0,165184807.0,167513309.0,9.002,5452000000.0,0.0,13000000.0,64000000.0,33.005,268000000.0
68,CCK,MRQ,2004-06-30,2004-06-30,2004-06-30,2021-07-23,0.0,7868000000.0,,2329000000.0,5539000000.0,,1.108,-24000000.0,251000000.0,251000000.0,1577000000.0,36000000.0,1.113,41.995,3904000000.0,195000000.0,3709000000.0,3904000000.0,0.0,0.0,0.0,0.0,0.0,141000000.0,141000000.0,0.077,141000000.0,141000000.0,52000000.0,0.22,0.22,0.22,183000000.0,,183000000.0,5425507285.0,12.0,6.992,107000000.0,0.648,1.0,259000000.0,0.141,2430000000.0,89000000.0,6999000000.0,,978000000.0,81000000.0,0.0,81000000.0,7685000000.0,2092000000.0,5593000000.0,1646507285.0,8000000.0,0.0,0.0,-96000000.0,0.0,-101000000.0,-20000000.0,0.0,131000000.0,-2000000.0,36000000.0,36000000.0,36000000.0,0.0,0.0,0.02,90000000.0,169000000.0,1843000000.0,0.0,8.997,102.907,99.7,1992000000.0,0.0,9.97,0.262,0.262,1030000000.0,,1836000000.0,1836000000.0,0.0,,,,,0.0,90000000.0,1.0,165146167.0,165165133.0,167343493.0,11.116,5438000000.0,0.0,16000000.0,54000000.0,32.925,237000000.0
69,CCK,MRQ,2004-03-31,2004-03-31,2004-03-31,2021-07-23,0.0,7887000000.0,,2253000000.0,5634000000.0,,1.012,-37000000.0,263000000.0,263000000.0,1438000000.0,-16000000.0,1.123,46.228,4042000000.0,194000000.0,3848000000.0,4042000000.0,0.0,0.0,0.0,0.0,0.0,82000000.0,82000000.0,0.051,82000000.0,82000000.0,-8000000.0,-0.1,-0.1,-0.1,167000000.0,,167000000.0,5076787799.0,11.0,6.299,-234000000.0,-1.418,1.0,185000000.0,0.114,2450000000.0,90000000.0,7209000000.0,,954000000.0,85000000.0,0.0,85000000.0,7720000000.0,2007000000.0,5713000000.0,1538787799.0,-158000000.0,0.0,1000000.0,97000000.0,0.0,86000000.0,-47000000.0,0.0,-197000000.0,0.0,-16000000.0,-16000000.0,-16000000.0,0.0,0.0,-0.01,92000000.0,93000000.0,1755000000.0,0.0,9.214,51.293,51.778,2057000000.0,0.0,9.32,0.249,0.249,941000000.0,,1623000000.0,1623000000.0,0.0,,,,,0.0,92000000.0,1.0,165105987.0,165075996.0,165075996.0,9.832,5437000000.0,0.0,8000000.0,58000000.0,32.936,246000000.0
70,CCK,MRQ,2003-12-31,2003-12-31,2003-12-31,2021-07-23,-1170000000.0,7773000000.0,,2122000000.0,5651000000.0,,0.849,-30000000.0,401000000.0,401000000.0,922000000.0,-10000000.0,1.042,54.521,3939000000.0,230000000.0,3709000000.0,3939000000.0,0.0,326000000.0,0.0,0.0,0.0,76000000.0,402000000.0,0.415,402000000.0,76000000.0,-23000000.0,-0.06,-0.32,-0.06,140000000.0,,140000000.0,5334869903.0,13.0,7.171,334000000.0,2.024,1.0,46000000.0,0.048,2442000000.0,99000000.0,6833000000.0,,815000000.0,83000000.0,0.0,83000000.0,7633000000.0,2036000000.0,5597000000.0,1494869903.0,114000000.0,0.0,0.0,-367000000.0,0.0,-373000000.0,109000000.0,0.0,364000000.0,14000000.0,-10000000.0,-10000000.0,-10000000.0,-42000000.0,0.0,-0.01,139000000.0,-93000000.0,1744000000.0,0.0,10.678,-46.715,-47.684,2112000000.0,0.0,9.06,0.249,0.249,794000000.0,-1215000000.0,968000000.0,968000000.0,0.0,,,,,0.0,50000000.0,1.0,164996678.0,164996678.0,,5.867,5331000000.0,0.0,-13000000.0,62000000.0,32.31,86000000.0
71,CCK,MRQ,2003-09-30,2003-09-30,2003-09-30,2021-07-23,0.0,8018000000.0,,2444000000.0,5574000000.0,,-0.461,-17000000.0,432000000.0,432000000.0,1613000000.0,6000000.0,1.203,-106.5,4272000000.0,250000000.0,4022000000.0,4272000000.0,0.0,0.0,0.0,0.0,0.0,151000000.0,151000000.0,0.081,151000000.0,151000000.0,51000000.0,0.04,0.04,0.04,-76000000.0,,-76000000.0,5039360268.0,29.0,9.179,138000000.0,0.837,1.0,240000000.0,0.13,2373000000.0,100000000.0,7454000000.0,,858000000.0,84000000.0,0.0,84000000.0,8094000000.0,2031000000.0,6063000000.0,1113360268.0,11000000.0,0.0,0.0,-102000000.0,0.0,-135000000.0,-10000000.0,0.0,155000000.0,1000000.0,6000000.0,6000000.0,6000000.0,0.0,0.0,0.003,129000000.0,111000000.0,1734000000.0,0.0,-14.649,-4.453,-4.441,2081000000.0,0.0,6.75,0.169,0.169,1099000000.0,,1853000000.0,1853000000.0,0.0,,,,,0.0,80000000.0,1.0,164942262.0,164942505.0,166182474.0,11.234,5645000000.0,0.0,45000000.0,47000000.0,34.224,413000000.0
72,CCK,MRQ,2003-06-30,2003-06-30,2003-06-30,2021-07-23,0.0,8207000000.0,,2530000000.0,5677000000.0,,-0.34,-24000000.0,438000000.0,438000000.0,1507000000.0,50000000.0,1.221,-147.554,4364000000.0,252000000.0,4112000000.0,4364000000.0,0.0,0.0,0.0,0.0,0.0,171000000.0,171000000.0,0.099,171000000.0,171000000.0,70000000.0,0.3,0.3,0.3,-56000000.0,,-56000000.0,5126339354.0,28.0,13.818,47000000.0,0.285,1.0,219000000.0,0.127,2362000000.0,101000000.0,7699000000.0,,975000000.0,93000000.0,0.0,93000000.0,8263000000.0,2072000000.0,6191000000.0,1177339354.0,11000000.0,0.0,2000000.0,-179000000.0,0.0,-167000000.0,94000000.0,0.0,71000000.0,13000000.0,50000000.0,50000000.0,50000000.0,0.0,0.0,0.029,78000000.0,141000000.0,1762000000.0,0.0,-21.024,-6.364,-15.191,2176000000.0,0.0,7.14,0.178,0.178,1050000000.0,,1726000000.0,1726000000.0,0.0,,,,,0.0,81000000.0,1.0,164893467.0,164910274.0,165843258.0,10.466,5845000000.0,0.0,20000000.0,58000000.0,35.444,458000000.0
73,CCK,MRQ,2003-03-31,2003-03-31,2003-03-31,2021-07-23,0.0,8055000000.0,,2498000000.0,5557000000.0,,-0.317,-14000000.0,545000000.0,545000000.0,1312000000.0,-34000000.0,1.19,-155.904,4494000000.0,394000000.0,4100000000.0,4494000000.0,0.0,0.0,0.0,0.0,0.0,64000000.0,64000000.0,0.044,64000000.0,64000000.0,-15000000.0,-0.21,-0.21,-0.21,-52000000.0,,-52000000.0,4617683008.0,25.0,9.825,-170000000.0,-1.038,1.0,148000000.0,0.101,2289000000.0,79000000.0,7615000000.0,,917000000.0,112000000.0,0.0,112000000.0,8107000000.0,2100000000.0,6007000000.0,926683008.0,-98000000.0,0.0,0.0,350000000.0,0.0,347000000.0,-293000000.0,0.0,-156000000.0,4000000.0,-34000000.0,-34000000.0,-34000000.0,0.0,0.0,-0.023,81000000.0,67000000.0,1642000000.0,0.0,-17.821,-5.419,-0.689,2170000000.0,0.0,5.62,0.139,0.138,929000000.0,,1460000000.0,1460000000.0,0.0,,,,,0.0,81000000.0,1.0,164890215.0,163843107.0,163843107.0,8.911,5766000000.0,0.0,19000000.0,64000000.0,35.192,398000000.0
74,CCK,MRQ,2002-12-31,2002-12-31,2002-12-31,2021-07-23,-1386000000.0,7505000000.0,,2024000000.0,5481000000.0,,-0.528,-1000000.0,363000000.0,363000000.0,1403000000.0,-272000000.0,0.892,-87.264,4054000000.0,666000000.0,3388000000.0,4054000000.0,0.0,375000000.0,0.0,0.0,0.0,-212000000.0,163000000.0,0.106,163000000.0,-212000000.0,-291000000.0,-1.65,-1.7,-1.65,-87000000.0,,-87000000.0,,,,195000000.0,1.183,1.0,141000000.0,0.091,2269000000.0,79000000.0,6657000000.0,,779000000.0,111000000.0,0.0,111000000.0,7592000000.0,2270000000.0,5322000000.0,1310877209.0,117000000.0,463000000.0,1000000.0,-555000000.0,0.0,-561000000.0,465000000.0,0.0,196000000.0,17000000.0,-272000000.0,-272000000.0,-272000000.0,0.0,0.0,-0.176,350000000.0,-209000000.0,1541000000.0,0.0,-15.068,-1.088,-0.949,2212000000.0,0.0,7.95,0.193,0.193,806000000.0,-1183000000.0,1544000000.0,1544000000.0,0.0,,,,,0.0,84000000.0,1.0,164890215.0,164890215.0,,9.364,5236000000.0,0.0,-19000000.0,63000000.0,31.754,-246000000.0
75,CCK,MRQ,2002-09-30,2002-09-30,2002-09-30,2021-07-23,,,,,,,,-20000000.0,,,1646000000.0,71000000.0,,,,,,,,-185000000.0,,0.0,0.0,158000000.0,-27000000.0,-0.014,-27000000.0,158000000.0,74000000.0,1.09,1.05,1.09,,,,,,,201000000.0,1.266,1.0,246000000.0,0.13,,84000000.0,,,,,,,,,,,-62000000.0,17000000.0,1000000.0,-305000000.0,0.0,-312000000.0,-3000000.0,0.0,221000000.0,32000000.0,71000000.0,71000000.0,71000000.0,0.0,0.0,0.038,85000000.0,161000000.0,,0.0,,,,,0.0,5.25,,,,,1892000000.0,1892000000.0,0.0,,,,,0.0,81000000.0,1.0,,158765765.0,159544851.0,11.917,,,3000000.0,,,
76,CCK,MRQ,2002-06-30,2002-06-30,2002-06-30,2021-07-23,,,,,,,,-18000000.0,,,1549000000.0,64000000.0,,,,,,,,94000000.0,,0.0,0.0,176000000.0,270000000.0,0.151,270000000.0,176000000.0,90000000.0,-7.39,-7.3,-7.39,,,,,,,72000000.0,0.549,1.0,240000000.0,0.134,,86000000.0,,,,,,,,,,,-3000000.0,0.0,0.0,-55000000.0,0.0,-64000000.0,-25000000.0,0.0,90000000.0,-4000000.0,64000000.0,64000000.0,64000000.0,0.0,0.0,0.036,76000000.0,164000000.0,,0.0,,,,,0.0,6.85,,,,,1789000000.0,1789000000.0,0.0,,,,,0.0,76000000.0,1.0,,131190899.0,133941397.0,13.637,,,26000000.0,,,
77,CCK,MRQ,2002-03-31,2002-03-31,2002-03-31,2021-07-23,,,,,,,,-31000000.0,,,1396000000.0,-1068000000.0,,,,,,,,91000000.0,,0.0,0.0,-955000000.0,-864000000.0,-0.551,-864000000.0,-955000000.0,-1048000000.0,-0.43,-0.43,-0.43,,,,,,,-123000000.0,-0.978,1.0,171000000.0,0.109,,93000000.0,,,,,,,,,,,-145000000.0,181000000.0,1000000.0,-186000000.0,0.0,-191000000.0,154000000.0,0.0,-92000000.0,-16000000.0,-1068000000.0,-1068000000.0,-1068000000.0,0.0,0.0,-0.682,102000000.0,69000000.0,,0.0,,,,,0.0,8.95,,,,,1567000000.0,1567000000.0,0.0,,,,,0.0,76000000.0,1.0,,125731235.0,125731235.0,12.463,,,20000000.0,,,
78,CCK,MRQ,2001-12-31,2001-12-31,2001-12-31,2021-07-23,-1447000000.0,9620000000.0,,2422000000.0,7198000000.0,,,,456000000.0,456000000.0,,,0.966,10.965,5320000000.0,845000000.0,4475000000.0,5320000000.0,0.0,,0.0,0.0,0.0,,,,,,,,,,804000000.0,,804000000.0,,,,,,1.0,,,3625000000.0,,8353000000.0,,862000000.0,99000000.0,0.0,99000000.0,8816000000.0,2506000000.0,6310000000.0,,,,,,,,,,,,,,,,,,,,1593000000.0,,,,-0.327,2618000000.0,,2.54,,,1014000000.0,22000000.0,,,,,,,,,,1.0,,,,,5995000000.0,0.0,,68000000.0,,-84000000.0
0,CCK,MRT,2021-06-30,2021-06-30,2021-06-30,2021-07-23,0.0,16695000000.0,16298750000.0,7105000000.0,9590000000.0,0.74,16.768,-697000000.0,566000000.0,566000000.0,9932000000.0,851000000.0,1.574,6.176,8232000000.0,212000000.0,8020000000.0,8232000000.0,0.0,481000000.0,0.0,0.004,0.4,1361000000.0,1842000000.0,0.153,1842000000.0,1361000000.0,1078000000.0,5.29,5.23,5.29,2262000000.0,2186500000.0,2262000000.0,21444022395.0,16.0,11.642,1025000000.0,7.598,1.0,2131000000.0,0.177,4770000000.0,283000000.0,15077000000.0,14287000000.0,1492000000.0,0.0,0.0,0.0,13971000000.0,4514000000.0,9457000000.0,13788022395.0,237000000.0,0.0,-303000000.0,-427000000.0,-53000000.0,-858000000.0,-662000000.0,26000000.0,1722000000.0,35000000.0,704000000.0,704000000.0,704000000.0,3000000.0,147000000.0,0.058,619000000.0,1512000000.0,2236000000.0,0.076,6.096,19.585,19.321,3962000000.0,0.0,102.21,1.143,1.143,1766000000.0,,12063000000.0,12063000000.0,0.0,0.043,0.322,0.095,0.113,34000000.0,624000000.0,1.0,134898957.0,134898957.0,,89.422,11925000000.0,0.0,374000000.0,0.0,88.399,2591000000.0
1,CCK,MRT,2021-03-31,2021-03-31,2021-03-31,2021-07-23,0.0,16180000000.0,15941250000.0,4603000000.0,11577000000.0,0.712,17.616,-594000000.0,588000000.0,588000000.0,9383000000.0,819000000.0,1.226,5.626,8244000000.0,216000000.0,8028000000.0,8244000000.0,0.0,486000000.0,0.0,0.002,0.2,1257000000.0,1743000000.0,0.154,1743000000.0,1257000000.0,969000000.0,5.28,5.22,5.28,2377000000.0,2074750000.0,2377000000.0,20351201958.0,16.0,11.676,943000000.0,6.988,1.0,1961000000.0,0.173,6280000000.0,288000000.0,13800000000.0,13940000000.0,1817000000.0,0.0,0.0,0.0,13372000000.0,3756000000.0,9616000000.0,13094201958.0,-154000000.0,0.0,-19000000.0,-1089000000.0,-27000000.0,-1176000000.0,-559000000.0,27000000.0,1537000000.0,44000000.0,702000000.0,702000000.0,702000000.0,-50000000.0,117000000.0,0.062,626000000.0,1335000000.0,2500000000.0,0.038,5.509,18.653,18.379,4393000000.0,0.0,97.04,1.154,1.154,1868000000.0,,11344000000.0,11344000000.0,0.0,0.044,0.338,0.09,0.111,33000000.0,597000000.0,1.0,134936129.0,134936129.0,,84.069,9900000000.0,0.0,267000000.0,0.0,73.368,847000000.0
2,CCK,MRT,2020-12-31,2020-12-31,2020-12-31,2021-07-23,0.0,16691000000.0,15779500000.0,4903000000.0,11788000000.0,0.734,16.31,-571000000.0,1173000000.0,1173000000.0,9663000000.0,688000000.0,1.145,6.409,8369000000.0,214000000.0,8155000000.0,8369000000.0,0.0,481000000.0,0.0,0.0,0.0,1123000000.0,1604000000.0,0.139,1604000000.0,1123000000.0,823000000.0,4.34,4.3,4.34,2198000000.0,1896500000.0,2198000000.0,21346212019.0,19.0,13.308,744000000.0,5.521,1.0,1912000000.0,0.165,4901000000.0,300000000.0,14703000000.0,14091750000.0,1263000000.0,0.0,0.0,0.0,14087000000.0,4283000000.0,9804000000.0,13503212019.0,575000000.0,0.0,-64000000.0,-133000000.0,0.0,-239000000.0,-535000000.0,28000000.0,1315000000.0,34000000.0,579000000.0,579000000.0,579000000.0,0.0,109000000.0,0.05,648000000.0,1264000000.0,2142000000.0,0.0,6.143,23.322,23.088,3823000000.0,0.0,100.2,1.167,1.167,1479000000.0,4538000000.0,11575000000.0,11575000000.0,0.0,0.037,0.305,0.08,0.097,32000000.0,614000000.0,1.0,134762595.0,134762595.0,,85.892,11790000000.0,0.0,244000000.0,0.0,87.487,620000000.0
3,CCK,MRT,2020-09-30,2020-09-30,2020-09-30,2021-07-23,0.0,15629000000.0,15483000000.0,4330000000.0,11299000000.0,0.701,14.165,-493000000.0,613000000.0,613000000.0,9138000000.0,616000000.0,1.195,6.973,8456000000.0,257000000.0,8199000000.0,8456000000.0,0.0,484000000.0,0.0,0.0,0.0,972000000.0,1456000000.0,0.134,1456000000.0,972000000.0,659000000.0,3.87,3.82,3.87,1909000000.0,1775250000.0,1909000000.0,18403083017.0,19.0,12.639,778000000.0,5.773,1.0,1714000000.0,0.158,6280000000.0,313000000.0,13568000000.0,13595000000.0,1642000000.0,0.0,0.0,0.0,13311000000.0,3624000000.0,9687000000.0,10358083017.0,290000000.0,0.0,-62000000.0,-375000000.0,0.0,-515000000.0,-467000000.0,30000000.0,1271000000.0,1000000.0,515000000.0,515000000.0,515000000.0,-50000000.0,101000000.0,0.047,655000000.0,1059000000.0,2320000000.0,0.0,5.426,20.113,19.86,4098000000.0,0.0,76.86,0.954,0.954,1821000000.0,,10852000000.0,10852000000.0,0.0,0.033,0.29,0.071,0.09,29000000.0,595000000.0,1.0,134765587.0,134765587.0,,80.525,9349000000.0,0.0,144000000.0,0.0,69.372,706000000.0
4,CCK,MRT,2020-06-30,2020-06-30,2020-06-30,2021-07-23,0.0,15265000000.0,15410000000.0,3973000000.0,11292000000.0,0.699,13.477,-449000000.0,366000000.0,366000000.0,9115000000.0,575000000.0,1.153,7.187,8411000000.0,257000000.0,8154000000.0,8411000000.0,0.0,484000000.0,0.0,0.0,0.0,927000000.0,1411000000.0,0.131,1411000000.0,927000000.0,591000000.0,3.63,3.59,3.63,1815000000.0,1702750000.0,1815000000.0,17025408346.0,18.0,12.066,703000000.0,5.22,1.0,1654000000.0,0.154,6174000000.0,336000000.0,13689000000.0,13569500000.0,1747000000.0,0.0,0.0,0.0,13044000000.0,3447000000.0,9597000000.0,8771408346.0,30000000.0,-11000000.0,-61000000.0,-536000000.0,0.0,-689000000.0,-421000000.0,32000000.0,1152000000.0,-12000000.0,484000000.0,484000000.0,484000000.0,-50000000.0,91000000.0,0.045,649000000.0,1005000000.0,2183000000.0,0.0,4.833,18.123,17.942,4021000000.0,0.0,65.13,0.815,0.815,1604000000.0,,10769000000.0,10769000000.0,0.0,0.031,0.284,0.068,0.086,28000000.0,599000000.0,1.0,134675393.0,134675393.0,,79.963,9091000000.0,0.0,107000000.0,0.0,67.503,526000000.0
5,CCK,MRT,2020-03-31,2020-03-31,2020-03-31,2021-07-23,0.0,15533000000.0,15485000000.0,4250000000.0,11283000000.0,0.753,12.258,-433000000.0,765000000.0,765000000.0,9849000000.0,608000000.0,1.313,8.101,9019000000.0,231000000.0,8788000000.0,9019000000.0,0.0,490000000.0,0.0,0.0,0.0,1011000000.0,1501000000.0,0.129,1501000000.0,1011000000.0,651000000.0,3.7,3.67,3.7,1664000000.0,1572500000.0,1664000000.0,15434127916.0,15.0,10.283,789000000.0,5.812,1.0,1818000000.0,0.156,6142000000.0,360000000.0,14407000000.0,13658500000.0,1668000000.0,0.0,0.0,0.0,13480000000.0,3238000000.0,10242000000.0,7879127916.0,473000000.0,-11000000.0,-60000000.0,-156000000.0,0.0,-321000000.0,-406000000.0,31000000.0,1222000000.0,-22000000.0,495000000.0,495000000.0,495000000.0,0.0,113000000.0,0.042,638000000.0,1180000000.0,2077000000.0,0.0,4.735,15.917,15.686,3959000000.0,0.0,58.04,0.675,0.675,1554000000.0,,11667000000.0,11667000000.0,0.0,0.032,0.315,0.074,0.087,31000000.0,636000000.0,1.0,135753410.0,135753410.0,,85.943,9391000000.0,0.0,156000000.0,0.0,69.177,1012000000.0
6,CCK,MRT,2019-12-31,2019-12-31,2019-12-31,2021-07-23,-3131000000.0,15505000000.0,15441000000.0,4002000000.0,11503000000.0,0.755,12.64,-393000000.0,607000000.0,607000000.0,9839000000.0,625000000.0,1.026,7.83,8162000000.0,188000000.0,7974000000.0,8162000000.0,0.0,490000000.0,0.0,0.0,0.0,1054000000.0,1544000000.0,0.132,1544000000.0,1054000000.0,676000000.0,3.81,3.78,3.81,1713000000.0,1440000000.0,1713000000.0,17959149762.0,17.0,11.632,770000000.0,5.682,1.0,1826000000.0,0.157,6445000000.0,378000000.0,12716000000.0,13655750000.0,1626000000.0,0.0,0.0,0.0,13413000000.0,3899000000.0,9514000000.0,9831149762.0,4000000.0,-11000000.0,-3000000.0,-672000000.0,0.0,-786000000.0,-374000000.0,23000000.0,1163000000.0,1000000.0,510000000.0,510000000.0,510000000.0,0.0,115000000.0,0.044,630000000.0,1196000000.0,2646000000.0,0.0,5.739,19.277,19.039,4091000000.0,0.0,72.54,0.843,0.843,1528000000.0,3959000000.0,11665000000.0,11665000000.0,0.0,0.033,0.354,0.077,0.09,29000000.0,631000000.0,1.0,135527292.0,135527292.0,,86.071,9060000000.0,0.0,166000000.0,0.0,66.85,103000000.0
7,CCK,MRT,2019-09-30,2019-09-30,2019-09-30,2021-07-23,0.0,15337000000.0,15380250000.0,4082000000.0,11255000000.0,0.755,11.946,-373000000.0,339000000.0,339000000.0,9792000000.0,584000000.0,1.124,8.225,8467000000.0,267000000.0,8200000000.0,8467000000.0,0.0,486000000.0,0.0,0.0,0.0,1078000000.0,1564000000.0,0.135,1564000000.0,1078000000.0,686000000.0,3.55,3.55,3.55,1619000000.0,1246000000.0,1619000000.0,17594932579.0,16.0,11.25,631000000.0,4.656,1.0,1816000000.0,0.156,6367000000.0,392000000.0,13466000000.0,13669250000.0,1740000000.0,0.0,0.0,0.0,13316000000.0,3632000000.0,9684000000.0,8952932579.0,44000000.0,-11000000.0,2000000.0,-526000000.0,0.0,-614000000.0,-340000000.0,45000000.0,1004000000.0,-6000000.0,476000000.0,476000000.0,476000000.0,0.0,108000000.0,0.041,601000000.0,1215000000.0,2409000000.0,0.0,5.53,18.809,18.608,3939000000.0,0.0,66.06,0.771,0.771,1795000000.0,,11608000000.0,11608000000.0,0.0,0.031,0.382,0.079,0.093,33000000.0,626000000.0,1.0,135527287.0,135527287.0,,85.651,8970000000.0,0.0,210000000.0,0.0,66.186,450000000.0
8,CCK,MRT,2019-06-30,2019-06-30,2019-06-30,2021-07-23,0.0,15565000000.0,15379750000.0,4214000000.0,11351000000.0,0.761,9.561,-374000000.0,342000000.0,342000000.0,9873000000.0,573000000.0,1.168,10.715,8984000000.0,270000000.0,8714000000.0,8984000000.0,0.0,492000000.0,0.0,0.0,0.0,1117000000.0,1609000000.0,0.138,1609000000.0,1117000000.0,715000000.0,3.41,3.42,3.41,1294000000.0,1076500000.0,1294000000.0,17204194326.0,15.0,10.692,462000000.0,3.414,1.0,1825000000.0,0.156,6554000000.0,402000000.0,14045000000.0,13741000000.0,1837000000.0,0.0,0.0,0.0,13865000000.0,3608000000.0,10257000000.0,8269194326.0,90000000.0,-5000000.0,1000000.0,-450000000.0,0.0,-530000000.0,-188000000.0,195000000.0,836000000.0,-28000000.0,457000000.0,457000000.0,457000000.0,0.0,116000000.0,0.039,597000000.0,1228000000.0,2355000000.0,0.0,6.39,18.095,17.918,3970000000.0,0.0,61.1,0.707,0.707,1830000000.0,,11698000000.0,11698000000.0,0.0,0.03,0.425,0.081,0.095,32000000.0,623000000.0,1.0,135338696.0,135338696.0,,86.435,9011000000.0,0.0,258000000.0,0.0,66.581,606000000.0
9,CCK,MRT,2019-03-31,2019-03-31,2019-03-31,2021-07-23,0.0,15357000000.0,15328500000.0,4024000000.0,11333000000.0,0.764,8.379,-404000000.0,301000000.0,301000000.0,9912000000.0,546000000.0,1.204,12.218,9236000000.0,255000000.0,8981000000.0,9236000000.0,0.0,482000000.0,0.0,0.0,0.0,1085000000.0,1567000000.0,0.134,1567000000.0,1085000000.0,677000000.0,3.38,3.39,3.38,1134000000.0,949000000.0,1134000000.0,15470399298.0,14.0,9.873,252000000.0,1.862,1.0,1797000000.0,0.153,6554000000.0,408000000.0,14396000000.0,13765500000.0,1851000000.0,0.0,0.0,0.0,13855000000.0,3342000000.0,10513000000.0,7385399298.0,-1863000000.0,-3912000000.0,-1000000.0,1600000000.0,0.0,1495000000.0,-3965000000.0,355000000.0,656000000.0,-49000000.0,452000000.0,452000000.0,452000000.0,0.0,94000000.0,0.039,660000000.0,1137000000.0,2223000000.0,0.0,6.513,16.339,16.145,3947000000.0,0.0,54.57,0.631,0.631,1686000000.0,,11709000000.0,11709000000.0,0.0,0.029,0.476,0.079,0.093,29000000.0,625000000.0,1.0,135338085.0,135338085.0,,86.517,8803000000.0,0.0,225000000.0,0.0,65.045,682000000.0
10,CCK,MRT,2018-12-31,2018-12-31,2018-12-31,2021-07-23,-3374000000.0,15262000000.0,14759000000.0,4079000000.0,11183000000.0,0.756,6.931,-426000000.0,607000000.0,607000000.0,9453000000.0,528000000.0,1.042,14.916,8663000000.0,170000000.0,8493000000.0,8663000000.0,0.0,425000000.0,0.0,0.0,0.0,1039000000.0,1464000000.0,0.131,1464000000.0,1039000000.0,655000000.0,3.28,3.28,3.28,937000000.0,856750000.0,937000000.0,14391855242.0,14.0,9.831,145000000.0,1.073,1.0,1698000000.0,0.152,6635000000.0,384000000.0,12770000000.0,13233250000.0,1690000000.0,0.0,0.0,0.0,13976000000.0,3913000000.0,10063000000.0,5619855242.0,224000000.0,-3937000000.0,-3000000.0,3610000000.0,0.0,3533000000.0,-3843000000.0,524000000.0,571000000.0,-37000000.0,439000000.0,439000000.0,439000000.0,0.0,89000000.0,0.039,602000000.0,1096000000.0,2732000000.0,0.0,5.998,12.801,12.674,3745000000.0,0.0,41.57,0.504,0.504,1602000000.0,3449000000.0,11151000000.0,11151000000.0,0.0,0.03,0.512,0.079,0.093,27000000.0,558000000.0,1.0,135190167.0,135190167.0,,82.484,8627000000.0,0.0,216000000.0,0.0,63.814,166000000.0
11,CCK,MRT,2018-09-30,2018-09-30,2018-09-30,2021-07-23,0.0,15335000000.0,13609250000.0,4098000000.0,11237000000.0,0.778,6.961,-494000000.0,298000000.0,298000000.0,8944000000.0,392000000.0,1.138,14.904,9070000000.0,142000000.0,8928000000.0,9070000000.0,0.0,369000000.0,0.0,0.0,0.0,1063000000.0,1432000000.0,0.135,1432000000.0,1063000000.0,716000000.0,2.25,2.25,2.25,941000000.0,772750000.0,941000000.0,15541944560.0,15.0,10.853,-707000000.0,-5.23,1.0,1641000000.0,0.155,6753000000.0,347000000.0,13753000000.0,12244250000.0,1639000000.0,0.0,0.0,0.0,14025000000.0,3601000000.0,10424000000.0,6488944560.0,-32000000.0,-3937000000.0,-2000000.0,3964000000.0,0.0,3902000000.0,-3687000000.0,752000000.0,-213000000.0,-34000000.0,297000000.0,297000000.0,297000000.0,0.0,95000000.0,0.028,551000000.0,1090000000.0,2507000000.0,0.0,6.896,21.848,21.333,3722000000.0,0.0,48.0,0.613,0.613,1968000000.0,,10585000000.0,10585000000.0,0.0,0.022,0.384,0.087,0.1,24000000.0,499000000.0,1.0,135186345.0,135186345.0,,78.299,8582000000.0,0.0,419000000.0,0.0,63.483,497000000.0
12,CCK,MRT,2018-06-30,2018-06-30,2018-06-30,2021-07-23,0.0,15360000000.0,12399500000.0,4155000000.0,11205000000.0,0.797,5.837,-490000000.0,298000000.0,298000000.0,8322000000.0,407000000.0,1.177,18.142,9351000000.0,115000000.0,9236000000.0,9351000000.0,0.0,305000000.0,0.0,0.0,0.0,1012000000.0,1317000000.0,0.133,1317000000.0,1012000000.0,706000000.0,2.34,2.34,2.34,784000000.0,737000000.0,784000000.0,11681610190.0,12.0,8.87,-758000000.0,-5.644,1.0,1557000000.0,0.158,6741000000.0,306000000.0,14143000000.0,10994750000.0,1737000000.0,0.0,0.0,0.0,14223000000.0,3529000000.0,10694000000.0,6011610190.0,-6000000.0,-3932000000.0,-64000000.0,3988000000.0,0.0,3873000000.0,-3608000000.0,838000000.0,-268000000.0,-3000000.0,310000000.0,310000000.0,310000000.0,0.0,97000000.0,0.031,504000000.0,1053000000.0,2452000000.0,0.0,7.668,19.392,19.128,3688000000.0,0.0,44.76,0.609,0.609,1790000000.0,,9879000000.0,9879000000.0,0.0,0.025,0.421,0.092,0.102,24000000.0,435000000.0,1.0,134307645.0,134307645.0,,73.555,8619000000.0,0.0,396000000.0,0.0,64.174,626000000.0
13,CCK,MRT,2018-03-31,2018-03-31,2018-03-31,2021-07-23,0.0,13079000000.0,11126000000.0,5261000000.0,7818000000.0,0.808,5.696,-478000000.0,2201000000.0,2201000000.0,7536000000.0,408000000.0,1.839,15.643,7871000000.0,93000000.0,7778000000.0,7871000000.0,0.0,253000000.0,0.0,0.0,0.0,964000000.0,1217000000.0,0.135,1217000000.0,964000000.0,700000000.0,2.3,2.29,2.3,765000000.0,696500000.0,765000000.0,11735194945.0,12.0,9.643,-903000000.0,-6.723,1.0,1458000000.0,0.162,3621000000.0,264000000.0,12267000000.0,9713500000.0,1431000000.0,0.0,0.0,0.0,11967000000.0,2861000000.0,9106000000.0,6816194945.0,1856000000.0,-25000000.0,-205000000.0,2099000000.0,0.0,1856000000.0,401000000.0,928000000.0,-425000000.0,24000000.0,306000000.0,306000000.0,306000000.0,0.0,102000000.0,0.034,438000000.0,1020000000.0,2009000000.0,0.0,8.91,22.275,22.065,3322000000.0,0.0,50.75,0.758,0.758,1386000000.0,,8994000000.0,8994000000.0,0.0,0.028,0.439,0.099,0.107,25000000.0,367000000.0,1.0,134309260.0,134309260.0,,66.965,9458000000.0,0.0,394000000.0,0.0,70.42,2400000000.0
14,CCK,MRT,2017-12-31,2017-12-31,2017-12-31,2021-07-23,-3241000000.0,10663000000.0,10323750000.0,3074000000.0,7589000000.0,0.843,4.476,-490000000.0,424000000.0,424000000.0,7253000000.0,428000000.0,0.946,16.206,5343000000.0,126000000.0,5217000000.0,5343000000.0,0.0,247000000.0,0.0,0.0,0.0,976000000.0,1223000000.0,0.141,1223000000.0,976000000.0,724000000.0,2.39,2.38,2.39,601000000.0,641000000.0,601000000.0,12410848938.0,13.0,10.148,-741000000.0,-5.519,1.0,1445000000.0,0.166,3518000000.0,252000000.0,8814000000.0,8891500000.0,1385000000.0,0.0,0.0,0.0,9740000000.0,3250000000.0,6490000000.0,7552848938.0,-141000000.0,0.0,-330000000.0,-4000000.0,0.0,-400000000.0,496000000.0,1010000000.0,-251000000.0,14000000.0,323000000.0,323000000.0,323000000.0,0.0,105000000.0,0.037,421000000.0,1024000000.0,2367000000.0,0.0,12.567,23.383,23.536,3239000000.0,0.0,56.25,0.868,0.868,1041000000.0,3004000000.0,8698000000.0,8698000000.0,0.0,0.031,0.504,0.11,0.112,23000000.0,367000000.0,1.0,134272870.0,134272870.0,,64.779,7145000000.0,0.0,401000000.0,0.0,53.213,-176000000.0
15,CCK,MRT,2017-09-30,2017-09-30,2017-09-30,2021-07-23,0.0,10496000000.0,10057750000.0,3153000000.0,7343000000.0,0.84,5.911,-499000000.0,374000000.0,374000000.0,7050000000.0,582000000.0,1.038,11.759,5232000000.0,118000000.0,5114000000.0,5232000000.0,0.0,242000000.0,0.0,0.0,0.0,939000000.0,1181000000.0,0.14,1181000000.0,939000000.0,690000000.0,3.51,3.5,3.51,798000000.0,582250000.0,798000000.0,13120597377.0,14.0,11.11,-1279000000.0,-9.474,1.0,1403000000.0,0.166,3562000000.0,249000000.0,8755000000.0,8636000000.0,1430000000.0,0.0,0.0,0.0,9384000000.0,3037000000.0,6347000000.0,8062597377.0,-168000000.0,0.0,-329000000.0,-306000000.0,0.0,-710000000.0,1325000000.0,1844000000.0,-780000000.0,-3000000.0,477000000.0,477000000.0,477000000.0,0.0,105000000.0,0.056,423000000.0,980000000.0,2919000000.0,0.0,10.104,16.903,17.014,3066000000.0,0.0,59.72,0.954,0.954,1098000000.0,,8453000000.0,8453000000.0,0.0,0.047,0.819,0.109,0.111,21000000.0,361000000.0,1.0,135006654.0,135006654.0,,62.612,6934000000.0,0.0,213000000.0,0.0,51.36,116000000.0
16,CCK,MRT,2017-06-30,2017-06-30,2017-06-30,2021-07-23,0.0,10266000000.0,9924500000.0,3020000000.0,7246000000.0,0.837,4.571,-520000000.0,301000000.0,301000000.0,6916000000.0,580000000.0,1.081,15.002,5359000000.0,97000000.0,5262000000.0,5359000000.0,0.0,242000000.0,0.0,0.0,0.0,909000000.0,1151000000.0,0.138,1151000000.0,909000000.0,665000000.0,3.51,3.49,3.51,622000000.0,500000000.0,622000000.0,13080947139.0,14.0,11.365,-1192000000.0,-8.759,1.0,1395000000.0,0.168,3512000000.0,244000000.0,9018000000.0,8561500000.0,1490000000.0,0.0,0.0,0.0,9331000000.0,2794000000.0,6537000000.0,8118947139.0,-85000000.0,0.0,-264000000.0,-137000000.0,0.0,-468000000.0,1070000000.0,1593000000.0,-672000000.0,-15000000.0,483000000.0,483000000.0,483000000.0,0.0,97000000.0,0.058,428000000.0,967000000.0,2697000000.0,0.0,13.053,16.809,16.997,3020000000.0,0.0,59.66,0.977,0.977,1005000000.0,,8311000000.0,8311000000.0,0.0,0.049,0.966,0.106,0.109,20000000.0,362000000.0,1.0,136086945.0,136086945.0,,61.071,6754000000.0,0.0,182000000.0,0.0,49.63,226000000.0
17,CCK,MRT,2017-03-31,2017-03-31,2017-03-31,2021-07-23,0.0,9870000000.0,9802000000.0,2888000000.0,6982000000.0,0.846,3.891,-520000000.0,338000000.0,338000000.0,6879000000.0,617000000.0,1.157,16.595,5300000000.0,94000000.0,5206000000.0,5300000000.0,0.0,246000000.0,0.0,0.0,0.0,959000000.0,1205000000.0,0.145,1205000000.0,959000000.0,718000000.0,3.78,3.76,3.78,543000000.0,424000000.0,543000000.0,11740703998.0,12.0,9.743,-823000000.0,-5.898,1.0,1413000000.0,0.17,3357000000.0,241000000.0,8979000000.0,8404750000.0,1417000000.0,0.0,0.0,0.0,9011000000.0,2496000000.0,6515000000.0,7388703998.0,70000000.0,0.0,-121000000.0,-238000000.0,0.0,-435000000.0,834000000.0,1343000000.0,-303000000.0,-26000000.0,524000000.0,524000000.0,524000000.0,0.0,93000000.0,0.063,410000000.0,1003000000.0,2402000000.0,0.0,13.607,14.101,14.008,2898000000.0,0.0,52.95,0.891,0.891,899000000.0,,8292000000.0,8292000000.0,0.0,0.053,1.236,0.114,0.116,18000000.0,365000000.0,1.0,139541152.0,139541152.0,,59.423,6513000000.0,0.0,194000000.0,0.0,46.674,392000000.0
18,CCK,MRT,2016-12-31,2016-12-31,2016-12-31,2021-07-23,-3400000000.0,9599000000.0,9819500000.0,2841000000.0,6758000000.0,0.844,2.618,-463000000.0,559000000.0,559000000.0,6870000000.0,583000000.0,0.981,24.402,4911000000.0,194000000.0,4717000000.0,4911000000.0,0.0,247000000.0,0.0,0.0,0.0,925000000.0,1172000000.0,0.141,1172000000.0,925000000.0,682000000.0,3.58,3.56,3.58,366000000.0,350500000.0,366000000.0,12090139698.0,13.0,10.316,-597000000.0,-4.27,1.0,1414000000.0,0.171,3263000000.0,243000000.0,7792000000.0,8394250000.0,1245000000.0,0.0,0.0,0.0,8931000000.0,2896000000.0,6035000000.0,7349139698.0,-169000000.0,0.0,2000000.0,-606000000.0,0.0,-638000000.0,633000000.0,1086000000.0,-134000000.0,-30000000.0,496000000.0,496000000.0,496000000.0,0.0,87000000.0,0.06,417000000.0,997000000.0,2702000000.0,0.0,20.08,14.817,14.684,2820000000.0,0.0,52.57,0.887,0.887,865000000.0,2621000000.0,8284000000.0,8284000000.0,0.0,0.051,1.415,0.11,0.112,20000000.0,366000000.0,1.0,139797217.0,139797217.0,,59.257,6336000000.0,0.0,186000000.0,0.0,45.323,-55000000.0
19,CCK,MRT,2016-09-30,2016-09-30,2016-09-30,2021-07-23,0.0,9963000000.0,9932250000.0,3090000000.0,6873000000.0,0.845,3.358,-409000000.0,526000000.0,526000000.0,6930000000.0,576000000.0,1.105,19.582,5267000000.0,170000000.0,5097000000.0,5267000000.0,0.0,251000000.0,0.0,0.0,0.0,941000000.0,1192000000.0,0.142,1192000000.0,941000000.0,692000000.0,3.59,3.56,3.59,469000000.0,282500000.0,469000000.0,12888111746.0,14.0,10.812,608000000.0,4.353,1.0,1458000000.0,0.174,3450000000.0,249000000.0,8457000000.0,8537000000.0,1300000000.0,0.0,0.0,0.0,9184000000.0,2797000000.0,6387000000.0,7974111746.0,60000000.0,0.0,1000000.0,-500000000.0,0.0,-533000000.0,-402000000.0,0.0,1017000000.0,-22000000.0,497000000.0,497000000.0,497000000.0,0.0,79000000.0,0.059,428000000.0,1030000000.0,2627000000.0,0.0,17.002,16.044,15.903,2746000000.0,0.0,57.09,0.951,0.951,1047000000.0,,8388000000.0,8388000000.0,0.0,0.05,1.759,0.11,0.112,20000000.0,374000000.0,1.0,139676156.0,139676156.0,,60.053,6513000000.0,0.0,195000000.0,0.0,46.629,293000000.0
20,CCK,MRT,2016-06-30,2016-06-30,2016-06-30,2021-07-23,0.0,9776000000.0,9998750000.0,2958000000.0,6818000000.0,0.852,2.28,-374000000.0,370000000.0,370000000.0,7074000000.0,530000000.0,1.046,28.783,5284000000.0,273000000.0,5011000000.0,5284000000.0,0.0,249000000.0,0.0,0.0,0.0,908000000.0,1157000000.0,0.136,1157000000.0,908000000.0,650000000.0,3.29,3.26,3.29,318000000.0,200250000.0,318000000.0,12409314284.0,14.0,10.725,660000000.0,4.732,1.0,1448000000.0,0.17,3472000000.0,258000000.0,8391000000.0,8717750000.0,1419000000.0,0.0,0.0,0.0,9153000000.0,2827000000.0,6326000000.0,7067314284.0,82000000.0,3000000.0,-2000000.0,-523000000.0,0.0,-554000000.0,-371000000.0,-11000000.0,1034000000.0,-27000000.0,455000000.0,455000000.0,455000000.0,0.0,75000000.0,0.053,452000000.0,996000000.0,2554000000.0,0.0,22.224,15.533,15.401,2700000000.0,0.0,50.67,0.829,0.829,929000000.0,,8522000000.0,8522000000.0,0.0,0.046,2.272,0.104,0.107,20000000.0,378000000.0,1.0,139477290.0,139477290.0,,61.1,6304000000.0,0.0,195000000.0,0.0,45.197,131000000.0
21,CCK,MRT,2016-03-31,2016-03-31,2016-03-31,2021-07-23,0.0,9940000000.0,10144500000.0,2904000000.0,7036000000.0,0.853,1.784,-342000000.0,257000000.0,257000000.0,7223000000.0,498000000.0,1.068,37.699,5599000000.0,306000000.0,5293000000.0,5599000000.0,0.0,246000000.0,0.0,0.0,0.0,876000000.0,1122000000.0,0.13,1122000000.0,876000000.0,607000000.0,3.1,3.07,3.1,249000000.0,152250000.0,249000000.0,11724274727.0,13.0,10.449,493000000.0,3.531,1.0,1435000000.0,0.166,3627000000.0,269000000.0,8937000000.0,8978250000.0,1413000000.0,0.0,0.0,0.0,9387000000.0,2718000000.0,6669000000.0,6923274727.0,-23000000.0,11000000.0,-5000000.0,-450000000.0,0.0,-484000000.0,-350000000.0,-11000000.0,835000000.0,-24000000.0,428000000.0,428000000.0,428000000.0,0.0,70000000.0,0.049,457000000.0,978000000.0,2412000000.0,0.0,27.804,16.176,15.997,2727000000.0,0.0,49.59,0.8,0.8,980000000.0,,8658000000.0,8658000000.0,0.0,0.042,2.811,0.098,0.101,22000000.0,383000000.0,1.0,139610299.0,139610299.0,,62.015,6313000000.0,0.0,179000000.0,0.0,45.219,186000000.0
22,CCK,MRT,2015-12-31,2015-12-31,2015-12-31,2021-07-23,-3154000000.0,10050000000.0,10195500000.0,3049000000.0,7001000000.0,0.859,0.674,-347000000.0,717000000.0,717000000.0,7353000000.0,461000000.0,1.048,102.819,5518000000.0,263000000.0,5255000000.0,5518000000.0,0.0,237000000.0,0.0,0.0,0.0,841000000.0,1078000000.0,0.123,1078000000.0,841000000.0,571000000.0,2.85,2.82,2.85,94000000.0,83250000.0,94000000.0,12413176638.0,15.0,11.515,609000000.0,4.368,1.0,1409000000.0,0.161,3580000000.0,270000000.0,8363000000.0,9117750000.0,1213000000.0,0.0,0.0,0.0,9665000000.0,2908000000.0,6757000000.0,7068176638.0,-248000000.0,-1174000000.0,-3000000.0,510000000.0,0.0,406000000.0,-1548000000.0,-11000000.0,956000000.0,-62000000.0,393000000.0,393000000.0,393000000.0,0.0,68000000.0,0.045,482000000.0,927000000.0,2645000000.0,0.0,75.193,17.985,17.789,2699000000.0,0.0,50.7,0.807,0.807,912000000.0,2125000000.0,8762000000.0,8762000000.0,0.0,0.039,4.721,0.092,0.096,27000000.0,390000000.0,1.0,139411768.0,139411768.0,,62.85,6470000000.0,0.0,178000000.0,0.0,46.409,141000000.0
23,CCK,MRT,2015-09-30,2015-09-30,2015-09-30,2021-07-23,0.0,10229000000.0,10093750000.0,3262000000.0,6967000000.0,0.878,1.004,-285000000.0,466000000.0,466000000.0,7501000000.0,414000000.0,1.195,69.971,5811000000.0,203000000.0,5608000000.0,5811000000.0,0.0,229000000.0,0.0,0.0,0.0,745000000.0,974000000.0,0.11,974000000.0,745000000.0,478000000.0,2.48,2.47,2.48,140000000.0,89500000.0,140000000.0,11974632487.0,16.0,12.294,933000000.0,6.693,1.0,1361000000.0,0.154,3664000000.0,267000000.0,9180000000.0,9032500000.0,1302000000.0,0.0,0.0,0.0,9796000000.0,2730000000.0,7066000000.0,6377632487.0,86000000.0,-1174000000.0,-1000000.0,552000000.0,0.0,450000000.0,-1483000000.0,-11000000.0,1218000000.0,-99000000.0,343000000.0,343000000.0,343000000.0,0.0,71000000.0,0.039,522000000.0,839000000.0,2527000000.0,0.0,45.555,18.594,18.448,2614000000.0,0.0,45.75,0.72,0.72,1183000000.0,,8862000000.0,8862000000.0,0.0,0.034,3.832,0.082,0.084,26000000.0,387000000.0,1.0,139401803.0,139401803.0,,63.572,6565000000.0,0.0,135000000.0,0.0,47.094,532000000.0
24,CCK,MRT,2015-06-30,2015-06-30,2015-06-30,2021-07-23,0.0,10359000000.0,9990750000.0,3184000000.0,7175000000.0,0.9,0.905,-274000000.0,288000000.0,288000000.0,7628000000.0,520000000.0,1.165,79.008,5885000000.0,208000000.0,5677000000.0,5885000000.0,0.0,221000000.0,0.0,0.0,0.0,755000000.0,976000000.0,0.108,976000000.0,755000000.0,492000000.0,3.24,3.22,3.24,126000000.0,122000000.0,126000000.0,13076735808.0,17.0,13.398,740000000.0,5.315,1.0,1368000000.0,0.152,3790000000.0,263000000.0,9433000000.0,9000250000.0,1454000000.0,0.0,0.0,0.0,9955000000.0,2733000000.0,7222000000.0,7366735808.0,44000000.0,-1177000000.0,0.0,729000000.0,0.0,596000000.0,-1469000000.0,0.0,1014000000.0,-97000000.0,446000000.0,446000000.0,446000000.0,0.0,74000000.0,0.05,491000000.0,877000000.0,2525000000.0,0.0,58.466,16.517,16.33,2672000000.0,0.0,52.91,0.819,0.819,1098000000.0,,8996000000.0,8996000000.0,0.0,0.045,3.656,0.084,0.084,25000000.0,388000000.0,1.0,139231446.0,139231446.0,,64.612,6569000000.0,0.0,46000000.0,0.0,47.18,451000000.0
25,CCK,MRT,2015-03-31,2015-03-31,2015-03-31,2021-07-23,0.0,10144000000.0,9874750000.0,3077000000.0,7067000000.0,0.922,-0.194,-280000000.0,280000000.0,280000000.0,7730000000.0,494000000.0,1.178,-366.519,5990000000.0,244000000.0,5746000000.0,5990000000.0,0.0,206000000.0,0.0,0.0,0.0,717000000.0,923000000.0,0.101,923000000.0,717000000.0,457000000.0,2.98,2.96,2.98,-27000000.0,126500000.0,-27000000.0,11810350633.0,16.0,12.796,840000000.0,6.037,1.0,1371000000.0,0.151,3746000000.0,260000000.0,9495000000.0,8897500000.0,1446000000.0,0.0,0.0,0.0,9896000000.0,2613000000.0,7283000000.0,7516350633.0,13000000.0,-1896000000.0,9000000.0,1306000000.0,0.0,1184000000.0,-2194000000.0,0.0,1120000000.0,-97000000.0,410000000.0,410000000.0,410000000.0,0.0,84000000.0,0.045,529000000.0,842000000.0,2369000000.0,0.0,-278.383,18.333,18.128,2619000000.0,0.0,54.02,0.826,0.826,1039000000.0,,9101000000.0,9101000000.0,0.0,0.042,3.241,0.081,0.079,24000000.0,392000000.0,1.0,139140145.0,139140145.0,,65.409,6398000000.0,0.0,47000000.0,0.0,45.982,464000000.0
26,CCK,MRT,2014-12-31,2014-12-31,2014-12-31,2021-07-23,-2765000000.0,9643000000.0,9310000000.0,3619000000.0,6024000000.0,0.977,0.857,-312000000.0,965000000.0,965000000.0,7715000000.0,478000000.0,1.238,77.782,5194000000.0,250000000.0,4944000000.0,5194000000.0,0.0,190000000.0,0.0,0.0,0.0,686000000.0,876000000.0,0.096,876000000.0,686000000.0,433000000.0,2.84,2.82,2.84,119000000.0,134000000.0,119000000.0,12137972570.0,18.0,13.856,600000000.0,4.319,1.0,1382000000.0,0.152,2926000000.0,253000000.0,8022000000.0,8310000000.0,1324000000.0,0.0,0.0,0.0,9256000000.0,2924000000.0,6332000000.0,7070972570.0,276000000.0,-711000000.0,12000000.0,630000000.0,0.0,445000000.0,-1021000000.0,0.0,912000000.0,-60000000.0,390000000.0,390000000.0,390000000.0,0.0,88000000.0,0.043,567000000.0,815000000.0,2651000000.0,0.0,59.42,18.131,17.923,2437000000.0,0.0,50.9,0.777,0.777,1031000000.0,1782000000.0,9097000000.0,9097000000.0,0.0,0.042,2.91,0.083,0.075,22000000.0,398000000.0,1.0,138918911.0,138918911.0,,65.484,6717000000.0,0.0,43000000.0,0.0,48.352,695000000.0
27,CCK,MRT,2014-09-30,2014-09-30,2014-09-30,2021-07-23,0.0,9817000000.0,8906750000.0,3608000000.0,6209000000.0,1.015,1.944,-274000000.0,380000000.0,380000000.0,7672000000.0,518000000.0,1.304,34.33,5447000000.0,247000000.0,5200000000.0,5447000000.0,0.0,171000000.0,0.0,0.0,0.0,712000000.0,883000000.0,0.098,883000000.0,712000000.0,467000000.0,3.09,3.05,3.09,270000000.0,105250000.0,270000000.0,11431485953.0,16.0,12.946,744000000.0,5.357,1.0,1369000000.0,0.151,3067000000.0,245000000.0,9051000000.0,7860250000.0,1473000000.0,0.0,0.0,0.0,9269000000.0,2766000000.0,6503000000.0,6183485953.0,144000000.0,-717000000.0,14000000.0,262000000.0,0.0,113000000.0,-980000000.0,0.0,1018000000.0,-7000000.0,423000000.0,423000000.0,423000000.0,0.0,95000000.0,0.047,526000000.0,843000000.0,2519000000.0,0.0,22.902,14.618,14.408,2447000000.0,0.0,44.52,0.684,0.684,1385000000.0,,9041000000.0,9041000000.0,0.0,0.047,4.019,0.091,0.079,22000000.0,408000000.0,1.0,138892317.0,138892317.0,,65.094,6750000000.0,0.0,44000000.0,0.0,48.599,842000000.0
28,CCK,MRT,2014-06-30,2014-06-30,2014-06-30,2021-07-23,0.0,9895000000.0,8460500000.0,3487000000.0,6408000000.0,1.044,1.039,-276000000.0,244000000.0,244000000.0,7495000000.0,379000000.0,1.224,65.854,5492000000.0,262000000.0,5230000000.0,5492000000.0,0.0,152000000.0,0.0,0.0,0.0,671000000.0,823000000.0,0.093,823000000.0,671000000.0,432000000.0,2.04,2.02,2.04,144000000.0,11250000.0,144000000.0,10733826912.0,16.0,13.042,743000000.0,5.361,1.0,1341000000.0,0.152,3272000000.0,239000000.0,9022000000.0,7429750000.0,1615000000.0,0.0,0.0,0.0,9483000000.0,2849000000.0,6634000000.0,6896826912.0,17000000.0,-717000000.0,-90000000.0,232000000.0,0.0,-27000000.0,-984000000.0,0.0,1019000000.0,9000000.0,280000000.0,280000000.0,280000000.0,0.0,99000000.0,0.032,567000000.0,774000000.0,2587000000.0,0.0,47.895,24.632,24.392,2496000000.0,0.0,49.76,0.781,0.781,1264000000.0,,8836000000.0,8836000000.0,0.0,0.033,24.889,0.09,0.076,23000000.0,426000000.0,1.0,138601827.0,138601827.0,,63.751,6623000000.0,0.0,152000000.0,0.0,47.784,638000000.0
29,CCK,MRT,2014-03-31,2014-03-31,2014-03-31,2021-07-23,0.0,7885000000.0,7954000000.0,3079000000.0,4806000000.0,1.091,0.022,-267000000.0,267000000.0,267000000.0,7336000000.0,407000000.0,1.202,2542.333,4104000000.0,339000000.0,3765000000.0,4104000000.0,0.0,135000000.0,0.0,0.0,0.0,698000000.0,833000000.0,0.096,833000000.0,698000000.0,464000000.0,2.21,2.19,2.21,3000000.0,-65000000.0,3000000.0,9344332015.0,13.0,11.218,555000000.0,4.011,1.0,1340000000.0,0.154,2016000000.0,234000000.0,7145000000.0,6972500000.0,1334000000.0,0.0,0.0,0.0,7627000000.0,2561000000.0,5066000000.0,6191332015.0,-37000000.0,-6000000.0,-279000000.0,-139000000.0,0.0,-598000000.0,-267000000.0,0.0,822000000.0,6000000.0,307000000.0,307000000.0,307000000.0,0.0,100000000.0,0.035,539000000.0,801000000.0,2165000000.0,0.0,2063.777,20.167,20.244,2160000000.0,0.0,44.74,0.714,0.714,1199000000.0,,8676000000.0,8676000000.0,0.0,0.039,-4.723,0.1,0.08,20000000.0,425000000.0,1.0,138384712.0,138384712.0,,62.695,5869000000.0,0.0,157000000.0,0.0,42.411,518000000.0
30,CCK,MRT,2013-12-31,2013-12-31,2013-12-31,2021-07-23,-2513000000.0,8030000000.0,7908000000.0,3180000000.0,4850000000.0,1.095,0.029,-246000000.0,689000000.0,689000000.0,7314000000.0,428000000.0,1.089,1935.25,3842000000.0,373000000.0,3469000000.0,3842000000.0,0.0,134000000.0,0.0,0.0,0.0,708000000.0,842000000.0,0.097,842000000.0,708000000.0,472000000.0,2.32,2.3,2.32,4000000.0,-97750000.0,4000000.0,10170302912.0,14.0,12.079,639000000.0,4.628,1.0,1342000000.0,0.155,2040000000.0,236000000.0,6223000000.0,6995750000.0,1213000000.0,0.0,0.0,0.0,7741000000.0,2920000000.0,4821000000.0,6153302912.0,339000000.0,-6000000.0,-279000000.0,47000000.0,0.0,-306000000.0,-246000000.0,0.0,885000000.0,6000000.0,324000000.0,324000000.0,324000000.0,0.0,104000000.0,0.037,491000000.0,851000000.0,2547000000.0,0.0,1538.326,18.992,19.211,2152000000.0,0.0,44.57,0.711,0.711,1064000000.0,1395000000.0,8656000000.0,8656000000.0,0.0,0.041,-3.315,0.101,0.082,21000000.0,425000000.0,1.0,138059298.0,138059298.0,,62.698,5990000000.0,0.0,148000000.0,0.0,43.387,260000000.0
31,CCK,MRT,2013-09-30,2013-09-30,2013-09-30,2021-07-23,0.0,8032000000.0,7775500000.0,3244000000.0,4788000000.0,1.109,-0.753,-285000000.0,236000000.0,236000000.0,7273000000.0,422000000.0,1.197,-74.123,4253000000.0,535000000.0,3718000000.0,4253000000.0,0.0,145000000.0,0.0,0.0,0.0,698000000.0,843000000.0,0.098,843000000.0,698000000.0,463000000.0,2.2,2.18,2.2,-106000000.0,-138750000.0,-106000000.0,9853123449.0,14.0,11.688,329000000.0,2.336,1.0,1349000000.0,0.156,2010000000.0,235000000.0,7329000000.0,7013750000.0,1331000000.0,0.0,0.0,0.0,7857000000.0,2710000000.0,5147000000.0,5954123449.0,-4000000.0,-78000000.0,-326000000.0,132000000.0,0.0,-285000000.0,-335000000.0,0.0,614000000.0,2000000.0,306000000.0,306000000.0,306000000.0,0.0,116000000.0,0.035,501000000.0,848000000.0,2175000000.0,0.0,-56.171,19.458,19.218,2087000000.0,0.0,42.28,0.691,0.691,1459000000.0,,8622000000.0,8622000000.0,0.0,0.039,-2.205,0.1,0.081,20000000.0,413000000.0,1.0,140826004.0,140826004.0,,61.224,6022000000.0,0.0,157000000.0,0.0,42.762,534000000.0
32,CCK,MRT,2013-06-30,2013-06-30,2013-06-30,2021-07-23,0.0,7869000000.0,7670000000.0,3172000000.0,4697000000.0,1.113,-1.119,-303000000.0,227000000.0,227000000.0,7211000000.0,639000000.0,1.206,-48.099,4126000000.0,454000000.0,3672000000.0,4126000000.0,0.0,157000000.0,0.0,0.0,0.0,743000000.0,900000000.0,0.105,900000000.0,743000000.0,509000000.0,3.7,3.65,3.7,-161000000.0,-118500000.0,-161000000.0,9716091160.0,13.0,10.796,283000000.0,1.967,1.0,1324000000.0,0.155,1944000000.0,234000000.0,7193000000.0,6935250000.0,1424000000.0,0.0,0.0,0.0,7744000000.0,2631000000.0,5113000000.0,5916091160.0,-3000000.0,-78000000.0,-420000000.0,252000000.0,0.0,-243000000.0,-350000000.0,0.0,586000000.0,4000000.0,530000000.0,530000000.0,530000000.0,0.0,109000000.0,0.062,442000000.0,882000000.0,2177000000.0,0.0,-36.746,11.162,11.116,2018000000.0,0.0,41.13,0.693,0.693,1302000000.0,,8535000000.0,8535000000.0,0.0,0.069,-4.473,0.107,0.087,18000000.0,392000000.0,1.0,143838832.0,143838832.0,,59.337,5925000000.0,0.0,-21000000.0,0.0,41.192,541000000.0
33,CCK,MRT,2013-03-31,2013-03-31,2013-03-31,2021-07-23,0.0,7701000000.0,7508750000.0,3024000000.0,4677000000.0,1.131,-0.894,-322000000.0,304000000.0,304000000.0,7207000000.0,641000000.0,1.3,-58.883,4104000000.0,396000000.0,3708000000.0,4104000000.0,0.0,172000000.0,0.0,0.0,0.0,734000000.0,906000000.0,0.107,906000000.0,734000000.0,506000000.0,3.67,3.61,3.67,-128000000.0,-135000000.0,-128000000.0,9273582292.0,13.0,10.236,256000000.0,1.788,1.0,1289000000.0,0.152,1937000000.0,228000000.0,7238000000.0,6778000000.0,1352000000.0,0.0,0.0,0.0,7537000000.0,2326000000.0,5211000000.0,5958582292.0,54000000.0,-78000000.0,-235000000.0,166000000.0,0.0,-153000000.0,-366000000.0,0.0,578000000.0,-5000000.0,531000000.0,531000000.0,531000000.0,0.0,110000000.0,0.062,419000000.0,870000000.0,1930000000.0,0.0,-46.551,11.221,11.338,1988000000.0,0.0,41.61,0.701,0.701,1175000000.0,,8496000000.0,8496000000.0,0.0,0.071,-3.933,0.108,0.086,18000000.0,380000000.0,1.0,143200728.0,143200728.0,,59.329,5764000000.0,0.0,-25000000.0,0.0,40.251,698000000.0
34,CCK,MRT,2012-12-31,2012-12-31,2012-12-31,2021-07-23,-2614000000.0,7500000000.0,7378000000.0,2750000000.0,4750000000.0,1.148,-1.11,-321000000.0,350000000.0,350000000.0,7193000000.0,664000000.0,1.09,-46.069,3665000000.0,376000000.0,3289000000.0,3665000000.0,0.0,180000000.0,0.0,0.0,0.0,768000000.0,948000000.0,0.112,948000000.0,768000000.0,542000000.0,3.83,3.77,3.83,-160000000.0,-184000000.0,-160000000.0,9061789959.0,12.0,9.559,300000000.0,2.082,1.0,1277000000.0,0.151,1998000000.0,226000000.0,6295000000.0,6656500000.0,1166000000.0,0.0,0.0,0.0,7371000000.0,2522000000.0,4849000000.0,5304789959.0,8000000.0,-78000000.0,-242000000.0,72000000.0,0.0,-254000000.0,-362000000.0,0.0,621000000.0,3000000.0,559000000.0,559000000.0,559000000.0,0.0,105000000.0,0.066,417000000.0,860000000.0,2146000000.0,0.0,-33.155,9.49,9.611,2005000000.0,0.0,36.81,0.626,0.626,1057000000.0,1071000000.0,8470000000.0,8470000000.0,0.0,0.076,-3.038,0.115,0.091,18000000.0,382000000.0,1.0,144112740.0,144112740.0,,58.773,5502000000.0,0.0,-17000000.0,0.0,38.178,228000000.0
35,CCK,MRT,2012-09-30,2012-09-30,2012-09-30,2021-07-23,0.0,7610000000.0,7220000000.0,3053000000.0,4557000000.0,1.176,-0.168,-338000000.0,240000000.0,240000000.0,7206000000.0,630000000.0,1.285,-295.32,3997000000.0,401000000.0,3596000000.0,3997000000.0,0.0,177000000.0,0.0,0.0,0.0,748000000.0,925000000.0,0.109,925000000.0,748000000.0,520000000.0,3.67,3.61,3.67,-25000000.0,-262250000.0,-25000000.0,9035671204.0,12.0,9.768,58000000.0,0.389,1.0,1285000000.0,0.151,1976000000.0,228000000.0,7015000000.0,6538000000.0,1207000000.0,0.0,0.0,0.0,7383000000.0,2376000000.0,5007000000.0,5474671204.0,-239000000.0,4000000.0,-298000000.0,262000000.0,0.0,-310000000.0,-329000000.0,0.0,396000000.0,4000000.0,536000000.0,536000000.0,536000000.0,0.0,94000000.0,0.063,457000000.0,828000000.0,1975000000.0,0.0,-218.987,10.214,10.014,1845000000.0,0.0,36.75,0.645,0.645,1397000000.0,,8491000000.0,8491000000.0,0.0,0.074,-2.044,0.114,0.088,18000000.0,385000000.0,1.0,148970645.0,148970645.0,,56.998,5634000000.0,0.0,-16000000.0,0.0,37.82,677000000.0
36,CCK,MRT,2012-06-30,2012-06-30,2012-06-30,2021-07-23,0.0,7224000000.0,7217250000.0,2909000000.0,4315000000.0,1.193,-1.525,-330000000.0,230000000.0,230000000.0,7300000000.0,445000000.0,1.278,-31.775,3791000000.0,298000000.0,3493000000.0,3791000000.0,0.0,178000000.0,0.0,0.0,0.0,751000000.0,929000000.0,0.108,929000000.0,751000000.0,522000000.0,2.3,2.25,2.3,-227000000.0,-281000000.0,-227000000.0,8799563549.0,12.0,9.472,80000000.0,0.537,1.0,1312000000.0,0.152,1944000000.0,229000000.0,6564000000.0,6413750000.0,1272000000.0,0.0,0.0,0.0,7213000000.0,2277000000.0,4936000000.0,5134563549.0,-191000000.0,4000000.0,-101000000.0,45000000.0,0.0,-385000000.0,-193000000.0,0.0,410000000.0,-23000000.0,340000000.0,340000000.0,340000000.0,0.0,105000000.0,0.039,468000000.0,844000000.0,1979000000.0,0.0,-22.619,15.102,14.996,1800000000.0,0.0,34.49,0.596,0.596,1194000000.0,,8612000000.0,8612000000.0,0.0,0.047,-1.21,0.117,0.087,18000000.0,389000000.0,1.0,148871080.0,148871080.0,,57.849,5280000000.0,0.0,182000000.0,0.0,35.467,632000000.0
37,CCK,MRT,2012-03-31,2012-03-31,2012-03-31,2021-07-23,0.0,7178000000.0,7426000000.0,2824000000.0,4354000000.0,1.173,-2.178,-334000000.0,250000000.0,250000000.0,7366000000.0,444000000.0,1.349,-22.407,3915000000.0,230000000.0,3685000000.0,3915000000.0,0.0,178000000.0,0.0,0.0,0.0,754000000.0,932000000.0,0.107,932000000.0,754000000.0,520000000.0,2.24,2.19,2.24,-324000000.0,-241750000.0,-324000000.0,8669552116.0,11.0,9.302,-27000000.0,-0.181,1.0,1343000000.0,0.154,1998000000.0,234000000.0,6752000000.0,6425250000.0,1313000000.0,0.0,0.0,0.0,7260000000.0,2093000000.0,5167000000.0,5479552116.0,-159000000.0,4000000.0,-304000000.0,482000000.0,0.0,-144000000.0,-319000000.0,0.0,307000000.0,-3000000.0,335000000.0,335000000.0,335000000.0,0.0,109000000.0,0.038,485000000.0,858000000.0,1863000000.0,0.0,-16.912,16.357,16.442,1796000000.0,0.0,36.83,0.629,0.629,1066000000.0,,8709000000.0,8709000000.0,0.0,0.045,-1.386,0.117,0.087,18000000.0,399000000.0,1.0,148779585.0,148779585.0,,58.536,5180000000.0,0.0,185000000.0,0.0,34.817,731000000.0
38,CCK,MRT,2011-12-31,2011-12-31,2011-12-31,2021-07-23,-2590000000.0,6868000000.0,7500500000.0,2603000000.0,4265000000.0,1.152,-3.129,-375000000.0,342000000.0,342000000.0,7296000000.0,396000000.0,1.139,-15.025,3532000000.0,195000000.0,3337000000.0,3532000000.0,0.0,176000000.0,0.0,0.0,0.0,708000000.0,884000000.0,0.102,884000000.0,708000000.0,476000000.0,1.86,1.83,1.86,-473000000.0,-162500000.0,-473000000.0,8354243905.0,12.0,9.451,4000000.0,0.026,1.0,1348000000.0,0.156,1952000000.0,232000000.0,5821000000.0,6214750000.0,1148000000.0,0.0,0.0,0.0,7107000000.0,2285000000.0,4822000000.0,5076243905.0,-121000000.0,4000000.0,-301000000.0,487000000.0,0.0,-129000000.0,-372000000.0,0.0,379000000.0,1000000.0,282000000.0,282000000.0,282000000.0,0.0,114000000.0,0.033,506000000.0,842000000.0,2090000000.0,0.0,-10.732,18.001,18.054,1751000000.0,0.0,33.58,0.587,0.587,948000000.0,512000000.0,8644000000.0,8644000000.0,0.0,0.038,-1.735,0.114,0.082,18000000.0,395000000.0,1.0,151168669.0,151168669.0,,57.181,4916000000.0,0.0,194000000.0,0.0,32.52,318000000.0
39,CCK,MRT,2011-09-30,2011-09-30,2011-09-30,2021-07-23,0.0,7599000000.0,7508250000.0,3305000000.0,4294000000.0,1.137,-0.666,-369000000.0,479000000.0,479000000.0,7188000000.0,437000000.0,1.387,-74.19,3757000000.0,361000000.0,3396000000.0,3757000000.0,0.0,176000000.0,0.0,0.0,0.0,753000000.0,929000000.0,0.109,929000000.0,753000000.0,523000000.0,2.09,2.05,2.09,-100000000.0,-68250000.0,-100000000.0,7956273389.0,11.0,8.564,48000000.0,0.32,1.0,1347000000.0,0.158,1977000000.0,230000000.0,6518000000.0,6040250000.0,1339000000.0,0.0,0.0,0.0,7419000000.0,2382000000.0,5037000000.0,4626273389.0,64000000.0,7000000.0,-346000000.0,532000000.0,0.0,14000000.0,-365000000.0,0.0,417000000.0,-2000000.0,319000000.0,319000000.0,319000000.0,0.0,118000000.0,0.037,459000000.0,888000000.0,2021000000.0,0.0,-46.263,14.502,14.646,1710000000.0,0.0,30.61,0.542,0.538,1317000000.0,,8535000000.0,8535000000.0,0.0,0.042,-4.674,0.125,0.088,18000000.0,402000000.0,1.0,151136014.0,150138644.0,,56.847,5622000000.0,0.0,204000000.0,0.0,37.445,923000000.0
40,CCK,MRT,2011-06-30,2011-06-30,2011-06-30,2021-07-23,0.0,8059000000.0,7395000000.0,3599000000.0,4460000000.0,1.125,-0.459,-382000000.0,546000000.0,546000000.0,6989000000.0,439000000.0,1.328,-111.257,3876000000.0,452000000.0,3424000000.0,3876000000.0,0.0,169000000.0,0.0,0.0,0.0,707000000.0,876000000.0,0.105,876000000.0,707000000.0,480000000.0,2.02,1.99,2.02,-70000000.0,-8500000.0,-70000000.0,9117619100.0,13.0,10.408,155000000.0,1.017,1.0,1328000000.0,0.16,2069000000.0,227000000.0,6610000000.0,5794000000.0,1537000000.0,0.0,0.0,0.0,7788000000.0,2710000000.0,5078000000.0,6053619100.0,9000000.0,7000000.0,-444000000.0,698000000.0,0.0,-61000000.0,-503000000.0,0.0,537000000.0,36000000.0,316000000.0,316000000.0,316000000.0,0.0,123000000.0,0.038,466000000.0,862000000.0,2258000000.0,0.0,-86.48,19.157,19.218,1746000000.0,0.0,38.82,0.728,0.711,1323000000.0,,8317000000.0,8317000000.0,0.0,0.043,-37.176,0.122,0.085,17000000.0,388000000.0,1.0,155940729.0,152344400.0,,54.593,5990000000.0,0.0,164000000.0,0.0,39.319,889000000.0
41,CCK,MRT,2011-03-31,2011-03-31,2011-03-31,2021-07-23,0.0,7476000000.0,7055500000.0,3070000000.0,4406000000.0,1.14,-0.045,-359000000.0,409000000.0,409000000.0,6754000000.0,427000000.0,1.189,-1019.571,3473000000.0,589000000.0,2884000000.0,3473000000.0,0.0,168000000.0,0.0,0.0,0.0,678000000.0,846000000.0,0.105,846000000.0,678000000.0,466000000.0,1.87,1.85,1.87,-7000000.0,35250000.0,-7000000.0,8590309135.0,13.0,10.154,330000000.0,2.134,1.0,1292000000.0,0.161,2047000000.0,212000000.0,5910000000.0,5464750000.0,1353000000.0,0.0,0.0,0.0,7137000000.0,2583000000.0,4554000000.0,6005309135.0,10000000.0,7000000.0,-241000000.0,218000000.0,0.0,-332000000.0,-361000000.0,0.0,689000000.0,14000000.0,299000000.0,299000000.0,299000000.0,0.0,128000000.0,0.037,457000000.0,835000000.0,1994000000.0,0.0,-857.901,20.085,20.631,1702000000.0,0.0,38.58,0.746,0.741,1104000000.0,,8046000000.0,8046000000.0,0.0,0.042,8.482,0.124,0.084,23000000.0,383000000.0,1.0,155658609.0,154610056.0,,52.041,5429000000.0,0.0,167000000.0,0.0,35.114,487000000.0
42,CCK,MRT,2010-12-31,2010-12-31,2010-12-31,2021-07-23,-2333000000.0,6899000000.0,6884000000.0,2649000000.0,4250000000.0,1.154,-0.602,-288000000.0,463000000.0,463000000.0,6691000000.0,452000000.0,1.114,-69.479,3048000000.0,399000000.0,2649000000.0,3048000000.0,0.0,172000000.0,0.0,0.0,0.0,692000000.0,864000000.0,0.109,864000000.0,692000000.0,489000000.0,2.03,2.0,2.03,-96000000.0,46000000.0,-96000000.0,8132897579.0,12.0,9.413,302000000.0,1.895,1.0,1250000000.0,0.157,1984000000.0,203000000.0,5123000000.0,5394750000.0,1060000000.0,0.0,0.0,0.0,6670000000.0,2377000000.0,4293000000.0,5318897579.0,4000000.0,7000000.0,-242000000.0,258000000.0,0.0,-299000000.0,-281000000.0,0.0,590000000.0,-6000000.0,324000000.0,324000000.0,324000000.0,0.0,128000000.0,0.041,430000000.0,820000000.0,1978000000.0,0.0,-55.405,16.416,16.443,1610000000.0,0.0,33.38,0.67,0.67,936000000.0,230000000.0,7941000000.0,7941000000.0,0.0,0.047,7.043,0.128,0.087,20000000.0,360000000.0,1.0,159343846.0,159343846.0,,49.836,4915000000.0,0.0,165000000.0,0.0,30.845,272000000.0
43,CCK,MRT,2010-09-30,2010-09-30,2010-09-30,2021-07-23,0.0,7146000000.0,6792250000.0,2879000000.0,4267000000.0,1.164,0.873,-239000000.0,415000000.0,415000000.0,6697000000.0,479000000.0,1.185,48.05,3229000000.0,455000000.0,2774000000.0,3229000000.0,0.0,180000000.0,0.0,0.0,0.0,644000000.0,824000000.0,0.104,824000000.0,644000000.0,439000000.0,2.26,2.21,2.26,139000000.0,68500000.0,139000000.0,7214247087.0,11.0,8.755,376000000.0,2.362,1.0,1212000000.0,0.153,1998000000.0,205000000.0,5533000000.0,5338000000.0,1068000000.0,0.0,0.0,0.0,6679000000.0,2429000000.0,4250000000.0,4647247087.0,-23000000.0,-22000000.0,-85000000.0,26000000.0,0.0,-379000000.0,-254000000.0,0.0,615000000.0,-5000000.0,360000000.0,360000000.0,360000000.0,0.0,119000000.0,0.046,455000000.0,757000000.0,1974000000.0,0.0,33.433,12.909,12.681,1524000000.0,0.0,28.66,0.588,0.577,1274000000.0,,7909000000.0,7909000000.0,0.0,0.053,5.255,0.121,0.081,21000000.0,363000000.0,1.0,162150980.0,159181133.0,,49.686,5148000000.0,0.0,79000000.0,0.0,32.341,450000000.0
44,CCK,MRT,2010-06-30,2010-06-30,2010-06-30,2021-07-23,0.0,6701000000.0,6800250000.0,2705000000.0,3996000000.0,1.174,0.652,-192000000.0,412000000.0,412000000.0,6786000000.0,459000000.0,1.294,59.267,2979000000.0,272000000.0,2707000000.0,2979000000.0,0.0,189000000.0,0.0,0.0,0.0,593000000.0,782000000.0,0.098,782000000.0,593000000.0,377000000.0,2.15,2.1,2.15,105000000.0,67000000.0,105000000.0,6831548034.0,12.0,8.736,533000000.0,3.311,1.0,1200000000.0,0.15,1884000000.0,216000000.0,5293000000.0,5429500000.0,1076000000.0,0.0,0.0,0.0,6223000000.0,2091000000.0,4132000000.0,4056548034.0,-294000000.0,-22000000.0,18000000.0,-659000000.0,0.0,-789000000.0,-207000000.0,0.0,725000000.0,-23000000.0,342000000.0,342000000.0,342000000.0,0.0,117000000.0,0.043,486000000.0,714000000.0,1819000000.0,0.0,38.634,11.861,11.647,1418000000.0,0.0,25.04,0.508,0.505,1095000000.0,,7986000000.0,7986000000.0,0.0,0.05,5.104,0.109,0.074,24000000.0,376000000.0,1.0,162002717.0,160961879.0,,49.614,4817000000.0,0.0,35000000.0,0.0,29.926,614000000.0
45,CCK,MRT,2010-03-31,2010-03-31,2010-03-31,2021-07-23,0.0,6790000000.0,6972500000.0,2647000000.0,4143000000.0,1.152,0.224,-160000000.0,399000000.0,399000000.0,6833000000.0,454000000.0,1.35,176.639,3174000000.0,249000000.0,2925000000.0,3174000000.0,0.0,238000000.0,0.0,0.0,0.0,590000000.0,828000000.0,0.103,828000000.0,590000000.0,357000000.0,2.11,2.06,2.11,36000000.0,35250000.0,36000000.0,6691312322.0,11.0,8.081,525000000.0,3.267,1.0,1198000000.0,0.149,1974000000.0,233000000.0,5630000000.0,5718500000.0,1076000000.0,0.0,0.0,0.0,6359000000.0,1961000000.0,4398000000.0,4352312322.0,103000000.0,-22000000.0,16000000.0,-286000000.0,0.0,-429000000.0,-171000000.0,0.0,685000000.0,18000000.0,335000000.0,335000000.0,335000000.0,0.0,119000000.0,0.042,483000000.0,715000000.0,1712000000.0,0.0,120.898,12.992,12.777,1453000000.0,0.0,26.96,0.542,0.54,1044000000.0,,8031000000.0,8031000000.0,0.0,0.048,9.504,0.103,0.073,25000000.0,371000000.0,1.0,161435917.0,160714929.0,,49.97,4816000000.0,0.0,22000000.0,0.0,29.966,686000000.0
46,CCK,MRT,2009-12-31,2009-12-31,2009-12-31,2021-07-23,-2255000000.0,6532000000.0,6920000000.0,2242000000.0,4290000000.0,1.147,-0.037,-178000000.0,459000000.0,459000000.0,6745000000.0,450000000.0,1.165,-1024.833,2798000000.0,59000000.0,2739000000.0,2798000000.0,0.0,194000000.0,0.0,0.0,0.0,588000000.0,782000000.0,0.099,782000000.0,588000000.0,341000000.0,2.1,2.06,2.1,-6000000.0,-42250000.0,-6000000.0,6896729432.0,12.0,8.819,578000000.0,3.598,1.0,1193000000.0,0.15,2050000000.0,247000000.0,4896000000.0,5809500000.0,960000000.0,0.0,0.0,0.0,6149000000.0,1925000000.0,4224000000.0,4109729432.0,-137000000.0,-22000000.0,19000000.0,-570000000.0,0.0,-701000000.0,-200000000.0,0.0,756000000.0,8000000.0,334000000.0,334000000.0,334000000.0,0.0,116000000.0,0.042,473000000.0,720000000.0,1866000000.0,0.0,-684.955,12.305,12.181,1509000000.0,0.0,25.58,0.518,0.518,714000000.0,-94000000.0,7938000000.0,7938000000.0,0.0,0.048,-7.905,0.101,0.074,18000000.0,381000000.0,1.0,160661823.0,160661823.0,,49.408,4482000000.0,0.0,7000000.0,0.0,27.897,317000000.0
47,CCK,MRT,2009-09-30,2009-09-30,2009-09-30,2021-07-23,0.0,7178000000.0,6980500000.0,2673000000.0,4505000000.0,1.131,0.835,-161000000.0,438000000.0,438000000.0,6729000000.0,352000000.0,1.333,50.008,3225000000.0,77000000.0,3148000000.0,3225000000.0,0.0,358000000.0,0.0,0.0,0.0,568000000.0,926000000.0,0.117,926000000.0,568000000.0,309000000.0,1.51,1.48,1.51,133000000.0,-120000000.0,133000000.0,7384462043.0,13.0,7.975,587000000.0,3.687,1.0,1169000000.0,0.148,2060000000.0,259000000.0,5899000000.0,5957250000.0,1077000000.0,0.0,0.0,0.0,6651000000.0,2006000000.0,4645000000.0,4355462043.0,106000000.0,0.0,-27000000.0,-368000000.0,0.0,-462000000.0,-168000000.0,0.0,748000000.0,-12000000.0,239000000.0,239000000.0,239000000.0,0.0,113000000.0,0.03,445000000.0,724000000.0,1929000000.0,0.0,32.748,18.224,18.013,1496000000.0,0.0,27.2,0.551,0.548,1054000000.0,,7898000000.0,7898000000.0,0.0,0.034,-1.992,0.095,0.072,30000000.0,361000000.0,1.0,160127281.0,159208879.0,,49.608,5118000000.0,0.0,70000000.0,0.0,32.146,667000000.0
48,CCK,MRT,2009-06-30,2009-06-30,2009-06-30,2021-07-23,0.0,7390000000.0,6974500000.0,2969000000.0,4421000000.0,1.145,-0.138,-168000000.0,706000000.0,706000000.0,6806000000.0,354000000.0,1.531,-319.364,3735000000.0,89000000.0,3646000000.0,3735000000.0,0.0,309000000.0,0.0,0.0,0.0,626000000.0,935000000.0,0.117,935000000.0,626000000.0,357000000.0,1.54,1.51,1.54,-22000000.0,-98500000.0,-22000000.0,6963762463.0,11.0,7.448,445000000.0,2.8,1.0,1179000000.0,0.148,2031000000.0,269000000.0,6449000000.0,6052000000.0,1209000000.0,0.0,0.0,0.0,7026000000.0,1939000000.0,5087000000.0,3861762463.0,395000000.0,0.0,-29000000.0,54000000.0,0.0,-8000000.0,-178000000.0,0.0,613000000.0,-32000000.0,245000000.0,245000000.0,245000000.0,0.0,109000000.0,0.031,418000000.0,761000000.0,1850000000.0,0.0,-175.535,15.762,15.675,1490000000.0,0.0,24.14,0.484,0.48,939000000.0,,7985000000.0,7985000000.0,0.0,0.035,-2.487,0.103,0.078,25000000.0,368000000.0,1.0,159973590.0,158920842.0,,50.245,5359000000.0,0.0,112000000.0,0.0,33.721,1030000000.0
49,CCK,MRT,2009-03-31,2009-03-31,2009-03-31,2021-07-23,0.0,6580000000.0,7051500000.0,2410000000.0,4170000000.0,1.152,-1.729,-176000000.0,296000000.0,296000000.0,6929000000.0,345000000.0,1.351,-23.723,3398000000.0,80000000.0,3318000000.0,3398000000.0,0.0,216000000.0,0.0,0.0,0.0,635000000.0,851000000.0,0.105,851000000.0,635000000.0,349000000.0,1.5,1.47,1.5,-274000000.0,-42250000.0,-274000000.0,6371845445.0,10.0,7.487,344000000.0,2.17,1.0,1197000000.0,0.147,1904000000.0,286000000.0,5994000000.0,6120500000.0,1154000000.0,0.0,0.0,0.0,6500000000.0,1784000000.0,4716000000.0,3630845445.0,14000000.0,0.0,-24000000.0,-223000000.0,0.0,-255000000.0,-196000000.0,0.0,520000000.0,-55000000.0,239000000.0,239000000.0,239000000.0,0.0,106000000.0,0.029,436000000.0,761000000.0,1704000000.0,0.0,-13.251,15.192,15.153,1421000000.0,0.0,22.73,0.447,0.443,814000000.0,,8126000000.0,8126000000.0,0.0,0.034,-5.657,0.104,0.078,16000000.0,383000000.0,1.0,159738031.0,158491731.0,,51.271,4676000000.0,0.0,110000000.0,0.0,29.503,626000000.0
50,CCK,MRT,2008-12-31,2008-12-31,2008-12-31,2021-07-23,-2195000000.0,6774000000.0,7256500000.0,2457000000.0,4317000000.0,1.144,-1.967,-159000000.0,596000000.0,596000000.0,7101000000.0,330000000.0,1.186,-21.256,3337000000.0,90000000.0,3247000000.0,3337000000.0,0.0,216000000.0,0.0,0.0,0.0,640000000.0,856000000.0,0.103,856000000.0,640000000.0,338000000.0,1.42,1.39,1.42,-317000000.0,43250000.0,-317000000.0,6295138867.0,10.0,7.354,263000000.0,1.632,1.0,1204000000.0,0.145,1956000000.0,302000000.0,5487000000.0,6289750000.0,979000000.0,0.0,0.0,0.0,6738000000.0,2072000000.0,4666000000.0,3094138867.0,139000000.0,0.0,-25000000.0,-52000000.0,0.0,-77000000.0,-186000000.0,0.0,422000000.0,-20000000.0,226000000.0,226000000.0,226000000.0,0.0,104000000.0,0.027,448000000.0,756000000.0,1982000000.0,0.0,-9.761,13.691,13.521,1473000000.0,0.0,19.2,0.373,0.373,734000000.0,-428000000.0,8305000000.0,8305000000.0,0.0,0.031,5.225,0.102,0.077,16000000.0,396000000.0,1.0,161153066.0,161153066.0,,51.535,4818000000.0,0.0,112000000.0,0.0,29.897,385000000.0
51,CCK,MRT,2008-09-30,2008-09-30,2008-09-30,2021-07-23,0.0,7154000000.0,7307750000.0,2625000000.0,4529000000.0,1.136,1.369,-152000000.0,332000000.0,332000000.0,7104000000.0,720000000.0,1.32,31.667,3533000000.0,88000000.0,3445000000.0,3533000000.0,0.0,229000000.0,0.0,0.0,0.0,535000000.0,764000000.0,0.092,764000000.0,535000000.0,217000000.0,3.52,3.46,3.52,219000000.0,126250000.0,219000000.0,7062854393.0,13.0,9.245,240000000.0,1.5,1.0,1195000000.0,0.144,2089000000.0,318000000.0,6278000000.0,6337250000.0,1112000000.0,0.0,0.0,0.0,6935000000.0,1988000000.0,4947000000.0,3574854393.0,-16000000.0,7000000.0,9000000.0,-201000000.0,0.0,-246000000.0,-173000000.0,0.0,392000000.0,11000000.0,566000000.0,566000000.0,566000000.0,0.0,154000000.0,0.068,564000000.0,631000000.0,1900000000.0,0.0,16.324,6.316,6.31,1506000000.0,0.0,22.21,0.431,0.428,1067000000.0,,8299000000.0,8299000000.0,0.0,0.077,4.483,0.084,0.064,14000000.0,409000000.0,1.0,160956974.0,160006745.0,,51.867,5065000000.0,0.0,-349000000.0,0.0,31.655,637000000.0
52,CCK,MRT,2008-06-30,2008-06-30,2008-06-30,2021-07-23,0.0,7698000000.0,7256500000.0,2837000000.0,4861000000.0,1.114,1.272,-137000000.0,311000000.0,311000000.0,6951000000.0,670000000.0,1.291,36.921,3799000000.0,107000000.0,3692000000.0,3799000000.0,0.0,229000000.0,0.0,0.0,0.0,494000000.0,723000000.0,0.089,723000000.0,494000000.0,173000000.0,3.39,3.32,3.39,203000000.0,-25000000.0,203000000.0,7708663321.0,16.0,10.662,228000000.0,1.428,1.0,1132000000.0,0.14,2266000000.0,321000000.0,6723000000.0,6260000000.0,1325000000.0,0.0,0.0,0.0,7495000000.0,2197000000.0,5298000000.0,4171663321.0,7000000.0,7000000.0,-109000000.0,-79000000.0,0.0,-240000000.0,-158000000.0,0.0,365000000.0,40000000.0,545000000.0,545000000.0,545000000.0,0.0,125000000.0,0.067,559000000.0,573000000.0,2090000000.0,0.0,20.55,7.654,7.667,1612000000.0,0.0,25.99,0.516,0.513,1085000000.0,,8083000000.0,8083000000.0,0.0,0.075,-21.8,0.079,0.061,14000000.0,404000000.0,1.0,160510324.0,159631670.0,,50.635,5432000000.0,0.0,-372000000.0,0.0,34.028,640000000.0
53,CCK,MRT,2008-03-31,2008-03-31,2008-03-31,2021-07-23,0.0,7400000000.0,7030250000.0,2554000000.0,4846000000.0,1.12,0.427,-79000000.0,282000000.0,282000000.0,6810000000.0,631000000.0,1.276,107.824,3819000000.0,93000000.0,3726000000.0,3819000000.0,0.0,229000000.0,0.0,0.0,0.0,464000000.0,693000000.0,0.088,693000000.0,464000000.0,145000000.0,3.33,3.25,3.33,68000000.0,-172750000.0,68000000.0,7012686817.0,15.0,10.119,221000000.0,1.388,1.0,1067000000.0,0.135,2264000000.0,319000000.0,6671000000.0,6056500000.0,1220000000.0,0.0,0.0,0.0,7332000000.0,2002000000.0,5330000000.0,4032686817.0,4000000.0,7000000.0,-108000000.0,-88000000.0,0.0,-250000000.0,-88000000.0,0.0,300000000.0,42000000.0,537000000.0,537000000.0,537000000.0,0.0,94000000.0,0.068,541000000.0,526000000.0,1909000000.0,0.0,59.304,7.51,7.556,1621000000.0,0.0,25.16,0.512,0.508,937000000.0,,7877000000.0,7877000000.0,0.0,0.076,-3.109,0.077,0.059,14000000.0,392000000.0,1.0,160281670.0,159187316.0,,49.483,5136000000.0,0.0,-392000000.0,0.0,32.264,552000000.0
54,CCK,MRT,2007-12-31,2007-12-31,2007-12-31,2021-07-23,-1646000000.0,6979000000.0,6825750000.0,2234000000.0,4745000000.0,1.132,0.094,-90000000.0,457000000.0,457000000.0,6697000000.0,601000000.0,1.072,464.267,3437000000.0,83000000.0,3354000000.0,3437000000.0,0.0,229000000.0,0.0,0.0,0.0,446000000.0,675000000.0,0.087,675000000.0,446000000.0,128000000.0,3.27,3.19,3.27,15000000.0,-318000000.0,15000000.0,7513556634.0,17.0,11.131,419000000.0,2.622,1.0,1030000000.0,0.133,2199000000.0,318000000.0,5677000000.0,5852750000.0,1030000000.0,0.0,0.0,0.0,6964000000.0,2083000000.0,4881000000.0,4098556634.0,50000000.0,7000000.0,-104000000.0,-224000000.0,0.0,-396000000.0,-94000000.0,0.0,509000000.0,31000000.0,528000000.0,528000000.0,528000000.0,0.0,73000000.0,0.068,534000000.0,496000000.0,2000000000.0,0.0,273.237,7.762,7.844,1604000000.0,0.0,25.65,0.53,0.53,673000000.0,-654000000.0,7727000000.0,7727000000.0,0.0,0.077,-1.66,0.076,0.058,14000000.0,385000000.0,1.0,159787783.0,159787783.0,,48.358,4780000000.0,0.0,-400000000.0,0.0,29.915,151000000.0
55,CCK,MRT,2007-09-30,2007-09-30,2007-09-30,2021-07-23,0.0,6949000000.0,6683250000.0,2528000000.0,4421000000.0,1.127,-2.394,-21000000.0,348000000.0,348000000.0,6518000000.0,366000000.0,1.211,-19.003,3763000000.0,119000000.0,3644000000.0,3763000000.0,0.0,230000000.0,0.0,0.0,0.0,632000000.0,862000000.0,0.114,862000000.0,632000000.0,324000000.0,2.25,2.37,2.25,-386000000.0,-445250000.0,-386000000.0,7135965300.0,11.0,8.278,291000000.0,1.805,1.0,1014000000.0,0.135,2307000000.0,308000000.0,5969000000.0,5784000000.0,1021000000.0,0.0,0.0,0.0,7335000000.0,2088000000.0,5247000000.0,3738965300.0,59000000.0,7000000.0,-119000000.0,-90000000.0,0.0,-248000000.0,-38000000.0,0.0,312000000.0,33000000.0,366000000.0,366000000.0,366000000.0,6000000.0,0.0,0.049,318000000.0,696000000.0,1928000000.0,0.0,-9.686,10.216,10.116,1586000000.0,0.0,22.76,0.496,0.487,1084000000.0,,7532000000.0,7532000000.0,0.0,0.055,-0.822,0.109,0.084,11000000.0,369000000.0,1.0,164277913.0,161238844.0,,46.713,4642000000.0,0.0,-42000000.0,41000000.0,28.79,440000000.0
56,CCK,MRT,2007-06-30,2007-06-30,2007-06-30,2021-07-23,0.0,6793000000.0,6755000000.0,2473000000.0,4320000000.0,1.093,-2.382,-28000000.0,304000000.0,304000000.0,6418000000.0,358000000.0,1.209,-18.508,3701000000.0,134000000.0,3567000000.0,3701000000.0,0.0,230000000.0,0.0,0.0,0.0,612000000.0,842000000.0,0.114,842000000.0,612000000.0,310000000.0,2.18,2.31,2.18,-388000000.0,-375500000.0,-388000000.0,7513823101.0,12.0,8.924,226000000.0,1.387,1.0,962000000.0,0.13,2236000000.0,302000000.0,5909000000.0,5884750000.0,1106000000.0,0.0,0.0,0.0,7181000000.0,2045000000.0,5136000000.0,4082823101.0,-4000000.0,7000000.0,-102000000.0,-85000000.0,0.0,-234000000.0,-48000000.0,0.0,254000000.0,24000000.0,358000000.0,358000000.0,358000000.0,7000000.0,0.0,0.049,292000000.0,670000000.0,1883000000.0,0.0,-10.523,11.405,11.454,1580000000.0,0.0,24.97,0.553,0.551,993000000.0,,7380000000.0,7380000000.0,0.0,0.053,-0.953,0.104,0.083,11000000.0,349000000.0,1.0,163509135.0,162900139.0,,45.304,4557000000.0,0.0,-48000000.0,28000000.0,27.974,428000000.0
57,CCK,MRT,2007-03-31,2007-03-31,2007-03-31,2021-07-23,0.0,6582000000.0,6878500000.0,2267000000.0,4315000000.0,1.043,-3.161,-100000000.0,278000000.0,278000000.0,6250000000.0,317000000.0,1.158,-13.83,3709000000.0,131000000.0,3578000000.0,3709000000.0,0.0,230000000.0,0.0,0.0,0.0,561000000.0,791000000.0,0.11,791000000.0,561000000.0,266000000.0,1.92,2.06,1.92,-513000000.0,-309500000.0,-513000000.0,7129033137.0,13.0,9.013,199000000.0,1.226,1.0,921000000.0,0.128,2200000000.0,295000000.0,5856000000.0,6005250000.0,1060000000.0,0.0,0.0,0.0,7095000000.0,1957000000.0,5138000000.0,3995033137.0,-15000000.0,7000000.0,-115000000.0,-62000000.0,0.0,-223000000.0,-117000000.0,0.0,299000000.0,26000000.0,317000000.0,317000000.0,317000000.0,31000000.0,0.0,0.044,283000000.0,638000000.0,1800000000.0,0.0,-7.788,12.603,12.74,1594000000.0,0.0,24.46,0.557,0.554,861000000.0,,7171000000.0,7171000000.0,0.0,0.046,-1.024,0.093,0.078,11000000.0,330000000.0,1.0,163329237.0,162273457.0,,44.191,4382000000.0,0.0,-51000000.0,26000000.0,27.004,310000000.0
58,CCK,MRT,2006-12-31,2006-12-31,2006-12-31,2021-07-23,-1731000000.0,6409000000.0,6954250000.0,2113000000.0,4296000000.0,1.004,-3.03,-110000000.0,407000000.0,407000000.0,6090000000.0,309000000.0,1.08,-13.974,3541000000.0,121000000.0,3420000000.0,3541000000.0,0.0,230000000.0,0.0,0.0,0.0,533000000.0,763000000.0,0.109,763000000.0,533000000.0,247000000.0,1.87,2.01,1.87,-494000000.0,-234500000.0,-494000000.0,6819859455.0,13.0,8.938,245000000.0,1.503,1.0,892000000.0,0.128,2185000000.0,286000000.0,5402000000.0,6093500000.0,957000000.0,0.0,0.0,0.0,6903000000.0,1956000000.0,4947000000.0,3410859455.0,113000000.0,7000000.0,-117000000.0,4000000.0,0.0,-158000000.0,-111000000.0,0.0,355000000.0,27000000.0,309000000.0,309000000.0,309000000.0,33000000.0,0.0,0.044,277000000.0,615000000.0,1835000000.0,0.0,-6.905,11.038,11.187,1608000000.0,0.0,20.92,0.489,0.489,689000000.0,-1166000000.0,6982000000.0,6982000000.0,0.0,0.044,-1.318,0.087,0.076,11000000.0,316000000.0,1.0,163042995.0,163042995.0,,42.823,4224000000.0,0.0,-62000000.0,0.0,25.907,157000000.0
59,CCK,MRT,2006-09-30,2006-09-30,2006-09-30,2021-07-23,0.0,7236000000.0,6988250000.0,2350000000.0,4886000000.0,0.959,-0.646,-194000000.0,289000000.0,289000000.0,5810000000.0,-305000000.0,1.095,-68.626,3698000000.0,229000000.0,3469000000.0,3698000000.0,0.0,282000000.0,0.0,0.0,0.0,23000000.0,305000000.0,0.046,305000000.0,23000000.0,-265000000.0,-1.84,-1.59,-1.84,-107000000.0,-170000000.0,-107000000.0,6524737223.0,284.0,21.393,-403000000.0,-2.432,1.0,892000000.0,0.133,2127000000.0,288000000.0,6372000000.0,6167500000.0,922000000.0,0.0,0.0,0.0,7343000000.0,2146000000.0,5197000000.0,3122737223.0,14000000.0,627000000.0,-120000000.0,-123000000.0,0.0,-276000000.0,487000000.0,0.0,-209000000.0,12000000.0,-305000000.0,-305000000.0,-305000000.0,88000000.0,0.0,-0.046,345000000.0,547000000.0,1862000000.0,0.0,-29.184,-10.238,-10.109,1600000000.0,0.0,18.6,0.466,0.46,1070000000.0,,6702000000.0,6702000000.0,0.0,-0.044,1.794,0.004,0.003,3000000.0,309000000.0,1.0,167889098.0,165711447.0,,40.444,5109000000.0,0.0,40000000.0,55000000.0,30.831,204000000.0
60,CCK,MRT,2006-06-30,2006-06-30,2006-06-30,2021-07-23,0.0,7287000000.0,7111250000.0,2347000000.0,4940000000.0,0.927,-0.742,-203000000.0,308000000.0,308000000.0,5687000000.0,-312000000.0,1.08,-59.766,3710000000.0,227000000.0,3483000000.0,3710000000.0,0.0,282000000.0,0.0,0.0,0.0,38000000.0,320000000.0,0.049,320000000.0,38000000.0,-271000000.0,-1.88,-1.64,-1.88,-124000000.0,-91500000.0,-124000000.0,5961809159.0,157.0,18.631,-381000000.0,-2.28,1.0,904000000.0,0.137,2125000000.0,309000000.0,6391000000.0,6334000000.0,1008000000.0,0.0,0.0,0.0,7411000000.0,2173000000.0,5238000000.0,2611809159.0,43000000.0,627000000.0,-20000000.0,-172000000.0,0.0,-221000000.0,435000000.0,0.0,-178000000.0,7000000.0,-312000000.0,-312000000.0,-312000000.0,91000000.0,0.0,-0.047,359000000.0,545000000.0,1888000000.0,0.0,-21.063,-8.371,-8.282,1622000000.0,0.0,15.57,0.396,0.395,929000000.0,,6591000000.0,6591000000.0,0.0,-0.044,3.41,0.006,0.006,3000000.0,319000000.0,1.0,167746253.0,167085962.0,,39.447,5162000000.0,0.0,41000000.0,58000000.0,30.894,174000000.0
61,CCK,MRT,2006-03-31,2006-03-31,2006-03-31,2021-07-23,0.0,6885000000.0,7202250000.0,2157000000.0,4728000000.0,0.915,-1.275,-170000000.0,293000000.0,293000000.0,5677000000.0,-334000000.0,1.086,-33.324,3643000000.0,215000000.0,3428000000.0,3643000000.0,0.0,282000000.0,0.0,0.0,0.0,25000000.0,307000000.0,0.047,307000000.0,25000000.0,-309000000.0,-2.01,-1.77,-2.01,-213000000.0,-20250000.0,-213000000.0,6081066997.0,243.0,19.808,-189000000.0,-1.131,1.0,916000000.0,0.139,2040000000.0,334000000.0,6209000000.0,6393500000.0,965000000.0,0.0,0.0,0.0,7098000000.0,1986000000.0,5112000000.0,2972066997.0,-47000000.0,627000000.0,-18000000.0,-427000000.0,0.0,-484000000.0,465000000.0,0.0,-19000000.0,-9000000.0,-334000000.0,-334000000.0,-334000000.0,55000000.0,0.0,-0.051,351000000.0,565000000.0,1715000000.0,0.0,-13.953,-8.898,-8.826,1608000000.0,0.0,17.74,0.451,0.45,814000000.0,,6593000000.0,6593000000.0,0.0,-0.046,16.494,0.004,0.004,3000000.0,333000000.0,1.0,167534780.0,167075638.0,,39.461,4845000000.0,0.0,25000000.0,56000000.0,28.999,171000000.0
62,CCK,MRT,2005-12-31,2005-12-31,2005-12-31,2021-07-23,-1219000000.0,6545000000.0,7500750000.0,1845000000.0,4700000000.0,0.89,-1.416,-152000000.0,294000000.0,294000000.0,5764000000.0,-354000000.0,0.95,-28.733,3403000000.0,211000000.0,3192000000.0,3403000000.0,0.0,282000000.0,0.0,0.0,0.0,18000000.0,300000000.0,0.045,300000000.0,18000000.0,-343000000.0,-2.13,-1.88,-2.13,-236000000.0,90000000.0,-236000000.0,6685234972.0,371.0,22.284,-274000000.0,-1.644,1.0,911000000.0,0.136,2013000000.0,361000000.0,5698000000.0,6643750000.0,810000000.0,0.0,0.0,0.0,6781000000.0,1943000000.0,4838000000.0,3255234972.0,-177000000.0,627000000.0,-22000000.0,-430000000.0,0.0,-497000000.0,464000000.0,0.0,-122000000.0,-22000000.0,-354000000.0,-354000000.0,-354000000.0,42000000.0,0.0,-0.053,344000000.0,567000000.0,1674000000.0,0.0,-13.793,-9.196,-9.169,1607000000.0,0.0,19.53,0.488,0.488,686000000.0,-1526000000.0,6675000000.0,6675000000.0,0.0,-0.047,-3.933,0.003,0.003,3000000.0,339000000.0,1.0,166678698.0,166678698.0,,40.047,4532000000.0,0.0,11000000.0,58000000.0,27.19,-98000000.0
63,CCK,MRT,2005-09-30,2005-09-30,2005-09-30,2021-07-23,0.0,7728000000.0,7895750000.0,3041000000.0,4687000000.0,0.828,1.248,-103000000.0,275000000.0,275000000.0,5668000000.0,69000000.0,1.461,36.333,3705000000.0,87000000.0,3618000000.0,3705000000.0,0.0,308000000.0,0.0,0.0,0.0,498000000.0,806000000.0,0.123,806000000.0,498000000.0,124000000.0,0.42,0.24,0.42,207000000.0,218250000.0,207000000.0,6094336252.0,12.0,7.561,372000000.0,2.243,1.0,873000000.0,0.133,2038000000.0,374000000.0,7038000000.0,6932750000.0,856000000.0,0.0,0.0,0.0,7521000000.0,2082000000.0,5439000000.0,2652336252.0,-20000000.0,0.0,-5000000.0,-283000000.0,0.0,-335000000.0,-161000000.0,0.0,475000000.0,1000000.0,69000000.0,69000000.0,69000000.0,9000000.0,0.0,0.011,392000000.0,481000000.0,1749000000.0,0.0,12.813,38.44,37.952,1636000000.0,0.0,15.94,0.405,0.404,944000000.0,,6541000000.0,6541000000.0,0.0,0.009,0.316,0.072,0.076,0.0,330000000.0,1.0,166394997.0,165867132.0,,39.435,5690000000.0,0.0,55000000.0,46000000.0,34.305,959000000.0
64,CCK,MRT,2005-06-30,2005-06-30,2005-06-30,2021-07-23,0.0,7651000000.0,7939750000.0,2333000000.0,5318000000.0,0.773,0.972,-87000000.0,265000000.0,265000000.0,5349000000.0,49000000.0,1.142,46.522,3707000000.0,72000000.0,3635000000.0,3707000000.0,0.0,308000000.0,0.0,0.0,0.0,471000000.0,779000000.0,0.127,779000000.0,471000000.0,100000000.0,0.3,0.14,0.3,161000000.0,224750000.0,161000000.0,6046914950.0,13.0,7.762,330000000.0,1.992,1.0,789000000.0,0.129,2421000000.0,371000000.0,6629000000.0,6923750000.0,1009000000.0,84000000.0,0.0,84000000.0,7490000000.0,2043000000.0,5447000000.0,2363914950.0,14000000.0,0.0,-6000000.0,-254000000.0,0.0,-312000000.0,-96000000.0,0.0,417000000.0,5000000.0,49000000.0,49000000.0,49000000.0,-28000000.0,0.0,0.008,357000000.0,432000000.0,1911000000.0,0.0,14.683,48.243,47.433,1798000000.0,0.0,14.23,0.385,0.384,987000000.0,,6138000000.0,6138000000.0,0.0,0.006,0.218,0.068,0.077,0.0,297000000.0,1.0,166121922.0,165694221.0,,37.044,5230000000.0,0.0,51000000.0,60000000.0,31.564,290000000.0
65,CCK,MRT,2005-03-31,2005-03-31,2005-03-31,2021-07-23,0.0,8079000000.0,7994000000.0,2483000000.0,5596000000.0,0.774,1.375,-98000000.0,340000000.0,340000000.0,5400000000.0,57000000.0,1.23,34.434,4023000000.0,139000000.0,3884000000.0,4023000000.0,0.0,308000000.0,0.0,0.0,0.0,486000000.0,794000000.0,0.128,794000000.0,486000000.0,121000000.0,0.35,0.2,0.35,228000000.0,230250000.0,228000000.0,5997511235.0,12.0,7.554,222000000.0,1.339,1.0,791000000.0,0.128,2533000000.0,365000000.0,7210000000.0,7016250000.0,1059000000.0,82000000.0,0.0,82000000.0,7851000000.0,2019000000.0,5832000000.0,2596511235.0,97000000.0,0.0,-1000000.0,-95000000.0,0.0,-134000000.0,-101000000.0,0.0,320000000.0,12000000.0,57000000.0,57000000.0,57000000.0,-16000000.0,0.0,0.009,376000000.0,415000000.0,1819000000.0,0.0,11.388,45.553,44.457,1905000000.0,0.0,15.56,0.419,0.417,995000000.0,,6191000000.0,6191000000.0,0.0,0.007,0.248,0.069,0.079,0.0,299000000.0,1.0,166870902.0,165819217.0,,37.336,5546000000.0,0.0,64000000.0,61000000.0,33.446,464000000.0
66,CCK,MRT,2004-12-31,2004-12-31,2004-12-31,2021-07-23,-1087000000.0,8125000000.0,7946000000.0,2343000000.0,5782000000.0,0.791,1.675,-99000000.0,471000000.0,471000000.0,5491000000.0,51000000.0,1.126,28.332,3872000000.0,76000000.0,3796000000.0,3872000000.0,0.0,308000000.0,0.0,0.0,0.0,479000000.0,787000000.0,0.125,787000000.0,479000000.0,118000000.0,0.31,0.16,0.31,277000000.0,215000000.0,277000000.0,5936629086.0,12.0,7.543,305000000.0,1.844,1.0,794000000.0,0.126,2592000000.0,361000000.0,6854000000.0,7016000000.0,894000000.0,0.0,0.0,0.0,7848000000.0,2080000000.0,5768000000.0,2272629086.0,70000000.0,0.0,3000000.0,-208000000.0,0.0,-246000000.0,-107000000.0,0.0,404000000.0,19000000.0,51000000.0,51000000.0,51000000.0,-24000000.0,0.0,0.008,379000000.0,415000000.0,1943000000.0,0.0,8.204,44.561,44.323,2002000000.0,0.0,13.74,0.362,0.362,900000000.0,-1164000000.0,6285000000.0,6285000000.0,0.0,0.006,0.237,0.068,0.076,0.0,307000000.0,1.0,165402408.0,165402408.0,,37.998,5533000000.0,0.0,67000000.0,61000000.0,33.452,263000000.0
67,CCK,MRT,2004-09-30,2004-09-30,2004-09-30,2021-07-23,0.0,7904000000.0,7858000000.0,2382000000.0,5522000000.0,0.753,1.411,-115000000.0,295000000.0,295000000.0,5236000000.0,68000000.0,1.127,32.923,3959000000.0,190000000.0,3769000000.0,3959000000.0,0.0,326000000.0,0.0,0.0,0.0,461000000.0,787000000.0,0.133,787000000.0,461000000.0,92000000.0,0.41,0.15,0.41,233000000.0,180750000.0,233000000.0,5357257599.0,12.0,6.807,279000000.0,1.689,1.0,678000000.0,0.115,2452000000.0,369000000.0,7002000000.0,7010750000.0,911000000.0,85000000.0,0.0,85000000.0,7671000000.0,2114000000.0,5557000000.0,1704257599.0,8000000.0,0.0,2000000.0,-383000000.0,0.0,-416000000.0,18000000.0,0.0,394000000.0,12000000.0,68000000.0,68000000.0,68000000.0,-75000000.0,0.0,0.011,376000000.0,302000000.0,1860000000.0,0.0,7.314,25.063,25.146,1959000000.0,0.0,10.31,0.288,0.288,1117000000.0,,5914000000.0,5914000000.0,0.0,0.009,0.376,0.066,0.078,0.0,286000000.0,1.0,165301416.0,165184807.0,,35.802,5452000000.0,0.0,24000000.0,64000000.0,33.005,268000000.0
68,CCK,MRT,2004-06-30,2004-06-30,2004-06-30,2021-07-23,0.0,7868000000.0,7886500000.0,2329000000.0,5539000000.0,0.796,1.108,-108000000.0,251000000.0,251000000.0,5550000000.0,16000000.0,1.113,41.995,3904000000.0,195000000.0,3709000000.0,3904000000.0,0.0,326000000.0,0.0,0.0,0.0,450000000.0,776000000.0,0.124,776000000.0,450000000.0,72000000.0,0.1,-0.16,0.1,183000000.0,103500000.0,183000000.0,5425507285.0,12.0,6.992,345000000.0,2.089,1.0,730000000.0,0.116,2430000000.0,378000000.0,6999000000.0,7123750000.0,978000000.0,81000000.0,0.0,81000000.0,7685000000.0,2092000000.0,5593000000.0,1646507285.0,-25000000.0,0.0,1000000.0,-468000000.0,0.0,-523000000.0,32000000.0,0.0,453000000.0,13000000.0,16000000.0,16000000.0,16000000.0,-42000000.0,0.0,0.003,450000000.0,280000000.0,1843000000.0,0.0,8.997,102.907,99.7,1992000000.0,0.0,9.97,0.262,0.262,1030000000.0,,6280000000.0,6280000000.0,0.0,0.002,0.155,0.063,0.072,0.0,312000000.0,1.0,165146167.0,165165133.0,,38.023,5438000000.0,0.0,56000000.0,54000000.0,32.925,237000000.0
69,CCK,MRT,2004-03-31,2004-03-31,2004-03-31,2021-07-23,0.0,7887000000.0,7971250000.0,2253000000.0,5634000000.0,0.774,1.012,-108000000.0,263000000.0,263000000.0,5480000000.0,30000000.0,1.123,46.228,4042000000.0,194000000.0,3848000000.0,4042000000.0,0.0,326000000.0,0.0,0.0,0.0,480000000.0,806000000.0,0.131,806000000.0,480000000.0,90000000.0,0.18,-0.08,0.18,167000000.0,43750000.0,167000000.0,5076787799.0,11.0,6.299,285000000.0,1.726,1.0,690000000.0,0.112,2450000000.0,390000000.0,7209000000.0,7298750000.0,954000000.0,85000000.0,0.0,85000000.0,7720000000.0,2007000000.0,5713000000.0,1538787799.0,-22000000.0,0.0,3000000.0,-551000000.0,0.0,-589000000.0,146000000.0,0.0,393000000.0,28000000.0,30000000.0,30000000.0,30000000.0,-42000000.0,0.0,0.005,438000000.0,252000000.0,1755000000.0,0.0,9.214,51.293,51.778,2057000000.0,0.0,9.32,0.249,0.249,941000000.0,,6170000000.0,6170000000.0,0.0,0.004,0.686,0.066,0.078,0.0,303000000.0,1.0,165105987.0,165075996.0,,37.377,5437000000.0,0.0,60000000.0,58000000.0,32.936,246000000.0
70,CCK,MRT,2003-12-31,2003-12-31,2003-12-31,2021-07-23,-1170000000.0,7773000000.0,8013250000.0,2122000000.0,5651000000.0,0.75,0.849,-85000000.0,401000000.0,401000000.0,5354000000.0,-32000000.0,1.042,54.521,3939000000.0,230000000.0,3709000000.0,3939000000.0,0.0,326000000.0,0.0,0.0,0.0,418000000.0,744000000.0,0.124,744000000.0,418000000.0,39000000.0,-0.19,-0.45,-0.19,140000000.0,-11000000.0,140000000.0,5334869903.0,13.0,7.171,349000000.0,2.115,1.0,653000000.0,0.109,2442000000.0,379000000.0,6833000000.0,7400250000.0,815000000.0,83000000.0,0.0,83000000.0,7633000000.0,2036000000.0,5597000000.0,1494869903.0,38000000.0,0.0,2000000.0,-298000000.0,0.0,-328000000.0,-100000000.0,0.0,434000000.0,32000000.0,-32000000.0,-32000000.0,-32000000.0,-42000000.0,0.0,-0.005,427000000.0,226000000.0,1744000000.0,0.0,10.678,-46.715,-47.684,2112000000.0,0.0,9.06,0.249,0.249,794000000.0,-1215000000.0,6007000000.0,6007000000.0,0.0,-0.004,2.909,0.056,0.07,0.0,292000000.0,1.0,164996678.0,164996678.0,,36.407,5331000000.0,0.0,71000000.0,62000000.0,32.31,86000000.0
71,CCK,MRT,2003-09-30,2003-09-30,2003-09-30,2021-07-23,0.0,8018000000.0,7946250000.0,2444000000.0,5574000000.0,0.828,-0.461,-56000000.0,432000000.0,432000000.0,5835000000.0,-250000000.0,1.203,-106.5,4272000000.0,250000000.0,4022000000.0,4272000000.0,0.0,375000000.0,0.0,0.0,0.0,174000000.0,549000000.0,0.083,549000000.0,174000000.0,-185000000.0,-1.52,-1.57,-1.52,-76000000.0,-67750000.0,-76000000.0,5039360268.0,29.0,9.179,210000000.0,1.273,1.0,748000000.0,0.114,2373000000.0,359000000.0,7454000000.0,7356250000.0,858000000.0,84000000.0,0.0,84000000.0,8094000000.0,2031000000.0,6063000000.0,1113360268.0,41000000.0,463000000.0,3000000.0,-486000000.0,0.0,-516000000.0,256000000.0,0.0,266000000.0,35000000.0,-250000000.0,-250000000.0,-250000000.0,0.0,0.0,-0.038,638000000.0,110000000.0,1734000000.0,0.0,-14.649,-4.453,-4.441,2081000000.0,0.0,6.75,0.169,0.169,1099000000.0,,6583000000.0,6583000000.0,0.0,-0.031,3.69,0.024,0.026,0.0,326000000.0,1.0,164942262.0,164942505.0,,39.911,5645000000.0,0.0,65000000.0,47000000.0,34.224,413000000.0
72,CCK,MRT,2003-06-30,2003-06-30,2003-06-30,2021-07-23,0.0,8207000000.0,,2530000000.0,5677000000.0,,-0.34,-59000000.0,438000000.0,438000000.0,5868000000.0,-185000000.0,1.221,-147.554,4364000000.0,252000000.0,4112000000.0,4364000000.0,0.0,190000000.0,0.0,0.0,0.0,181000000.0,371000000.0,0.056,371000000.0,181000000.0,-162000000.0,-0.47,-0.56,-0.47,-56000000.0,,-56000000.0,5126339354.0,28.0,13.818,273000000.0,1.655,1.0,754000000.0,0.114,2362000000.0,343000000.0,7699000000.0,,975000000.0,93000000.0,0.0,93000000.0,8263000000.0,2072000000.0,6191000000.0,1177339354.0,-32000000.0,480000000.0,4000000.0,-689000000.0,0.0,-693000000.0,263000000.0,0.0,332000000.0,66000000.0,-185000000.0,-185000000.0,-185000000.0,0.0,0.0,-0.028,594000000.0,160000000.0,1762000000.0,0.0,-21.024,-6.364,-15.191,2176000000.0,0.0,7.14,0.178,0.178,1050000000.0,,6622000000.0,6622000000.0,0.0,,,,0.027,0.0,327000000.0,1.0,164893467.0,164910274.0,,40.155,5845000000.0,0.0,23000000.0,58000000.0,35.444,458000000.0
73,CCK,MRT,2003-03-31,2003-03-31,2003-03-31,2021-07-23,0.0,8055000000.0,,2498000000.0,5557000000.0,,-0.317,-53000000.0,545000000.0,545000000.0,5910000000.0,-171000000.0,1.19,-155.904,4494000000.0,394000000.0,4100000000.0,4494000000.0,0.0,284000000.0,0.0,0.0,0.0,186000000.0,470000000.0,0.07,470000000.0,186000000.0,-142000000.0,-8.16,-8.16,-8.16,-52000000.0,,-52000000.0,4617683008.0,25.0,9.825,298000000.0,1.819,1.0,775000000.0,0.116,2289000000.0,328000000.0,7615000000.0,,917000000.0,112000000.0,0.0,112000000.0,8107000000.0,2100000000.0,6007000000.0,926683008.0,-46000000.0,480000000.0,2000000.0,-565000000.0,0.0,-590000000.0,144000000.0,0.0,351000000.0,49000000.0,-171000000.0,-171000000.0,-171000000.0,0.0,0.0,-0.026,592000000.0,183000000.0,1642000000.0,0.0,-17.821,-5.419,-0.689,2170000000.0,0.0,5.62,0.139,0.138,929000000.0,,6685000000.0,6685000000.0,0.0,,,,0.028,0.0,322000000.0,1.0,164890215.0,163843107.0,,40.801,5766000000.0,0.0,29000000.0,64000000.0,35.192,398000000.0
74,CCK,MRT,2002-12-31,2002-12-31,2002-12-31,2021-07-23,-1386000000.0,7505000000.0,8562500000.0,2024000000.0,5481000000.0,0.793,-0.528,-70000000.0,363000000.0,363000000.0,5994000000.0,-1205000000.0,0.892,-87.264,4054000000.0,666000000.0,3388000000.0,4054000000.0,0.0,375000000.0,0.0,0.0,0.0,-833000000.0,-458000000.0,-0.067,-458000000.0,-833000000.0,-1175000000.0,-8.38,-8.38,-8.38,-87000000.0,358500000.0,-87000000.0,,,,345000000.0,2.092,1.0,798000000.0,0.117,2269000000.0,342000000.0,6657000000.0,7505000000.0,779000000.0,111000000.0,0.0,111000000.0,7592000000.0,2270000000.0,5322000000.0,1310877209.0,-93000000.0,661000000.0,3000000.0,-1101000000.0,0.0,-1128000000.0,591000000.0,0.0,415000000.0,29000000.0,-1205000000.0,-1205000000.0,-1205000000.0,0.0,0.0,-0.177,613000000.0,185000000.0,1541000000.0,0.0,-15.068,-1.088,-0.949,2212000000.0,0.0,7.95,0.193,0.193,806000000.0,-1183000000.0,6792000000.0,6792000000.0,0.0,-0.141,-3.361,-0.111,-0.123,0.0,317000000.0,1.0,164890215.0,164890215.0,,41.191,5236000000.0,0.0,30000000.0,63000000.0,31.754,-246000000.0
75,CCK,MRT,2002-09-30,2002-09-30,2002-09-30,2021-07-23,,,,,,,,,,,,,,,,,,,,,,0.0,0.0,,,,,,,,,,,,,,,,,,1.0,,,,,,,,,,,,,,,,,,,,,,,,,,,,,,,,,,,,,,,,5.25,,,,,,,,,,,,,,1.0,,158765765.0,,,,,,,,
76,CCK,MRT,2002-06-30,2002-06-30,2002-06-30,2021-07-23,,,,,,,,,,,,,,,,,,,,,,0.0,0.0,,,,,,,,,,,,,,,,,,1.0,,,,,,,,,,,,,,,,,,,,,,,,,,,,,,,,,,,,,,,,6.85,,,,,,,,,,,,,,1.0,,131190899.0,,,,,,,,
77,CCK,MRT,2002-03-31,2002-03-31,2002-03-31,2021-07-23,,,,,,,,,,,,,,,,,,,,,,0.0,0.0,,,,,,,,,,,,,,,,,,1.0,,,,,,,,,,,,,,,,,,,,,,,,,,,,,,,,,,,,,,,,8.95,,,,,,,,,,,,,,1.0,,125731235.0,,,,,,,,
78,CCK,MRT,2001-12-31,2001-12-31,2001-12-31,2021-07-23,-1447000000.0,9620000000.0,,2422000000.0,7198000000.0,,,-140000000.0,456000000.0,456000000.0,6449000000.0,-972000000.0,0.966,10.965,5320000000.0,845000000.0,4475000000.0,5320000000.0,0.0,499000000.0,0.0,0.0,0.0,11000000.0,510000000.0,0.071,510000000.0,11000000.0,-444000000.0,-7.77,-7.77,-7.77,804000000.0,,804000000.0,,,,170000000.0,,1.0,738000000.0,0.103,3625000000.0,455000000.0,8353000000.0,,862000000.0,99000000.0,0.0,99000000.0,8816000000.0,2506000000.0,6310000000.0,,74000000.0,0.0,0.0,-68000000.0,0.0,-63000000.0,-163000000.0,0.0,310000000.0,-10000000.0,-972000000.0,-972000000.0,-972000000.0,0.0,0.0,-0.135,735000000.0,3000000.0,1593000000.0,0.0,,,-0.327,2618000000.0,0.0,2.54,,,1014000000.0,22000000.0,7187000000.0,7187000000.0,0.0,,,,0.002,0.0,310000000.0,1.0,,,,,5995000000.0,0.0,528000000.0,68000000.0,,-84000000.0
79,CCK,MRT,2000-12-31,2000-12-31,2000-12-31,2021-07-23,,,,,,,,-234000000.0,,,6361000000.0,-174000000.0,,,,,,,,495000000.0,,0.134,1.0,161000000.0,656000000.0,0.09,656000000.0,161000000.0,-232000000.0,-1.4,-1.4,-1.4,,,,,,,36000000.0,,1.0,928000000.0,0.127,,393000000.0,,,,,,,,,,,115000000.0,-11000000.0,-47000000.0,389000000.0,-127000000.0,127000000.0,-248000000.0,0.0,270000000.0,-34000000.0,-174000000.0,-176000000.0,-176000000.0,0.0,0.0,-0.024,764000000.0,164000000.0,,-0.714,,,-5.313,,2000000.0,7.438,,,,,7289000000.0,7289000000.0,0.0,,,,0.022,0.0,314000000.0,1.0,,,,,,,-58000000.0,,,
