None,ticker,dimension,calendardate,datekey,reportperiod,lastupdated,accoci,assets,assetsavg,assetsc,assetsnc,assetturnover,bvps,capex,cashneq,cashnequsd,cor,consolinc,currentratio,de,debt,debtc,debtnc,debtusd,deferredrev,depamor,deposits,divyield,dps,ebit,ebitda,ebitdamargin,ebitdausd,ebitusd,ebt,eps,epsdil,epsusd,equity,equityavg,equityusd,ev,evebit,evebitda,fcf,fcfps,fxusd,gp,grossmargin,intangibles,intexp,invcap,invcapavg,inventory,investments,investmentsc,investmentsnc,liabilities,liabilitiesc,liabilitiesnc,marketcap,ncf,ncfbus,ncfcommon,ncfdebt,ncfdiv,ncff,ncfi,ncfinv,ncfo,ncfx,netinc,netinccmn,netinccmnusd,netincdis,netincnci,netmargin,opex,opinc,payables,payoutratio,pb,pe,pe1,ppnenet,prefdivis,price,ps,ps1,receivables,retearn,revenue,revenueusd,rnd,roa,roe,roic,ros,sbcomp,sgna,sharefactor,sharesbas,shareswa,shareswadil,sps,tangibles,taxassets,taxexp,taxliabilities,tbvps,workingcapital
0,DNB3,MRY,2017-12-31,2017-12-31,2017-12-31,2020-07-01,-1016900000.0,2480900000.0,2328725000.0,1093700000.0,1387200000.0,0.748,-22.42,-62100000.0,442400000.0,442400000.0,574700000.0,140900000.0,1.039,-3.979,1678100000.0,32500000.0,1645600000.0,1678100000.0,684400000.0,79700000.0,0.0,0.017,2.01,380300000.0,460000000.0,0.264,460000000.0,380300000.0,320600000.0,3.82,3.79,3.82,-827300000.0,-906650000.0,-827300000.0,5627002340.0,15.0,12.233,224400000.0,6.081,1.0,1167800000.0,0.67,1228600000.0,59700000.0,1435600000.0,1396925000.0,0.0,0.0,0.0,0.0,3292100000.0,1052400000.0,2239700000.0,4376402340.0,89800000.0,-151800000.0,-200000.0,58700000.0,-74200000.0,-18800000.0,-206600000.0,500000.0,286500000.0,28700000.0,140900000.0,140900000.0,140900000.0,800000.0,0.0,0.081,784900000.0,382900000.0,37400000.0,0.526,-5.29,31.06,30.997,38900000.0,0.0,118.41,2.512,2.508,611200000.0,3176300000.0,1742500000.0,1742500000.0,0.0,0.061,-0.155,0.272,0.218,27400000.0,673100000.0,1.0,36959736.0,36900000,37200000.0,47.222,1252300000.0,62000000.0,179700000.0,55800000.0,33.938,41300000.0
1,DNB3,MRY,2016-12-31,2016-12-31,2016-12-31,2020-07-01,-949600000.0,2209200000.0,2141250000.0,944400000.0,1264800000.0,0.796,-27.452,-60200000.0,352600000.0,352600000.0,542600000.0,97400000.0,0.935,-3.191,1617000000.0,22500000.0,1594500000.0,1617000000.0,628100000.0,68600000.0,0.0,0.016,1.93,250400000.0,319000000.0,0.187,319000000.0,250400000.0,197300000.0,2.67,2.65,2.67,-1002000000.0,-1069400000.0,-1002000000.0,5741697149.0,23.0,17.999,262500000.0,7.192,1.0,1161100000.0,0.682,1056100000.0,53100000.0,1407500000.0,1408275000.0,0.0,0.0,0.0,0.0,3197000000.0,1010000000.0,2187000000.0,4462597149.0,-13100000.0,13000000.0,44000000.0,-202600000.0,-70500000.0,-224900000.0,-58100000.0,500000.0,322700000.0,-52800000.0,97400000.0,97400000.0,97400000.0,4100000.0,0.0,0.057,801900000.0,359200000.0,46700000.0,0.723,-4.454,45.817,45.438,39400000.0,0.0,121.32,2.619,2.599,556800000.0,2959600000.0,1703700000.0,1703700000.0,0.0,0.045,-0.091,0.178,0.147,28200000.0,711200000.0,1.0,36783689.0,36500000,36800000.0,46.677,1153100000.0,114200000.0,99900000.0,49400000.0,31.592,-65600000.0
2,DNB3,MRY,2015-12-31,2015-12-31,2015-12-31,2020-07-01,-965500000.0,2266500000.0,2117325000.0,959600000.0,1306900000.0,0.773,-30.936,-64800000.0,365700000.0,365700000.0,544700000.0,168800000.0,1.0,-3.019,1817000000.0,20000000.0,1797000000.0,1817000000.0,647800000.0,58700000.0,0.0,0.018,1.85,294000000.0,352700000.0,0.215,352700000.0,294000000.0,243000000.0,4.68,4.64,4.68,-1116800000.0,-1178200000.0,-1116800000.0,5221310900.0,18.0,14.804,278400000.0,7.712,1.0,1092400000.0,0.667,1132800000.0,51000000.0,1625800000.0,1484275000.0,0.0,0.0,0.0,0.0,3371800000.0,959200000.0,2412600000.0,3755310900.0,46300000.0,-284400000.0,8400000.0,171300000.0,-66700000.0,110700000.0,-376500000.0,-6300000.0,343200000.0,-31100000.0,168800000.0,168800000.0,168800000.0,35400000.0,0.0,0.103,755400000.0,337000000.0,31300000.0,0.395,-3.363,22.247,22.207,27200000.0,0.0,103.93,2.294,2.292,541400000.0,2932800000.0,1637100000.0,1637100000.0,0.0,0.08,-0.143,0.198,0.18,18700000.0,664400000.0,1.0,36133079.0,36100000,36400000.0,45.349,1133700000.0,112200000.0,74200000.0,37000000.0,31.404,400000.0
3,DNB3,MRY,2014-12-31,2014-12-31,2014-12-31,2020-07-01,-922100000.0,1986200000.0,1839000000.0,932600000.0,1053600000.0,0.862,-32.967,-47200000.0,316300000.0,316300000.0,530100000.0,294400000.0,0.805,-2.643,1653300000.0,301100000.0,1352200000.0,1653300000.0,567000000.0,52500000.0,0.0,0.015,1.76,392000000.0,444500000.0,0.281,444500000.0,392000000.0,348700000.0,8.06,7.99,8.06,-1203300000.0,-1112250000.0,-1203300000.0,5667052795.0,14.0,12.749,268300000.0,7.351,1.0,1054400000.0,0.665,550900000.0,43300000.0,1613400000.0,1518225000.0,0.0,0.0,0.0,0.0,3180800000.0,1158900000.0,2021900000.0,4343652795.0,83500000.0,-8300000.0,-217300000.0,137400000.0,-64000000.0,-144400000.0,-70000000.0,0.0,315500000.0,-17600000.0,294400000.0,294400000.0,294400000.0,-10100000.0,0.0,0.186,643000000.0,411400000.0,28000000.0,0.218,-3.61,14.754,15.007,22000000.0,0.0,120.96,2.741,2.786,519200000.0,2831100000.0,1584500000.0,1584500000.0,0.0,0.16,-0.265,0.258,0.247,14000000.0,575600000.0,1.0,35909828.0,36500000,36900000.0,43.411,1435300000.0,239200000.0,54300000.0,44400000.0,39.323,-226300000.0
4,DNB3,MRY,2013-12-31,2013-12-31,2013-12-31,2020-07-01,-738800000.0,1890300000.0,1870175000.0,822400000.0,1067900000.0,0.833,-26.813,-49300000.0,235900000.0,235900000.0,524400000.0,258500000.0,0.965,-2.797,1516100000.0,100000.0,1516000000.0,1516100000.0,600800000.0,60400000.0,0.0,0.013,1.6,434800000.0,495200000.0,0.318,495200000.0,434800000.0,394100000.0,6.61,6.54,6.61,-1048400000.0,-1138475000.0,-1048400000.0,5925882103.0,14.0,11.967,284000000.0,7.263,1.0,1034000000.0,0.664,773700000.0,40700000.0,1544500000.0,1448525000.0,0.0,0.0,0.0,0.0,2932600000.0,852300000.0,2080300000.0,4684182103.0,86800000.0,800000.0,-350400000.0,225700000.0,-62500000.0,-184300000.0,-61600000.0,0.0,333300000.0,-600000.0,258500000.0,258500000.0,258500000.0,-9800000.0,0.0,0.166,607900000.0,426100000.0,41400000.0,0.242,-4.468,18.121,18.57,39600000.0,0.0,122.75,3.006,3.08,570400000.0,2600900000.0,1558400000.0,1558400000.0,0.0,0.138,-0.227,0.3,0.279,17200000.0,533600000.0,1.0,38160343.0,39100000,39500000.0,39.857,1116600000.0,171500000.0,135600000.0,115500000.0,28.558,-29900000.0
5,DNB3,MRY,2012-12-31,2012-12-31,2012-12-31,2020-07-01,-852100000.0,1991800000.0,1878200000.0,747400000.0,1244400000.0,0.885,-22.311,-74400000.0,149100000.0,149100000.0,521000000.0,296500000.0,0.853,-2.955,1290900000.0,200000.0,1290700000.0,1290900000.0,610700000.0,78300000.0,0.0,0.019,1.52,418100000.0,496400000.0,0.298,496400000.0,418100000.0,378600000.0,6.47,6.43,6.47,-1017400000.0,-811250000.0,-1017400000.0,4392163755.0,11.0,8.848,283400000.0,6.215,1.0,1142000000.0,0.687,851300000.0,39500000.0,1405600000.0,890575000.0,0.0,0.0,0.0,0.0,3006100000.0,876700000.0,2129400000.0,3505063755.0,64700000.0,9100000.0,-487900000.0,325800000.0,-69000000.0,-235900000.0,-59000000.0,0.0,357800000.0,1800000.0,295500000.0,295500000.0,295500000.0,0.0,1000000.0,0.178,709900000.0,432100000.0,40900000.0,0.235,-3.445,11.861,12.156,40600000.0,0.0,78.65,2.108,2.157,567900000.0,2405500000.0,1663000000.0,1663000000.0,0.0,0.157,-0.364,0.469,0.251,15400000.0,602200000.0,1.0,44565337.0,45600000,46000000.0,36.469,1140500000.0,274100000.0,83100000.0,115400000.0,25.011,-129300000.0
6,DNB3,MRY,2011-12-31,2011-12-31,2011-12-31,2020-07-01,-806700000.0,1977100000.0,1836325000.0,726900000.0,1250200000.0,0.958,-15.213,-53400000.0,84400000.0,84400000.0,587100000.0,260200000.0,0.762,-3.653,965000000.0,1100000.0,963900000.0,965000000.0,598200000.0,81100000.0,0.0,0.019,1.44,406500000.0,487600000.0,0.277,487600000.0,406500000.0,369500000.0,5.31,5.28,5.31,-743900000.0,-628075000.0,-743900000.0,4441143797.0,11.0,9.108,259500000.0,5.307,1.0,1171400000.0,0.666,842100000.0,37000000.0,1062100000.0,791400000.0,0.0,0.0,0.0,0.0,2717300000.0,953500000.0,1763800000.0,3637443797.0,5900000.0,-15800000.0,-155800000.0,-15800000.0,-70400000.0,-238000000.0,-73400000.0,-1000000.0,312900000.0,4400000.0,260300000.0,260300000.0,260300000.0,0.0,-100000.0,0.148,746600000.0,424800000.0,36400000.0,0.271,-4.89,13.974,14.092,45700000.0,0.0,74.83,2.068,2.081,571600000.0,2179300000.0,1758500000.0,1758500000.0,0.0,0.142,-0.414,0.514,0.231,18800000.0,643400000.0,1.0,48609432.0,48900000,49300000.0,35.961,1135000000.0,276700000.0,109200000.0,147200000.0,23.211,-226600000.0
7,DNB3,MRY,2010-12-31,2010-12-31,2010-12-31,2020-07-01,-681100000.0,1919500000.0,1744700000.0,668300000.0,1251200000.0,0.961,-13.579,-65900000.0,78500000.0,78500000.0,557700000.0,250900000.0,0.693,-3.82,973500000.0,1500000.0,972000000.0,973500000.0,615300000.0,68100000.0,0.0,0.017,1.4,436000000.0,504100000.0,0.301,504100000.0,436000000.0,390000000.0,5.03,4.98,5.03,-677600000.0,-746300000.0,-677600000.0,4967884073.0,11.0,9.855,253500000.0,5.08,1.0,1118900000.0,0.667,867400000.0,46000000.0,982200000.0,687050000.0,0.0,0.0,0.0,0.0,2588300000.0,964900000.0,1623400000.0,4089084073.0,-144400000.0,-187900000.0,-126700000.0,5000000.0,-70000000.0,-192900000.0,-253600000.0,0.0,319400000.0,-17300000.0,252100000.0,252100000.0,252100000.0,0.0,-1200000.0,0.15,709800000.0,409100000.0,34800000.0,0.278,-6.035,16.22,16.32,53100000.0,0.0,82.09,2.439,2.443,578900000.0,1989500000.0,1676600000.0,1676600000.0,0.0,0.144,-0.338,0.635,0.26,24300000.0,626900000.0,1.0,49812207.0,49900000,50400000.0,33.599,1052100000.0,215000000.0,137900000.0,151400000.0,21.084,-296600000.0
8,DNB3,MRY,2009-12-31,2009-12-31,2009-12-31,2020-07-01,-689000000.0,1749400000.0,1646875000.0,759600000.0,989800000.0,1.024,-14.258,-65300000.0,222900000.0,222900000.0,500300000.0,322000000.0,0.884,-3.33,963500000.0,1700000.0,961800000.0,963500000.0,539700000.0,58100000.0,0.0,0.016,1.36,477200000.0,535300000.0,0.317,535300000.0,477200000.0,431500000.0,6.06,5.99,6.06,-745700000.0,-748725000.0,-745700000.0,5092290168.0,11.0,9.513,304200000.0,5.816,1.0,1186700000.0,0.703,651200000.0,45700000.0,979700000.0,883250000.0,0.0,0.0,0.0,0.0,2483400000.0,859100000.0,1624300000.0,4385090168.0,58700000.0,-62900000.0,-204400000.0,56000000.0,-71500000.0,-213100000.0,-120700000.0,-5000000.0,369500000.0,23000000.0,319400000.0,319400000.0,319400000.0,0.0,2600000.0,0.189,722200000.0,464500000.0,36400000.0,0.224,-5.881,13.729,13.922,53600000.0,0.0,84.37,2.599,2.616,515900000.0,1830700000.0,1687000000.0,1687000000.0,0.0,0.194,-0.427,0.54,0.283,28800000.0,641000000.0,1.0,51974519.0,52300000,52900000.0,32.256,1098200000.0,216400000.0,112100000.0,118500000.0,20.998,-99500000.0
9,DNB3,MRY,2008-12-31,2008-12-31,2008-12-31,2020-07-01,-722000000.0,1586000000.0,1629400000.0,695800000.0,890200000.0,1.059,-15.748,-59500000.0,164200000.0,164200000.0,480700000.0,313000000.0,0.766,-2.844,904800000.0,500000.0,904300000.0,904800000.0,536500000.0,58500000.0,0.0,0.016,1.2,486000000.0,544500000.0,0.315,544500000.0,486000000.0,438600000.0,5.67,5.58,5.67,-856700000.0,-603100000.0,-856700000.0,4796086765.0,10.0,8.808,377000000.0,6.93,1.0,1245600000.0,0.722,558900000.0,47400000.0,859200000.0,903350000.0,0.0,0.0,0.0,0.0,2436600000.0,908500000.0,1528100000.0,4162086765.0,-25500000.0,-60400000.0,-358100000.0,178100000.0,-65600000.0,-242500000.0,-166200000.0,-10000000.0,436500000.0,-53300000.0,310600000.0,310600000.0,310600000.0,-1100000.0,2400000.0,0.18,775900000.0,469700000.0,63000000.0,0.212,-4.858,13.4,13.616,53100000.0,0.0,77.2,2.411,2.433,516600000.0,1582800000.0,1726300000.0,1726300000.0,0.0,0.191,-0.515,0.538,0.282,35900000.0,686000000.0,1.0,53913041.0,54400000,55300000.0,31.733,1027100000.0,223800000.0,128000000.0,111400000.0,18.881,-212700000.0
10,DNB3,MRY,2007-12-31,2007-12-31,2007-12-31,2020-07-01,-354200000.0,1658800000.0,1471975000.0,718300000.0,940500000.0,1.086,-7.549,-72100000.0,175800000.0,175800000.0,430400000.0,297200000.0,0.789,-4.761,724800000.0,0.0,724800000.0,724800000.0,531300000.0,46600000.0,0.0,0.011,1.0,462200000.0,508800000.0,0.318,508800000.0,462200000.0,433900000.0,5.08,4.97,5.08,-440100000.0,-451200000.0,-440100000.0,5517347712.0,12.0,10.844,321800000.0,5.52,1.0,1168800000.0,0.731,491800000.0,28300000.0,806000000.0,648300000.0,0.0,0.0,0.0,0.0,2095300000.0,910000000.0,1185300000.0,5137747712.0,51300000.0,-144500000.0,-377200000.0,265800000.0,-58400000.0,-143000000.0,-217200000.0,0.0,393900000.0,17600000.0,298100000.0,298100000.0,298100000.0,-5400000.0,-900000.0,0.186,743200000.0,425600000.0,30500000.0,0.197,-11.674,17.235,17.447,50300000.0,0.0,88.63,3.213,3.231,498200000.0,1320700000.0,1599200000.0,1599200000.0,0.0,0.203,-0.661,0.713,0.289,33300000.0,671500000.0,1.0,57968495.0,58300000,59600000.0,27.431,1167000000.0,60200000.0,135800000.0,93700000.0,20.017,-191700000.0
11,DNB3,MRY,2006-12-31,2006-12-31,2006-12-31,2020-07-01,-453000000.0,1360100000.0,1459250000.0,645000000.0,715100000.0,1.011,-6.315,-52200000.0,127700000.0,127700000.0,410900000.0,240700000.0,0.801,-4.408,459000000.0,100000.0,458900000.0,459000000.0,466700000.0,32100000.0,0.0,0.0,0.0,403100000.0,435200000.0,0.295,435200000.0,403100000.0,382800000.0,3.81,3.7,3.81,-399100000.0,-165875000.0,-399100000.0,5345939882.0,13.0,12.284,252700000.0,3.998,1.0,1064000000.0,0.721,278600000.0,20300000.0,607300000.0,697350000.0,0.0,0.0,0.0,0.0,1759200000.0,805500000.0,953700000.0,5084339882.0,-56900000.0,-8800000.0,-612200000.0,158700000.0,0.0,-431500000.0,47300000.0,109400000.0,304900000.0,22400000.0,240700000.0,240700000.0,240700000.0,-2000000.0,0.0,0.163,670300000.0,393700000.0,37300000.0,0.0,-12.74,21.123,21.73,50500000.0,0.0,82.79,3.447,3.548,408700000.0,1132200000.0,1474900000.0,1474900000.0,0.0,0.165,-1.451,0.578,0.273,30700000.0,612700000.0,1.0,61412488.0,63200000,65100000.0,23.337,1081500000.0,161800000.0,142100000.0,56300000.0,17.112,-160500000.0
12,DNB3,MRY,2005-12-31,2005-12-31,2005-12-31,2020-07-01,-287600000.0,1613400000.0,1570225000.0,759300000.0,854100000.0,0.879,1.162,-27900000.0,195300000.0,195300000.0,355800000.0,221200000.0,0.738,19.782,300900000.0,300800000.0,100000.0,300900000.0,413700000.0,34600000.0,0.0,0.0,0.0,375400000.0,410000000.0,0.297,410000000.0,375400000.0,354300000.0,3.31,3.19,3.31,77600000.0,38000000.0,77600000.0,4484075165.0,12.0,10.937,233600000.0,3.497,1.0,1024200000.0,0.742,252200000.0,21100000.0,437700000.0,368125000.0,0.0,109400000.0,109400000.0,0.0,1535100000.0,1029100000.0,506000000.0,4445375165.0,-57600000.0,-300000.0,-231100000.0,-100000.0,0.0,-241200000.0,-54100000.0,-26800000.0,261500000.0,-23800000.0,221200000.0,221200000.0,221200000.0,1300000.0,0.0,0.16,659600000.0,364600000.0,43900000.0,0.0,57.286,20.097,20.23,44200000.0,0.0,66.96,3.221,3.241,380300000.0,891500000.0,1380000000.0,1380000000.0,0.0,0.141,5.821,1.02,0.272,86600000.0,594300000.0,1.0,66388518.0,66800000,69400000.0,20.659,1361200000.0,96200000.0,133100000.0,1500000.0,20.377,-269800000.0
13,DNB3,MRY,2004-12-31,2004-12-31,2004-12-31,2020-07-01,-256100000.0,1635500000.0,1589775000.0,762100000.0,873400000.0,0.889,0.77,-28800000.0,252900000.0,252900000.0,403900000.0,211800000.0,1.068,29.175,300000000.0,0.0,300000000.0,300000000.0,388600000.0,47300000.0,0.0,0.0,0.0,359900000.0,407200000.0,0.288,407200000.0,359900000.0,341000000.0,3.01,2.9,3.01,54200000.0,35925000.0,54200000.0,4250855137.0,12.0,10.439,238800000.0,3.392,1.0,1010100000.0,0.714,249400000.0,18900000.0,719600000.0,689700000.0,0.0,82600000.0,82600000.0,0.0,1581300000.0,713600000.0,867700000.0,4144755137.0,13900000.0,63800000.0,-233800000.0,0.0,0.0,-233500000.0,-39200000.0,-70800000.0,267600000.0,19000000.0,211800000.0,211800000.0,211800000.0,0.0,0.0,0.15,691300000.0,318800000.0,50200000.0,0.0,76.471,19.569,19.817,51200000.0,0.0,59.65,2.931,2.97,398900000.0,670300000.0,1414000000.0,1414000000.0,0.0,0.133,5.896,0.522,0.255,17800000.0,612000000.0,1.0,69484579.0,70400000,73100000.0,20.085,1386100000.0,76800000.0,129200000.0,22200000.0,19.689,48500000.0
14,DNB3,MRY,2003-12-31,2003-12-31,2003-12-31,2020-07-01,-270400000.0,1624700000.0,1579950000.0,730800000.0,893900000.0,0.877,0.659,49900000.0,239000000.0,239000000.0,433300000.0,174500000.0,0.993,32.568,299900000.0,0.0,299900000.0,299900000.0,391300000.0,64000000.0,0.0,0.0,0.0,299300000.0,363300000.0,0.262,363300000.0,299300000.0,280700000.0,2.37,2.3,2.37,48400000.0,18625000.0,48400000.0,3787110966.0,13.0,10.424,285600000.0,3.886,1.0,953100000.0,0.687,304100000.0,18600000.0,645600000.0,658675000.0,0.0,5100000.0,5100000.0,0.0,1576300000.0,735900000.0,840400000.0,3686910966.0,47100000.0,-106200000.0,-132700000.0,0.0,0.0,-132800000.0,-65300000.0,4300000.0,235700000.0,9500000.0,174500000.0,174500000.0,174500000.0,0.0,0.0,0.126,661300000.0,291800000.0,50900000.0,0.0,76.176,21.128,21.397,55100000.0,0.0,50.71,2.659,2.688,385100000.0,458500000.0,1386400000.0,1386400000.0,0.0,0.11,9.369,0.454,0.216,14500000.0,579900000.0,1.0,72705797.0,73490000,75826000.0,18.865,1320600000.0,83500000.0,106200000.0,49300000.0,17.97,-5100000.0
15,DNB3,MRY,2002-12-31,2002-12-31,2002-12-31,2020-07-01,-281400000.0,1527700000.0,1439050000.0,614200000.0,913500000.0,0.886,-0.252,-32000000.0,191900000.0,191900000.0,392100000.0,143400000.0,0.855,-82.261,299900000.0,0.0,299900000.0,299900000.0,367100000.0,84200000.0,0.0,0.0,0.0,257000000.0,341200000.0,0.267,341200000.0,257000000.0,237500000.0,1.93,1.87,1.93,-18800000.0,-48875000.0,-18800000.0,2727448315.0,11.0,7.994,181100000.0,2.431,1.0,883500000.0,0.693,252800000.0,19500000.0,664800000.0,667775000.0,0.0,0.0,0.0,0.0,1546500000.0,718100000.0,828400000.0,2563448315.0,46600000.0,-17300000.0,-105600000.0,0.0,0.0,-104700000.0,-55200000.0,-4500000.0,213100000.0,-6600000.0,143400000.0,143400000.0,143400000.0,0.0,0.0,0.112,627600000.0,255900000.0,47400000.0,0.0,-136.354,17.876,17.87,149700000.0,0.0,34.49,2.01,2.015,383200000.0,284000000.0,1275600000.0,1275600000.0,0.0,0.1,-2.934,0.385,0.201,5400000.0,512500000.0,1.0,74324393.0,74511000,76874000.0,17.12,1274900000.0,81900000.0,94100000.0,49300000.0,17.11,-103900000.0
16,DNB3,MRY,2001-12-31,2001-12-31,2001-12-31,2020-07-01,-237300000.0,1462600000.0,1446675000.0,580200000.0,882400000.0,0.902,-0.239,-53200000.0,145300000.0,145300000.0,441200000.0,149900000.0,0.838,-77.979,299600000.0,0.0,299600000.0,299600000.0,359500000.0,94500000.0,0.0,0.0,0.0,266500000.0,361000000.0,0.277,361000000.0,266500000.0,250100000.0,1.89,1.84,1.89,-19000000.0,-14175000.0,-19000000.0,2901713795.0,11.0,8.038,163900000.0,2.064,1.0,863400000.0,0.662,243200000.0,16400000.0,681500000.0,647875000.0,0.0,0.0,0.0,0.0,1481600000.0,692200000.0,789400000.0,2772713795.0,75200000.0,72400000.0,-125900000.0,250100000.0,0.0,-177400000.0,23900000.0,0.0,217100000.0,11600000.0,149900000.0,149900000.0,149900000.0,0.0,0.0,0.115,639800000.0,223600000.0,0.0,0.0,-145.932,18.497,18.677,158000000.0,0.0,35.3,2.125,2.148,317800000.0,140700000.0,1304600000.0,1304600000.0,0.0,0.104,-10.575,0.411,0.204,7700000.0,523500000.0,1.0,78547133.0,79391000,81510000.0,16.433,1219400000.0,0.0,100200000.0,0.0,15.359,-112000000.0
17,DNB3,MRY,2000-12-31,2000-12-31,2000-12-31,2020-07-01,-236100000.0,1453200000.0,1514000000.0,538600000.0,914600000.0,0.935,-0.574,-67100000.0,70100000.0,70100000.0,515900000.0,204400000.0,0.701,-32.252,49600000.0,49600000.0,0.0,49600000.0,365100000.0,111200000.0,0.0,0.0,0.0,290800000.0,402000000.0,0.284,402000000.0,290800000.0,282200000.0,2.52,2.49,2.52,-46500000.0,-231550000.0,-46500000.0,2095412344.0,7.0,5.212,-39900000.0,-0.493,1.0,899200000.0,0.635,276500000.0,8600000.0,388000000.0,313100000.0,0.0,0.0,0.0,0.0,1499700000.0,768200000.0,731500000.0,2110712344.0,-39300000.0,-6000000.0,-9100000.0,-75200000.0,-89800000.0,18800000.0,-81700000.0,0.0,27200000.0,-3600000.0,204400000.0,204400000.0,204400000.0,-133000000.0,0.0,0.144,728900000.0,170300000.0,0.0,0.0,-45.392,10.326,10.27,202800000.0,0.0,25.88,1.492,1.481,376300000.0,-5100000.0,1415100000.0,1415100000.0,0.0,0.135,-0.883,0.929,0.205,0.0,546700000.0,1.0,81557664.0,81001000,81994000.0,17.47,1176700000.0,0.0,77800000.0,0.0,14.527,-229600000.0
18,DNB3,MRY,1999-12-31,1999-12-31,1999-12-31,2020-07-01,-219500000.0,1574800000.0,1574750000.0,606700000.0,968100000.0,0.893,-5.135,-109600000.0,109400000.0,109400000.0,538300000.0,255300000.0,0.585,-4.78,126200000.0,126200000.0,0.0,126200000.0,353200000.0,127900000.0,0.0,,0.0,324100000.0,452000000.0,0.321,452000000.0,324100000.0,319100000.0,3.15,3.11,3.15,-416600000.0,-393800000.0,-416600000.0,,,,248100000.0,3.058,1.0,868400000.0,0.617,316400000.0,5000000.0,238200000.0,210700000.0,0.0,0.0,0.0,0.0,1991400000.0,1037000000.0,954400000.0,,22700000.0,0.0,-189500000.0,88800000.0,-120100000.0,-218000000.0,-116700000.0,0.0,357700000.0,-300000.0,255300000.0,255300000.0,255300000.0,-174700000.0,0.0,0.181,708500000.0,159900000.0,0.0,0.0,,,,240300000.0,0.0,,,,363700000.0,-105900000.0,1406700000.0,1406700000.0,0.0,0.162,-0.648,1.538,0.23,0.0,539400000.0,1.0,40778832.0,81127000,82142000.0,17.339,1258400000.0,0.0,63800000.0,175400000.0,15.511,-430300000.0
19,DNB3,MRY,1998-12-31,1998-12-31,1998-12-31,2020-07-01,-214800000.0,1574700000.0,,585500000.0,989200000.0,,-4.378,-134400000.0,86700000.0,86700000.0,536200000.0,280100000.0,0.58,-5.244,36900000.0,36900000.0,0.0,36900000.0,385200000.0,126200000.0,0.0,,0.0,363200000.0,489400000.0,0.345,489400000.0,363200000.0,351200000.0,3.31,3.26,3.31,-371000000.0,,-371000000.0,,,,240800000.0,2.841,1.0,884300000.0,0.623,333000000.0,12000000.0,183200000.0,,0.0,0.0,0.0,0.0,1945700000.0,1008700000.0,937000000.0,,9900000.0,0.0,-179200000.0,85400000.0,-137400000.0,-227300000.0,-136600000.0,4100000.0,375200000.0,-1400000.0,280100000.0,280100000.0,280100000.0,-193900000.0,0.0,0.197,696600000.0,187700000.0,0.0,0.0,,,,258200000.0,0.0,,,,351000000.0,-240900000.0,1420500000.0,1420500000.0,0.0,,,,0.256,0.0,542400000.0,1.0,,84746000,85852000.0,16.762,1241700000.0,0.0,71100000.0,163400000.0,14.652,-423200000.0
20,DNB3,MRY,1997-12-31,1997-12-31,1997-12-31,2020-07-01,,,,,,,,-111800000.0,,,512900000.0,184000000.0,,,,,,,,115800000.0,,,0.0,279800000.0,395600000.0,0.292,395600000.0,279800000.0,226500000.0,2.16,2.14,2.16,,,,,,,385800000.0,4.518,1.0,840700000.0,0.621,,53300000.0,,,,,,,,,,,-44600000.0,0.0,-19300000.0,-669000000.0,-150600000.0,-529700000.0,-11700000.0,100000.0,497600000.0,-800000.0,184000000.0,184000000.0,184000000.0,-217800000.0,0.0,0.136,633500000.0,207200000.0,,0.0,,,,,0.0,,,,,,1353600000.0,1353600000.0,0.0,,,,0.207,0.0,517700000.0,1.0,,85382500,86276000.0,15.853,,,42500000.0,,,
0,DNB3,MRQ,2018-09-30,2018-09-30,2018-09-30,2020-07-01,-1006200000.0,1931400000.0,,504700000.0,1426700000.0,,-20.078,-14500000.0,228200000.0,228200000.0,142200000.0,50200000.0,0.634,-3.573,1332500000.0,18500000.0,1314000000.0,1332500000.0,516100000.0,22600000.0,0.0,0.015,0.522,79900000.0,102500000.0,0.252,102500000.0,79900000.0,66300000.0,1.35,1.35,1.35,-744900000.0,,-744900000.0,6428053580.0,14.0,11.825,58200000.0,1.569,1.0,265100000.0,0.651,1201600000.0,13600000.0,1037500000.0,,0.0,0.0,0.0,0.0,2661500000.0,796600000.0,1864900000.0,5290753580.0,28700000.0,0.0,0.0,-4600000.0,-19400000.0,-24200000.0,-15000000.0,500000.0,72700000.0,-4800000.0,50200000.0,50200000.0,50200000.0,0.0,0.0,0.123,182900000.0,82200000.0,35000000.0,0.387,-7.103,22.678,22.621,31900000.0,0.0,142.51,2.952,2.95,230300000.0,3243700000.0,407300000.0,407300000.0,0.0,,,,,4300000.0,158200000.0,1.0,37125490.0,37100000,37300000.0,10.978,729800000.0,42100000.0,16100000.0,13900000.0,19.671,-291900000.0
1,DNB3,MRQ,2018-06-30,2018-06-30,2018-06-30,2020-07-01,-1000900000.0,1961900000.0,,518200000.0,1443700000.0,,-20.871,-14300000.0,199500000.0,199500000.0,139000000.0,93000000.0,0.611,-3.513,1336800000.0,26300000.0,1310500000.0,1336800000.0,582000000.0,22700000.0,0.0,0.017,0.522,112500000.0,135200000.0,0.308,135200000.0,112500000.0,99300000.0,2.51,2.5,2.51,-774300000.0,,-774300000.0,5689249003.0,12.0,10.256,37400000.0,1.008,1.0,300600000.0,0.684,1214100000.0,13200000.0,1036800000.0,,0.0,0.0,0.0,0.0,2720000000.0,848300000.0,1871700000.0,4548449003.0,11400000.0,-300000.0,0.0,3800000.0,-19400000.0,-15900000.0,-20300000.0,0.0,51700000.0,-4100000.0,93000000.0,93000000.0,93000000.0,0.0,0.0,0.212,188400000.0,112200000.0,40800000.0,0.208,-5.874,19.176,19.134,34500000.0,0.0,122.65,2.509,2.51,270500000.0,3212900000.0,439600000.0,439600000.0,0.0,,,,,4200000.0,155200000.0,1.0,37084786.0,37100000,37200000.0,11.849,747800000.0,44800000.0,6300000.0,19800000.0,20.156,-330100000.0
2,DNB3,MRQ,2018-03-31,2018-03-31,2018-03-31,2020-07-01,-996100000.0,1943300000.0,,463700000.0,1479600000.0,,-22.97,-14900000.0,188100000.0,188100000.0,139200000.0,63900000.0,0.516,-3.265,1328900000.0,35000000.0,1293900000.0,1328900000.0,572700000.0,21100000.0,0.0,0.017,0.522,93900000.0,115000000.0,0.275,115000000.0,93900000.0,79800000.0,1.73,1.71,1.73,-849900000.0,,-849900000.0,5564246508.0,13.0,10.746,106700000.0,2.884,1.0,279000000.0,0.667,1228000000.0,14100000.0,957100000.0,,0.0,0.0,0.0,0.0,2775100000.0,899000000.0,1876100000.0,4328546508.0,-254300000.0,0.0,0.0,-349600000.0,-19300000.0,-375000000.0,-12000000.0,0.0,121600000.0,11100000.0,63900000.0,63900000.0,63900000.0,0.0,0.0,0.153,184300000.0,94700000.0,60800000.0,0.302,-5.093,22.866,22.852,37100000.0,0.0,117.0,2.433,2.433,235100000.0,3139400000.0,418200000.0,418200000.0,0.0,,,,,3500000.0,152200000.0,1.0,36996124.0,37000000,37300000.0,11.303,715300000.0,69700000.0,15900000.0,50800000.0,19.332,-435300000.0
3,DNB3,MRQ,2017-12-31,2017-12-31,2017-12-31,2020-07-01,-1016900000.0,2480900000.0,,1093700000.0,1387200000.0,,-22.42,-13200000.0,442400000.0,442400000.0,150400000.0,26200000.0,1.039,-3.979,1678100000.0,32500000.0,1645600000.0,1678100000.0,684400000.0,21300000.0,0.0,0.017,0.502,169600000.0,190900000.0,0.362,190900000.0,169600000.0,154800000.0,0.71,0.7,0.71,-827300000.0,,-827300000.0,5627002340.0,15.0,12.233,21000000.0,0.569,1.0,376600000.0,0.715,1228600000.0,14800000.0,1435600000.0,,0.0,0.0,0.0,0.0,3292100000.0,1052400000.0,2239700000.0,4376402340.0,11400000.0,0.0,-200000.0,-4000000.0,-18600000.0,-20500000.0,-15300000.0,0.0,34200000.0,13000000.0,26200000.0,26200000.0,26200000.0,0.0,0.0,0.05,206200000.0,170400000.0,37400000.0,0.707,-5.29,31.06,30.997,38900000.0,0.0,118.41,2.512,2.508,611200000.0,3176300000.0,527000000.0,527000000.0,0.0,,,,,4600000.0,175100000.0,1.0,36959736.0,36900000,37500000.0,14.282,1252300000.0,62000000.0,128600000.0,55800000.0,33.938,41300000.0
4,DNB3,MRQ,2017-09-30,2017-09-30,2017-09-30,2020-07-01,-899000000.0,2301000000.0,,882800000.0,1418200000.0,,-23.622,-15600000.0,431000000.0,431000000.0,142300000.0,54100000.0,0.925,-3.614,1681600000.0,30000000.0,1651600000.0,1681600000.0,608700000.0,20100000.0,0.0,0.017,0.502,93500000.0,113600000.0,0.265,113600000.0,93500000.0,78300000.0,1.46,1.45,1.46,-874000000.0,,-874000000.0,5602494404.0,16.0,12.948,60200000.0,1.627,1.0,286000000.0,0.668,1228600000.0,15200000.0,1368500000.0,,0.0,0.0,0.0,0.0,3158300000.0,954500000.0,2203800000.0,4302194404.0,30800000.0,100000.0,0.0,-19500000.0,-18500000.0,-40800000.0,-8000000.0,500000.0,75800000.0,3800000.0,54100000.0,54100000.0,54100000.0,0.0,0.0,0.126,190000000.0,96000000.0,40500000.0,0.344,-4.922,22.326,22.216,40800000.0,0.0,116.41,2.483,2.486,415000000.0,3018200000.0,428300000.0,428300000.0,0.0,,,,,5500000.0,164100000.0,1.0,36957258.0,37000000,37200000.0,11.576,1072400000.0,105000000.0,24200000.0,33700000.0,28.984,-71700000.0
5,DNB3,MRQ,2017-06-30,2017-06-30,2017-06-30,2020-07-01,-914900000.0,2253700000.0,,837600000.0,1416100000.0,,-25.217,-17800000.0,400200000.0,400200000.0,139400000.0,45100000.0,0.897,-3.404,1700500000.0,27500000.0,1673000000.0,1700500000.0,642700000.0,19400000.0,0.0,0.018,0.502,78900000.0,98300000.0,0.242,98300000.0,78900000.0,63800000.0,1.22,1.22,1.22,-930500000.0,,-930500000.0,5322253594.0,20.0,15.658,34900000.0,0.946,1.0,266300000.0,0.656,1227600000.0,15100000.0,1392400000.0,,0.0,0.0,0.0,0.0,3167000000.0,934000000.0,2233000000.0,3990453594.0,24800000.0,-1900000.0,0.0,-7400000.0,-18600000.0,-23100000.0,-18900000.0,0.0,52700000.0,14100000.0,45100000.0,45100000.0,45100000.0,0.0,0.0,0.111,189600000.0,76700000.0,38500000.0,0.411,-4.289,36.543,36.292,42900000.0,0.0,108.15,2.324,2.324,400400000.0,2982700000.0,405700000.0,405700000.0,0.0,,,,,6600000.0,162700000.0,1.0,36897398.0,36900000,37100000.0,10.995,1026100000.0,101600000.0,18700000.0,14800000.0,27.808,-96400000.0
6,DNB3,MRQ,2017-03-31,2017-03-31,2017-03-31,2020-07-01,-944100000.0,2279300000.0,,860900000.0,1418400000.0,,-27.033,-15500000.0,375400000.0,375400000.0,141600000.0,15500000.0,0.86,-3.276,1707200000.0,25000000.0,1682200000.0,1707200000.0,664700000.0,18900000.0,0.0,0.018,0.502,38300000.0,57200000.0,0.15,57200000.0,38300000.0,23700000.0,0.42,0.42,0.42,-994800000.0,,-994800000.0,5238855286.0,22.0,17.16,108300000.0,2.943,1.0,239900000.0,0.629,1219400000.0,14600000.0,1391200000.0,,0.0,0.0,0.0,0.0,3258800000.0,1000500000.0,2258300000.0,3974455286.0,22800000.0,-150000000.0,0.0,89600000.0,-18500000.0,65600000.0,-164400000.0,0.0,123800000.0,-2200000.0,15500000.0,15500000.0,15500000.0,800000.0,0.0,0.041,198600000.0,41300000.0,41200000.0,1.195,-3.995,47.943,47.342,42900000.0,0.0,107.94,2.324,2.323,449800000.0,2956400000.0,381500000.0,381500000.0,0.0,,,,,10700000.0,170700000.0,1.0,36820968.0,36800000,37100000.0,10.367,1059900000.0,105500000.0,8200000.0,48100000.0,28.802,-139600000.0
7,DNB3,MRQ,2016-12-31,2016-12-31,2016-12-31,2020-07-01,-949600000.0,2209200000.0,,944400000.0,1264800000.0,,-27.228,-12300000.0,352600000.0,352600000.0,146500000.0,78000000.0,0.935,-3.191,1617000000.0,22500000.0,1594500000.0,1617000000.0,628100000.0,17700000.0,0.0,0.016,0.482,145900000.0,163600000.0,0.316,163600000.0,145900000.0,132900000.0,2.14,2.12,2.14,-1002000000.0,,-1002000000.0,5741697149.0,23.0,17.999,30400000.0,0.826,1.0,370600000.0,0.717,1056100000.0,13000000.0,1407500000.0,,0.0,0.0,0.0,0.0,3197000000.0,1010000000.0,2187000000.0,4462597149.0,25300000.0,16100000.0,44000000.0,10000000.0,-17800000.0,-5900000.0,-2100000.0,0.0,42700000.0,-13000000.0,78000000.0,78000000.0,78000000.0,3200000.0,0.0,0.151,207900000.0,162700000.0,46700000.0,0.225,-4.454,45.817,45.438,39400000.0,0.0,121.32,2.619,2.599,556800000.0,2959600000.0,517100000.0,517100000.0,0.0,,,,,6200000.0,186900000.0,1.0,36783689.0,36800000,37100000.0,14.052,1153100000.0,114200000.0,54900000.0,49400000.0,31.334,-65600000.0
8,DNB3,MRQ,2016-09-30,2016-09-30,2016-09-30,2020-07-01,-947000000.0,2016900000.0,,764800000.0,1252100000.0,,-29.164,-15000000.0,327300000.0,327300000.0,130700000.0,-29400000.0,0.834,-2.877,1606400000.0,20000000.0,1586400000.0,1606400000.0,580500000.0,17200000.0,0.0,0.014,0.482,3600000.0,20800000.0,0.05,20800000.0,3600000.0,-9600000.0,-0.8,-0.8,-0.8,-1067400000.0,,-1067400000.0,6316753733.0,27.0,21.063,84100000.0,2.298,1.0,282100000.0,0.683,1076800000.0,13200000.0,1302700000.0,,0.0,0.0,0.0,0.0,3071200000.0,916500000.0,2154700000.0,4960253733.0,-51800000.0,-3100000.0,0.0,-129800000.0,-17700000.0,-104100000.0,-16300000.0,500000.0,99100000.0,-26900000.0,-29400000.0,-29400000.0,-29400000.0,900000.0,0.0,-0.071,185300000.0,96800000.0,55500000.0,-0.603,-4.647,51.616,50.978,34000000.0,0.0,136.62,2.942,2.966,404400000.0,2899400000.0,412800000.0,412800000.0,0.0,,,,,8800000.0,164900000.0,1.0,36306937.0,36600000,36600000.0,11.279,940100000.0,101800000.0,19800000.0,19400000.0,25.686,-151700000.0
9,DNB3,MRQ,2016-06-30,2016-06-30,2016-06-30,2020-07-01,-966200000.0,2162900000.0,,854000000.0,1308900000.0,,-30.028,-17300000.0,379100000.0,379100000.0,133000000.0,18800000.0,0.909,-2.972,1735600000.0,20000000.0,1715600000.0,1735600000.0,630500000.0,17300000.0,0.0,0.016,0.482,46400000.0,63700000.0,0.16,63700000.0,46400000.0,33000000.0,0.52,0.51,0.52,-1090000000.0,,-1090000000.0,5797419435.0,19.0,15.622,33100000.0,0.912,1.0,265800000.0,0.666,1126700000.0,13400000.0,1453700000.0,,0.0,0.0,0.0,0.0,3239800000.0,939000000.0,2300800000.0,4417719435.0,13400000.0,0.0,0.0,-10500000.0,-17500000.0,-23400000.0,-24500000.0,0.0,50400000.0,10900000.0,18800000.0,18800000.0,18800000.0,0.0,0.0,0.047,219300000.0,46500000.0,54600000.0,0.927,-4.053,23.944,23.843,34300000.0,0.0,121.84,2.631,2.634,434500000.0,2946500000.0,398800000.0,398800000.0,0.0,,,,,6100000.0,196100000.0,1.0,36258367.0,36300000,36600000.0,10.986,1036200000.0,111100000.0,14200000.0,23500000.0,28.545,-85000000.0
10,DNB3,MRQ,2016-03-31,2016-03-31,2016-03-31,2020-07-01,-981700000.0,2176000000.0,,865800000.0,1310200000.0,,-30.89,-15600000.0,365700000.0,365700000.0,132400000.0,30000000.0,0.902,-2.935,1745400000.0,20000000.0,1725400000.0,1745400000.0,661100000.0,16400000.0,0.0,0.018,0.482,54500000.0,70900000.0,0.189,70900000.0,54500000.0,41000000.0,0.83,0.82,0.83,-1118200000.0,,-1118200000.0,5186938944.0,19.0,15.207,114900000.0,3.174,1.0,242600000.0,0.647,1126300000.0,13500000.0,1469200000.0,,0.0,0.0,0.0,0.0,3282300000.0,960200000.0,2322100000.0,3728538944.0,0.0,0.0,0.0,-72300000.0,-17500000.0,-91500000.0,-15200000.0,0.0,130500000.0,-23800000.0,30000000.0,30000000.0,30000000.0,0.0,0.0,0.08,189400000.0,53200000.0,51400000.0,0.581,-3.334,23.628,23.588,30900000.0,0.0,103.08,2.252,2.253,460200000.0,2945200000.0,375000000.0,375000000.0,0.0,,,,,7100000.0,163300000.0,1.0,36171313.0,36200000,36400000.0,10.359,1049700000.0,111100000.0,11000000.0,31500000.0,28.997,-94400000.0
11,DNB3,MRQ,2015-12-31,2015-12-31,2015-12-31,2020-07-01,-965500000.0,2266500000.0,,959600000.0,1306900000.0,,-30.936,-21400000.0,365700000.0,365700000.0,144900000.0,76700000.0,1.0,-3.019,1817000000.0,20000000.0,1797000000.0,1817000000.0,647800000.0,16100000.0,0.0,0.018,0.463,128400000.0,144500000.0,0.289,144500000.0,128400000.0,114400000.0,2.13,2.11,2.13,-1116800000.0,,-1116800000.0,5221310900.0,18.0,14.804,31900000.0,0.884,1.0,354400000.0,0.71,1132800000.0,14000000.0,1625800000.0,,0.0,0.0,0.0,0.0,3371800000.0,959200000.0,2412600000.0,3755310900.0,71800000.0,8200000.0,1100000.0,69100000.0,-16700000.0,49000000.0,-18400000.0,0.0,53300000.0,-12100000.0,76700000.0,76700000.0,76700000.0,-800000.0,0.0,0.154,225700000.0,128700000.0,31300000.0,0.217,-3.363,22.247,22.207,27200000.0,0.0,103.93,2.294,2.292,541400000.0,2932800000.0,499300000.0,499300000.0,0.0,,,,,3500000.0,192400000.0,1.0,36133079.0,36100000,36400000.0,13.831,1133700000.0,112200000.0,37700000.0,37000000.0,31.404,400000.0
12,DNB3,MRQ,2015-09-30,2015-09-30,2015-09-30,2020-07-01,-940000000.0,2082400000.0,,762900000.0,1319500000.0,,-32.053,-14000000.0,293900000.0,293900000.0,132400000.0,59000000.0,0.888,-2.791,1759900000.0,0.0,1759900000.0,1759900000.0,580900000.0,16100000.0,0.0,0.017,0.463,75900000.0,92000000.0,0.226,92000000.0,75900000.0,62100000.0,1.63,1.62,1.63,-1157100000.0,,-1157100000.0,5440457205.0,17.0,14.465,58200000.0,1.612,1.0,273800000.0,0.674,1147700000.0,13800000.0,1541200000.0,,0.0,0.0,0.0,0.0,3228900000.0,859500000.0,2369400000.0,3791657205.0,148600000.0,151600000.0,1800000.0,-27300000.0,-16700000.0,-42600000.0,123400000.0,-6300000.0,72200000.0,-4400000.0,59000000.0,59000000.0,59000000.0,200000.0,0.0,0.145,188800000.0,85000000.0,39100000.0,0.284,-3.277,20.629,20.629,23600000.0,0.0,105.0,2.365,2.364,394900000.0,2872900000.0,406200000.0,406200000.0,0.0,,,,,4700000.0,167200000.0,1.0,36111021.0,36100000,36400000.0,11.252,934700000.0,121200000.0,3100000.0,31500000.0,25.892,-96600000.0
13,DNB3,MRQ,2015-06-30,2015-06-30,2015-06-30,2020-07-01,-962700000.0,2092700000.0,,769300000.0,1323400000.0,,-34.025,-16400000.0,137800000.0,137800000.0,136400000.0,-7900000.0,0.651,-2.695,1786600000.0,300500000.0,1486100000.0,1786600000.0,599700000.0,14100000.0,0.0,0.015,0.463,19600000.0,33700000.0,0.09,33700000.0,19600000.0,7800000.0,-0.22,-0.22,-0.22,-1228300000.0,,-1228300000.0,5744591228.0,17.0,14.829,42500000.0,1.177,1.0,239000000.0,0.637,1156100000.0,11800000.0,1403400000.0,,0.0,0.0,0.0,0.0,3310600000.0,1182000000.0,2128600000.0,4396291228.0,-209900000.0,-320000000.0,4700000.0,79100000.0,-16700000.0,67800000.0,-334100000.0,0.0,58900000.0,-2500000.0,-7900000.0,-7900000.0,-7900000.0,37500000.0,0.0,-0.021,180800000.0,58200000.0,44600000.0,-2.105,-3.579,22.862,22.889,24300000.0,0.0,122.0,2.769,2.774,393600000.0,2830600000.0,375400000.0,375400000.0,0.0,,,,,5900000.0,161900000.0,1.0,36035174.0,36100000,36400000.0,10.399,936600000.0,121100000.0,15700000.0,30700000.0,25.945,-412700000.0
14,DNB3,MRQ,2015-03-31,2015-03-31,2015-03-31,2020-07-01,-959100000.0,2027700000.0,,895800000.0,1131900000.0,,-33.628,-13000000.0,355200000.0,355200000.0,131000000.0,41000000.0,0.764,-2.667,1703500000.0,300800000.0,1402700000.0,1703500000.0,610800000.0,12400000.0,0.0,0.014,0.463,70100000.0,82500000.0,0.232,82500000.0,70100000.0,58700000.0,1.14,1.13,1.14,-1210600000.0,,-1210600000.0,5950934623.0,15.0,13.221,145800000.0,4.05,1.0,225200000.0,0.632,836800000.0,11400000.0,1366700000.0,,0.0,0.0,0.0,0.0,3229000000.0,1172500000.0,2056500000.0,4617034623.0,35800000.0,-124200000.0,800000.0,50400000.0,-16600000.0,36500000.0,-147400000.0,0.0,158800000.0,-12100000.0,41000000.0,41000000.0,41000000.0,-1500000.0,0.0,0.115,160100000.0,65100000.0,56900000.0,0.406,-3.814,18.461,18.576,27200000.0,0.0,128.36,2.921,2.924,477200000.0,2855300000.0,356200000.0,356200000.0,0.0,,,,,4600000.0,142900000.0,1.0,35969419.0,36000000,36400000.0,9.894,1190900000.0,240200000.0,17700000.0,49600000.0,33.081,-276700000.0
15,DNB3,MRQ,2014-12-31,2014-12-31,2014-12-31,2020-07-01,-922100000.0,1986200000.0,,932600000.0,1053600000.0,,-33.518,-12900000.0,316300000.0,316300000.0,142800000.0,91700000.0,0.805,-2.643,1653300000.0,301100000.0,1352200000.0,1653300000.0,567000000.0,12400000.0,0.0,0.015,0.44,155500000.0,167900000.0,0.361,167900000.0,155500000.0,144500000.0,2.54,2.52,2.54,-1203300000.0,,-1203300000.0,5667052795.0,14.0,12.749,25900000.0,0.721,1.0,322600000.0,0.693,550900000.0,11000000.0,1613400000.0,,0.0,0.0,0.0,0.0,3180800000.0,1158900000.0,2021900000.0,4343652795.0,9400000.0,0.0,1300000.0,21400000.0,-15800000.0,5000000.0,-18600000.0,0.0,38800000.0,-15800000.0,91700000.0,91700000.0,91700000.0,-2500000.0,0.0,0.197,168200000.0,154400000.0,28000000.0,0.173,-3.61,14.754,15.007,22000000.0,0.0,120.96,2.741,2.786,519200000.0,2831100000.0,465400000.0,465400000.0,0.0,,,,,4000000.0,152800000.0,1.0,35909828.0,35900000,36600000.0,12.964,1435300000.0,239200000.0,52800000.0,44400000.0,39.981,-226300000.0
16,DNB3,MRQ,2014-09-30,2014-09-30,2014-09-30,2020-07-01,-729800000.0,1789200000.0,,785400000.0,1003800000.0,,-30.249,-16000000.0,310000000.0,310000000.0,140400000.0,67500000.0,1.0,-2.631,1633400000.0,100000.0,1633300000.0,1633400000.0,529000000.0,13300000.0,0.0,0.015,0.44,90000000.0,103300000.0,0.264,103300000.0,90000000.0,79100000.0,1.87,1.85,1.87,-1092000000.0,,-1092000000.0,5553357234.0,15.0,13.369,39000000.0,1.08,1.0,250500000.0,0.641,766500000.0,10900000.0,1560400000.0,,0.0,0.0,0.0,0.0,2872600000.0,785700000.0,2086900000.0,4272357234.0,24100000.0,0.0,-53200000.0,65300000.0,-15900000.0,-3600000.0,-21200000.0,0.0,55000000.0,-6100000.0,67500000.0,67500000.0,67500000.0,-2800000.0,0.0,0.173,156300000.0,94200000.0,39000000.0,0.235,-3.912,15.368,15.705,36100000.0,0.0,117.47,2.809,2.789,419400000.0,2755300000.0,390900000.0,390900000.0,0.0,,,,,3200000.0,141000000.0,1.0,36369773.0,36100000,36500000.0,10.828,1022700000.0,166900000.0,11600000.0,29900000.0,28.33,-300000.0
17,DNB3,MRQ,2014-06-30,2014-06-30,2014-06-30,2020-07-01,-721000000.0,1773400000.0,,744800000.0,1028600000.0,,-29.564,-6300000.0,285900000.0,285900000.0,124300000.0,49900000.0,0.925,-2.627,1566900000.0,100000.0,1566800000.0,1566900000.0,578200000.0,10900000.0,0.0,0.015,0.44,85500000.0,96400000.0,0.262,96400000.0,85500000.0,74700000.0,1.36,1.35,1.36,-1085000000.0,,-1085000000.0,5324773228.0,13.0,11.833,54900000.0,1.496,1.0,243700000.0,0.662,772400000.0,10800000.0,1476900000.0,,0.0,0.0,0.0,0.0,2850500000.0,805100000.0,2045400000.0,4079173228.0,17600000.0,-8300000.0,-68900000.0,52700000.0,-16000000.0,-32100000.0,-13500000.0,0.0,61200000.0,2000000.0,49900000.0,49900000.0,49900000.0,-2200000.0,0.0,0.136,160600000.0,83100000.0,42300000.0,0.324,-3.76,14.399,14.693,39700000.0,0.0,110.2,2.647,2.625,417200000.0,2703600000.0,368000000.0,368000000.0,0.0,,,,,2900000.0,142200000.0,1.0,37016091.0,36700000,36900000.0,10.027,1001000000.0,164600000.0,24800000.0,47200000.0,27.275,-60300000.0
18,DNB3,MRQ,2014-03-31,2014-03-31,2014-03-31,2020-07-01,-736800000.0,1807200000.0,,781400000.0,1025800000.0,,-28.575,-12000000.0,268300000.0,268300000.0,128300000.0,86000000.0,0.901,-2.685,1513900000.0,100000.0,1513800000.0,1513900000.0,628200000.0,15900000.0,0.0,0.017,0.44,59200000.0,75100000.0,0.197,75100000.0,59200000.0,48600000.0,2.28,2.26,2.28,-1068700000.0,,-1068700000.0,5015567559.0,12.0,10.777,148500000.0,3.971,1.0,253600000.0,0.664,763700000.0,10600000.0,1422200000.0,,0.0,0.0,0.0,0.0,2869100000.0,866900000.0,2002200000.0,3735367559.0,32400000.0,0.0,-96500000.0,-2000000.0,-16300000.0,-113700000.0,-16700000.0,0.0,160500000.0,2300000.0,85300000.0,85300000.0,85300000.0,0.0,700000.0,0.223,171300000.0,82300000.0,48800000.0,0.193,-3.495,12.841,13.072,39900000.0,0.0,99.35,2.396,2.383,477500000.0,2669800000.0,381900000.0,381900000.0,0.0,,,,,3900000.0,150500000.0,1.0,37598063.0,37400000,37700000.0,10.211,1043500000.0,166600000.0,-36700000.0,55700000.0,27.901,-85500000.0
19,DNB3,MRQ,2013-12-31,2013-12-31,2013-12-31,2020-07-01,-738800000.0,1890300000.0,,822400000.0,1067900000.0,,-27.662,-13000000.0,235900000.0,235900000.0,136200000.0,73000000.0,0.965,-2.797,1516100000.0,100000.0,1516000000.0,1516100000.0,600800000.0,6800000.0,0.0,0.013,0.4,133800000.0,140600000.0,0.37,140600000.0,133800000.0,123300000.0,1.97,1.95,1.97,-1048400000.0,,-1048400000.0,5925882103.0,14.0,11.967,21000000.0,0.554,1.0,243700000.0,0.641,773700000.0,10500000.0,1544500000.0,,0.0,0.0,0.0,0.0,2932600000.0,852300000.0,2080300000.0,4684182103.0,21600000.0,800000.0,-44800000.0,60400000.0,-15200000.0,1900000.0,-19100000.0,0.0,34000000.0,4800000.0,75300000.0,75300000.0,75300000.0,-9800000.0,-2300000.0,0.198,119800000.0,123900000.0,41400000.0,0.203,-4.468,18.121,18.57,39600000.0,0.0,122.75,3.006,3.08,570400000.0,2600900000.0,379900000.0,379900000.0,0.0,,,,,3000000.0,109700000.0,1.0,38160343.0,37900000,38300000.0,10.024,1116600000.0,171500000.0,48000000.0,115500000.0,29.462,-29900000.0
20,DNB3,MRQ,2013-09-30,2013-09-30,2013-09-30,2020-07-01,-885200000.0,1849900000.0,,659100000.0,1190800000.0,,-31.468,-9600000.0,214300000.0,214300000.0,131900000.0,73500000.0,0.836,-2.523,1456000000.0,100000.0,1455900000.0,1456000000.0,541300000.0,17400000.0,0.0,0.015,0.4,120500000.0,137900000.0,0.335,137900000.0,120500000.0,110200000.0,1.89,1.87,1.89,-1211500000.0,,-1211500000.0,5240707705.0,12.0,9.954,55000000.0,1.429,1.0,279200000.0,0.679,805100000.0,10300000.0,1498500000.0,,0.0,0.0,0.0,0.0,3056200000.0,788000000.0,2268200000.0,4029107705.0,17800000.0,0.0,-69700000.0,48000000.0,-15300000.0,-39200000.0,-10700000.0,0.0,64600000.0,3100000.0,72800000.0,72800000.0,72800000.0,0.0,700000.0,0.177,158700000.0,120500000.0,33900000.0,0.212,-3.326,14.431,15.205,38400000.0,0.0,103.85,2.454,2.436,436100000.0,2540900000.0,411100000.0,411100000.0,0.0,,,,,2000000.0,135200000.0,1.0,38797378.0,38500000,38900000.0,10.678,1044800000.0,260800000.0,37400000.0,115800000.0,27.138,-128900000.0
21,DNB3,MRQ,2013-06-30,2013-06-30,2013-06-30,2020-07-01,-877800000.0,1838500000.0,,628600000.0,1209900000.0,,-30.282,-10300000.0,196500000.0,196500000.0,130100000.0,58400000.0,0.783,-2.537,1408100000.0,100000.0,1408000000.0,1408100000.0,579600000.0,17900000.0,0.0,0.016,0.4,93900000.0,111800000.0,0.289,111800000.0,93900000.0,83900000.0,1.46,1.44,1.46,-1193100000.0,,-1193100000.0,5022773951.0,12.0,9.996,52100000.0,1.322,1.0,256300000.0,0.663,822700000.0,10000000.0,1424500000.0,,0.0,0.0,0.0,0.0,3026900000.0,802900000.0,2224000000.0,3892773951.0,23700000.0,0.0,-117800000.0,105100000.0,-15900000.0,-25500000.0,-9800000.0,0.0,62400000.0,-3400000.0,57500000.0,57500000.0,57500000.0,0.0,900000.0,0.149,162400000.0,93900000.0,41800000.0,0.274,-3.263,13.611,14.523,39100000.0,0.0,97.45,2.368,2.336,414700000.0,2483600000.0,386400000.0,386400000.0,0.0,,,,,6800000.0,142300000.0,1.0,39946372.0,39400000,39800000.0,9.807,1015800000.0,269500000.0,26400000.0,105300000.0,25.782,-174300000.0
22,DNB3,MRQ,2013-03-31,2013-03-31,2013-03-31,2020-07-01,-859000000.0,1902000000.0,,673500000.0,1228500000.0,,-27.116,-16400000.0,172800000.0,172800000.0,126200000.0,53600000.0,0.776,-2.724,1302800000.0,100000.0,1302700000.0,1302800000.0,634200000.0,18300000.0,0.0,0.018,0.4,86600000.0,104900000.0,0.275,104900000.0,86600000.0,76700000.0,1.3,1.29,1.3,-1100900000.0,,-1100900000.0,4560878480.0,11.0,9.116,155900000.0,3.84,1.0,254800000.0,0.669,837000000.0,9900000.0,1326600000.0,,0.0,0.0,0.0,0.0,2999000000.0,868400000.0,2130600000.0,3419078480.0,23700000.0,0.0,-118100000.0,12200000.0,-16100000.0,-121500000.0,-22000000.0,0.0,172300000.0,-5100000.0,52900000.0,52900000.0,52900000.0,0.0,700000.0,0.139,167000000.0,87800000.0,42000000.0,0.308,-3.106,11.997,12.949,40400000.0,0.0,83.65,2.083,2.069,481000000.0,2442000000.0,381000000.0,381000000.0,0.0,,,,,5400000.0,146400000.0,1.0,40873622.0,40600000,40900000.0,9.384,1065000000.0,268300000.0,23800000.0,118500000.0,26.232,-194900000.0
23,DNB3,MRQ,2012-12-31,2012-12-31,2012-12-31,2020-07-01,-852100000.0,1991800000.0,,747400000.0,1244400000.0,,-23.551,-22500000.0,149100000.0,149100000.0,125800000.0,95200000.0,0.853,-2.955,1290900000.0,200000.0,1290700000.0,1290900000.0,610700000.0,18400000.0,0.0,0.019,0.38,153500000.0,171900000.0,0.371,171900000.0,153500000.0,141800000.0,2.18,2.17,2.18,-1017400000.0,,-1017400000.0,4392163755.0,11.0,8.848,28200000.0,0.653,1.0,337300000.0,0.728,851300000.0,11700000.0,1405600000.0,,0.0,0.0,0.0,0.0,3006100000.0,876700000.0,2129400000.0,3505063755.0,12100000.0,1200000.0,-262800000.0,267300000.0,-16200000.0,-16200000.0,-23900000.0,0.0,50700000.0,1500000.0,96000000.0,96000000.0,96000000.0,0.0,-800000.0,0.207,178600000.0,158700000.0,40900000.0,0.174,-3.445,11.861,12.156,40600000.0,0.0,78.65,2.108,2.157,567900000.0,2405500000.0,463100000.0,463100000.0,0.0,,,,,2800000.0,154000000.0,1.0,44565337.0,43200000,43600000.0,10.72,1140500000.0,274100000.0,45800000.0,115400000.0,26.4,-129300000.0
24,DNB3,MRQ,2012-09-30,2012-09-30,2012-09-30,2020-07-01,-784400000.0,1821600000.0,,598200000.0,1223400000.0,,-17.179,-17700000.0,137000000.0,137000000.0,124200000.0,80700000.0,0.493,-3.362,1024100000.0,400200000.0,623900000.0,1024100000.0,543400000.0,20000000.0,0.0,0.019,0.38,93900000.0,113900000.0,0.276,113900000.0,93900000.0,84400000.0,1.77,1.76,1.77,-769600000.0,,-769600000.0,4468534777.0,11.0,9.14,45800000.0,1.022,1.0,289000000.0,0.699,845100000.0,9500000.0,649600000.0,,0.0,0.0,0.0,0.0,2587300000.0,1214000000.0,1373300000.0,3573534777.0,18400000.0,0.0,-29600000.0,10800000.0,-17100000.0,-36500000.0,-10700000.0,0.0,63500000.0,2100000.0,79600000.0,79600000.0,79600000.0,0.0,1100000.0,0.193,179300000.0,109700000.0,40400000.0,0.215,-4.643,12.196,12.76,37900000.0,0.0,79.62,2.104,2.1,443200000.0,2325700000.0,413200000.0,413200000.0,0.0,,,,,3700000.0,154500000.0,1.0,44882376.0,44800000,45200000.0,9.223,976500000.0,271600000.0,4800000.0,121000000.0,21.797,-615800000.0
25,DNB3,MRQ,2012-06-30,2012-06-30,2012-06-30,2020-07-01,-804900000.0,1795600000.0,,565800000.0,1229800000.0,,-17.681,-18900000.0,118600000.0,118600000.0,126400000.0,56500000.0,0.463,-3.17,1013600000.0,400600000.0,613000000.0,1013600000.0,575300000.0,19700000.0,0.0,0.021,0.38,89900000.0,109600000.0,0.285,109600000.0,89900000.0,80700000.0,1.21,1.2,1.21,-825700000.0,,-825700000.0,4131553124.0,10.0,8.47,57400000.0,1.229,1.0,257500000.0,0.671,831400000.0,9200000.0,637800000.0,,0.0,0.0,0.0,0.0,2617500000.0,1221400000.0,1396100000.0,3406453124.0,900000.0,-100000.0,-202800000.0,171200000.0,-17500000.0,-49200000.0,-23000000.0,0.0,76300000.0,-3200000.0,56500000.0,56500000.0,56500000.0,0.0,0.0,0.147,168200000.0,89300000.0,49000000.0,0.314,-4.126,12.533,12.574,40000000.0,0.0,71.17,1.975,1.927,435100000.0,2263300000.0,383900000.0,383900000.0,0.0,,,,,3300000.0,139200000.0,1.0,47863610.0,46700000,47000000.0,8.221,964200000.0,274200000.0,24200000.0,138300000.0,20.647,-655600000.0
26,DNB3,MRQ,2012-03-31,2012-03-31,2012-03-31,2020-07-01,-773000000.0,1903800000.0,,634700000.0,1269100000.0,,-13.256,-15300000.0,117700000.0,117700000.0,144600000.0,64100000.0,0.709,-4.005,842800000.0,1000000.0,841800000.0,842800000.0,631000000.0,20200000.0,0.0,0.017,0.38,80800000.0,101000000.0,0.251,101000000.0,80800000.0,71700000.0,1.33,1.32,1.33,-632300000.0,,-632300000.0,4924068792.0,12.0,10.237,152000000.0,3.187,1.0,258200000.0,0.641,863900000.0,9100000.0,869300000.0,,0.0,0.0,0.0,0.0,2532100000.0,895700000.0,1636400000.0,4043468792.0,33300000.0,8000000.0,7300000.0,-123500000.0,-18200000.0,-134000000.0,-1400000.0,0.0,167300000.0,1400000.0,63400000.0,63400000.0,63400000.0,0.0,700000.0,0.157,183800000.0,74400000.0,40700000.0,0.286,-6.395,14.768,15.023,43600000.0,0.0,84.73,2.3,2.299,503400000.0,2224400000.0,402800000.0,402800000.0,0.0,,,,,5600000.0,154500000.0,1.0,47721808.0,47700000,48100000.0,8.444,1039900000.0,273500000.0,8300000.0,139300000.0,21.801,-261000000.0
27,DNB3,MRQ,2011-12-31,2011-12-31,2011-12-31,2020-07-01,-806700000.0,1977100000.0,,726900000.0,1250200000.0,,-15.498,-20700000.0,84400000.0,84400000.0,156000000.0,94400000.0,0.762,-3.653,965000000.0,1100000.0,963900000.0,965000000.0,598200000.0,20500000.0,0.0,0.019,0.36,143900000.0,164400000.0,0.33,164400000.0,143900000.0,134300000.0,1.93,1.92,1.93,-743900000.0,,-743900000.0,4441143797.0,11.0,9.108,21000000.0,0.438,1.0,342700000.0,0.687,842100000.0,9600000.0,1062100000.0,,0.0,0.0,0.0,0.0,2717300000.0,953500000.0,1763800000.0,3637443797.0,-5100000.0,-7000000.0,-61100000.0,72400000.0,-17200000.0,-6800000.0,-35000000.0,0.0,41700000.0,-5000000.0,93500000.0,93500000.0,93500000.0,0.0,900000.0,0.187,197600000.0,145100000.0,36400000.0,0.187,-4.89,13.974,14.092,45700000.0,0.0,74.83,2.068,2.081,571600000.0,2179300000.0,498700000.0,498700000.0,0.0,,,,,3600000.0,173000000.0,1.0,48609432.0,48000000,48400000.0,10.39,1135000000.0,276700000.0,40800000.0,147200000.0,23.646,-226600000.0
28,DNB3,MRQ,2011-09-30,2011-09-30,2011-09-30,2020-07-01,-633600000.0,1775600000.0,,568500000.0,1207100000.0,,-11.597,-13700000.0,89500000.0,89500000.0,150200000.0,58800000.0,0.543,-4.115,893200000.0,188600000.0,704600000.0,893200000.0,516200000.0,20600000.0,0.0,0.023,0.36,92200000.0,112800000.0,0.257,112800000.0,92200000.0,83100000.0,1.19,1.19,1.19,-567100000.0,,-567100000.0,3791903145.0,9.0,7.74,43300000.0,0.885,1.0,289200000.0,0.658,887800000.0,9100000.0,644700000.0,,0.0,0.0,0.0,0.0,2333600000.0,1046800000.0,1286800000.0,3013503145.0,6400000.0,-1400000.0,-45600000.0,26600000.0,-17600000.0,-34800000.0,-16500000.0,0.0,57000000.0,700000.0,58400000.0,58400000.0,58400000.0,0.0,400000.0,0.133,188500000.0,100700000.0,32100000.0,0.303,-5.314,11.617,11.691,48000000.0,0.0,61.26,1.73,1.72,454800000.0,2126300000.0,439400000.0,439400000.0,0.0,,,,,4500000.0,162600000.0,1.0,49192020.0,48900000,49100000.0,8.986,887800000.0,195500000.0,24700000.0,140900000.0,18.155,-478300000.0
29,DNB3,MRQ,2011-06-30,2011-06-30,2011-06-30,2020-07-01,-641400000.0,1767100000.0,,555000000.0,1212100000.0,,-11.696,-9500000.0,83100000.0,83100000.0,143700000.0,58700000.0,0.534,-4.049,861500000.0,160900000.0,700600000.0,861500000.0,559300000.0,20600000.0,0.0,0.019,0.36,82200000.0,102800000.0,0.247,102800000.0,82200000.0,73100000.0,1.19,1.18,1.19,-576600000.0,,-576600000.0,4562128587.0,11.0,9.215,68800000.0,1.396,1.0,273100000.0,0.655,882100000.0,9100000.0,624700000.0,,0.0,0.0,0.0,0.0,2334900000.0,1038700000.0,1296200000.0,3755028587.0,-500000.0,-3500000.0,-21900000.0,-30300000.0,-17700000.0,-68600000.0,-11500000.0,-1000000.0,78300000.0,1300000.0,58500000.0,58500000.0,58500000.0,0.0,200000.0,0.14,183400000.0,89700000.0,28800000.0,0.303,-6.512,14.583,14.583,49700000.0,0.0,75.54,2.206,2.187,451800000.0,2085400000.0,416800000.0,416800000.0,0.0,,,,,4200000.0,154300000.0,1.0,49709142.0,49300000,49700000.0,8.454,885000000.0,198300000.0,14600000.0,143300000.0,17.951,-483700000.0
30,DNB3,MRQ,2011-03-31,2011-03-31,2011-03-31,2020-07-01,-662700000.0,1825500000.0,,603900000.0,1221600000.0,,-12.62,-9500000.0,83600000.0,83600000.0,137200000.0,48300000.0,0.652,-3.908,890700000.0,2100000.0,888600000.0,890700000.0,607100000.0,19400000.0,0.0,0.018,0.36,88200000.0,107600000.0,0.267,107600000.0,88200000.0,79000000.0,1.0,1.0,1.0,-624700000.0,,-624700000.0,4883661554.0,11.0,9.754,126400000.0,2.554,1.0,266400000.0,0.66,872800000.0,9200000.0,834100000.0,,0.0,0.0,0.0,0.0,2441300000.0,925700000.0,1515600000.0,3988661554.0,5100000.0,-3900000.0,-27200000.0,-84500000.0,-17900000.0,-127800000.0,-10400000.0,0.0,135900000.0,7400000.0,49900000.0,49900000.0,49900000.0,0.0,-1600000.0,0.124,177100000.0,89300000.0,36700000.0,0.36,-6.385,15.642,15.703,50900000.0,0.0,80.24,2.37,2.36,508200000.0,2044700000.0,403600000.0,403600000.0,0.0,,,,,6500000.0,153500000.0,1.0,49709142.0,49500000,50000000.0,8.154,952700000.0,199600000.0,29100000.0,162500000.0,19.246,-321800000.0
31,DNB3,MRQ,2010-12-31,2010-12-31,2010-12-31,2020-07-01,-681100000.0,1919500000.0,,668300000.0,1251200000.0,,-13.661,-17000000.0,78500000.0,78500000.0,149100000.0,91900000.0,0.693,-3.82,973500000.0,1500000.0,972000000.0,973500000.0,615300000.0,19800000.0,0.0,0.017,0.35,146900000.0,166700000.0,0.346,166700000.0,146900000.0,135200000.0,1.86,1.84,1.86,-677600000.0,,-677600000.0,4967884073.0,11.0,9.855,23500000.0,0.474,1.0,332600000.0,0.69,867400000.0,11700000.0,982200000.0,,0.0,0.0,0.0,0.0,2588300000.0,964900000.0,1623400000.0,4089084073.0,1300000.0,-2000000.0,-14900000.0,15000000.0,-17400000.0,-17700000.0,-18000000.0,0.0,40500000.0,-3500000.0,92600000.0,92600000.0,92600000.0,0.0,-700000.0,0.192,182300000.0,150300000.0,34800000.0,0.188,-6.035,16.22,16.32,53100000.0,0.0,82.09,2.439,2.443,578900000.0,1989500000.0,481700000.0,481700000.0,0.0,,,,,4000000.0,157800000.0,1.0,49812207.0,49600000,50100000.0,9.712,1052100000.0,215000000.0,42600000.0,151400000.0,21.212,-296600000.0
32,DNB3,MRQ,2010-09-30,2010-09-30,2010-09-30,2020-07-01,-687400000.0,1727300000.0,,549600000.0,1177700000.0,,-14.62,-15600000.0,77200000.0,77200000.0,146900000.0,56800000.0,0.473,-3.365,956000000.0,301400000.0,654600000.0,956000000.0,516200000.0,17100000.0,0.0,0.019,0.35,100900000.0,118000000.0,0.295,118000000.0,100900000.0,89900000.0,1.13,1.12,1.13,-726600000.0,,-726600000.0,4427619337.0,10.0,8.898,52300000.0,1.052,1.0,253500000.0,0.633,845900000.0,11000000.0,598200000.0,,0.0,0.0,0.0,0.0,2444700000.0,1162000000.0,1282700000.0,3710919337.0,-132500000.0,-194000000.0,-18800000.0,27600000.0,-17400000.0,-8900000.0,-199500000.0,0.0,67900000.0,8000000.0,56500000.0,56500000.0,56500000.0,0.0,300000.0,0.141,178500000.0,75000000.0,34200000.0,0.31,-5.107,15.215,15.446,53100000.0,0.0,74.14,2.237,2.222,452900000.0,1937500000.0,400400000.0,400400000.0,0.0,,,,,4800000.0,157500000.0,1.0,50052864.0,49700000,50100000.0,8.056,881400000.0,199000000.0,33400000.0,141700000.0,17.734,-612400000.0
33,DNB3,MRQ,2010-06-30,2010-06-30,2010-06-30,2020-07-01,-727300000.0,1632500000.0,,684900000.0,947600000.0,,-15.85,-14900000.0,209700000.0,209700000.0,129400000.0,56400000.0,0.59,-3.049,926400000.0,301300000.0,625100000.0,926400000.0,535900000.0,16000000.0,0.0,0.021,0.35,92400000.0,108400000.0,0.273,108400000.0,92400000.0,80600000.0,1.12,1.1,1.12,-792500000.0,,-792500000.0,4115831091.0,10.0,8.5,67600000.0,1.352,1.0,267900000.0,0.674,628100000.0,11800000.0,560500000.0,,0.0,0.0,0.0,0.0,2416400000.0,1160600000.0,1255800000.0,3382131091.0,-9000000.0,9500000.0,-28600000.0,-26800000.0,-17400000.0,-73600000.0,-8500000.0,0.0,82500000.0,-9400000.0,56000000.0,56000000.0,56000000.0,0.0,400000.0,0.141,177400000.0,90500000.0,41400000.0,0.313,-4.268,14.01,14.281,51700000.0,0.0,67.12,2.041,2.025,451400000.0,1898400000.0,397300000.0,397300000.0,0.0,,,,,6900000.0,159800000.0,1.0,50389319.0,50000000,50500000.0,7.946,1004400000.0,204200000.0,24600000.0,131700000.0,20.088,-475700000.0
34,DNB3,MRQ,2010-03-31,2010-03-31,2010-03-31,2020-07-01,-706200000.0,1699500000.0,,728400000.0,971100000.0,,-15.645,-18400000.0,218700000.0,218700000.0,132300000.0,45800000.0,0.616,-3.142,952400000.0,302700000.0,649700000.0,952400000.0,577200000.0,15200000.0,0.0,0.018,0.35,95800000.0,111000000.0,0.279,111000000.0,95800000.0,84300000.0,0.93,0.92,0.93,-788500000.0,,-788500000.0,4535876295.0,10.0,8.835,110100000.0,2.185,1.0,264900000.0,0.667,643400000.0,11500000.0,607300000.0,,0.0,0.0,0.0,0.0,2477800000.0,1182500000.0,1295300000.0,3795276295.0,-4200000.0,-1400000.0,-64400000.0,-10800000.0,-17800000.0,-92700000.0,-27600000.0,0.0,128500000.0,-12400000.0,47000000.0,47000000.0,47000000.0,0.0,-1200000.0,0.118,171600000.0,93300000.0,37500000.0,0.376,-4.813,14.475,14.795,51100000.0,0.0,74.42,2.263,2.237,490800000.0,1859900000.0,397200000.0,397200000.0,0.0,,,,,8600000.0,151800000.0,1.0,50998069.0,50400000,50900000.0,7.881,1056100000.0,207300000.0,37300000.0,132500000.0,20.954,-454100000.0
35,DNB3,MRQ,2009-12-31,2009-12-31,2009-12-31,2020-07-01,-689000000.0,1749400000.0,,759600000.0,989800000.0,,-14.508,-17400000.0,222900000.0,222900000.0,133400000.0,85000000.0,0.884,-3.33,963500000.0,1700000.0,961800000.0,963500000.0,539700000.0,15700000.0,0.0,0.016,0.34,144500000.0,160200000.0,0.345,160200000.0,144500000.0,133000000.0,1.62,1.6,1.62,-745700000.0,,-745700000.0,5092290168.0,11.0,9.513,49300000.0,0.959,1.0,330300000.0,0.712,651200000.0,11500000.0,979700000.0,,0.0,0.0,0.0,0.0,2483400000.0,859100000.0,1624300000.0,4385090168.0,35600000.0,200000.0,-75500000.0,67900000.0,-17600000.0,-22700000.0,-14100000.0,0.0,66700000.0,5700000.0,84400000.0,84400000.0,84400000.0,0.0,600000.0,0.182,183100000.0,147200000.0,36400000.0,0.21,-5.881,13.729,13.922,53600000.0,0.0,84.37,2.599,2.616,515900000.0,1830700000.0,463700000.0,463700000.0,0.0,,,,,5400000.0,160600000.0,1.0,51974519.0,51400000,52000000.0,9.021,1098200000.0,216400000.0,48600000.0,118500000.0,21.366,-99500000.0
36,DNB3,MRQ,2009-09-30,2009-09-30,2009-09-30,2020-07-01,-678800000.0,1600300000.0,,631800000.0,968500000.0,,-14.06,-16300000.0,187300000.0,187300000.0,120500000.0,54700000.0,0.777,-3.174,894500000.0,1300000.0,893200000.0,894500000.0,476400000.0,13800000.0,0.0,0.018,0.34,90800000.0,104600000.0,0.262,104600000.0,90800000.0,79400000.0,1.03,1.02,1.03,-731100000.0,,-731100000.0,4616321814.0,9.0,8.123,52100000.0,1.002,1.0,278500000.0,0.698,639300000.0,11400000.0,854700000.0,,0.0,0.0,0.0,0.0,2320600000.0,813500000.0,1507100000.0,3974121814.0,-39100000.0,-42300000.0,-61200000.0,24500000.0,-17700000.0,-52700000.0,-60600000.0,0.0,68400000.0,5800000.0,54000000.0,54000000.0,54000000.0,0.0,700000.0,0.135,185900000.0,92600000.0,55600000.0,0.33,-5.436,11.86,11.975,53000000.0,0.0,75.32,2.34,2.307,408100000.0,1763900000.0,399000000.0,399000000.0,0.0,,,,,5800000.0,159900000.0,1.0,52763168.0,52000000,52600000.0,7.673,961000000.0,231900000.0,25400000.0,115200000.0,18.481,-181700000.0
37,DNB3,MRQ,2009-06-30,2009-06-30,2009-06-30,2020-07-01,-692800000.0,1623200000.0,,705200000.0,918000000.0,,-13.814,-16400000.0,226400000.0,226400000.0,129500000.0,77900000.0,0.827,-3.224,868600000.0,600000.0,868000000.0,868600000.0,518100000.0,12900000.0,0.0,0.016,0.34,124700000.0,137600000.0,0.33,137600000.0,124700000.0,113300000.0,1.45,1.43,1.45,-726600000.0,,-726600000.0,5038885258.0,10.0,8.655,95100000.0,1.808,1.0,287400000.0,0.689,589700000.0,11400000.0,823000000.0,,0.0,0.0,0.0,0.0,2342900000.0,852700000.0,1490200000.0,4318185258.0,46500000.0,9700000.0,-34300000.0,-32100000.0,-18000000.0,-84900000.0,5300000.0,0.0,111500000.0,14600000.0,76800000.0,76800000.0,76800000.0,0.0,1100000.0,0.184,177400000.0,110000000.0,78100000.0,0.234,-5.943,12.473,12.571,51000000.0,0.0,81.21,2.528,2.501,422400000.0,1727600000.0,416900000.0,416900000.0,0.0,,,,,5000000.0,161700000.0,1.0,53173073.0,52600000,53200000.0,7.926,1033500000.0,253500000.0,36500000.0,111200000.0,19.648,-147500000.0
38,DNB3,MRQ,2009-03-31,2009-03-31,2009-03-31,2020-07-01,-726400000.0,1614600000.0,,705600000.0,909000000.0,,-14.934,-15200000.0,179900000.0,179900000.0,116900000.0,104400000.0,0.8,-3.032,900600000.0,600000.0,900000000.0,900600000.0,554300000.0,15700000.0,0.0,0.016,0.34,117200000.0,132900000.0,0.326,132900000.0,117200000.0,105800000.0,1.95,1.93,1.95,-791500000.0,,-791500000.0,4851037793.0,10.0,8.669,107700000.0,2.032,1.0,290500000.0,0.713,577800000.0,11400000.0,875600000.0,,0.0,0.0,0.0,0.0,2399900000.0,881900000.0,1518000000.0,4110437793.0,15700000.0,-30500000.0,-33400000.0,-4300000.0,-18200000.0,-52800000.0,-51300000.0,-5000000.0,122900000.0,-3100000.0,104200000.0,104200000.0,104200000.0,0.0,200000.0,0.256,175800000.0,114700000.0,58400000.0,0.174,-5.193,11.625,11.756,51700000.0,0.0,77.0,2.391,2.374,456100000.0,1668800000.0,407400000.0,407400000.0,0.0,,,,,12600000.0,158800000.0,1.0,53382309.0,53000000,53700000.0,7.687,1036800000.0,246300000.0,1600000.0,101600000.0,19.562,-176300000.0
39,DNB3,MRQ,2008-12-31,2008-12-31,2008-12-31,2020-07-01,-722000000.0,1586000000.0,,695800000.0,890200000.0,,-16.103,-10400000.0,164200000.0,164200000.0,118200000.0,101800000.0,0.766,-2.844,904800000.0,500000.0,904300000.0,904800000.0,536500000.0,16800000.0,0.0,0.016,0.3,176400000.0,193200000.0,0.407,193200000.0,176400000.0,163300000.0,1.86,1.83,1.86,-856700000.0,,-856700000.0,4796086765.0,10.0,8.808,75500000.0,1.419,1.0,356500000.0,0.751,558900000.0,13100000.0,859200000.0,,0.0,0.0,0.0,0.0,2436600000.0,908500000.0,1528100000.0,4162086765.0,-66400000.0,-56200000.0,-49400000.0,38400000.0,-16000000.0,-26000000.0,-93400000.0,0.0,85900000.0,-32900000.0,100100000.0,100100000.0,100100000.0,700000.0,1700000.0,0.211,184300000.0,172200000.0,63000000.0,0.161,-4.858,13.4,13.616,53100000.0,0.0,77.2,2.411,2.433,516600000.0,1582800000.0,474700000.0,474700000.0,0.0,,,,,6600000.0,164900000.0,1.0,53913041.0,53200000,53800000.0,8.923,1027100000.0,223800000.0,63200000.0,111400000.0,19.306,-212700000.0
40,DNB3,MRQ,2008-09-30,2008-09-30,2008-09-30,2020-07-01,-381200000.0,1642300000.0,,661000000.0,981300000.0,,-10.353,-15600000.0,230600000.0,230600000.0,116600000.0,65300000.0,0.762,-3.936,864600000.0,0.0,864600000.0,864600000.0,515500000.0,14400000.0,0.0,0.012,0.3,104100000.0,118500000.0,0.29,118500000.0,104100000.0,92400000.0,1.2,1.18,1.2,-558000000.0,,-558000000.0,5728966915.0,12.0,10.531,70100000.0,1.301,1.0,292600000.0,0.715,458700000.0,11700000.0,950700000.0,,0.0,0.0,0.0,0.0,2196500000.0,866900000.0,1329600000.0,5148866915.0,-14900000.0,-2900000.0,-77400000.0,39100000.0,-16300000.0,-49900000.0,-28400000.0,-10000000.0,85700000.0,-22300000.0,65100000.0,65100000.0,65100000.0,0.0,200000.0,0.159,201400000.0,91200000.0,56500000.0,0.25,-9.227,16.492,17.002,50500000.0,0.0,94.36,3.0,2.963,405800000.0,1498800000.0,409200000.0,409200000.0,0.0,,,,,8500000.0,169800000.0,1.0,54566203.0,53900000,54800000.0,7.592,1183600000.0,68900000.0,27300000.0,88700000.0,21.959,-205900000.0
41,DNB3,MRQ,2008-06-30,2008-06-30,2008-06-30,2020-07-01,-353300000.0,1657600000.0,,701200000.0,956400000.0,,-9.471,-16100000.0,245500000.0,245500000.0,122100000.0,84800000.0,0.785,-4.21,825600000.0,0.0,825600000.0,825600000.0,561000000.0,13900000.0,0.0,0.013,0.3,101100000.0,115000000.0,0.269,115000000.0,101100000.0,87900000.0,1.54,1.51,1.54,-515200000.0,,-515200000.0,5465529328.0,11.0,10.214,119700000.0,2.2,1.0,305600000.0,0.715,446200000.0,13200000.0,898400000.0,,0.0,0.0,0.0,0.0,2169100000.0,893100000.0,1276000000.0,4891229328.0,29800000.0,200000.0,-116800000.0,35400000.0,-16400000.0,-95400000.0,-13400000.0,0.0,135800000.0,2800000.0,84200000.0,84200000.0,84200000.0,0.0,600000.0,0.197,199600000.0,106000000.0,47900000.0,0.195,-9.494,16.132,16.474,49700000.0,0.0,87.64,2.908,2.835,437000000.0,1449900000.0,427700000.0,427700000.0,0.0,,,,,7300000.0,184500000.0,1.0,55810467.0,54400000,55400000.0,7.862,1211400000.0,77200000.0,3700000.0,81600000.0,22.268,-191900000.0
42,DNB3,MRQ,2008-03-31,2008-03-31,2008-03-31,2020-07-01,-358100000.0,1631700000.0,,685300000.0,946400000.0,,-8.616,-17400000.0,215700000.0,215700000.0,123800000.0,61100000.0,0.795,-4.374,790000000.0,0.0,790000000.0,790000000.0,585700000.0,13400000.0,0.0,0.013,0.3,104400000.0,117800000.0,0.284,117800000.0,104400000.0,95000000.0,1.08,1.06,1.08,-482500000.0,,-482500000.0,5157744875.0,11.0,9.819,111700000.0,1.995,1.0,290900000.0,0.701,438500000.0,9400000.0,905100000.0,,0.0,0.0,0.0,0.0,2110500000.0,862400000.0,1248100000.0,4608744875.0,26000000.0,-1500000.0,-114500000.0,65200000.0,-16900000.0,-71200000.0,-31000000.0,0.0,129100000.0,-900000.0,61200000.0,61200000.0,61200000.0,-1100000.0,-100000.0,0.148,190600000.0,100300000.0,25400000.0,0.278,-9.552,15.032,15.442,49200000.0,0.0,81.38,2.819,2.787,477000000.0,1382000000.0,414700000.0,414700000.0,0.0,,,,,13500000.0,166800000.0,1.0,56632402.0,56000000,57100000.0,7.405,1193200000.0,58800000.0,33800000.0,104600000.0,21.307,-177100000.0
43,DNB3,MRQ,2007-12-31,2007-12-31,2007-12-31,2020-07-01,-354200000.0,1658800000.0,,718300000.0,940500000.0,,-7.708,-20200000.0,175800000.0,175800000.0,111100000.0,100800000.0,0.789,-4.761,724800000.0,0.0,724800000.0,724800000.0,531300000.0,17100000.0,0.0,0.011,0.25,175600000.0,192700000.0,0.415,192700000.0,175600000.0,167100000.0,1.73,1.7,1.73,-440100000.0,,-440100000.0,5517347712.0,12.0,10.844,64400000.0,1.128,1.0,353600000.0,0.761,491800000.0,8500000.0,806000000.0,,0.0,0.0,0.0,0.0,2095300000.0,910000000.0,1185300000.0,5137747712.0,23100000.0,-104400000.0,-112400000.0,178600000.0,-14300000.0,54900000.0,-124000000.0,0.0,84600000.0,7600000.0,101700000.0,101700000.0,101700000.0,-3300000.0,-900000.0,0.219,197800000.0,155800000.0,30500000.0,0.145,-11.674,17.235,17.447,50300000.0,0.0,88.63,3.213,3.231,498200000.0,1320700000.0,464700000.0,464700000.0,0.0,,,,,7000000.0,176400000.0,1.0,57968495.0,57100000,57800000.0,8.138,1167000000.0,60200000.0,65400000.0,93700000.0,20.438,-191700000.0
44,DNB3,MRQ,2007-09-30,2007-09-30,2007-09-30,2020-07-01,-404400000.0,1419000000.0,,562600000.0,856400000.0,,-8.136,-19300000.0,166600000.0,166600000.0,103500000.0,56100000.0,0.683,-3.99,546200000.0,0.0,546200000.0,546200000.0,474600000.0,10500000.0,0.0,0.008,0.25,99100000.0,109600000.0,0.293,109600000.0,99100000.0,92200000.0,0.97,0.94,0.97,-472700000.0,,-472700000.0,6123817579.0,14.0,12.865,53500000.0,0.921,1.0,271200000.0,0.724,341700000.0,6900000.0,632800000.0,,0.0,0.0,0.0,0.0,1885900000.0,824100000.0,1061800000.0,5802717579.0,11800000.0,-4200000.0,-103200000.0,70300000.0,-14500000.0,-40800000.0,-23900000.0,0.0,72800000.0,3700000.0,56100000.0,56100000.0,56100000.0,-500000.0,0.0,0.15,175800000.0,95400000.0,40500000.0,0.258,-12.276,20.176,20.416,49100000.0,0.0,98.61,3.829,3.78,396000000.0,1250400000.0,374700000.0,374700000.0,0.0,,,,,7600000.0,164200000.0,1.0,58845123.0,58100000,59600000.0,6.449,1077300000.0,79800000.0,36100000.0,93400000.0,18.542,-261500000.0
45,DNB3,MRQ,2007-06-30,2007-06-30,2007-06-30,2020-07-01,-409200000.0,1417900000.0,,585400000.0,832500000.0,,-7.331,-17800000.0,154800000.0,154800000.0,108400000.0,87600000.0,0.686,-4.289,475900000.0,100000.0,475800000.0,475900000.0,520100000.0,9900000.0,0.0,0.005,0.25,95300000.0,105200000.0,0.276,105200000.0,95300000.0,88800000.0,1.49,1.46,1.49,-429600000.0,,-429600000.0,6462033806.0,16.0,14.3,99100000.0,1.691,1.0,272400000.0,0.715,329000000.0,6500000.0,556200000.0,,0.0,0.0,0.0,0.0,1842700000.0,853800000.0,988900000.0,6117433806.0,15200000.0,-6100000.0,-66300000.0,-8300000.0,-14700000.0,-82300000.0,-24100000.0,0.0,116900000.0,4700000.0,87600000.0,87600000.0,87600000.0,-1300000.0,0.0,0.23,182400000.0,90000000.0,35300000.0,0.168,-14.24,22.061,22.387,49400000.0,0.0,102.98,4.078,4.023,426300000.0,1208800000.0,380800000.0,380800000.0,0.0,,,,,9300000.0,167600000.0,1.0,59404096.0,58600000,60200000.0,6.498,1088900000.0,83300000.0,1200000.0,84000000.0,18.582,-268400000.0
46,DNB3,MRQ,2007-03-31,2007-03-31,2007-03-31,2020-07-01,-445000000.0,1392200000.0,,588400000.0,803800000.0,,-7.785,-14800000.0,139600000.0,139600000.0,107400000.0,52700000.0,0.712,-4.001,484200000.0,100000.0,484100000.0,484200000.0,526800000.0,9100000.0,0.0,0.003,0.25,92200000.0,101300000.0,0.267,101300000.0,92200000.0,85800000.0,0.89,0.87,0.89,-462400000.0,,-462400000.0,5792716189.0,14.0,13.112,104800000.0,1.764,1.0,271600000.0,0.717,311900000.0,6400000.0,598200000.0,,0.0,0.0,0.0,0.0,1850000000.0,826700000.0,1023300000.0,5472116189.0,1200000.0,-29800000.0,-95300000.0,25200000.0,-14900000.0,-74800000.0,-45200000.0,0.0,119600000.0,1600000.0,52700000.0,52700000.0,52700000.0,-300000.0,0.0,0.139,187200000.0,84400000.0,35900000.0,0.281,-11.834,22.621,23.265,49700000.0,0.0,91.2,3.681,3.644,415400000.0,1135900000.0,379000000.0,379000000.0,0.0,,,,,9400000.0,163300000.0,1.0,60001274.0,59400000,60900000.0,6.38,1080300000.0,102300000.0,33100000.0,106700000.0,18.187,-238300000.0
47,DNB3,MRQ,2006-12-31,2006-12-31,2006-12-31,2020-07-01,-453000000.0,1360100000.0,,645000000.0,715100000.0,,-6.597,-11800000.0,127700000.0,127700000.0,69300000.0,91200000.0,0.801,-4.408,459000000.0,100000.0,458900000.0,459000000.0,466700000.0,9900000.0,0.0,0.0,0.0,150000000.0,159900000.0,0.42,159900000.0,150000000.0,144400000.0,1.48,1.43,1.48,-399100000.0,,-399100000.0,5345939882.0,13.0,12.284,58000000.0,0.959,1.0,311800000.0,0.818,278600000.0,5600000.0,607300000.0,,0.0,0.0,0.0,0.0,1759200000.0,805500000.0,953700000.0,5084339882.0,-500000.0,-500000.0,-131400000.0,58500000.0,0.0,-63200000.0,-11000000.0,0.0,69800000.0,3900000.0,91200000.0,91200000.0,91200000.0,-2000000.0,0.0,0.239,166200000.0,145600000.0,37300000.0,0.0,-12.74,21.123,21.73,50500000.0,0.0,82.79,3.447,3.548,408700000.0,1132200000.0,381100000.0,381100000.0,0.0,,,,,8200000.0,155000000.0,1.0,61412488.0,60500000,62700000.0,6.299,1081500000.0,161800000.0,53200000.0,56300000.0,17.876,-160500000.0
48,DNB3,MRQ,2006-09-30,2006-09-30,2006-09-30,2020-07-01,-266500000.0,1450700000.0,,526500000.0,924200000.0,,-3.045,-19400000.0,138900000.0,138900000.0,114500000.0,45800000.0,0.722,-8.721,400500000.0,100000.0,400400000.0,400500000.0,430800000.0,8200000.0,0.0,0.0,0.0,77300000.0,85500000.0,0.238,85500000.0,77300000.0,72200000.0,0.74,0.72,0.74,-187900000.0,,-187900000.0,4948179714.0,13.0,11.709,77800000.0,1.261,1.0,244700000.0,0.681,279800000.0,5100000.0,703300000.0,,0.0,0.0,0.0,0.0,1638600000.0,729200000.0,909400000.0,4710579714.0,21800000.0,0.0,-109800000.0,46000000.0,0.0,-58300000.0,-21200000.0,0.0,97200000.0,4100000.0,45800000.0,45800000.0,45800000.0,0.0,0.0,0.128,168200000.0,76500000.0,37000000.0,0.0,-25.07,19.644,20.378,45400000.0,0.0,74.99,3.273,3.215,332800000.0,1041000000.0,359200000.0,359200000.0,0.0,,,,,5200000.0,145800000.0,1.0,62816105.0,61700000,63400000.0,5.822,1170900000.0,67900000.0,26400000.0,0.0,18.977,-202700000.0
49,DNB3,MRQ,2006-06-30,2006-06-30,2006-06-30,2020-07-01,-270000000.0,1449900000.0,,534400000.0,915500000.0,,-2.09,-15300000.0,117100000.0,117100000.0,117700000.0,52200000.0,0.742,-11.788,354700000.0,400000.0,354300000.0,354700000.0,449300000.0,7500000.0,0.0,0.0,0.0,87600000.0,95100000.0,0.259,95100000.0,87600000.0,83400000.0,0.81,0.79,0.81,-134400000.0,,-134400000.0,4793046604.0,12.0,11.288,86400000.0,1.344,1.0,249700000.0,0.68,269200000.0,4200000.0,697700000.0,,0.0,0.0,0.0,0.0,1584300000.0,720600000.0,863700000.0,4618746604.0,-9000000.0,-700000.0,-268500000.0,55000000.0,0.0,-207500000.0,87300000.0,103200000.0,101700000.0,9500000.0,52200000.0,52200000.0,52200000.0,0.0,0.0,0.142,164100000.0,85600000.0,33900000.0,0.0,-34.366,20.464,20.374,43300000.0,0.0,69.68,3.249,3.152,365400000.0,995200000.0,367400000.0,367400000.0,0.0,,,,,5800000.0,153000000.0,1.0,66285112.0,64300000,66100000.0,5.714,1180700000.0,67000000.0,31200000.0,200000.0,18.362,-186200000.0
50,DNB3,MRQ,2006-03-31,2006-03-31,2006-03-31,2020-07-01,-279200000.0,1576300000.0,,673400000.0,902900000.0,,0.872,-5700000.0,126100000.0,126100000.0,109400000.0,51500000.0,0.943,26.225,300400000.0,1100000.0,299300000.0,300400000.0,476200000.0,6500000.0,0.0,0.0,0.0,88200000.0,94700000.0,0.258,94700000.0,88200000.0,82800000.0,0.77,0.75,0.77,57900000.0,,57900000.0,5238316891.0,13.0,12.454,30500000.0,0.459,1.0,257800000.0,0.702,255300000.0,5400000.0,781100000.0,,0.0,103200000.0,103200000.0,0.0,1518400000.0,714200000.0,804200000.0,5132716891.0,-69200000.0,-7600000.0,-102500000.0,-800000.0,0.0,-102500000.0,-7800000.0,6200000.0,36200000.0,4900000.0,51500000.0,51500000.0,51500000.0,0.0,0.0,0.14,171800000.0,86000000.0,32700000.0,0.0,88.648,23.267,23.166,43300000.0,0.0,76.68,3.651,3.622,404500000.0,942900000.0,367200000.0,367200000.0,0.0,,,,,11500000.0,158900000.0,1.0,66936840.0,66400000,68400000.0,5.53,1321000000.0,63700000.0,31300000.0,300000.0,19.895,-40800000.0
51,DNB3,MRQ,2005-12-31,2005-12-31,2005-12-31,2020-07-01,-287600000.0,1613400000.0,,759300000.0,854100000.0,,1.178,-10000000.0,195300000.0,195300000.0,48000000.0,90300000.0,0.738,19.782,300900000.0,300800000.0,100000.0,300900000.0,413700000.0,8600000.0,0.0,0.0,0.0,138700000.0,147300000.0,0.426,147300000.0,138700000.0,133300000.0,1.36,1.32,1.36,77600000.0,,77600000.0,4484075165.0,12.0,10.937,92400000.0,1.402,1.0,297400000.0,0.861,252200000.0,5400000.0,437700000.0,,0.0,109400000.0,109400000.0,0.0,1535100000.0,1029100000.0,506000000.0,4445375165.0,-69300000.0,-900000.0,-42000000.0,-1100000.0,0.0,-44200000.0,-120100000.0,-109400000.0,102400000.0,-7400000.0,90300000.0,90300000.0,90300000.0,1300000.0,0.0,0.261,160200000.0,137200000.0,43900000.0,0.0,57.286,20.097,20.23,44200000.0,0.0,66.96,3.221,3.241,380300000.0,891500000.0,345400000.0,345400000.0,0.0,,,,,42200000.0,142500000.0,1.0,66388518.0,65900000,67900000.0,5.241,1361200000.0,96200000.0,43000000.0,1500000.0,20.656,-269800000.0
52,DNB3,MRQ,2005-09-30,2005-09-30,2005-09-30,2020-07-01,-272300000.0,1501400000.0,,612900000.0,888500000.0,,0.102,-8300000.0,264600000.0,264600000.0,105700000.0,31700000.0,0.62,219.794,303300000.0,303000000.0,300000.0,303300000.0,387300000.0,8600000.0,0.0,0.0,0.0,78900000.0,87500000.0,0.256,87500000.0,78900000.0,73500000.0,0.48,0.46,0.48,6800000.0,,6800000.0,4484349424.0,12.0,11.021,29400000.0,0.442,1.0,235900000.0,0.691,253900000.0,5400000.0,298300000.0,,0.0,0.0,0.0,0.0,1494600000.0,987900000.0,506700000.0,4425949424.0,19300000.0,-18400000.0,-58600000.0,-300000.0,0.0,-58600000.0,43300000.0,69200000.0,37700000.0,-3100000.0,31700000.0,31700000.0,31700000.0,0.0,0.0,0.093,156700000.0,79200000.0,31800000.0,0.0,650.875,21.496,21.811,46100000.0,0.0,65.87,3.112,3.08,311700000.0,801200000.0,341600000.0,341600000.0,0.0,,,,,33000000.0,143400000.0,1.0,67192188.0,66500000,69200000.0,5.137,1247500000.0,79900000.0,41800000.0,17700000.0,18.759,-375000000.0
53,DNB3,MRQ,2005-06-30,2005-06-30,2005-06-30,2020-07-01,-271500000.0,1544600000.0,,680000000.0,864600000.0,,0.256,-5000000.0,245300000.0,245300000.0,107000000.0,47100000.0,0.677,88.283,303700000.0,303300000.0,400000.0,303700000.0,414900000.0,8800000.0,0.0,0.0,0.0,82300000.0,91100000.0,0.259,91100000.0,82300000.0,77300000.0,0.7,0.67,0.7,17300000.0,,17300000.0,4203218809.0,11.0,10.299,49500000.0,0.731,1.0,244700000.0,0.696,241700000.0,5000000.0,356600000.0,,0.0,69200000.0,69200000.0,0.0,1527300000.0,1004700000.0,522600000.0,4198718809.0,-50100000.0,21800000.0,-64800000.0,1300000.0,0.0,-72800000.0,-16300000.0,-34800000.0,54500000.0,-15500000.0,47100000.0,47100000.0,47100000.0,0.0,0.0,0.134,168500000.0,76200000.0,38500000.0,0.0,242.701,18.939,19.146,47700000.0,0.0,61.65,2.97,2.952,329900000.0,769500000.0,351700000.0,351700000.0,0.0,,,,,400000.0,153200000.0,1.0,68105739.0,67700000,70400000.0,5.195,1302900000.0,77200000.0,30200000.0,38400000.0,19.245,-324700000.0
54,DNB3,MRQ,2005-03-31,2005-03-31,2005-03-31,2020-07-01,-253500000.0,1621500000.0,,749200000.0,872300000.0,,0.734,-4600000.0,295400000.0,295400000.0,95100000.0,52100000.0,0.748,31.237,299900000.0,299900000.0,0.0,299900000.0,456800000.0,8600000.0,0.0,0.0,0.0,75500000.0,84100000.0,0.246,84100000.0,75500000.0,70200000.0,0.76,0.73,0.76,50300000.0,,50300000.0,4289237825.0,12.0,10.745,62300000.0,0.909,1.0,246200000.0,0.721,244100000.0,5300000.0,379900000.0,,0.0,34400000.0,34400000.0,0.0,1571200000.0,1002000000.0,569200000.0,4242137825.0,42500000.0,-2800000.0,-65700000.0,0.0,0.0,-65600000.0,39000000.0,48200000.0,66900000.0,2200000.0,52100000.0,52100000.0,52100000.0,0.0,0.0,0.153,174200000.0,72000000.0,32500000.0,0.0,84.337,19.814,19.951,51300000.0,0.0,61.45,3.005,2.981,386700000.0,722400000.0,341300000.0,341300000.0,0.0,,,,,11000000.0,155200000.0,1.0,69033976.0,68500000,71400000.0,4.982,1377400000.0,77600000.0,18100000.0,17000000.0,20.108,-252800000.0
55,DNB3,MRQ,2004-12-31,2004-12-31,2004-12-31,2020-07-01,-256100000.0,1635500000.0,,762100000.0,873400000.0,,0.786,-9200000.0,252900000.0,252900000.0,97000000.0,75000000.0,1.068,29.175,300000000.0,0.0,300000000.0,300000000.0,388600000.0,13000000.0,0.0,0.0,0.0,131200000.0,144200000.0,0.372,144200000.0,131200000.0,126800000.0,1.08,1.04,1.08,54200000.0,,54200000.0,4250855137.0,12.0,10.439,84100000.0,1.219,1.0,290500000.0,0.75,249400000.0,4400000.0,719600000.0,,0.0,82600000.0,82600000.0,0.0,1581300000.0,713600000.0,867700000.0,4144755137.0,59100000.0,12400000.0,-58600000.0,-100000.0,0.0,-58600000.0,9200000.0,6000000.0,93300000.0,15200000.0,75000000.0,75000000.0,75000000.0,0.0,0.0,0.194,174700000.0,115800000.0,50200000.0,0.0,76.471,19.569,19.817,51200000.0,0.0,59.65,2.931,2.97,398900000.0,670300000.0,387500000.0,387500000.0,0.0,,,,,11400000.0,150600000.0,1.0,69484579.0,68999000,71687000.0,5.616,1386100000.0,76800000.0,51800000.0,22200000.0,20.089,48500000.0
56,DNB3,MRQ,2004-09-30,2004-09-30,2004-09-30,2020-07-01,-270200000.0,1522400000.0,,665700000.0,856700000.0,,0.24,-9700000.0,193800000.0,193800000.0,98400000.0,47500000.0,0.928,89.619,299900000.0,0.0,299900000.0,299900000.0,359500000.0,11100000.0,0.0,0.0,0.0,77600000.0,88700000.0,0.266,88700000.0,77600000.0,72700000.0,0.68,0.65,0.68,16800000.0,,16800000.0,4211826352.0,12.0,10.438,36900000.0,0.528,1.0,234800000.0,0.705,240800000.0,4900000.0,670000000.0,,0.0,85100000.0,85100000.0,0.0,1505600000.0,717700000.0,787900000.0,4129126352.0,-23400000.0,-8700000.0,-53100000.0,100000.0,0.0,-52800000.0,-8500000.0,7900000.0,46600000.0,-8700000.0,47500000.0,47500000.0,47500000.0,0.0,0.0,0.143,161900000.0,72900000.0,23700000.0,0.0,245.781,19.634,19.966,50800000.0,0.0,58.7,2.886,2.869,272500000.0,595800000.0,333200000.0,333200000.0,0.0,,,,,1700000.0,148100000.0,1.0,70342868.0,69924000,72685000.0,4.765,1281600000.0,57900000.0,25200000.0,113200000.0,18.328,-52000000.0
57,DNB3,MRQ,2004-06-30,2004-06-30,2004-06-30,2020-07-01,-265600000.0,1566000000.0,,708100000.0,857900000.0,,0.353,-5000000.0,217200000.0,217200000.0,105300000.0,39500000.0,0.939,61.64,299900000.0,0.0,299900000.0,299900000.0,377200000.0,11200000.0,0.0,0.0,0.0,71000000.0,82200000.0,0.235,82200000.0,71000000.0,66000000.0,0.56,0.54,0.56,25000000.0,,25000000.0,3936359085.0,12.0,10.324,51500000.0,0.727,1.0,244600000.0,0.699,249200000.0,5000000.0,645000000.0,,0.0,93100000.0,93100000.0,0.0,1541000000.0,754500000.0,786500000.0,3833859085.0,19800000.0,20000000.0,-45400000.0,0.0,0.0,-45800000.0,21400000.0,3000000.0,56500000.0,-12300000.0,39500000.0,39500000.0,39500000.0,0.0,0.0,0.113,180000000.0,64600000.0,26900000.0,0.0,153.354,20.01,20.343,50700000.0,0.0,53.91,2.681,2.669,277700000.0,548200000.0,349900000.0,349900000.0,0.0,,,,,1200000.0,160800000.0,1.0,71115917.0,70803000,73603000.0,4.942,1316800000.0,58800000.0,26500000.0,112800000.0,18.598,-46400000.0
58,DNB3,MRQ,2004-03-31,2004-03-31,2004-03-31,2020-07-01,-247300000.0,1635200000.0,,737900000.0,897300000.0,,0.664,-4900000.0,197400000.0,197400000.0,103200000.0,49800000.0,1.01,33.281,299900000.0,0.0,299900000.0,299900000.0,435700000.0,12000000.0,0.0,0.0,0.0,80100000.0,92100000.0,0.268,92100000.0,80100000.0,75500000.0,0.69,0.66,0.69,47700000.0,,47700000.0,3895270252.0,12.0,10.36,66300000.0,0.923,1.0,240200000.0,0.699,282800000.0,4600000.0,724200000.0,,0.0,95900000.0,95900000.0,0.0,1587500000.0,730700000.0,856800000.0,3834370252.0,-41600000.0,40100000.0,-76700000.0,0.0,0.0,-76300000.0,-61300000.0,-87700000.0,71200000.0,24800000.0,49800000.0,49800000.0,49800000.0,0.0,0.0,0.145,174700000.0,65500000.0,34100000.0,0.0,80.385,20.483,20.898,54200000.0,0.0,53.5,2.71,2.717,345900000.0,508300000.0,343400000.0,343400000.0,0.0,,,,,3500000.0,152500000.0,1.0,71670472.0,71869000,74816000.0,4.778,1352400000.0,65500000.0,25700000.0,49300000.0,18.818,7200000.0
59,DNB3,MRQ,2003-12-31,2003-12-31,2003-12-31,2020-07-01,-270400000.0,1624700000.0,,730800000.0,893900000.0,,0.676,-10500000.0,239000000.0,239000000.0,107600000.0,73500000.0,0.993,32.568,299900000.0,0.0,299900000.0,299900000.0,391300000.0,17500000.0,0.0,0.0,0.0,123000000.0,140500000.0,0.347,140500000.0,123000000.0,118400000.0,1.01,0.98,1.01,48400000.0,,48400000.0,3787110966.0,13.0,10.424,68900000.0,0.962,1.0,296800000.0,0.734,304100000.0,4600000.0,645600000.0,,0.0,5100000.0,5100000.0,0.0,1576300000.0,735900000.0,840400000.0,3686910966.0,39300000.0,-8500000.0,-29700000.0,0.0,0.0,-31200000.0,-17100000.0,600000.0,79400000.0,8200000.0,73500000.0,73500000.0,73500000.0,0.0,0.0,0.182,175800000.0,121000000.0,50900000.0,0.0,76.176,21.128,21.397,55100000.0,0.0,50.71,2.659,2.688,385100000.0,458500000.0,404400000.0,404400000.0,0.0,,,,,6100000.0,158300000.0,1.0,72705797.0,71606000,74020000.0,5.648,1320600000.0,83500000.0,44900000.0,49300000.0,18.443,-5100000.0
60,DNB3,MRQ,2003-09-30,2003-09-30,2003-09-30,2020-07-01,-281200000.0,1506400000.0,,580900000.0,925500000.0,,-0.146,75700000.0,199700000.0,199700000.0,117800000.0,28800000.0,0.847,-141.785,299900000.0,0.0,299900000.0,299900000.0,369500000.0,14600000.0,0.0,0.0,0.0,51900000.0,66500000.0,0.2,66500000.0,51900000.0,47100000.0,0.39,0.38,0.39,-10700000.0,,-10700000.0,3238857170.0,11.0,9.078,101300000.0,1.378,1.0,214500000.0,0.646,297700000.0,4800000.0,623200000.0,,0.0,0.0,0.0,0.0,1517100000.0,685700000.0,831400000.0,3066457170.0,72300000.0,1100000.0,-59700000.0,0.0,0.0,-59100000.0,104800000.0,32000000.0,25600000.0,1000000.0,28800000.0,28800000.0,28800000.0,0.0,0.0,0.087,160400000.0,54100000.0,40700000.0,0.0,-286.585,18.551,18.628,55000000.0,0.0,41.54,2.292,2.283,316100000.0,385000000.0,332300000.0,332300000.0,0.0,,,,,3400000.0,144200000.0,1.0,73819383.0,73534000,76152000.0,4.519,1208700000.0,97200000.0,18300000.0,49300000.0,16.437,-104800000.0
61,DNB3,MRQ,2003-06-30,2003-06-30,2003-06-30,2020-07-01,-275200000.0,1606300000.0,,544900000.0,1061400000.0,,0.301,-9400000.0,127400000.0,127400000.0,101800000.0,35100000.0,0.727,70.71,299800000.0,0.0,299800000.0,299800000.0,413500000.0,15700000.0,0.0,0.0,0.0,61200000.0,76900000.0,0.23,76900000.0,61200000.0,56500000.0,0.47,0.46,0.47,22400000.0,,22400000.0,3210419619.0,11.0,8.619,60600000.0,0.815,1.0,233200000.0,0.696,337700000.0,4700000.0,691900000.0,,0.0,36900000.0,36900000.0,0.0,1583900000.0,749100000.0,834800000.0,3059919619.0,-21900000.0,-16700000.0,-35000000.0,0.0,0.0,-34400000.0,-62000000.0,-20900000.0,70000000.0,4500000.0,35100000.0,35100000.0,35100000.0,0.0,0.0,0.105,172100000.0,61100000.0,52200000.0,0.0,136.604,17.873,17.792,154100000.0,0.0,41.1,2.345,2.343,344100000.0,356100000.0,335000000.0,335000000.0,0.0,,,,,2700000.0,151500000.0,1.0,74450599.0,74383000,76893000.0,4.504,1268600000.0,94300000.0,21400000.0,49300000.0,17.055,-204200000.0
62,DNB3,MRQ,2003-03-31,2003-03-31,2003-03-31,2020-07-01,-279800000.0,1582400000.0,,552600000.0,1029800000.0,,0.193,-5900000.0,149300000.0,149300000.0,106100000.0,37100000.0,0.748,108.889,299800000.0,0.0,299800000.0,299800000.0,424200000.0,16200000.0,0.0,0.0,0.0,63200000.0,79400000.0,0.252,79400000.0,63200000.0,58700000.0,0.5,0.48,0.5,14400000.0,,14400000.0,2955333648.0,11.0,8.636,54800000.0,0.736,1.0,208600000.0,0.663,320500000.0,4500000.0,674000000.0,,0.0,0.0,0.0,0.0,1568000000.0,738400000.0,829600000.0,2847233648.0,-42600000.0,-82100000.0,-8300000.0,0.0,0.0,-8100000.0,-91000000.0,-7400000.0,60700000.0,-4200000.0,37100000.0,37100000.0,37100000.0,0.0,0.0,0.118,153000000.0,55600000.0,32900000.0,0.0,197.725,19.369,19.221,152100000.0,0.0,38.25,2.232,2.232,367200000.0,321000000.0,314700000.0,314700000.0,0.0,,,,,2300000.0,125900000.0,1.0,74437481.0,74448000,76707000.0,4.227,1261900000.0,92300000.0,21600000.0,49300000.0,16.95,-185800000.0
63,DNB3,MRQ,2002-12-31,2002-12-31,2002-12-31,2020-07-01,-281400000.0,1527700000.0,,614200000.0,913500000.0,,-0.253,-19600000.0,191900000.0,191900000.0,80800000.0,64300000.0,0.855,-82.261,299900000.0,0.0,299900000.0,299900000.0,367100000.0,23900000.0,0.0,0.0,0.0,110100000.0,134000000.0,0.376,134000000.0,110100000.0,105400000.0,0.87,0.84,0.87,-18800000.0,,-18800000.0,2727448315.0,11.0,7.994,59800000.0,0.804,1.0,275300000.0,0.773,252800000.0,4700000.0,664800000.0,,0.0,0.0,0.0,0.0,1546500000.0,718100000.0,828400000.0,2563448315.0,55900000.0,3500000.0,-1400000.0,0.0,0.0,-1300000.0,-13600000.0,-4500000.0,79400000.0,-8600000.0,64300000.0,64300000.0,64300000.0,0.0,0.0,0.181,168000000.0,107300000.0,47400000.0,0.0,-136.354,17.876,17.87,149700000.0,0.0,34.49,2.01,2.015,383200000.0,284000000.0,356100000.0,356100000.0,0.0,,,,,5400000.0,144100000.0,1.0,74324393.0,74367000,76397000.0,4.788,1274900000.0,81900000.0,41100000.0,49300000.0,17.143,-103900000.0
64,DNB3,MRQ,2002-09-30,2002-09-30,2002-09-30,2020-07-01,-231300000.0,1413500000.0,,510600000.0,902900000.0,,-0.447,-12800000.0,136000000.0,136000000.0,100300000.0,34700000.0,0.744,-43.575,300000000.0,100000.0,299900000.0,300000000.0,362300000.0,20900000.0,0.0,0.0,0.0,61300000.0,82200000.0,0.275,82200000.0,61300000.0,56400000.0,0.47,0.45,0.47,-33200000.0,,-33200000.0,2648499673.0,11.0,8.147,15800000.0,0.213,1.0,198600000.0,0.664,250200000.0,4900000.0,640600000.0,,0.0,0.0,0.0,0.0,1446700000.0,686700000.0,760000000.0,2495899673.0,-11100000.0,-19900000.0,-700000.0,0.0,0.0,-400000.0,-39600000.0,0.0,28600000.0,300000.0,34700000.0,34700000.0,34700000.0,0.0,0.0,0.116,139800000.0,58800000.0,0.0,0.0,-75.178,18.766,19.097,143400000.0,0.0,33.61,1.986,1.987,279200000.0,219700000.0,298900000.0,298900000.0,0.0,,,,,0.0,118900000.0,1.0,74260627.0,74295000,76540000.0,4.023,1163300000.0,0.0,21700000.0,0.0,15.658,-176100000.0
65,DNB3,MRQ,2002-06-30,2002-06-30,2002-06-30,2020-07-01,-235300000.0,1383900000.0,,521900000.0,862000000.0,,-0.969,9700000.0,147100000.0,147100000.0,102200000.0,10900000.0,0.778,-20.194,299700000.0,0.0,299700000.0,299700000.0,379400000.0,19900000.0,0.0,0.0,0.0,26700000.0,46600000.0,0.152,46600000.0,26700000.0,21800000.0,0.15,0.14,0.15,-72100000.0,,-72100000.0,2710082221.0,11.0,8.419,107300000.0,1.442,1.0,203700000.0,0.666,227500000.0,4900000.0,638400000.0,,0.0,0.0,0.0,0.0,1456000000.0,670600000.0,785400000.0,2464182221.0,57700000.0,0.0,-14200000.0,-35600000.0,0.0,-49500000.0,7100000.0,0.0,97600000.0,2500000.0,10900000.0,10900000.0,10900000.0,0.0,0.0,0.036,172900000.0,30800000.0,0.0,0.0,-34.177,19.147,19.79,141900000.0,0.0,33.05,1.971,1.967,280800000.0,185200000.0,305900000.0,305900000.0,0.0,,,,,0.0,122100000.0,1.0,74559220.0,74404000,77126000.0,4.111,1156400000.0,0.0,10900000.0,0.0,15.542,-148700000.0
66,DNB3,MRQ,2002-03-31,2002-03-31,2002-03-31,2020-07-01,-236900000.0,1431100000.0,,547400000.0,883700000.0,,-0.952,-9300000.0,89400000.0,89400000.0,108800000.0,33500000.0,0.767,-21.043,335300000.0,35700000.0,299600000.0,335300000.0,402300000.0,19500000.0,0.0,0.0,0.0,58900000.0,78400000.0,0.249,78400000.0,58900000.0,53900000.0,0.45,0.43,0.45,-71400000.0,,-71400000.0,3120172443.0,11.0,8.493,-1800000.0,-0.024,1.0,205900000.0,0.654,236200000.0,5000000.0,727300000.0,,0.0,0.0,0.0,0.0,1502500000.0,713500000.0,789000000.0,2965872443.0,-55900000.0,-900000.0,-89300000.0,35600000.0,0.0,-53500000.0,-9100000.0,0.0,7500000.0,-800000.0,33500000.0,33500000.0,33500000.0,0.0,0.0,0.106,146900000.0,59000000.0,0.0,0.0,-41.539,19.024,20.106,155400000.0,0.0,40.01,2.34,2.368,346100000.0,174500000.0,314700000.0,314700000.0,0.0,,,,,0.0,127400000.0,1.0,74128279.0,74986000,77884000.0,4.197,1194900000.0,0.0,20400000.0,0.0,15.935,-166100000.0
67,DNB3,MRQ,2001-12-31,2001-12-31,2001-12-31,2020-07-01,-237300000.0,1462600000.0,,580200000.0,882400000.0,,-0.245,-14800000.0,145300000.0,145300000.0,96500000.0,53900000.0,0.838,-77.979,299600000.0,0.0,299600000.0,299600000.0,359500000.0,22600000.0,0.0,0.0,0.0,95300000.0,117900000.0,0.35,117900000.0,95300000.0,90800000.0,0.69,0.67,0.69,-19000000.0,,-19000000.0,2901713795.0,11.0,8.038,14100000.0,0.182,1.0,240600000.0,0.714,243200000.0,4500000.0,681500000.0,,0.0,0.0,0.0,0.0,1481600000.0,692200000.0,789400000.0,2772713795.0,-25500000.0,9800000.0,-57900000.0,0.0,0.0,-58600000.0,-6000000.0,0.0,28900000.0,10200000.0,53900000.0,53900000.0,53900000.0,0.0,0.0,0.16,158600000.0,82000000.0,0.0,0.0,-145.932,18.497,18.677,158000000.0,0.0,35.3,2.125,2.148,317800000.0,140700000.0,337100000.0,337100000.0,0.0,,,,,7700000.0,136000000.0,1.0,78547133.0,77564000,79740000.0,4.346,1219400000.0,0.0,36900000.0,0.0,15.721,-112000000.0
68,DNB3,MRQ,2001-09-30,2001-09-30,2001-09-30,2020-07-01,-261800000.0,1416300000.0,,548800000.0,867500000.0,,-0.277,-11200000.0,170800000.0,170800000.0,97400000.0,30400000.0,0.804,-65.377,299800000.0,200000.0,299600000.0,299800000.0,348600000.0,23300000.0,0.0,0.0,0.0,55700000.0,79000000.0,0.27,79000000.0,55700000.0,50600000.0,0.38,0.37,0.38,-22000000.0,,-22000000.0,2356597984.0,11.0,7.585,22300000.0,0.281,1.0,195200000.0,0.667,249100000.0,5100000.0,613200000.0,,0.0,0.0,0.0,0.0,1438300000.0,683000000.0,755300000.0,2242097984.0,-14400000.0,11700000.0,-52400000.0,0.0,0.0,-51400000.0,2400000.0,0.0,33500000.0,1100000.0,30400000.0,30400000.0,30400000.0,0.0,0.0,0.104,139500000.0,55700000.0,0.0,0.0,-101.914,19.983,20.29,179000000.0,0.0,28.0,1.669,1.655,290500000.0,105900000.0,292600000.0,292600000.0,0.0,,,,,0.0,116200000.0,1.0,80074928.0,79400000,81800000.0,3.685,1167200000.0,0.0,20200000.0,0.0,14.7,-134200000.0
69,DNB3,MRQ,2001-06-30,2001-06-30,2001-06-30,2020-07-01,-262400000.0,1471000000.0,,576500000.0,894500000.0,,-0.021,-16500000.0,185200000.0,185200000.0,115800000.0,38100000.0,0.783,-866.294,299700000.0,100000.0,299600000.0,299700000.0,401000000.0,23800000.0,0.0,0.0,0.0,68300000.0,92100000.0,0.285,92100000.0,68300000.0,62700000.0,0.47,0.46,0.47,-1700000.0,,-1700000.0,2508317359.0,11.0,7.519,80500000.0,1.004,1.0,207000000.0,0.641,253800000.0,5600000.0,595800000.0,,0.0,0.0,0.0,0.0,1472700000.0,735900000.0,736800000.0,2266517359.0,127300000.0,59800000.0,-11700000.0,0.0,0.0,-12100000.0,42500000.0,0.0,97000000.0,-100000.0,38100000.0,38100000.0,38100000.0,0.0,0.0,0.118,173900000.0,33100000.0,0.0,0.0,-1333.246,16.877,17.091,189300000.0,0.0,28.2,1.636,1.632,311900000.0,76800000.0,322800000.0,322800000.0,0.0,,,,,0.0,128300000.0,1.0,80372956.0,80200000,82500000.0,4.025,1217200000.0,0.0,24600000.0,0.0,15.177,-159400000.0
70,DNB3,MRQ,2001-03-31,2001-03-31,2001-03-31,2020-07-01,-250700000.0,1436800000.0,,538900000.0,897900000.0,,-0.174,-10700000.0,57900000.0,57900000.0,131500000.0,27500000.0,0.753,-103.629,299700000.0,100000.0,299600000.0,299700000.0,412100000.0,24800000.0,0.0,0.0,0.0,47200000.0,72000000.0,0.204,72000000.0,47200000.0,46000000.0,0.34,0.33,0.34,-14000000.0,,-14000000.0,1867949444.0,7.0,5.25,47000000.0,0.585,1.0,220600000.0,0.627,261900000.0,1200000.0,701000000.0,,0.0,0.0,0.0,0.0,1450800000.0,715700000.0,735100000.0,1888449444.0,-12200000.0,-8900000.0,-3900000.0,250100000.0,0.0,-55300000.0,-15000000.0,0.0,57700000.0,400000.0,27500000.0,27500000.0,27500000.0,0.0,0.0,0.078,167800000.0,52800000.0,0.0,0.0,-134.889,11.508,11.663,201700000.0,0.0,23.56,1.339,1.341,398100000.0,43900000.0,352100000.0,352100000.0,0.0,,,,,0.0,143000000.0,1.0,80154900.0,80300000,82600000.0,4.385,1174900000.0,0.0,18500000.0,0.0,14.631,-176800000.0
71,DNB3,MRQ,2000-12-31,2000-12-31,2000-12-31,2020-07-01,-236100000.0,1453200000.0,,538600000.0,914600000.0,,-0.572,-13900000.0,70100000.0,70100000.0,126000000.0,16200000.0,0.701,-32.252,49600000.0,49600000.0,0.0,49600000.0,365100000.0,26100000.0,0.0,0.0,0.0,41500000.0,67600000.0,0.18,67600000.0,41500000.0,40100000.0,0.19,0.18,0.19,-46500000.0,,-46500000.0,2095412344.0,7.0,5.212,28900000.0,0.355,1.0,249900000.0,0.665,276500000.0,1400000.0,388000000.0,,0.0,0.0,0.0,0.0,1499700000.0,768200000.0,731500000.0,2110712344.0,30700000.0,-6000000.0,-36300000.0,25500000.0,0.0,-14700000.0,4900000.0,0.0,42800000.0,-2300000.0,16200000.0,16200000.0,16200000.0,0.0,0.0,0.043,202700000.0,47200000.0,0.0,0.0,-45.392,10.326,10.27,202800000.0,0.0,25.88,1.492,1.481,376300000.0,-5100000.0,375900000.0,375900000.0,0.0,,,,,0.0,134200000.0,1.0,81557664.0,81304000,83476000.0,4.623,1176700000.0,0.0,23900000.0,0.0,14.473,-229600000.0
72,DNB3,MRQ,2000-09-30,2000-09-30,2000-09-30,2020-07-01,-236400000.0,1406600000.0,,490900000.0,915700000.0,,-0.112,-15500000.0,39400000.0,39400000.0,122100000.0,52500000.0,0.709,-155.571,24100000.0,24100000.0,0.0,24100000.0,347400000.0,28700000.0,0.0,,0.0,73200000.0,101900000.0,0.304,101900000.0,73200000.0,70000000.0,0.65,0.64,0.65,-9100000.0,,-9100000.0,,,,89900000.0,1.109,1.0,212800000.0,0.635,290000000.0,3200000.0,408700000.0,,0.0,0.0,0.0,0.0,1415700000.0,692600000.0,723100000.0,,-15400000.0,2600000.0,7800000.0,-267800000.0,-30000000.0,-91600000.0,-29600000.0,0.0,105400000.0,400000.0,52500000.0,52500000.0,52500000.0,-45400000.0,0.0,0.157,188600000.0,24200000.0,0.0,0.0,,,,216100000.0,0.0,,,,348600000.0,-800000.0,334900000.0,334900000.0,0.0,,,,,0.0,133500000.0,1.0,40778832.0,81100000,81900000.0,4.129,1116600000.0,0.0,17500000.0,0.0,13.768,-201700000.0
73,DNB3,MRQ,2000-06-30,2000-06-30,2000-06-30,2020-07-01,,,,,,,,-15900000.0,,,132900000.0,67900000.0,,,,,,,,26300000.0,,,0.0,88000000.0,114300000.0,0.329,114300000.0,88000000.0,85100000.0,0.84,0.83,0.84,,,,,,,-230000000.0,-2.843,1.0,214900000.0,0.618,,2900000.0,,,,,,,,,,,-2200000.0,-2600000.0,6900000.0,253800000.0,-29900000.0,231600000.0,-18300000.0,200000.0,-214100000.0,-1400000.0,67900000.0,67900000.0,67900000.0,-46800000.0,0.0,0.195,168900000.0,46000000.0,,0.0,,,,,0.0,,,,,,347800000.0,347800000.0,0.0,,,,,0.0,140400000.0,1.0,40778832.0,80900000,81700000.0,4.299,,,17200000.0,,,
74,DNB3,MRQ,2000-03-31,2000-03-31,2000-03-31,2020-07-01,,,,,,,,-21800000.0,,,134900000.0,67800000.0,,,,,,,,30100000.0,,,0.0,88100000.0,118200000.0,0.332,118200000.0,88100000.0,87000000.0,0.84,0.83,0.84,,,,,,,71300000.0,0.885,1.0,221600000.0,0.622,,1100000.0,,,,,,,,,,,-52400000.0,0.0,12500000.0,-86700000.0,-29900000.0,-106500000.0,-38700000.0,-200000.0,93100000.0,-300000.0,67800000.0,67800000.0,67800000.0,-40800000.0,0.0,0.19,168700000.0,52900000.0,,0.0,,,,,0.0,,,,,,356500000.0,356500000.0,0.0,,,,,0.0,138600000.0,1.0,40778832.0,80600000,81300000.0,4.423,,,19200000.0,,,
75,DNB3,MRQ,1999-12-31,1999-12-31,1999-12-31,2020-07-01,-219500000.0,1574800000.0,,606700000.0,968100000.0,,-5.188,-26600000.0,109400000.0,109400000.0,134000000.0,62400000.0,0.585,-4.78,126200000.0,126200000.0,0.0,126200000.0,353200000.0,32400000.0,0.0,,0.0,85100000.0,117500000.0,0.319,117500000.0,85100000.0,83400000.0,0.78,0.77,0.78,-416600000.0,,-416600000.0,,,,50200000.0,0.625,1.0,234500000.0,0.636,316400000.0,1700000.0,238200000.0,,0.0,0.0,0.0,0.0,1991400000.0,1037000000.0,954400000.0,,42100000.0,0.0,-3700000.0,23200000.0,-29800000.0,-9000000.0,-26000000.0,4600000.0,76800000.0,300000.0,62400000.0,62400000.0,62400000.0,-42600000.0,0.0,0.169,198800000.0,35700000.0,0.0,0.0,,,,240300000.0,0.0,,,,363700000.0,-105900000.0,368500000.0,368500000.0,0.0,,,,,0.0,125200000.0,1.0,40778832.0,80308000,81368000.0,4.589,1258400000.0,0.0,21000000.0,175400000.0,15.67,-430300000.0
76,DNB3,MRQ,1999-09-30,1999-09-30,1999-09-30,2020-07-01,,,,,,,,,,,132100000.0,66100000.0,,,,,,,,,,,0.0,82600000.0,,,,82600000.0,81300000.0,0.82,0.81,0.82,,,,,,,,,1.0,202300000.0,0.605,,1300000.0,,,,,,,,,,,,,,,,,,,,,66100000.0,66100000.0,66100000.0,-44600000.0,0.0,0.198,158900000.0,43400000.0,,0.0,,,,,0.0,,,,,,334400000.0,334400000.0,0.0,,,,,,128500000.0,1.0,,80500000,81300000.0,4.154,,,15200000.0,,,
77,DNB3,MRQ,1998-12-31,1998-12-31,1998-12-31,2020-07-01,-214800000.0,1574700000.0,,585500000.0,989200000.0,,-4.378,,86700000.0,86700000.0,,,0.58,-5.244,36900000.0,36900000.0,0.0,36900000.0,385200000.0,,0.0,,0.0,,,,,,,,,,-371000000.0,,-371000000.0,,,,,,1.0,,,333000000.0,,183200000.0,,0.0,0.0,0.0,0.0,1945700000.0,1008700000.0,937000000.0,,,,,,,,,,,,,,,,,,,,0.0,,,,,258200000.0,,,,,351000000.0,-240900000.0,,,,,,,,,,1.0,,84746000,,,1241700000.0,0.0,,163400000.0,14.652,-423200000.0
0,DNB3,MRT,2018-09-30,2018-09-30,2018-09-30,2020-07-01,-1006200000.0,1931400000.0,2079375000.0,504700000.0,1426700000.0,0.862,-20.078,-56900000.0,228200000.0,228200000.0,570800000.0,233300000.0,0.634,-3.573,1332500000.0,18500000.0,1314000000.0,1332500000.0,516100000.0,87700000.0,0.0,0.015,2.07,455900000.0,543600000.0,0.303,543600000.0,455900000.0,400200000.0,6.3,6.26,6.3,-744900000.0,-799100000.0,-744900000.0,6428053580.0,14.0,11.825,223300000.0,6.019,1.0,1221300000.0,0.681,1201600000.0,55700000.0,1037500000.0,1116750000.0,0.0,0.0,0.0,0.0,2661500000.0,796600000.0,1864900000.0,5290753580.0,-202800000.0,-300000.0,-200000.0,-354400000.0,-76700000.0,-435600000.0,-62600000.0,500000.0,280200000.0,15200000.0,233300000.0,233300000.0,233300000.0,0.0,0.0,0.13,761800000.0,459500000.0,35000000.0,0.329,-7.103,22.678,22.621,31900000.0,0.0,142.51,2.952,2.95,230300000.0,3243700000.0,1792100000.0,1792100000.0,0.0,0.112,-0.292,0.408,0.254,16600000.0,640700000.0,1.0,37125490.0,37100000,37300000.0,48.305,729800000.0,42100000.0,166900000.0,13900000.0,19.671,-291900000.0
1,DNB3,MRT,2018-06-30,2018-06-30,2018-06-30,2020-07-01,-1000900000.0,1961900000.0,2171775000.0,518200000.0,1443700000.0,0.835,-20.871,-58000000.0,199500000.0,199500000.0,570900000.0,237200000.0,0.611,-3.513,1336800000.0,26300000.0,1310500000.0,1336800000.0,582000000.0,85200000.0,0.0,0.017,2.05,469500000.0,554700000.0,0.306,554700000.0,469500000.0,412200000.0,6.41,6.36,6.41,-774300000.0,-831375000.0,-774300000.0,5689249003.0,12.0,10.256,225300000.0,6.073,1.0,1242200000.0,0.685,1214100000.0,57300000.0,1036800000.0,1199500000.0,0.0,0.0,0.0,0.0,2720000000.0,848300000.0,1871700000.0,4548449003.0,-200700000.0,-200000.0,-200000.0,-369300000.0,-75800000.0,-452200000.0,-55600000.0,500000.0,283300000.0,23800000.0,237200000.0,237200000.0,237200000.0,0.0,0.0,0.131,768900000.0,473300000.0,40800000.0,0.32,-5.874,19.176,19.134,34500000.0,0.0,122.65,2.509,2.51,270500000.0,3212900000.0,1813100000.0,1813100000.0,0.0,0.109,-0.285,0.391,0.259,17800000.0,646600000.0,1.0,37084786.0,37100000,37200000.0,48.871,747800000.0,44800000.0,175000000.0,19800000.0,20.156,-330100000.0
2,DNB3,MRT,2018-03-31,2018-03-31,2018-03-31,2020-07-01,-996100000.0,1943300000.0,2244725000.0,463700000.0,1479600000.0,0.793,-22.97,-61500000.0,188100000.0,188100000.0,571300000.0,189300000.0,0.516,-3.265,1328900000.0,35000000.0,1293900000.0,1328900000.0,572700000.0,81900000.0,0.0,0.017,2.03,435900000.0,517800000.0,0.291,517800000.0,435900000.0,376700000.0,5.12,5.08,5.12,-849900000.0,-870425000.0,-849900000.0,5564246508.0,13.0,10.746,222800000.0,6.022,1.0,1207900000.0,0.679,1228000000.0,59200000.0,957100000.0,1288400000.0,0.0,0.0,0.0,0.0,2775100000.0,899000000.0,1876100000.0,4328546508.0,-187300000.0,-1800000.0,-200000.0,-380500000.0,-75000000.0,-459400000.0,-54200000.0,500000.0,284300000.0,42000000.0,189300000.0,189300000.0,189300000.0,0.0,0.0,0.106,770100000.0,437800000.0,60800000.0,0.396,-5.093,22.866,22.852,37100000.0,0.0,117.0,2.433,2.433,235100000.0,3139400000.0,1779200000.0,1779200000.0,0.0,0.084,-0.217,0.338,0.245,20200000.0,654100000.0,1.0,36996124.0,37000000,37300000.0,48.086,715300000.0,69700000.0,187400000.0,50800000.0,19.332,-435300000.0
3,DNB3,MRT,2017-12-31,2017-12-31,2017-12-31,2020-07-01,-1016900000.0,2480900000.0,2328725000.0,1093700000.0,1387200000.0,0.748,-22.42,-62100000.0,442400000.0,442400000.0,574700000.0,140900000.0,1.039,-3.979,1678100000.0,32500000.0,1645600000.0,1678100000.0,684400000.0,79700000.0,0.0,0.017,2.01,380300000.0,460000000.0,0.264,460000000.0,380300000.0,320600000.0,3.82,3.79,3.82,-827300000.0,-906650000.0,-827300000.0,5627002340.0,15.0,12.233,224400000.0,6.081,1.0,1167800000.0,0.67,1228600000.0,59700000.0,1435600000.0,1396925000.0,0.0,0.0,0.0,0.0,3292100000.0,1052400000.0,2239700000.0,4376402340.0,89800000.0,-151800000.0,-200000.0,58700000.0,-74200000.0,-18800000.0,-206600000.0,500000.0,286500000.0,28700000.0,140900000.0,140900000.0,140900000.0,800000.0,0.0,0.081,784900000.0,382900000.0,37400000.0,0.526,-5.29,31.06,30.997,38900000.0,0.0,118.41,2.512,2.508,611200000.0,3176300000.0,1742500000.0,1742500000.0,0.0,0.061,-0.155,0.272,0.218,27400000.0,673100000.0,1.0,36959736.0,36900000,37200000.0,47.222,1252300000.0,62000000.0,179700000.0,55800000.0,33.938,41300000.0
4,DNB3,MRT,2017-09-30,2017-09-30,2017-09-30,2020-07-01,-899000000.0,2301000000.0,2260800000.0,882800000.0,1418200000.0,0.766,-23.622,-61200000.0,431000000.0,431000000.0,569800000.0,192700000.0,0.925,-3.614,1681600000.0,30000000.0,1651600000.0,1681600000.0,608700000.0,76100000.0,0.0,0.017,1.99,356600000.0,432700000.0,0.25,432700000.0,356600000.0,298700000.0,5.24,5.21,5.24,-874000000.0,-950325000.0,-874000000.0,5602494404.0,16.0,12.948,233800000.0,6.319,1.0,1162800000.0,0.671,1228600000.0,57900000.0,1368500000.0,1389900000.0,0.0,0.0,0.0,0.0,3158300000.0,954500000.0,2203800000.0,4302194404.0,103700000.0,-135700000.0,44000000.0,72700000.0,-73400000.0,-4200000.0,-193400000.0,500000.0,295000000.0,2700000.0,192700000.0,192700000.0,192700000.0,4000000.0,0.0,0.111,786100000.0,376700000.0,40500000.0,0.38,-4.922,22.326,22.216,40800000.0,0.0,116.41,2.483,2.486,415000000.0,3018200000.0,1732600000.0,1732600000.0,0.0,0.085,-0.203,0.257,0.206,29000000.0,684400000.0,1.0,36957258.0,37000000,37200000.0,46.827,1072400000.0,105000000.0,106000000.0,33700000.0,28.984,-71700000.0
5,DNB3,MRT,2017-06-30,2017-06-30,2017-06-30,2020-07-01,-914900000.0,2253700000.0,2189775000.0,837600000.0,1416100000.0,0.784,-25.217,-60600000.0,400200000.0,400200000.0,558200000.0,109200000.0,0.897,-3.404,1700500000.0,27500000.0,1673000000.0,1700500000.0,642700000.0,73200000.0,0.0,0.018,1.97,266700000.0,339900000.0,0.198,339900000.0,266700000.0,210800000.0,2.98,2.96,2.98,-930500000.0,-998675000.0,-930500000.0,5322253594.0,20.0,15.658,257700000.0,6.984,1.0,1158900000.0,0.675,1227600000.0,55900000.0,1392400000.0,1373450000.0,0.0,0.0,0.0,0.0,3167000000.0,934000000.0,2233000000.0,3990453594.0,21100000.0,-138900000.0,44000000.0,-37600000.0,-72600000.0,-67500000.0,-201700000.0,500000.0,318300000.0,-28000000.0,109200000.0,109200000.0,109200000.0,4900000.0,0.0,0.064,781400000.0,377500000.0,38500000.0,0.661,-4.289,36.543,36.292,42900000.0,0.0,108.15,2.324,2.324,400400000.0,2982700000.0,1717100000.0,1717100000.0,0.0,0.05,-0.109,0.194,0.155,32300000.0,685200000.0,1.0,36897398.0,36900000,37100000.0,46.534,1026100000.0,101600000.0,101600000.0,14800000.0,27.808,-96400000.0
6,DNB3,MRT,2017-03-31,2017-03-31,2017-03-31,2020-07-01,-944100000.0,2279300000.0,2167075000.0,860900000.0,1418400000.0,0.789,-27.033,-60100000.0,375400000.0,375400000.0,551800000.0,82900000.0,0.86,-3.276,1707200000.0,25000000.0,1682200000.0,1707200000.0,664700000.0,71100000.0,0.0,0.018,1.95,234200000.0,305300000.0,0.179,305300000.0,234200000.0,180000000.0,2.28,2.25,2.28,-994800000.0,-1038550000.0,-994800000.0,5238855286.0,22.0,17.16,255900000.0,6.954,1.0,1158400000.0,0.677,1219400000.0,54200000.0,1391200000.0,1388775000.0,0.0,0.0,0.0,0.0,3258800000.0,1000500000.0,2258300000.0,3974455286.0,9700000.0,-137000000.0,44000000.0,-40700000.0,-71500000.0,-67800000.0,-207300000.0,500000.0,316000000.0,-31200000.0,82900000.0,82900000.0,82900000.0,4900000.0,0.0,0.048,811100000.0,347300000.0,41200000.0,0.855,-3.995,47.943,47.342,42900000.0,0.0,107.94,2.324,2.323,449800000.0,2956400000.0,1710200000.0,1710200000.0,0.0,0.038,-0.08,0.169,0.137,31800000.0,718600000.0,1.0,36820968.0,36800000,37100000.0,46.473,1059900000.0,105500000.0,97100000.0,48100000.0,28.802,-139600000.0
7,DNB3,MRT,2016-12-31,2016-12-31,2016-12-31,2020-07-01,-949600000.0,2209200000.0,2141250000.0,944400000.0,1264800000.0,0.796,-27.452,-60200000.0,352600000.0,352600000.0,542600000.0,97400000.0,0.935,-3.191,1617000000.0,22500000.0,1594500000.0,1617000000.0,628100000.0,68600000.0,0.0,0.016,1.93,250400000.0,319000000.0,0.187,319000000.0,250400000.0,197300000.0,2.67,2.65,2.67,-1002000000.0,-1069400000.0,-1002000000.0,5741697149.0,23.0,17.999,262500000.0,7.192,1.0,1161100000.0,0.682,1056100000.0,53100000.0,1407500000.0,1408275000.0,0.0,0.0,0.0,0.0,3197000000.0,1010000000.0,2187000000.0,4462597149.0,-13100000.0,13000000.0,44000000.0,-202600000.0,-70500000.0,-224900000.0,-58100000.0,500000.0,322700000.0,-52800000.0,97400000.0,97400000.0,97400000.0,4100000.0,0.0,0.057,801900000.0,359200000.0,46700000.0,0.723,-4.454,45.817,45.438,39400000.0,0.0,121.32,2.619,2.599,556800000.0,2959600000.0,1703700000.0,1703700000.0,0.0,0.045,-0.091,0.178,0.147,28200000.0,711200000.0,1.0,36783689.0,36500000,36800000.0,46.677,1153100000.0,114200000.0,99900000.0,49400000.0,31.592,-65600000.0
8,DNB3,MRT,2016-09-30,2016-09-30,2016-09-30,2020-07-01,-947000000.0,2016900000.0,2155575000.0,764800000.0,1252100000.0,0.782,-29.164,-69300000.0,327300000.0,327300000.0,541000000.0,96100000.0,0.834,-2.877,1606400000.0,20000000.0,1586400000.0,1606400000.0,580500000.0,67000000.0,0.0,0.014,1.91,232900000.0,299900000.0,0.178,299900000.0,232900000.0,178800000.0,2.68,2.64,2.68,-1067400000.0,-1098100000.0,-1067400000.0,6316753733.0,27.0,21.063,264000000.0,7.213,1.0,1144900000.0,0.679,1076800000.0,54100000.0,1302700000.0,1462850000.0,0.0,0.0,0.0,0.0,3071200000.0,916500000.0,2154700000.0,4960253733.0,33400000.0,5100000.0,1100000.0,-143500000.0,-69400000.0,-170000000.0,-74400000.0,500000.0,333300000.0,-51900000.0,96100000.0,96100000.0,96100000.0,100000.0,0.0,0.057,819700000.0,325200000.0,55500000.0,0.713,-4.647,51.616,50.978,34000000.0,0.0,136.62,2.942,2.966,404400000.0,2899400000.0,1685900000.0,1685900000.0,0.0,0.045,-0.088,0.159,0.138,25500000.0,716700000.0,1.0,36306937.0,36600000,36600000.0,46.063,940100000.0,101800000.0,82700000.0,19400000.0,25.686,-151700000.0
9,DNB3,MRT,2016-06-30,2016-06-30,2016-06-30,2020-07-01,-966200000.0,2162900000.0,2171950000.0,854000000.0,1308900000.0,0.773,-30.028,-68300000.0,379100000.0,379100000.0,542700000.0,184500000.0,0.909,-2.972,1735600000.0,20000000.0,1715600000.0,1735600000.0,630500000.0,65900000.0,0.0,0.016,1.89,305200000.0,371100000.0,0.221,371100000.0,305200000.0,250500000.0,5.11,5.06,5.11,-1090000000.0,-1120525000.0,-1090000000.0,5797419435.0,19.0,15.622,238100000.0,6.559,1.0,1136600000.0,0.677,1126700000.0,54700000.0,1453700000.0,1522475000.0,0.0,0.0,0.0,0.0,3239800000.0,939000000.0,2300800000.0,4417719435.0,233800000.0,159800000.0,2900000.0,-41000000.0,-68400000.0,-108500000.0,65300000.0,-6300000.0,306400000.0,-29400000.0,184500000.0,184500000.0,184500000.0,-600000.0,0.0,0.11,823200000.0,313400000.0,54600000.0,0.37,-4.053,23.944,23.843,34300000.0,0.0,121.84,2.631,2.634,434500000.0,2946500000.0,1679300000.0,1679300000.0,0.0,0.085,-0.165,0.2,0.182,21400000.0,719000000.0,1.0,36258367.0,36300000,36600000.0,46.262,1036200000.0,111100000.0,66000000.0,23500000.0,28.545,-85000000.0
10,DNB3,MRT,2016-03-31,2016-03-31,2016-03-31,2020-07-01,-981700000.0,2176000000.0,2154400000.0,865800000.0,1310200000.0,0.769,-30.89,-67400000.0,365700000.0,365700000.0,546100000.0,157800000.0,0.902,-2.935,1745400000.0,20000000.0,1725400000.0,1745400000.0,661100000.0,62700000.0,0.0,0.018,1.87,278400000.0,341100000.0,0.206,341100000.0,278400000.0,225300000.0,4.37,4.33,4.37,-1118200000.0,-1155100000.0,-1118200000.0,5186938944.0,19.0,15.207,247500000.0,6.837,1.0,1109800000.0,0.67,1126300000.0,53100000.0,1469200000.0,1509900000.0,0.0,0.0,0.0,0.0,3282300000.0,960200000.0,2322100000.0,3728538944.0,10500000.0,-160200000.0,7600000.0,48600000.0,-67600000.0,-17300000.0,-244300000.0,-6300000.0,314900000.0,-42800000.0,157800000.0,157800000.0,157800000.0,36900000.0,0.0,0.095,784700000.0,325100000.0,51400000.0,0.428,-3.334,23.628,23.588,30900000.0,0.0,103.08,2.252,2.253,460200000.0,2945200000.0,1655900000.0,1655900000.0,0.0,0.073,-0.137,0.184,0.168,21200000.0,684800000.0,1.0,36171313.0,36200000,36400000.0,45.743,1049700000.0,111100000.0,67500000.0,31500000.0,28.997,-94400000.0
11,DNB3,MRT,2015-12-31,2015-12-31,2015-12-31,2020-07-01,-965500000.0,2266500000.0,2117325000.0,959600000.0,1306900000.0,0.773,-30.936,-64800000.0,365700000.0,365700000.0,544700000.0,168800000.0,1.0,-3.019,1817000000.0,20000000.0,1797000000.0,1817000000.0,647800000.0,58700000.0,0.0,0.018,1.85,294000000.0,352700000.0,0.215,352700000.0,294000000.0,243000000.0,4.68,4.64,4.68,-1116800000.0,-1178200000.0,-1116800000.0,5221310900.0,18.0,14.804,278400000.0,7.712,1.0,1092400000.0,0.667,1132800000.0,51000000.0,1625800000.0,1484275000.0,0.0,0.0,0.0,0.0,3371800000.0,959200000.0,2412600000.0,3755310900.0,46300000.0,-284400000.0,8400000.0,171300000.0,-66700000.0,110700000.0,-376500000.0,-6300000.0,343200000.0,-31100000.0,168800000.0,168800000.0,168800000.0,35400000.0,0.0,0.103,755400000.0,337000000.0,31300000.0,0.395,-3.363,22.247,22.207,27200000.0,0.0,103.93,2.294,2.292,541400000.0,2932800000.0,1637100000.0,1637100000.0,0.0,0.08,-0.143,0.198,0.18,18700000.0,664400000.0,1.0,36133079.0,36100000,36400000.0,45.349,1133700000.0,112200000.0,74200000.0,37000000.0,31.404,400000.0
12,DNB3,MRT,2015-09-30,2015-09-30,2015-09-30,2020-07-01,-940000000.0,2082400000.0,2047250000.0,762900000.0,1319500000.0,0.783,-32.053,-56300000.0,293900000.0,293900000.0,542600000.0,183800000.0,0.888,-2.791,1759900000.0,0.0,1759900000.0,1759900000.0,580900000.0,55000000.0,0.0,0.017,1.828,321100000.0,376100000.0,0.235,376100000.0,321100000.0,273100000.0,5.09,5.05,5.09,-1157100000.0,-1199825000.0,-1157100000.0,5440457205.0,17.0,14.465,272400000.0,7.546,1.0,1060600000.0,0.662,1147700000.0,48000000.0,1541200000.0,1481175000.0,0.0,0.0,0.0,0.0,3228900000.0,859500000.0,2369400000.0,3791657205.0,-16100000.0,-292600000.0,8600000.0,123600000.0,-65800000.0,66700000.0,-376700000.0,-6300000.0,328700000.0,-34800000.0,183800000.0,183800000.0,183800000.0,33700000.0,0.0,0.115,697900000.0,362700000.0,39100000.0,0.359,-3.277,20.629,20.629,23600000.0,0.0,105.0,2.365,2.364,394900000.0,2872900000.0,1603200000.0,1603200000.0,0.0,0.09,-0.153,0.217,0.2,19200000.0,624800000.0,1.0,36111021.0,36100000,36400000.0,44.41,934700000.0,121200000.0,89300000.0,31500000.0,25.892,-96600000.0
13,DNB3,MRT,2015-06-30,2015-06-30,2015-06-30,2020-07-01,-962700000.0,2092700000.0,1973950000.0,769300000.0,1323400000.0,0.804,-34.025,-58300000.0,137800000.0,137800000.0,550600000.0,192300000.0,0.651,-2.695,1786600000.0,300500000.0,1486100000.0,1786600000.0,599700000.0,52200000.0,0.0,0.015,1.805,335200000.0,387400000.0,0.244,387400000.0,335200000.0,290100000.0,5.33,5.28,5.33,-1228300000.0,-1183550000.0,-1228300000.0,5744591228.0,17.0,14.829,253200000.0,7.014,1.0,1037300000.0,0.653,1156100000.0,45100000.0,1403400000.0,1485975000.0,0.0,0.0,0.0,0.0,3310600000.0,1182000000.0,2128600000.0,4396291228.0,-140600000.0,-444200000.0,-46400000.0,216200000.0,-65000000.0,105700000.0,-521300000.0,0.0,311500000.0,-36500000.0,192300000.0,192300000.0,192300000.0,30700000.0,0.0,0.121,665400000.0,371900000.0,44600000.0,0.339,-3.579,22.862,22.889,24300000.0,0.0,122.0,2.769,2.774,393600000.0,2830600000.0,1587900000.0,1587900000.0,0.0,0.097,-0.162,0.226,0.211,17700000.0,598600000.0,1.0,36035174.0,36100000,36400000.0,43.986,936600000.0,121100000.0,97800000.0,30700000.0,25.945,-412700000.0
14,DNB3,MRT,2015-03-31,2015-03-31,2015-03-31,2020-07-01,-959100000.0,2027700000.0,1894125000.0,895800000.0,1131900000.0,0.834,-33.628,-48200000.0,355200000.0,355200000.0,538500000.0,250100000.0,0.764,-2.667,1703500000.0,300800000.0,1402700000.0,1703500000.0,610800000.0,49000000.0,0.0,0.014,1.782,401100000.0,450100000.0,0.285,450100000.0,401100000.0,357000000.0,6.91,6.85,6.91,-1210600000.0,-1147725000.0,-1210600000.0,5950934623.0,15.0,13.221,265600000.0,7.378,1.0,1042000000.0,0.659,836800000.0,44100000.0,1366700000.0,1504350000.0,0.0,0.0,0.0,0.0,3229000000.0,1172500000.0,2056500000.0,4617034623.0,86900000.0,-132500000.0,-120000000.0,189800000.0,-64300000.0,5800000.0,-200700000.0,0.0,313800000.0,-32000000.0,250100000.0,250100000.0,250100000.0,-9000000.0,0.0,0.158,645200000.0,396800000.0,56900000.0,0.258,-3.814,18.461,18.576,27200000.0,0.0,128.36,2.921,2.924,477200000.0,2855300000.0,1580500000.0,1580500000.0,0.0,0.132,-0.218,0.267,0.254,14700000.0,578900000.0,1.0,35969419.0,36000000,36400000.0,43.903,1190900000.0,240200000.0,106900000.0,49600000.0,33.081,-276700000.0
15,DNB3,MRT,2014-12-31,2014-12-31,2014-12-31,2020-07-01,-922100000.0,1986200000.0,1839000000.0,932600000.0,1053600000.0,0.862,-32.967,-47200000.0,316300000.0,316300000.0,530100000.0,294400000.0,0.805,-2.643,1653300000.0,301100000.0,1352200000.0,1653300000.0,567000000.0,52500000.0,0.0,0.015,1.76,392000000.0,444500000.0,0.281,444500000.0,392000000.0,348700000.0,8.06,7.99,8.06,-1203300000.0,-1112250000.0,-1203300000.0,5667052795.0,14.0,12.749,268300000.0,7.351,1.0,1054400000.0,0.665,550900000.0,43300000.0,1613400000.0,1518225000.0,0.0,0.0,0.0,0.0,3180800000.0,1158900000.0,2021900000.0,4343652795.0,83500000.0,-8300000.0,-217300000.0,137400000.0,-64000000.0,-144400000.0,-70000000.0,0.0,315500000.0,-17600000.0,294400000.0,294400000.0,294400000.0,-10100000.0,0.0,0.186,643000000.0,411400000.0,28000000.0,0.218,-3.61,14.754,15.007,22000000.0,0.0,120.96,2.741,2.786,519200000.0,2831100000.0,1584500000.0,1584500000.0,0.0,0.16,-0.265,0.258,0.247,14000000.0,575600000.0,1.0,35909828.0,36500000,36900000.0,43.411,1435300000.0,239200000.0,54300000.0,44400000.0,39.323,-226300000.0
16,DNB3,MRT,2014-09-30,2014-09-30,2014-09-30,2020-07-01,-729800000.0,1789200000.0,1815025000.0,785400000.0,1003800000.0,0.838,-30.249,-47300000.0,310000000.0,310000000.0,529200000.0,276400000.0,1.0,-2.631,1633400000.0,100000.0,1633300000.0,1633400000.0,529000000.0,46900000.0,0.0,0.015,1.72,368500000.0,415400000.0,0.273,415400000.0,368500000.0,325700000.0,7.48,7.41,7.48,-1092000000.0,-1073525000.0,-1092000000.0,5553357234.0,15.0,13.369,263400000.0,7.296,1.0,991500000.0,0.652,766500000.0,42800000.0,1560400000.0,1501000000.0,0.0,0.0,0.0,0.0,2872600000.0,785700000.0,2086900000.0,4272357234.0,95700000.0,-7500000.0,-263400000.0,176400000.0,-63400000.0,-147500000.0,-70500000.0,0.0,310700000.0,3000000.0,278000000.0,278000000.0,278000000.0,-14800000.0,-1600000.0,0.183,608000000.0,383500000.0,39000000.0,0.23,-3.912,15.368,15.705,36100000.0,0.0,117.47,2.809,2.789,419400000.0,2755300000.0,1520700000.0,1520700000.0,0.0,0.153,-0.259,0.246,0.242,13000000.0,543400000.0,1.0,36369773.0,36100000,36500000.0,42.125,1022700000.0,166900000.0,47700000.0,29900000.0,28.33,-300000.0
17,DNB3,MRT,2014-06-30,2014-06-30,2014-06-30,2020-07-01,-721000000.0,1773400000.0,1830200000.0,744800000.0,1028600000.0,0.842,-29.564,-40900000.0,285900000.0,285900000.0,520700000.0,282400000.0,0.925,-2.627,1566900000.0,100000.0,1566800000.0,1566900000.0,578200000.0,51000000.0,0.0,0.015,1.68,399000000.0,450000000.0,0.292,450000000.0,399000000.0,356800000.0,7.5,7.43,7.5,-1085000000.0,-1103400000.0,-1085000000.0,5324773228.0,13.0,11.833,279400000.0,7.613,1.0,1020200000.0,0.662,772400000.0,42200000.0,1476900000.0,1485525000.0,0.0,0.0,0.0,0.0,2850500000.0,805100000.0,2045400000.0,4079173228.0,89400000.0,-7500000.0,-279900000.0,159100000.0,-62800000.0,-183100000.0,-60000000.0,0.0,320300000.0,12200000.0,283300000.0,283300000.0,283300000.0,-12000000.0,-900000.0,0.184,610400000.0,409800000.0,42300000.0,0.224,-3.76,14.399,14.693,39700000.0,0.0,110.2,2.647,2.625,417200000.0,2703600000.0,1540900000.0,1540900000.0,0.0,0.155,-0.257,0.269,0.259,11800000.0,537600000.0,1.0,37016091.0,36700000,36900000.0,41.986,1001000000.0,164600000.0,73500000.0,47200000.0,27.275,-60300000.0
18,DNB3,MRT,2014-03-31,2014-03-31,2014-03-31,2020-07-01,-736800000.0,1807200000.0,1846475000.0,781400000.0,1025800000.0,0.844,-28.575,-44900000.0,268300000.0,268300000.0,526500000.0,290900000.0,0.901,-2.685,1513900000.0,100000.0,1513800000.0,1513900000.0,628200000.0,58000000.0,0.0,0.017,1.64,407400000.0,465400000.0,0.298,465400000.0,407400000.0,366000000.0,7.6,7.52,7.6,-1068700000.0,-1130425000.0,-1068700000.0,5015567559.0,12.0,10.777,276600000.0,7.396,1.0,1032800000.0,0.662,763700000.0,41400000.0,1422200000.0,1472425000.0,0.0,0.0,0.0,0.0,2869100000.0,866900000.0,2002200000.0,3735367559.0,95500000.0,800000.0,-328800000.0,211500000.0,-62700000.0,-176500000.0,-56300000.0,0.0,321500000.0,6800000.0,290900000.0,290900000.0,290900000.0,-9800000.0,0.0,0.187,612200000.0,420600000.0,48800000.0,0.216,-3.495,12.841,13.072,39900000.0,0.0,99.35,2.396,2.383,477500000.0,2669800000.0,1559300000.0,1559300000.0,0.0,0.158,-0.257,0.277,0.261,15700000.0,537700000.0,1.0,37598063.0,37400000,37700000.0,41.693,1043500000.0,166600000.0,75100000.0,55700000.0,27.901,-85500000.0
19,DNB3,MRT,2013-12-31,2013-12-31,2013-12-31,2020-07-01,-738800000.0,1890300000.0,1870175000.0,822400000.0,1067900000.0,0.833,-26.813,-49300000.0,235900000.0,235900000.0,524400000.0,258500000.0,0.965,-2.797,1516100000.0,100000.0,1516000000.0,1516100000.0,600800000.0,60400000.0,0.0,0.013,1.6,434800000.0,495200000.0,0.318,495200000.0,434800000.0,394100000.0,6.61,6.54,6.61,-1048400000.0,-1138475000.0,-1048400000.0,5925882103.0,14.0,11.967,284000000.0,7.263,1.0,1034000000.0,0.664,773700000.0,40700000.0,1544500000.0,1448525000.0,0.0,0.0,0.0,0.0,2932600000.0,852300000.0,2080300000.0,4684182103.0,86800000.0,800000.0,-350400000.0,225700000.0,-62500000.0,-184300000.0,-61600000.0,0.0,333300000.0,-600000.0,258500000.0,258500000.0,258500000.0,-9800000.0,0.0,0.166,607900000.0,426100000.0,41400000.0,0.242,-4.468,18.121,18.57,39600000.0,0.0,122.75,3.006,3.08,570400000.0,2600900000.0,1558400000.0,1558400000.0,0.0,0.138,-0.227,0.3,0.279,17200000.0,533600000.0,1.0,38160343.0,39100000,39500000.0,39.857,1116600000.0,171500000.0,135600000.0,115500000.0,28.558,-29900000.0
20,DNB3,MRT,2013-09-30,2013-09-30,2013-09-30,2020-07-01,-885200000.0,1849900000.0,1895550000.0,659100000.0,1190800000.0,0.866,-31.468,-58800000.0,214300000.0,214300000.0,514000000.0,280700000.0,0.836,-2.523,1456000000.0,100000.0,1455900000.0,1456000000.0,541300000.0,72000000.0,0.0,0.015,1.58,454500000.0,526500000.0,0.321,526500000.0,454500000.0,412600000.0,6.83,6.77,6.83,-1211500000.0,-1130725000.0,-1211500000.0,5240707705.0,12.0,9.954,291200000.0,7.564,1.0,1127600000.0,0.687,805100000.0,41900000.0,1498500000.0,1413800000.0,0.0,0.0,0.0,0.0,3056200000.0,788000000.0,2268200000.0,4029107705.0,77300000.0,1200000.0,-568400000.0,432600000.0,-63500000.0,-202400000.0,-66400000.0,0.0,350000000.0,-3900000.0,279200000.0,279200000.0,279200000.0,0.0,1500000.0,0.17,666700000.0,460900000.0,33900000.0,0.231,-3.326,14.431,15.205,38400000.0,0.0,103.85,2.454,2.436,436100000.0,2540900000.0,1641600000.0,1641600000.0,0.0,0.147,-0.247,0.321,0.277,17000000.0,577900000.0,1.0,38797378.0,38500000,38900000.0,42.639,1044800000.0,260800000.0,133400000.0,115800000.0,27.138,-128900000.0
21,DNB3,MRT,2013-06-30,2013-06-30,2013-06-30,2020-07-01,-877800000.0,1838500000.0,1888475000.0,628600000.0,1209900000.0,0.87,-30.282,-66900000.0,196500000.0,196500000.0,506300000.0,287900000.0,0.783,-2.537,1408100000.0,100000.0,1408000000.0,1408100000.0,579600000.0,74600000.0,0.0,0.016,1.56,427900000.0,502500000.0,0.306,502500000.0,427900000.0,386800000.0,6.71,6.66,6.71,-1193100000.0,-1020250000.0,-1193100000.0,5022773951.0,12.0,9.996,282000000.0,7.157,1.0,1137400000.0,0.692,822700000.0,41100000.0,1424500000.0,1201575000.0,0.0,0.0,0.0,0.0,3026900000.0,802900000.0,2224000000.0,3892773951.0,77900000.0,1200000.0,-528300000.0,395400000.0,-65300000.0,-199700000.0,-66400000.0,0.0,348900000.0,-4900000.0,286000000.0,286000000.0,286000000.0,0.0,1900000.0,0.174,687300000.0,450100000.0,41800000.0,0.232,-3.263,13.611,14.523,39100000.0,0.0,97.45,2.368,2.336,414700000.0,2483600000.0,1643700000.0,1643700000.0,0.0,0.151,-0.28,0.356,0.26,18700000.0,597200000.0,1.0,39946372.0,39400000,39800000.0,41.718,1015800000.0,269500000.0,100800000.0,105300000.0,25.782,-174300000.0
22,DNB3,MRT,2013-03-31,2013-03-31,2013-03-31,2020-07-01,-859000000.0,1902000000.0,1877750000.0,673500000.0,1228500000.0,0.874,-27.116,-75500000.0,172800000.0,172800000.0,502600000.0,286000000.0,0.776,-2.724,1302800000.0,100000.0,1302700000.0,1302800000.0,634200000.0,76400000.0,0.0,0.018,1.54,423900000.0,500300000.0,0.305,500300000.0,423900000.0,383600000.0,6.46,6.42,6.46,-1100900000.0,-928400000.0,-1100900000.0,4560878480.0,11.0,9.116,287300000.0,7.076,1.0,1138600000.0,0.694,837000000.0,40300000.0,1326600000.0,1004900000.0,0.0,0.0,0.0,0.0,2999000000.0,868400000.0,2130600000.0,3419078480.0,55100000.0,1100000.0,-613300000.0,461500000.0,-66900000.0,-223400000.0,-79600000.0,0.0,362800000.0,-4700000.0,285000000.0,285000000.0,285000000.0,0.0,1000000.0,0.174,693100000.0,445500000.0,42000000.0,0.238,-3.106,11.997,12.949,40400000.0,0.0,83.65,2.083,2.069,481000000.0,2442000000.0,1641200000.0,1641200000.0,0.0,0.152,-0.307,0.422,0.258,15200000.0,594100000.0,1.0,40873622.0,40600000,40900000.0,40.424,1065000000.0,268300000.0,98600000.0,118500000.0,26.232,-194900000.0
23,DNB3,MRT,2012-12-31,2012-12-31,2012-12-31,2020-07-01,-852100000.0,1991800000.0,1878200000.0,747400000.0,1244400000.0,0.885,-22.311,-74400000.0,149100000.0,149100000.0,521000000.0,296500000.0,0.853,-2.955,1290900000.0,200000.0,1290700000.0,1290900000.0,610700000.0,78300000.0,0.0,0.019,1.52,418100000.0,496400000.0,0.298,496400000.0,418100000.0,378600000.0,6.47,6.43,6.47,-1017400000.0,-811250000.0,-1017400000.0,4392163755.0,11.0,8.848,283400000.0,6.215,1.0,1142000000.0,0.687,851300000.0,39500000.0,1405600000.0,890575000.0,0.0,0.0,0.0,0.0,3006100000.0,876700000.0,2129400000.0,3505063755.0,64700000.0,9100000.0,-487900000.0,325800000.0,-69000000.0,-235900000.0,-59000000.0,0.0,357800000.0,1800000.0,295500000.0,295500000.0,295500000.0,0.0,1000000.0,0.178,709900000.0,432100000.0,40900000.0,0.235,-3.445,11.861,12.156,40600000.0,0.0,78.65,2.108,2.157,567900000.0,2405500000.0,1663000000.0,1663000000.0,0.0,0.157,-0.364,0.469,0.251,15400000.0,602200000.0,1.0,44565337.0,45600000,46000000.0,36.469,1140500000.0,274100000.0,83100000.0,115400000.0,25.011,-129300000.0
24,DNB3,MRT,2012-09-30,2012-09-30,2012-09-30,2020-07-01,-784400000.0,1821600000.0,1874525000.0,598200000.0,1223400000.0,0.906,-17.179,-72600000.0,137000000.0,137000000.0,551200000.0,295700000.0,0.493,-3.362,1024100000.0,400200000.0,623900000.0,1024100000.0,543400000.0,80400000.0,0.0,0.019,1.5,408500000.0,488900000.0,0.288,488900000.0,408500000.0,371100000.0,6.24,6.2,6.24,-769600000.0,-742875000.0,-769600000.0,4468534777.0,11.0,9.14,276200000.0,6.165,1.0,1147400000.0,0.675,845100000.0,37400000.0,649600000.0,804700000.0,0.0,0.0,0.0,0.0,2587300000.0,1214000000.0,1373300000.0,3573534777.0,47500000.0,900000.0,-286200000.0,130900000.0,-70000000.0,-226500000.0,-70100000.0,0.0,348800000.0,-4700000.0,293000000.0,293000000.0,293000000.0,0.0,2700000.0,0.172,728900000.0,418500000.0,40400000.0,0.24,-4.643,12.196,12.76,37900000.0,0.0,79.62,2.104,2.1,443200000.0,2325700000.0,1698600000.0,1698600000.0,0.0,0.156,-0.394,0.508,0.24,16200000.0,621200000.0,1.0,44882376.0,44800000,45200000.0,37.915,976500000.0,271600000.0,78100000.0,121000000.0,21.797,-615800000.0
25,DNB3,MRT,2012-06-30,2012-06-30,2012-06-30,2020-07-01,-804900000.0,1795600000.0,1863025000.0,565800000.0,1229800000.0,0.926,-17.681,-68600000.0,118600000.0,118600000.0,577200000.0,273800000.0,0.463,-3.17,1013600000.0,400600000.0,613000000.0,1013600000.0,575300000.0,81000000.0,0.0,0.021,1.48,406800000.0,487800000.0,0.283,487800000.0,406800000.0,369800000.0,5.66,5.63,5.66,-825700000.0,-692250000.0,-825700000.0,4131553124.0,10.0,8.47,273700000.0,5.861,1.0,1147600000.0,0.665,831400000.0,37000000.0,637800000.0,803475000.0,0.0,0.0,0.0,0.0,2617500000.0,1221400000.0,1396100000.0,3406453124.0,35500000.0,-500000.0,-302200000.0,146700000.0,-70500000.0,-224800000.0,-75900000.0,0.0,342300000.0,-6100000.0,271800000.0,271800000.0,271800000.0,0.0,2000000.0,0.158,738100000.0,409500000.0,49000000.0,0.261,-4.126,12.533,12.574,40000000.0,0.0,71.17,1.975,1.927,435100000.0,2263300000.0,1724800000.0,1724800000.0,0.0,0.146,-0.393,0.506,0.236,17000000.0,629300000.0,1.0,47863610.0,46700000,47000000.0,36.934,964200000.0,274200000.0,98000000.0,138300000.0,20.647,-655600000.0
26,DNB3,MRT,2012-03-31,2012-03-31,2012-03-31,2020-07-01,-773000000.0,1903800000.0,1855900000.0,634700000.0,1269100000.0,0.947,-13.256,-59200000.0,117700000.0,117700000.0,594500000.0,276000000.0,0.709,-4.005,842800000.0,1000000.0,841800000.0,842800000.0,631000000.0,81900000.0,0.0,0.017,1.46,399100000.0,481000000.0,0.274,481000000.0,399100000.0,362200000.0,5.64,5.61,5.64,-632300000.0,-629975000.0,-632300000.0,4924068792.0,12.0,10.237,285100000.0,5.977,1.0,1163200000.0,0.662,863900000.0,36900000.0,869300000.0,800200000.0,0.0,0.0,0.0,0.0,2532100000.0,895700000.0,1636400000.0,4043468792.0,34100000.0,-3900000.0,-121300000.0,-54800000.0,-70700000.0,-244200000.0,-64400000.0,-1000000.0,344300000.0,-1600000.0,273800000.0,273800000.0,273800000.0,0.0,2200000.0,0.156,753300000.0,409900000.0,40700000.0,0.259,-6.395,14.768,15.023,43600000.0,0.0,84.73,2.3,2.299,503400000.0,2224400000.0,1757700000.0,1757700000.0,0.0,0.148,-0.435,0.499,0.227,17900000.0,644400000.0,1.0,47721808.0,47700000,48100000.0,36.849,1039900000.0,273500000.0,88400000.0,139300000.0,21.801,-261000000.0
27,DNB3,MRT,2011-12-31,2011-12-31,2011-12-31,2020-07-01,-806700000.0,1977100000.0,1836325000.0,726900000.0,1250200000.0,0.958,-15.213,-53400000.0,84400000.0,84400000.0,587100000.0,260200000.0,0.762,-3.653,965000000.0,1100000.0,963900000.0,965000000.0,598200000.0,81100000.0,0.0,0.019,1.44,406500000.0,487600000.0,0.277,487600000.0,406500000.0,369500000.0,5.31,5.28,5.31,-743900000.0,-628075000.0,-743900000.0,4441143797.0,11.0,9.108,259500000.0,5.307,1.0,1171400000.0,0.666,842100000.0,37000000.0,1062100000.0,791400000.0,0.0,0.0,0.0,0.0,2717300000.0,953500000.0,1763800000.0,3637443797.0,5900000.0,-15800000.0,-155800000.0,-15800000.0,-70400000.0,-238000000.0,-73400000.0,-1000000.0,312900000.0,4400000.0,260300000.0,260300000.0,260300000.0,0.0,-100000.0,0.148,746600000.0,424800000.0,36400000.0,0.271,-4.89,13.974,14.092,45700000.0,0.0,74.83,2.068,2.081,571600000.0,2179300000.0,1758500000.0,1758500000.0,0.0,0.142,-0.414,0.514,0.231,18800000.0,643400000.0,1.0,48609432.0,48900000,49300000.0,35.961,1135000000.0,276700000.0,109200000.0,147200000.0,23.211,-226600000.0
28,DNB3,MRT,2011-09-30,2011-09-30,2011-09-30,2020-07-01,-633600000.0,1775600000.0,1821925000.0,568500000.0,1207100000.0,0.956,-11.597,-49700000.0,89500000.0,89500000.0,580200000.0,257700000.0,0.543,-4.115,893200000.0,188600000.0,704600000.0,893200000.0,516200000.0,80400000.0,0.0,0.023,1.43,409500000.0,489900000.0,0.281,489900000.0,409500000.0,370400000.0,5.24,5.21,5.24,-567100000.0,-611500000.0,-567100000.0,3791903145.0,9.0,7.74,262000000.0,5.358,1.0,1161300000.0,0.667,887800000.0,39100000.0,644700000.0,771425000.0,0.0,0.0,0.0,0.0,2333600000.0,1046800000.0,1286800000.0,3013503145.0,12300000.0,-10800000.0,-109600000.0,-73200000.0,-70600000.0,-248900000.0,-56400000.0,-1000000.0,311700000.0,5900000.0,259400000.0,259400000.0,259400000.0,0.0,-1700000.0,0.149,731300000.0,430000000.0,32100000.0,0.273,-5.314,11.617,11.691,48000000.0,0.0,61.26,1.73,1.72,454800000.0,2126300000.0,1741500000.0,1741500000.0,0.0,0.142,-0.424,0.531,0.235,19200000.0,628200000.0,1.0,49192020.0,48900000,49100000.0,35.613,887800000.0,195500000.0,111000000.0,140900000.0,18.155,-478300000.0
29,DNB3,MRT,2011-06-30,2011-06-30,2011-06-30,2020-07-01,-641400000.0,1767100000.0,1809850000.0,555000000.0,1212100000.0,0.941,-11.696,-51600000.0,83100000.0,83100000.0,576900000.0,255700000.0,0.534,-4.049,861500000.0,160900000.0,700600000.0,861500000.0,559300000.0,76900000.0,0.0,0.019,1.42,418200000.0,495100000.0,0.291,495100000.0,418200000.0,377200000.0,5.18,5.14,5.18,-576600000.0,-651375000.0,-576600000.0,4562128587.0,11.0,9.215,271000000.0,5.497,1.0,1125600000.0,0.661,882100000.0,41000000.0,624700000.0,759800000.0,0.0,0.0,0.0,0.0,2334900000.0,1038700000.0,1296200000.0,3755028587.0,-126600000.0,-203400000.0,-82800000.0,-72200000.0,-70400000.0,-223000000.0,-239400000.0,-1000000.0,322600000.0,13200000.0,257500000.0,257500000.0,257500000.0,0.0,-1800000.0,0.151,721300000.0,404300000.0,28800000.0,0.274,-6.512,14.583,14.583,49700000.0,0.0,75.54,2.206,2.187,451800000.0,2085400000.0,1702500000.0,1702500000.0,0.0,0.142,-0.395,0.55,0.246,19500000.0,623100000.0,1.0,49709142.0,49300000,49700000.0,34.533,885000000.0,198300000.0,119700000.0,143300000.0,17.951,-483700000.0
30,DNB3,MRT,2011-03-31,2011-03-31,2011-03-31,2020-07-01,-662700000.0,1825500000.0,1776200000.0,603900000.0,1221600000.0,0.948,-12.62,-57000000.0,83600000.0,83600000.0,562600000.0,253400000.0,0.652,-3.908,890700000.0,2100000.0,888600000.0,890700000.0,607100000.0,72300000.0,0.0,0.018,1.41,428400000.0,500700000.0,0.298,500700000.0,428400000.0,384700000.0,5.11,5.06,5.11,-624700000.0,-705350000.0,-624700000.0,4883661554.0,11.0,9.754,269800000.0,5.451,1.0,1120400000.0,0.666,872800000.0,43700000.0,834100000.0,743750000.0,0.0,0.0,0.0,0.0,2441300000.0,925700000.0,1515600000.0,3988661554.0,-135100000.0,-190400000.0,-89500000.0,-68700000.0,-70100000.0,-228000000.0,-236400000.0,0.0,326800000.0,2500000.0,255000000.0,255000000.0,255000000.0,0.0,-1600000.0,0.152,715300000.0,405100000.0,36700000.0,0.276,-6.385,15.642,15.703,50900000.0,0.0,80.24,2.37,2.36,508200000.0,2044700000.0,1683000000.0,1683000000.0,0.0,0.144,-0.362,0.576,0.255,22200000.0,628600000.0,1.0,49709142.0,49500000,50000000.0,34.0,952700000.0,199600000.0,129700000.0,162500000.0,19.246,-321800000.0
31,DNB3,MRT,2010-12-31,2010-12-31,2010-12-31,2020-07-01,-681100000.0,1919500000.0,1744700000.0,668300000.0,1251200000.0,0.961,-13.579,-65900000.0,78500000.0,78500000.0,557700000.0,250900000.0,0.693,-3.82,973500000.0,1500000.0,972000000.0,973500000.0,615300000.0,68100000.0,0.0,0.017,1.4,436000000.0,504100000.0,0.301,504100000.0,436000000.0,390000000.0,5.03,4.98,5.03,-677600000.0,-746300000.0,-677600000.0,4967884073.0,11.0,9.855,253500000.0,5.08,1.0,1118900000.0,0.667,867400000.0,46000000.0,982200000.0,687050000.0,0.0,0.0,0.0,0.0,2588300000.0,964900000.0,1623400000.0,4089084073.0,-144400000.0,-187900000.0,-126700000.0,5000000.0,-70000000.0,-192900000.0,-253600000.0,0.0,319400000.0,-17300000.0,252100000.0,252100000.0,252100000.0,0.0,-1200000.0,0.15,709800000.0,409100000.0,34800000.0,0.278,-6.035,16.22,16.32,53100000.0,0.0,82.09,2.439,2.443,578900000.0,1989500000.0,1676600000.0,1676600000.0,0.0,0.144,-0.338,0.635,0.26,24300000.0,626900000.0,1.0,49812207.0,49900000,50400000.0,33.599,1052100000.0,215000000.0,137900000.0,151400000.0,21.084,-296600000.0
32,DNB3,MRT,2010-09-30,2010-09-30,2010-09-30,2020-07-01,-687400000.0,1727300000.0,1702175000.0,549600000.0,1177700000.0,0.974,-14.62,-66300000.0,77200000.0,77200000.0,542000000.0,244000000.0,0.473,-3.365,956000000.0,301400000.0,654600000.0,956000000.0,516200000.0,64000000.0,0.0,0.019,1.39,433600000.0,497600000.0,0.3,497600000.0,433600000.0,387800000.0,4.8,4.74,4.8,-726600000.0,-763325000.0,-726600000.0,4427619337.0,10.0,8.898,279300000.0,5.62,1.0,1116600000.0,0.673,845900000.0,45800000.0,598200000.0,686425000.0,0.0,0.0,0.0,0.0,2444700000.0,1162000000.0,1282700000.0,3710919337.0,-110100000.0,-185700000.0,-187300000.0,57900000.0,-70200000.0,-197900000.0,-249700000.0,0.0,345600000.0,-8100000.0,243900000.0,243900000.0,243900000.0,0.0,100000.0,0.147,710600000.0,406000000.0,34200000.0,0.29,-5.107,15.215,15.446,53100000.0,0.0,74.14,2.237,2.222,452900000.0,1937500000.0,1658600000.0,1658600000.0,0.0,0.143,-0.32,0.632,0.261,25700000.0,629700000.0,1.0,50052864.0,49700000,50100000.0,33.372,881400000.0,199000000.0,143900000.0,141700000.0,17.734,-612400000.0
33,DNB3,MRT,2010-06-30,2010-06-30,2010-06-30,2020-07-01,-727300000.0,1632500000.0,1670425000.0,684900000.0,947600000.0,0.992,-15.85,-67000000.0,209700000.0,209700000.0,515600000.0,241900000.0,0.59,-3.049,926400000.0,301300000.0,625100000.0,926400000.0,535900000.0,60700000.0,0.0,0.021,1.38,423500000.0,484200000.0,0.292,484200000.0,423500000.0,377300000.0,4.7,4.64,4.7,-792500000.0,-764450000.0,-792500000.0,4115831091.0,10.0,8.5,279100000.0,5.582,1.0,1141600000.0,0.689,628100000.0,46200000.0,560500000.0,750550000.0,0.0,0.0,0.0,0.0,2416400000.0,1160600000.0,1255800000.0,3382131091.0,-16700000.0,-34000000.0,-229700000.0,54800000.0,-70500000.0,-241700000.0,-110800000.0,0.0,346100000.0,-10300000.0,241400000.0,241400000.0,241400000.0,0.0,500000.0,0.146,718000000.0,423600000.0,41400000.0,0.294,-4.268,14.01,14.281,51700000.0,0.0,67.12,2.041,2.025,451400000.0,1898400000.0,1657200000.0,1657200000.0,0.0,0.145,-0.316,0.564,0.256,26700000.0,632100000.0,1.0,50389319.0,50000000,50500000.0,33.144,1004400000.0,204200000.0,135900000.0,131700000.0,20.088,-475700000.0
34,DNB3,MRT,2010-03-31,2010-03-31,2010-03-31,2020-07-01,-706200000.0,1699500000.0,1668100000.0,728400000.0,971100000.0,1.005,-15.645,-68500000.0,218700000.0,218700000.0,515700000.0,263400000.0,0.616,-3.142,952400000.0,302700000.0,649700000.0,952400000.0,577200000.0,57600000.0,0.0,0.018,1.37,455800000.0,513400000.0,0.306,513400000.0,455800000.0,410000000.0,5.03,4.97,5.03,-788500000.0,-747975000.0,-788500000.0,4535876295.0,10.0,8.835,306600000.0,6.083,1.0,1161100000.0,0.692,643400000.0,45800000.0,607300000.0,816175000.0,0.0,0.0,0.0,0.0,2477800000.0,1182500000.0,1295300000.0,3795276295.0,38800000.0,-33800000.0,-235400000.0,49500000.0,-71100000.0,-253000000.0,-97000000.0,0.0,375100000.0,13700000.0,262200000.0,262200000.0,262200000.0,0.0,1200000.0,0.156,718000000.0,443100000.0,37500000.0,0.272,-4.813,14.475,14.795,51100000.0,0.0,74.42,2.263,2.237,490800000.0,1859900000.0,1676800000.0,1676800000.0,0.0,0.157,-0.351,0.558,0.272,24800000.0,634000000.0,1.0,50998069.0,50400000,50900000.0,33.27,1056100000.0,207300000.0,147800000.0,132500000.0,20.954,-454100000.0
35,DNB3,MRT,2009-12-31,2009-12-31,2009-12-31,2020-07-01,-689000000.0,1749400000.0,1646875000.0,759600000.0,989800000.0,1.024,-14.258,-65300000.0,222900000.0,222900000.0,500300000.0,322000000.0,0.884,-3.33,963500000.0,1700000.0,961800000.0,963500000.0,539700000.0,58100000.0,0.0,0.016,1.36,477200000.0,535300000.0,0.317,535300000.0,477200000.0,431500000.0,6.06,5.99,6.06,-745700000.0,-748725000.0,-745700000.0,5092290168.0,11.0,9.513,304200000.0,5.816,1.0,1186700000.0,0.703,651200000.0,45700000.0,979700000.0,883250000.0,0.0,0.0,0.0,0.0,2483400000.0,859100000.0,1624300000.0,4385090168.0,58700000.0,-62900000.0,-204400000.0,56000000.0,-71500000.0,-213100000.0,-120700000.0,-5000000.0,369500000.0,23000000.0,319400000.0,319400000.0,319400000.0,0.0,2600000.0,0.189,722200000.0,464500000.0,36400000.0,0.224,-5.881,13.729,13.922,53600000.0,0.0,84.37,2.599,2.616,515900000.0,1830700000.0,1687000000.0,1687000000.0,0.0,0.194,-0.427,0.54,0.283,28800000.0,641000000.0,1.0,51974519.0,52300000,52900000.0,32.256,1098200000.0,216400000.0,112100000.0,118500000.0,20.998,-99500000.0
36,DNB3,MRT,2009-09-30,2009-09-30,2009-09-30,2020-07-01,-678800000.0,1600300000.0,1606025000.0,631800000.0,968500000.0,1.057,-14.06,-58300000.0,187300000.0,187300000.0,485100000.0,338800000.0,0.777,-3.174,894500000.0,1300000.0,893200000.0,894500000.0,476400000.0,59200000.0,0.0,0.018,1.32,509100000.0,568300000.0,0.335,568300000.0,509100000.0,461800000.0,6.29,6.21,6.29,-731100000.0,-776475000.0,-731100000.0,4616321814.0,9.0,8.123,330400000.0,6.354,1.0,1212900000.0,0.714,639300000.0,47300000.0,854700000.0,853125000.0,0.0,0.0,0.0,0.0,2320600000.0,813500000.0,1507100000.0,3974121814.0,-43300000.0,-119300000.0,-178300000.0,26500000.0,-69900000.0,-216400000.0,-200000000.0,-5000000.0,388700000.0,-15600000.0,335100000.0,335100000.0,335100000.0,700000.0,3700000.0,0.197,723400000.0,489500000.0,55600000.0,0.21,-5.436,11.86,11.975,53000000.0,0.0,75.32,2.34,2.307,408100000.0,1763900000.0,1698000000.0,1698000000.0,0.0,0.209,-0.432,0.597,0.3,30000000.0,645300000.0,1.0,52763168.0,52000000,52600000.0,32.654,961000000.0,231900000.0,126700000.0,115200000.0,18.481,-181700000.0
37,DNB3,MRT,2009-06-30,2009-06-30,2009-06-30,2020-07-01,-692800000.0,1623200000.0,1616525000.0,705200000.0,918000000.0,1.057,-13.814,-57600000.0,226400000.0,226400000.0,481200000.0,349400000.0,0.827,-3.224,868600000.0,600000.0,868000000.0,868600000.0,518100000.0,59800000.0,0.0,0.016,1.28,522400000.0,582200000.0,0.341,582200000.0,522400000.0,474800000.0,6.46,6.37,6.46,-726600000.0,-733200000.0,-726600000.0,5038885258.0,10.0,8.655,348400000.0,6.624,1.0,1227000000.0,0.718,589700000.0,47600000.0,823000000.0,877125000.0,0.0,0.0,0.0,0.0,2342900000.0,852700000.0,1490200000.0,4318185258.0,-19100000.0,-79900000.0,-194500000.0,41100000.0,-68500000.0,-213600000.0,-167800000.0,-15000000.0,406000000.0,-43700000.0,346200000.0,346200000.0,346200000.0,700000.0,3200000.0,0.203,738900000.0,488100000.0,78100000.0,0.198,-5.943,12.473,12.571,51000000.0,0.0,81.21,2.528,2.501,422400000.0,1727600000.0,1708200000.0,1708200000.0,0.0,0.214,-0.472,0.596,0.306,32700000.0,655200000.0,1.0,53173073.0,52600000,53200000.0,32.475,1033500000.0,253500000.0,128600000.0,111200000.0,19.648,-147500000.0
38,DNB3,MRT,2009-03-31,2009-03-31,2009-03-31,2020-07-01,-726400000.0,1614600000.0,1625125000.0,705600000.0,909000000.0,1.058,-14.934,-57300000.0,179900000.0,179900000.0,473800000.0,356300000.0,0.8,-3.032,900600000.0,600000.0,900000000.0,900600000.0,554300000.0,60800000.0,0.0,0.016,1.24,498800000.0,559600000.0,0.326,559600000.0,498800000.0,449400000.0,6.55,6.45,6.55,-791500000.0,-680350000.0,-791500000.0,4851037793.0,10.0,8.669,373000000.0,7.038,1.0,1245200000.0,0.724,577800000.0,49400000.0,875600000.0,895975000.0,0.0,0.0,0.0,0.0,2399900000.0,881900000.0,1518000000.0,4110437793.0,-35800000.0,-89400000.0,-277000000.0,108600000.0,-66900000.0,-224100000.0,-186500000.0,-15000000.0,430300000.0,-55500000.0,353600000.0,353600000.0,353600000.0,700000.0,2700000.0,0.206,761100000.0,484100000.0,58400000.0,0.189,-5.193,11.625,11.756,51700000.0,0.0,77.0,2.391,2.374,456100000.0,1668800000.0,1719000000.0,1719000000.0,0.0,0.218,-0.52,0.557,0.29,35000000.0,678000000.0,1.0,53382309.0,53000000,53700000.0,32.434,1036800000.0,246300000.0,95800000.0,101600000.0,19.562,-176300000.0
39,DNB3,MRT,2008-12-31,2008-12-31,2008-12-31,2020-07-01,-722000000.0,1586000000.0,1629400000.0,695800000.0,890200000.0,1.059,-15.748,-59500000.0,164200000.0,164200000.0,480700000.0,313000000.0,0.766,-2.844,904800000.0,500000.0,904300000.0,904800000.0,536500000.0,58500000.0,0.0,0.016,1.2,486000000.0,544500000.0,0.315,544500000.0,486000000.0,438600000.0,5.67,5.58,5.67,-856700000.0,-603100000.0,-856700000.0,4796086765.0,10.0,8.808,377000000.0,6.93,1.0,1245600000.0,0.722,558900000.0,47400000.0,859200000.0,903350000.0,0.0,0.0,0.0,0.0,2436600000.0,908500000.0,1528100000.0,4162086765.0,-25500000.0,-60400000.0,-358100000.0,178100000.0,-65600000.0,-242500000.0,-166200000.0,-10000000.0,436500000.0,-53300000.0,310600000.0,310600000.0,310600000.0,-1100000.0,2400000.0,0.18,775900000.0,469700000.0,63000000.0,0.212,-4.858,13.4,13.616,53100000.0,0.0,77.2,2.411,2.433,516600000.0,1582800000.0,1726300000.0,1726300000.0,0.0,0.191,-0.515,0.538,0.282,35900000.0,686000000.0,1.0,53913041.0,54400000,55300000.0,31.733,1027100000.0,223800000.0,128000000.0,111400000.0,18.881,-212700000.0
40,DNB3,MRT,2008-09-30,2008-09-30,2008-09-30,2020-07-01,-381200000.0,1642300000.0,1647600000.0,661000000.0,981300000.0,1.042,-10.353,-69300000.0,230600000.0,230600000.0,473600000.0,312000000.0,0.762,-3.936,864600000.0,0.0,864600000.0,864600000.0,515500000.0,58800000.0,0.0,0.012,1.15,485200000.0,544000000.0,0.317,544000000.0,485200000.0,442400000.0,5.55,5.45,5.55,-558000000.0,-498950000.0,-558000000.0,5728966915.0,12.0,10.531,365900000.0,6.788,1.0,1242700000.0,0.724,458700000.0,42800000.0,950700000.0,890050000.0,0.0,0.0,0.0,0.0,2196500000.0,866900000.0,1329600000.0,5148866915.0,64000000.0,-108600000.0,-421100000.0,318300000.0,-63900000.0,-161600000.0,-196800000.0,-10000000.0,435200000.0,-12800000.0,312200000.0,312200000.0,312200000.0,-4400000.0,-200000.0,0.182,789400000.0,453300000.0,56500000.0,0.207,-9.227,16.492,17.002,50500000.0,0.0,94.36,3.0,2.963,405800000.0,1498800000.0,1716300000.0,1716300000.0,0.0,0.189,-0.626,0.545,0.283,36300000.0,697500000.0,1.0,54566203.0,53900000,54800000.0,31.842,1183600000.0,68900000.0,130200000.0,88700000.0,21.959,-205900000.0
41,DNB3,MRT,2008-06-30,2008-06-30,2008-06-30,2020-07-01,-353300000.0,1657600000.0,1591775000.0,701200000.0,956400000.0,1.057,-9.471,-73000000.0,245500000.0,245500000.0,460500000.0,302800000.0,0.785,-4.21,825600000.0,0.0,825600000.0,825600000.0,561000000.0,54900000.0,0.0,0.013,1.1,480200000.0,535100000.0,0.318,535100000.0,480200000.0,442200000.0,5.32,5.21,5.32,-515200000.0,-477625000.0,-515200000.0,5465529328.0,11.0,10.214,349300000.0,6.421,1.0,1221300000.0,0.726,446200000.0,38000000.0,898400000.0,810575000.0,0.0,0.0,0.0,0.0,2169100000.0,893100000.0,1276000000.0,4891229328.0,90700000.0,-109900000.0,-446900000.0,349500000.0,-62100000.0,-152500000.0,-192300000.0,0.0,422300000.0,13200000.0,303200000.0,303200000.0,303200000.0,-4900000.0,-400000.0,0.18,763800000.0,457500000.0,47900000.0,0.207,-9.494,16.132,16.474,49700000.0,0.0,87.64,2.908,2.835,437000000.0,1449900000.0,1681800000.0,1681800000.0,0.0,0.19,-0.635,0.592,0.286,35400000.0,691900000.0,1.0,55810467.0,54400000,55400000.0,30.915,1211400000.0,77200000.0,139000000.0,81600000.0,22.268,-191900000.0
42,DNB3,MRT,2008-03-31,2008-03-31,2008-03-31,2020-07-01,-358100000.0,1631700000.0,1531850000.0,685300000.0,946400000.0,1.067,-8.616,-74700000.0,215700000.0,215700000.0,446800000.0,305600000.0,0.795,-4.374,790000000.0,0.0,790000000.0,790000000.0,585700000.0,50900000.0,0.0,0.013,1.05,474400000.0,525300000.0,0.321,525300000.0,474400000.0,443100000.0,5.27,5.16,5.27,-482500000.0,-456225000.0,-482500000.0,5157744875.0,11.0,9.819,328700000.0,5.87,1.0,1188100000.0,0.727,438500000.0,31300000.0,905100000.0,725025000.0,0.0,0.0,0.0,0.0,2110500000.0,862400000.0,1248100000.0,4608744875.0,76100000.0,-116200000.0,-396400000.0,305800000.0,-60400000.0,-139400000.0,-203000000.0,0.0,403400000.0,15100000.0,306600000.0,306600000.0,306600000.0,-6200000.0,-1000000.0,0.188,746600000.0,441500000.0,25400000.0,0.199,-9.552,15.032,15.442,49200000.0,0.0,81.38,2.819,2.787,477000000.0,1382000000.0,1634900000.0,1634900000.0,0.0,0.2,-0.672,0.654,0.29,37400000.0,675000000.0,1.0,56632402.0,56000000,57100000.0,29.195,1193200000.0,58800000.0,136500000.0,104600000.0,21.307,-177100000.0
43,DNB3,MRT,2007-12-31,2007-12-31,2007-12-31,2020-07-01,-354200000.0,1658800000.0,1471975000.0,718300000.0,940500000.0,1.086,-7.549,-72100000.0,175800000.0,175800000.0,430400000.0,297200000.0,0.789,-4.761,724800000.0,0.0,724800000.0,724800000.0,531300000.0,46600000.0,0.0,0.011,1.0,462200000.0,508800000.0,0.318,508800000.0,462200000.0,433900000.0,5.08,4.97,5.08,-440100000.0,-451200000.0,-440100000.0,5517347712.0,12.0,10.844,321800000.0,5.52,1.0,1168800000.0,0.731,491800000.0,28300000.0,806000000.0,648300000.0,0.0,0.0,0.0,0.0,2095300000.0,910000000.0,1185300000.0,5137747712.0,51300000.0,-144500000.0,-377200000.0,265800000.0,-58400000.0,-143000000.0,-217200000.0,0.0,393900000.0,17600000.0,298100000.0,298100000.0,298100000.0,-5400000.0,-900000.0,0.186,743200000.0,425600000.0,30500000.0,0.197,-11.674,17.235,17.447,50300000.0,0.0,88.63,3.213,3.231,498200000.0,1320700000.0,1599200000.0,1599200000.0,0.0,0.203,-0.661,0.713,0.289,33300000.0,671500000.0,1.0,57968495.0,58300000,59600000.0,27.431,1167000000.0,60200000.0,135800000.0,93700000.0,20.017,-191700000.0
44,DNB3,MRT,2007-09-30,2007-09-30,2007-09-30,2020-07-01,-404400000.0,1419000000.0,1397300000.0,562600000.0,856400000.0,1.085,-8.136,-63700000.0,166600000.0,166600000.0,388600000.0,287600000.0,0.683,-3.99,546200000.0,0.0,546200000.0,546200000.0,474600000.0,39400000.0,0.0,0.008,0.75,436600000.0,476000000.0,0.314,476000000.0,436600000.0,411200000.0,4.83,4.7,4.83,-472700000.0,-440950000.0,-472700000.0,6123817579.0,14.0,12.865,315400000.0,5.429,1.0,1127000000.0,0.744,341700000.0,25400000.0,632800000.0,598625000.0,0.0,0.0,0.0,0.0,1885900000.0,824100000.0,1061800000.0,5802717579.0,27700000.0,-40600000.0,-396200000.0,145700000.0,-44100000.0,-261100000.0,-104200000.0,0.0,379100000.0,13900000.0,287600000.0,287600000.0,287600000.0,-4100000.0,0.0,0.19,711600000.0,415400000.0,40500000.0,0.155,-12.276,20.176,20.416,49100000.0,0.0,98.61,3.829,3.78,396000000.0,1250400000.0,1515600000.0,1515600000.0,0.0,0.206,-0.652,0.729,0.288,34500000.0,650100000.0,1.0,58845123.0,58100000,59600000.0,26.086,1077300000.0,79800000.0,123600000.0,93400000.0,18.542,-261500000.0
45,DNB3,MRT,2007-06-30,2007-06-30,2007-06-30,2020-07-01,-409200000.0,1417900000.0,1405225000.0,585400000.0,832500000.0,1.068,-7.331,-63800000.0,154800000.0,154800000.0,399600000.0,277300000.0,0.686,-4.289,475900000.0,100000.0,475800000.0,475900000.0,520100000.0,37100000.0,0.0,0.005,0.5,414800000.0,451900000.0,0.301,451900000.0,414800000.0,391200000.0,4.6,4.48,4.6,-429600000.0,-369750000.0,-429600000.0,6462033806.0,16.0,14.3,339700000.0,5.797,1.0,1100500000.0,0.734,329000000.0,23600000.0,556200000.0,616250000.0,0.0,0.0,0.0,0.0,1842700000.0,853800000.0,988900000.0,6117433806.0,37700000.0,-36400000.0,-402800000.0,121400000.0,-29600000.0,-278600000.0,-101500000.0,0.0,403500000.0,14300000.0,277300000.0,277300000.0,277300000.0,-3600000.0,0.0,0.185,704000000.0,396500000.0,35300000.0,0.109,-14.24,22.061,22.387,49400000.0,0.0,102.98,4.078,4.023,426300000.0,1208800000.0,1500100000.0,1500100000.0,0.0,0.197,-0.75,0.673,0.277,32100000.0,631700000.0,1.0,59404096.0,58600000,60200000.0,25.599,1088900000.0,83300000.0,113900000.0,84000000.0,18.582,-268400000.0
46,DNB3,MRT,2007-03-31,2007-03-31,2007-03-31,2020-07-01,-445000000.0,1392200000.0,1413225000.0,588400000.0,803800000.0,1.052,-7.785,-61300000.0,139600000.0,139600000.0,408900000.0,241900000.0,0.712,-4.001,484200000.0,100000.0,484100000.0,484200000.0,526800000.0,34700000.0,0.0,0.003,0.25,407100000.0,441800000.0,0.297,441800000.0,407100000.0,385800000.0,3.92,3.81,3.92,-462400000.0,-295950000.0,-462400000.0,5792716189.0,14.0,13.112,327000000.0,5.505,1.0,1077800000.0,0.725,311900000.0,21300000.0,598200000.0,651625000.0,0.0,0.0,0.0,0.0,1850000000.0,826700000.0,1023300000.0,5472116189.0,13500000.0,-31000000.0,-605000000.0,184700000.0,-14900000.0,-403800000.0,9900000.0,103200000.0,388300000.0,19100000.0,241900000.0,241900000.0,241900000.0,-2300000.0,0.0,0.163,685700000.0,392100000.0,35900000.0,0.064,-11.834,22.621,23.265,49700000.0,0.0,91.2,3.681,3.644,415400000.0,1135900000.0,1486700000.0,1486700000.0,0.0,0.171,-0.817,0.625,0.274,28600000.0,617100000.0,1.0,60001274.0,59400000,60900000.0,25.029,1080300000.0,102300000.0,143900000.0,106700000.0,18.187,-238300000.0
47,DNB3,MRT,2006-12-31,2006-12-31,2006-12-31,2020-07-01,-453000000.0,1360100000.0,1459250000.0,645000000.0,715100000.0,1.011,-6.315,-52200000.0,127700000.0,127700000.0,410900000.0,240700000.0,0.801,-4.408,459000000.0,100000.0,458900000.0,459000000.0,466700000.0,32100000.0,0.0,0.0,0.0,403100000.0,435200000.0,0.295,435200000.0,403100000.0,382800000.0,3.81,3.7,3.81,-399100000.0,-165875000.0,-399100000.0,5345939882.0,13.0,12.284,252700000.0,3.998,1.0,1064000000.0,0.721,278600000.0,20300000.0,607300000.0,697350000.0,0.0,0.0,0.0,0.0,1759200000.0,805500000.0,953700000.0,5084339882.0,-56900000.0,-8800000.0,-612200000.0,158700000.0,0.0,-431500000.0,47300000.0,109400000.0,304900000.0,22400000.0,240700000.0,240700000.0,240700000.0,-2000000.0,0.0,0.163,670300000.0,393700000.0,37300000.0,0.0,-12.74,21.123,21.73,50500000.0,0.0,82.79,3.447,3.548,408700000.0,1132200000.0,1474900000.0,1474900000.0,0.0,0.165,-1.451,0.578,0.273,30700000.0,612700000.0,1.0,61412488.0,63200000,65100000.0,23.337,1081500000.0,161800000.0,142100000.0,56300000.0,17.112,-160500000.0
48,DNB3,MRT,2006-09-30,2006-09-30,2006-09-30,2020-07-01,-266500000.0,1450700000.0,1522575000.0,526500000.0,924200000.0,0.945,-3.045,-50400000.0,138900000.0,138900000.0,389600000.0,239800000.0,0.722,-8.721,400500000.0,100000.0,400400000.0,400500000.0,430800000.0,30800000.0,0.0,0.0,0.0,391800000.0,422600000.0,0.294,422600000.0,391800000.0,371700000.0,3.68,3.58,3.68,-187900000.0,-46700000.0,-187900000.0,4948179714.0,13.0,11.709,287100000.0,4.653,1.0,1049600000.0,0.729,279800000.0,20100000.0,703300000.0,654950000.0,0.0,0.0,0.0,0.0,1638600000.0,729200000.0,909400000.0,4710579714.0,-125700000.0,-9200000.0,-522800000.0,99100000.0,0.0,-412500000.0,-61800000.0,0.0,337500000.0,11100000.0,239800000.0,239800000.0,239800000.0,1300000.0,0.0,0.167,664300000.0,385300000.0,37000000.0,0.0,-25.07,19.644,20.378,45400000.0,0.0,74.99,3.273,3.215,332800000.0,1041000000.0,1439200000.0,1439200000.0,0.0,0.157,-5.135,0.598,0.272,64700000.0,600200000.0,1.0,62816105.0,61700000,63400000.0,23.326,1170900000.0,67900000.0,131900000.0,0.0,18.977,-202700000.0
49,DNB3,MRT,2006-06-30,2006-06-30,2006-06-30,2020-07-01,-270000000.0,1449900000.0,1535250000.0,534400000.0,915500000.0,0.926,-2.09,-39300000.0,117100000.0,117100000.0,380800000.0,225700000.0,0.742,-11.788,354700000.0,400000.0,354300000.0,354700000.0,449300000.0,31200000.0,0.0,0.0,0.0,393400000.0,424600000.0,0.299,424600000.0,393400000.0,373000000.0,3.42,3.32,3.42,-134400000.0,1975000.0,-134400000.0,4793046604.0,12.0,11.288,238700000.0,3.712,1.0,1040800000.0,0.732,269200000.0,20400000.0,697700000.0,553700000.0,0.0,0.0,0.0,0.0,1584300000.0,720600000.0,863700000.0,4618746604.0,-128200000.0,-27600000.0,-471600000.0,52800000.0,0.0,-412800000.0,2700000.0,69200000.0,278000000.0,3900000.0,225700000.0,225700000.0,225700000.0,1300000.0,0.0,0.159,652800000.0,388000000.0,33900000.0,0.0,-34.366,20.464,20.374,43300000.0,0.0,69.68,3.249,3.152,365400000.0,995200000.0,1421600000.0,1421600000.0,0.0,0.147,114.278,0.71,0.277,92500000.0,597800000.0,1.0,66285112.0,64300000,66100000.0,22.109,1180700000.0,67000000.0,147300000.0,200000.0,18.362,-186200000.0
50,DNB3,MRT,2006-03-31,2006-03-31,2006-03-31,2020-07-01,-279200000.0,1576300000.0,1558925000.0,673400000.0,902900000.0,0.902,0.872,-29000000.0,126100000.0,126100000.0,370100000.0,220600000.0,0.943,26.225,300400000.0,1100000.0,299300000.0,300400000.0,476200000.0,32500000.0,0.0,0.0,0.0,388100000.0,420600000.0,0.299,420600000.0,388100000.0,366900000.0,3.31,3.2,3.31,57900000.0,39900000.0,57900000.0,5238316891.0,13.0,12.454,201800000.0,3.039,1.0,1035800000.0,0.737,255300000.0,21200000.0,781100000.0,468425000.0,0.0,103200000.0,103200000.0,0.0,1518400000.0,714200000.0,804200000.0,5132716891.0,-169300000.0,-5100000.0,-267900000.0,-900000.0,0.0,-278100000.0,-100900000.0,-68800000.0,230800000.0,-21100000.0,220600000.0,220600000.0,220600000.0,1300000.0,0.0,0.157,657200000.0,378600000.0,32700000.0,0.0,88.648,23.267,23.166,43300000.0,0.0,76.68,3.651,3.622,404500000.0,942900000.0,1405900000.0,1405900000.0,0.0,0.142,5.529,0.829,0.276,87100000.0,598000000.0,1.0,66936840.0,66400000,68400000.0,21.173,1321000000.0,63700000.0,146300000.0,300000.0,19.895,-40800000.0
51,DNB3,MRT,2005-12-31,2005-12-31,2005-12-31,2020-07-01,-287600000.0,1613400000.0,1570225000.0,759300000.0,854100000.0,0.879,1.162,-27900000.0,195300000.0,195300000.0,355800000.0,221200000.0,0.738,19.782,300900000.0,300800000.0,100000.0,300900000.0,413700000.0,34600000.0,0.0,0.0,0.0,375400000.0,410000000.0,0.297,410000000.0,375400000.0,354300000.0,3.31,3.19,3.31,77600000.0,38000000.0,77600000.0,4484075165.0,12.0,10.937,233600000.0,3.497,1.0,1024200000.0,0.742,252200000.0,21100000.0,437700000.0,368125000.0,0.0,109400000.0,109400000.0,0.0,1535100000.0,1029100000.0,506000000.0,4445375165.0,-57600000.0,-300000.0,-231100000.0,-100000.0,0.0,-241200000.0,-54100000.0,-26800000.0,261500000.0,-23800000.0,221200000.0,221200000.0,221200000.0,1300000.0,0.0,0.16,659600000.0,364600000.0,43900000.0,0.0,57.286,20.097,20.23,44200000.0,0.0,66.96,3.221,3.241,380300000.0,891500000.0,1380000000.0,1380000000.0,0.0,0.141,5.821,1.02,0.272,86600000.0,594300000.0,1.0,66388518.0,66800000,69400000.0,20.659,1361200000.0,96200000.0,133100000.0,1500000.0,20.377,-269800000.0
52,DNB3,MRT,2005-09-30,2005-09-30,2005-09-30,2020-07-01,-272300000.0,1501400000.0,1575750000.0,612900000.0,888500000.0,0.902,0.102,-27100000.0,264600000.0,264600000.0,404800000.0,205900000.0,0.62,219.794,303300000.0,303000000.0,300000.0,303300000.0,387300000.0,39000000.0,0.0,0.0,0.0,367900000.0,406900000.0,0.286,406900000.0,367900000.0,347800000.0,3.02,2.9,3.02,6800000.0,32150000.0,6800000.0,4484349424.0,12.0,11.021,225300000.0,3.388,1.0,1017300000.0,0.715,253900000.0,20100000.0,298300000.0,438600000.0,0.0,0.0,0.0,0.0,1494600000.0,987900000.0,506700000.0,4425949424.0,70800000.0,13000000.0,-247700000.0,900000.0,0.0,-255600000.0,75200000.0,88600000.0,252400000.0,-1200000.0,205900000.0,205900000.0,205900000.0,0.0,0.0,0.145,674100000.0,343200000.0,31800000.0,0.0,650.875,21.496,21.811,46100000.0,0.0,65.87,3.112,3.08,311700000.0,801200000.0,1422100000.0,1422100000.0,0.0,0.131,6.404,0.839,0.259,55800000.0,602400000.0,1.0,67192188.0,66500000,69200000.0,21.385,1247500000.0,79900000.0,141900000.0,17700000.0,18.759,-375000000.0
53,DNB3,MRT,2005-06-30,2005-06-30,2005-06-30,2020-07-01,-271500000.0,1544600000.0,1581000000.0,680000000.0,864600000.0,0.894,0.256,-28500000.0,245300000.0,245300000.0,397500000.0,221700000.0,0.677,88.283,303700000.0,303300000.0,400000.0,303700000.0,414900000.0,41500000.0,0.0,0.0,0.0,366600000.0,408100000.0,0.289,408100000.0,366600000.0,347000000.0,3.22,3.09,3.22,17300000.0,34650000.0,17300000.0,4203218809.0,11.0,10.299,232800000.0,3.439,1.0,1016200000.0,0.719,241700000.0,19600000.0,356600000.0,531525000.0,0.0,69200000.0,69200000.0,0.0,1527300000.0,1004700000.0,522600000.0,4198718809.0,28100000.0,22700000.0,-242200000.0,1300000.0,0.0,-249800000.0,23400000.0,27300000.0,261300000.0,-6800000.0,221700000.0,221700000.0,221700000.0,0.0,0.0,0.157,679300000.0,336900000.0,38500000.0,0.0,242.701,18.939,19.146,47700000.0,0.0,61.65,2.97,2.952,329900000.0,769500000.0,1413700000.0,1413700000.0,0.0,0.14,6.398,0.69,0.259,24500000.0,607100000.0,1.0,68105739.0,67700000,70400000.0,20.882,1302900000.0,77200000.0,125300000.0,38400000.0,19.245,-324700000.0
54,DNB3,MRT,2005-03-31,2005-03-31,2005-03-31,2020-07-01,-253500000.0,1621500000.0,1586350000.0,749200000.0,872300000.0,0.89,0.734,-28500000.0,295400000.0,295400000.0,395800000.0,214100000.0,0.748,31.237,299900000.0,299900000.0,0.0,299900000.0,456800000.0,43900000.0,0.0,0.0,0.0,355300000.0,399200000.0,0.283,399200000.0,355300000.0,335700000.0,3.08,2.96,3.08,50300000.0,36575000.0,50300000.0,4289237825.0,12.0,10.745,234800000.0,3.428,1.0,1016100000.0,0.72,244100000.0,19600000.0,379900000.0,603625000.0,0.0,34400000.0,34400000.0,0.0,1571200000.0,1002000000.0,569200000.0,4242137825.0,98000000.0,20900000.0,-222800000.0,0.0,0.0,-222800000.0,61100000.0,65100000.0,263300000.0,-3600000.0,214100000.0,214100000.0,214100000.0,0.0,0.0,0.152,690800000.0,325300000.0,32500000.0,0.0,84.337,19.814,19.951,51300000.0,0.0,61.45,3.005,2.981,386700000.0,722400000.0,1411900000.0,1411900000.0,0.0,0.135,5.854,0.589,0.252,25300000.0,614700000.0,1.0,69033976.0,68500000,71400000.0,20.612,1377400000.0,77600000.0,121600000.0,17000000.0,20.108,-252800000.0
55,DNB3,MRT,2004-12-31,2004-12-31,2004-12-31,2020-07-01,-256100000.0,1635500000.0,1589775000.0,762100000.0,873400000.0,0.889,0.77,-28800000.0,252900000.0,252900000.0,403900000.0,211800000.0,1.068,29.175,300000000.0,0.0,300000000.0,300000000.0,388600000.0,47300000.0,0.0,0.0,0.0,359900000.0,407200000.0,0.288,407200000.0,359900000.0,341000000.0,3.01,2.9,3.01,54200000.0,35925000.0,54200000.0,4250855137.0,12.0,10.439,238800000.0,3.392,1.0,1010100000.0,0.714,249400000.0,18900000.0,719600000.0,689700000.0,0.0,82600000.0,82600000.0,0.0,1581300000.0,713600000.0,867700000.0,4144755137.0,13900000.0,63800000.0,-233800000.0,0.0,0.0,-233500000.0,-39200000.0,-70800000.0,267600000.0,19000000.0,211800000.0,211800000.0,211800000.0,0.0,0.0,0.15,691300000.0,318800000.0,50200000.0,0.0,76.471,19.569,19.817,51200000.0,0.0,59.65,2.931,2.97,398900000.0,670300000.0,1414000000.0,1414000000.0,0.0,0.133,5.896,0.522,0.255,17800000.0,612000000.0,1.0,69484579.0,70400000,73100000.0,20.085,1386100000.0,76800000.0,129200000.0,22200000.0,19.689,48500000.0
56,DNB3,MRT,2004-09-30,2004-09-30,2004-09-30,2020-07-01,-270200000.0,1522400000.0,1587075000.0,665700000.0,856700000.0,0.902,0.24,-30100000.0,193800000.0,193800000.0,414500000.0,210300000.0,0.928,89.619,299900000.0,0.0,299900000.0,299900000.0,359500000.0,51800000.0,0.0,0.0,0.0,351700000.0,403500000.0,0.282,403500000.0,351700000.0,332600000.0,2.94,2.83,2.94,16800000.0,34475000.0,16800000.0,4211826352.0,12.0,10.438,223600000.0,3.198,1.0,1016400000.0,0.71,240800000.0,19100000.0,670000000.0,671200000.0,0.0,85100000.0,85100000.0,0.0,1505600000.0,717700000.0,787900000.0,4129126352.0,-5900000.0,42900000.0,-204900000.0,100000.0,0.0,-206100000.0,-65500000.0,-76200000.0,253700000.0,12000000.0,210300000.0,210300000.0,210300000.0,0.0,0.0,0.147,692400000.0,324000000.0,23700000.0,0.0,245.781,19.634,19.966,50800000.0,0.0,58.7,2.886,2.869,272500000.0,595800000.0,1430900000.0,1430900000.0,0.0,0.133,6.1,0.524,0.246,12500000.0,619700000.0,1.0,70342868.0,69924000,72685000.0,20.464,1281600000.0,57900000.0,122300000.0,113200000.0,18.328,-52000000.0
57,DNB3,MRT,2004-06-30,2004-06-30,2004-06-30,2020-07-01,-265600000.0,1566000000.0,1583075000.0,708100000.0,857900000.0,0.903,0.353,55300000.0,217200000.0,217200000.0,433900000.0,191600000.0,0.939,61.64,299900000.0,0.0,299900000.0,299900000.0,377200000.0,55300000.0,0.0,0.0,0.0,326000000.0,381300000.0,0.267,381300000.0,326000000.0,307000000.0,2.65,2.56,2.65,25000000.0,27600000.0,25000000.0,3936359085.0,12.0,10.324,288000000.0,4.068,1.0,996100000.0,0.697,249200000.0,19000000.0,645000000.0,659500000.0,0.0,93100000.0,93100000.0,0.0,1541000000.0,754500000.0,786500000.0,3833859085.0,89800000.0,52700000.0,-211500000.0,0.0,0.0,-212400000.0,47800000.0,-52100000.0,232700000.0,21700000.0,191600000.0,191600000.0,191600000.0,0.0,0.0,0.134,690900000.0,305200000.0,26900000.0,0.0,153.354,20.01,20.343,50700000.0,0.0,53.91,2.681,2.669,277700000.0,548200000.0,1430000000.0,1430000000.0,0.0,0.121,6.942,0.494,0.228,14200000.0,615800000.0,1.0,71115917.0,70803000,73603000.0,20.197,1316800000.0,58800000.0,115400000.0,112800000.0,18.598,-46400000.0
58,DNB3,MRT,2004-03-31,2004-03-31,2004-03-31,2020-07-01,-247300000.0,1635200000.0,1593150000.0,737900000.0,897300000.0,0.888,0.664,50900000.0,197400000.0,197400000.0,430400000.0,187200000.0,1.01,33.281,299900000.0,0.0,299900000.0,299900000.0,435700000.0,59800000.0,0.0,0.0,0.0,316200000.0,376000000.0,0.266,376000000.0,316200000.0,297500000.0,2.56,2.48,2.56,47700000.0,26950000.0,47700000.0,3895270252.0,12.0,10.36,297100000.0,4.134,1.0,984700000.0,0.696,282800000.0,18700000.0,724200000.0,671225000.0,0.0,95900000.0,95900000.0,0.0,1587500000.0,730700000.0,856800000.0,3834370252.0,48100000.0,16000000.0,-201100000.0,0.0,0.0,-201000000.0,-35600000.0,-76000000.0,246200000.0,38500000.0,187200000.0,187200000.0,187200000.0,0.0,0.0,0.132,683000000.0,301700000.0,34100000.0,0.0,80.385,20.483,20.898,54200000.0,0.0,53.5,2.71,2.717,345900000.0,508300000.0,1415100000.0,1415100000.0,0.0,0.118,6.946,0.471,0.223,15700000.0,606500000.0,1.0,71670472.0,71869000,74816000.0,19.69,1352400000.0,65500000.0,110300000.0,49300000.0,18.818,7200000.0
59,DNB3,MRT,2003-12-31,2003-12-31,2003-12-31,2020-07-01,-270400000.0,1624700000.0,1579950000.0,730800000.0,893900000.0,0.877,0.659,49900000.0,239000000.0,239000000.0,433300000.0,174500000.0,0.993,32.568,299900000.0,0.0,299900000.0,299900000.0,391300000.0,64000000.0,0.0,0.0,0.0,299300000.0,363300000.0,0.262,363300000.0,299300000.0,280700000.0,2.37,2.3,2.37,48400000.0,18625000.0,48400000.0,3787110966.0,13.0,10.424,285600000.0,3.886,1.0,953100000.0,0.687,304100000.0,18600000.0,645600000.0,658675000.0,0.0,5100000.0,5100000.0,0.0,1576300000.0,735900000.0,840400000.0,3686910966.0,47100000.0,-106200000.0,-132700000.0,0.0,0.0,-132800000.0,-65300000.0,4300000.0,235700000.0,9500000.0,174500000.0,174500000.0,174500000.0,0.0,0.0,0.126,661300000.0,291800000.0,50900000.0,0.0,76.176,21.128,21.397,55100000.0,0.0,50.71,2.659,2.688,385100000.0,458500000.0,1386400000.0,1386400000.0,0.0,0.11,9.369,0.454,0.216,14500000.0,579900000.0,1.0,72705797.0,73490000,75826000.0,18.865,1320600000.0,83500000.0,106200000.0,49300000.0,17.97,-5100000.0
60,DNB3,MRT,2003-09-30,2003-09-30,2003-09-30,2020-07-01,-281200000.0,1506400000.0,1555700000.0,580900000.0,925500000.0,0.86,-0.146,40800000.0,199700000.0,199700000.0,406500000.0,165300000.0,0.847,-141.785,299900000.0,0.0,299900000.0,299900000.0,369500000.0,70400000.0,0.0,0.0,0.0,286400000.0,356800000.0,0.267,356800000.0,286400000.0,267700000.0,2.23,2.16,2.23,-10700000.0,1825000.0,-10700000.0,3238857170.0,11.0,9.078,276500000.0,3.76,1.0,931600000.0,0.696,297700000.0,18700000.0,623200000.0,663475000.0,0.0,0.0,0.0,0.0,1517100000.0,685700000.0,831400000.0,3066457170.0,63700000.0,-94200000.0,-104400000.0,0.0,0.0,-102900000.0,-61800000.0,-800000.0,235700000.0,-7300000.0,165300000.0,165300000.0,165300000.0,0.0,0.0,0.124,653500000.0,278100000.0,40700000.0,0.0,-286.585,18.551,18.628,55000000.0,0.0,41.54,2.292,2.283,316100000.0,385000000.0,1338100000.0,1338100000.0,0.0,0.106,90.575,0.432,0.214,13800000.0,565700000.0,1.0,73819383.0,73534000,76152000.0,18.197,1208700000.0,97200000.0,102400000.0,49300000.0,16.437,-104800000.0
61,DNB3,MRT,2003-06-30,2003-06-30,2003-06-30,2020-07-01,-275200000.0,1606300000.0,1532475000.0,544900000.0,1061400000.0,0.851,0.301,-47700000.0,127400000.0,127400000.0,389000000.0,171200000.0,0.727,70.71,299800000.0,0.0,299800000.0,299800000.0,413500000.0,76700000.0,0.0,0.0,0.0,295800000.0,372500000.0,0.286,372500000.0,295800000.0,277000000.0,2.31,2.23,2.31,22400000.0,-3800000.0,22400000.0,3210419619.0,11.0,8.619,191000000.0,2.568,1.0,915700000.0,0.702,337700000.0,18800000.0,691900000.0,667825000.0,0.0,36900000.0,36900000.0,0.0,1583900000.0,749100000.0,834800000.0,3059919619.0,-19700000.0,-115200000.0,-45400000.0,0.0,0.0,-44200000.0,-206200000.0,-32800000.0,238700000.0,-8000000.0,171200000.0,171200000.0,171200000.0,0.0,0.0,0.131,632900000.0,282800000.0,52200000.0,0.0,136.604,17.873,17.792,154100000.0,0.0,41.1,2.345,2.343,344100000.0,356100000.0,1304700000.0,1304700000.0,0.0,0.112,-45.053,0.443,0.227,10400000.0,540400000.0,1.0,74450599.0,74383000,76893000.0,17.54,1268600000.0,94300000.0,105800000.0,49300000.0,17.055,-204200000.0
62,DNB3,MRT,2003-03-31,2003-03-31,2003-03-31,2020-07-01,-279800000.0,1582400000.0,1476875000.0,552600000.0,1029800000.0,0.864,0.193,-28600000.0,149300000.0,149300000.0,389400000.0,147000000.0,0.748,108.889,299800000.0,0.0,299800000.0,299800000.0,424200000.0,80900000.0,0.0,0.0,0.0,261300000.0,342200000.0,0.268,342200000.0,261300000.0,242300000.0,1.99,1.91,1.99,14400000.0,-27425000.0,14400000.0,2955333648.0,11.0,8.636,237700000.0,3.193,1.0,886200000.0,0.695,320500000.0,19000000.0,674000000.0,654450000.0,0.0,0.0,0.0,0.0,1568000000.0,738400000.0,829600000.0,2847233648.0,59900000.0,-98500000.0,-24600000.0,-35600000.0,0.0,-59300000.0,-137100000.0,-11900000.0,266300000.0,-10000000.0,147000000.0,147000000.0,147000000.0,0.0,0.0,0.115,633700000.0,252500000.0,32900000.0,0.0,197.725,19.369,19.221,152100000.0,0.0,38.25,2.232,2.232,367200000.0,321000000.0,1275600000.0,1275600000.0,0.0,0.1,-5.36,0.399,0.205,7700000.0,511000000.0,1.0,74437481.0,74448000,76707000.0,17.134,1261900000.0,92300000.0,95300000.0,49300000.0,16.95,-185800000.0
63,DNB3,MRT,2002-12-31,2002-12-31,2002-12-31,2020-07-01,-281400000.0,1527700000.0,1439050000.0,614200000.0,913500000.0,0.886,-0.252,-32000000.0,191900000.0,191900000.0,392100000.0,143400000.0,0.855,-82.261,299900000.0,0.0,299900000.0,299900000.0,367100000.0,84200000.0,0.0,0.0,0.0,257000000.0,341200000.0,0.267,341200000.0,257000000.0,237500000.0,1.93,1.87,1.93,-18800000.0,-48875000.0,-18800000.0,2727448315.0,11.0,7.994,181100000.0,2.431,1.0,883500000.0,0.693,252800000.0,19500000.0,664800000.0,667775000.0,0.0,0.0,0.0,0.0,1546500000.0,718100000.0,828400000.0,2563448315.0,46600000.0,-17300000.0,-105600000.0,0.0,0.0,-104700000.0,-55200000.0,-4500000.0,213100000.0,-6600000.0,143400000.0,143400000.0,143400000.0,0.0,0.0,0.112,627600000.0,255900000.0,47400000.0,0.0,-136.354,17.876,17.87,149700000.0,0.0,34.49,2.01,2.015,383200000.0,284000000.0,1275600000.0,1275600000.0,0.0,0.1,-2.934,0.385,0.201,5400000.0,512500000.0,1.0,74324393.0,74511000,76874000.0,17.12,1274900000.0,81900000.0,94100000.0,49300000.0,17.11,-103900000.0
64,DNB3,MRT,2002-09-30,2002-09-30,2002-09-30,2020-07-01,-231300000.0,1413500000.0,1422775000.0,510600000.0,902900000.0,0.883,-0.447,-27200000.0,136000000.0,136000000.0,407800000.0,133000000.0,0.744,-43.575,300000000.0,100000.0,299900000.0,300000000.0,362300000.0,82900000.0,0.0,0.0,0.0,242200000.0,325100000.0,0.259,325100000.0,242200000.0,222900000.0,1.76,1.69,1.76,-33200000.0,-48925000.0,-33200000.0,2648499673.0,11.0,8.147,135400000.0,1.822,1.0,848800000.0,0.675,250200000.0,19300000.0,640600000.0,671950000.0,0.0,0.0,0.0,0.0,1446700000.0,686700000.0,760000000.0,2495899673.0,-34800000.0,-11000000.0,-162100000.0,0.0,0.0,-162000000.0,-47600000.0,0.0,162600000.0,12200000.0,133000000.0,133000000.0,133000000.0,0.0,0.0,0.106,618200000.0,230600000.0,0.0,0.0,-75.178,18.766,19.097,143400000.0,0.0,33.61,1.986,1.987,279200000.0,219700000.0,1256600000.0,1256600000.0,0.0,0.093,-2.718,0.36,0.193,7700000.0,504400000.0,1.0,74260627.0,74295000,76540000.0,16.914,1163300000.0,0.0,89900000.0,0.0,15.658,-176100000.0
65,DNB3,MRT,2002-06-30,2002-06-30,2002-06-30,2020-07-01,-235300000.0,1383900000.0,1423475000.0,521900000.0,862000000.0,0.878,-0.969,-25600000.0,147100000.0,147100000.0,404900000.0,128700000.0,0.778,-20.194,299700000.0,0.0,299700000.0,299700000.0,379400000.0,85300000.0,0.0,0.0,0.0,236600000.0,321900000.0,0.257,321900000.0,236600000.0,217100000.0,1.67,1.61,1.67,-72100000.0,-46125000.0,-72100000.0,2710082221.0,11.0,8.419,141900000.0,1.907,1.0,845400000.0,0.676,227500000.0,19500000.0,638400000.0,665100000.0,0.0,0.0,0.0,0.0,1456000000.0,670600000.0,785400000.0,2464182221.0,-38100000.0,20600000.0,-213800000.0,0.0,0.0,-213000000.0,-5600000.0,0.0,167500000.0,13000000.0,128700000.0,128700000.0,128700000.0,0.0,0.0,0.103,617900000.0,227500000.0,0.0,0.0,-34.177,19.147,19.79,141900000.0,0.0,33.05,1.971,1.967,280800000.0,185200000.0,1250300000.0,1250300000.0,0.0,0.09,-2.79,0.356,0.189,7700000.0,501700000.0,1.0,74559220.0,74404000,77126000.0,16.804,1156400000.0,0.0,88400000.0,0.0,15.542,-148700000.0
66,DNB3,MRT,2002-03-31,2002-03-31,2002-03-31,2020-07-01,-236900000.0,1431100000.0,1445250000.0,547400000.0,883700000.0,0.877,-0.952,-51800000.0,89400000.0,89400000.0,418500000.0,155900000.0,0.767,-21.043,335300000.0,35700000.0,299600000.0,335300000.0,402300000.0,89200000.0,0.0,0.0,0.0,278200000.0,367400000.0,0.29,367400000.0,278200000.0,258000000.0,1.99,1.93,1.99,-71400000.0,-28525000.0,-71400000.0,3120172443.0,11.0,8.493,115100000.0,1.535,1.0,848700000.0,0.67,236200000.0,20200000.0,727300000.0,654450000.0,0.0,0.0,0.0,0.0,1502500000.0,713500000.0,789000000.0,2965872443.0,31500000.0,80400000.0,-211300000.0,35600000.0,0.0,-175600000.0,29800000.0,0.0,166900000.0,10400000.0,155900000.0,155900000.0,155900000.0,0.0,0.0,0.123,618900000.0,229800000.0,0.0,0.0,-41.539,19.024,20.106,155400000.0,0.0,40.01,2.34,2.368,346100000.0,174500000.0,1267200000.0,1267200000.0,0.0,0.108,-5.465,0.425,0.22,7700000.0,507900000.0,1.0,74128279.0,74986000,77884000.0,16.899,1194900000.0,0.0,102100000.0,0.0,15.935,-166100000.0
67,DNB3,MRT,2001-12-31,2001-12-31,2001-12-31,2020-07-01,-237300000.0,1462600000.0,1446675000.0,580200000.0,882400000.0,0.902,-0.239,-53200000.0,145300000.0,145300000.0,441200000.0,149900000.0,0.838,-77.979,299600000.0,0.0,299600000.0,299600000.0,359500000.0,94500000.0,0.0,0.0,0.0,266500000.0,361000000.0,0.277,361000000.0,266500000.0,250100000.0,1.89,1.84,1.89,-19000000.0,-14175000.0,-19000000.0,2901713795.0,11.0,8.038,163900000.0,2.064,1.0,863400000.0,0.662,243200000.0,16400000.0,681500000.0,647875000.0,0.0,0.0,0.0,0.0,1481600000.0,692200000.0,789400000.0,2772713795.0,75200000.0,72400000.0,-125900000.0,250100000.0,0.0,-177400000.0,23900000.0,0.0,217100000.0,11600000.0,149900000.0,149900000.0,149900000.0,0.0,0.0,0.115,639800000.0,223600000.0,0.0,0.0,-145.932,18.497,18.677,158000000.0,0.0,35.3,2.125,2.148,317800000.0,140700000.0,1304600000.0,1304600000.0,0.0,0.104,-10.575,0.411,0.204,7700000.0,523500000.0,1.0,78547133.0,79391000,81510000.0,16.433,1219400000.0,0.0,100200000.0,0.0,15.359,-112000000.0
68,DNB3,MRT,2001-09-30,2001-09-30,2001-09-30,2020-07-01,-261800000.0,1416300000.0,1444325000.0,548800000.0,867500000.0,0.93,-0.277,-52300000.0,170800000.0,170800000.0,470700000.0,112200000.0,0.804,-65.377,299800000.0,200000.0,299600000.0,299800000.0,348600000.0,98000000.0,0.0,0.0,0.0,212700000.0,310700000.0,0.231,310700000.0,212700000.0,199400000.0,1.38,1.34,1.38,-22000000.0,-21050000.0,-22000000.0,2356597984.0,11.0,7.585,178700000.0,2.251,1.0,872700000.0,0.65,249100000.0,13300000.0,613200000.0,574500000.0,0.0,0.0,0.0,0.0,1438300000.0,683000000.0,755300000.0,2242097984.0,131400000.0,56600000.0,-104300000.0,275600000.0,0.0,-133500000.0,34800000.0,0.0,231000000.0,-900000.0,112200000.0,112200000.0,112200000.0,0.0,0.0,0.084,683900000.0,188800000.0,0.0,0.0,-101.914,19.983,20.29,179000000.0,0.0,28.0,1.669,1.655,290500000.0,105900000.0,1343400000.0,1343400000.0,0.0,0.078,-5.33,0.37,0.158,0.0,521700000.0,1.0,80074928.0,79400000,81800000.0,16.919,1167200000.0,0.0,87200000.0,0.0,14.7,-134200000.0
69,DNB3,MRT,2001-06-30,2001-06-30,2001-06-30,2020-07-01,-262400000.0,1471000000.0,1441900000.0,576500000.0,894500000.0,0.961,-0.021,-56600000.0,185200000.0,185200000.0,495400000.0,134300000.0,0.783,-866.294,299700000.0,100000.0,299600000.0,299700000.0,401000000.0,103400000.0,0.0,0.0,0.0,230200000.0,333600000.0,0.241,333600000.0,230200000.0,218800000.0,1.65,1.61,1.65,-1700000.0,-17825000.0,-1700000.0,2508317359.0,11.0,7.519,246300000.0,3.071,1.0,890300000.0,0.642,253800000.0,11400000.0,595800000.0,523375000.0,0.0,0.0,0.0,0.0,1472700000.0,735900000.0,736800000.0,2266517359.0,130400000.0,47500000.0,-44100000.0,7800000.0,-30000000.0,-173700000.0,2800000.0,0.0,302900000.0,-1600000.0,134300000.0,134300000.0,134300000.0,-45400000.0,0.0,0.097,733000000.0,157300000.0,0.0,0.0,-1333.246,16.877,17.091,189300000.0,0.0,28.2,1.636,1.632,311900000.0,76800000.0,1385700000.0,1385700000.0,0.0,0.093,-7.534,0.44,0.166,0.0,539000000.0,1.0,80372956.0,80200000,82500000.0,17.278,1217200000.0,0.0,84500000.0,0.0,15.177,-159400000.0
70,DNB3,MRT,2001-03-31,2001-03-31,2001-03-31,2020-07-01,-250700000.0,1436800000.0,,538900000.0,897900000.0,,-0.174,-56000000.0,57900000.0,57900000.0,512500000.0,164100000.0,0.753,-103.629,299700000.0,100000.0,299600000.0,299700000.0,412100000.0,105900000.0,0.0,0.0,0.0,249900000.0,355800000.0,0.252,355800000.0,249900000.0,241200000.0,2.02,1.98,2.02,-14000000.0,,-14000000.0,1867949444.0,7.0,5.25,-64200000.0,-0.8,1.0,898200000.0,0.637,261900000.0,8700000.0,701000000.0,,0.0,0.0,0.0,0.0,1450800000.0,715700000.0,735100000.0,1888449444.0,900000.0,-14900000.0,-25500000.0,261600000.0,-59900000.0,70000000.0,-58000000.0,200000.0,-8200000.0,-2900000.0,164100000.0,164100000.0,164100000.0,-92200000.0,0.0,0.116,728000000.0,170200000.0,0.0,0.0,-134.889,11.508,11.663,201700000.0,0.0,23.56,1.339,1.341,398100000.0,43900000.0,1410700000.0,1410700000.0,0.0,,,,0.177,0.0,551100000.0,1.0,80154900.0,80300000,82600000.0,17.568,1174900000.0,0.0,77100000.0,0.0,14.631,-176800000.0
71,DNB3,MRT,2000-12-31,2000-12-31,2000-12-31,2020-07-01,-236100000.0,1453200000.0,1514000000.0,538600000.0,914600000.0,0.935,-0.574,-67100000.0,70100000.0,70100000.0,515900000.0,204400000.0,0.701,-32.252,49600000.0,49600000.0,0.0,49600000.0,365100000.0,111200000.0,0.0,0.0,0.0,290800000.0,402000000.0,0.284,402000000.0,290800000.0,282200000.0,2.52,2.49,2.52,-46500000.0,-231550000.0,-46500000.0,2095412344.0,7.0,5.212,-39900000.0,-0.493,1.0,899200000.0,0.635,276500000.0,8600000.0,388000000.0,313100000.0,0.0,0.0,0.0,0.0,1499700000.0,768200000.0,731500000.0,2110712344.0,-39300000.0,-6000000.0,-9100000.0,-75200000.0,-89800000.0,18800000.0,-81700000.0,0.0,27200000.0,-3600000.0,204400000.0,204400000.0,204400000.0,-133000000.0,0.0,0.144,728900000.0,170300000.0,0.0,0.0,-45.392,10.326,10.27,202800000.0,0.0,25.88,1.492,1.481,376300000.0,-5100000.0,1415100000.0,1415100000.0,0.0,0.135,-0.883,0.929,0.205,0.0,546700000.0,1.0,81557664.0,81001000,81994000.0,17.47,1176700000.0,0.0,77800000.0,0.0,14.527,-229600000.0
72,DNB3,MRT,2000-09-30,2000-09-30,2000-09-30,2020-07-01,-236400000.0,1406600000.0,,490900000.0,915700000.0,,-0.112,-79800000.0,39400000.0,39400000.0,523900000.0,250600000.0,0.709,-155.571,24100000.0,24100000.0,0.0,24100000.0,347400000.0,117500000.0,0.0,,0.0,334400000.0,451900000.0,0.321,451900000.0,334400000.0,325500000.0,3.11,3.07,3.11,-9100000.0,,-9100000.0,,,,-18600000.0,-0.229,1.0,883800000.0,0.628,290000000.0,8900000.0,408700000.0,,0.0,0.0,0.0,0.0,1415700000.0,692600000.0,723100000.0,,-27900000.0,0.0,23500000.0,-77500000.0,-119600000.0,24500000.0,-112600000.0,4600000.0,61200000.0,-1000000.0,250600000.0,250600000.0,250600000.0,-175600000.0,0.0,0.178,725000000.0,158800000.0,0.0,0.0,,,,216100000.0,0.0,,,,348600000.0,-800000.0,1407700000.0,1407700000.0,0.0,,,,0.238,0.0,537700000.0,1.0,40778832.0,81100000,81900000.0,17.358,1116600000.0,0.0,74900000.0,0.0,13.768,-201700000.0
73,DNB3,MRT,2000-06-30,2000-06-30,2000-06-30,2020-07-01,,,,,,,,,,,533900000.0,264200000.0,,,,,,,,,,,0.0,343800000.0,,,,343800000.0,336800000.0,3.28,3.24,3.28,,,,,,,,,1.0,873300000.0,0.621,,7000000.0,,,,,,,,,,,,,,,,,,,,,264200000.0,264200000.0,264200000.0,-174800000.0,0.0,0.188,695300000.0,178000000.0,,0.0,,,,,0.0,,,,,,1407200000.0,1407200000.0,0.0,,,,0.244,,532700000.0,1.0,40778832.0,80900000,81700000.0,17.394,,,72600000.0,,,
74,DNB3,MRT,2000-03-31,2000-03-31,2000-03-31,2020-07-01,,,,,,,,,,,,,,,,,,,,,,,0.0,,,,,,,,,,,,,,,,,,1.0,,,,,,,,,,,,,,,,,,,,,,,,,,,,,,,,,,,,,,,,,,,,,,,,,,,,,,1.0,40778832.0,80600000,,,,,,,,
75,DNB3,MRT,1999-12-31,1999-12-31,1999-12-31,2020-07-01,-219500000.0,1574800000.0,1574750000.0,606700000.0,968100000.0,0.893,-5.135,-109600000.0,109400000.0,109400000.0,538300000.0,255300000.0,0.585,-4.78,126200000.0,126200000.0,0.0,126200000.0,353200000.0,127900000.0,0.0,,0.0,324100000.0,452000000.0,0.321,452000000.0,324100000.0,319100000.0,3.15,3.11,3.15,-416600000.0,-393800000.0,-416600000.0,,,,248100000.0,3.058,1.0,868400000.0,0.617,316400000.0,5000000.0,238200000.0,210700000.0,0.0,0.0,0.0,0.0,1991400000.0,1037000000.0,954400000.0,,22700000.0,0.0,-189500000.0,88800000.0,-120100000.0,-218000000.0,-116700000.0,0.0,357700000.0,-300000.0,255300000.0,255300000.0,255300000.0,-174700000.0,0.0,0.181,708500000.0,159900000.0,0.0,0.0,,,,240300000.0,0.0,,,,363700000.0,-105900000.0,1406700000.0,1406700000.0,0.0,0.162,-0.648,1.538,0.23,0.0,539400000.0,1.0,40778832.0,81127000,82142000.0,17.339,1258400000.0,0.0,63800000.0,175400000.0,15.511,-430300000.0
76,DNB3,MRT,1999-09-30,1999-09-30,1999-09-30,2020-07-01,,,,,,,,,,,,,,,,,,,,,,,0.0,,,,,,,,,,,,,,,,,,1.0,,,,,,,,,,,,,,,,,,,,,,,,,,,,,,,,,,,,,,,,,,,,,,,,,,,,,,1.0,,80500000,,,,,,,,
77,DNB3,MRT,1998-12-31,1998-12-31,1998-12-31,2020-07-01,-214800000.0,1574700000.0,,585500000.0,989200000.0,,-4.378,-134400000.0,86700000.0,86700000.0,536200000.0,280100000.0,0.58,-5.244,36900000.0,36900000.0,0.0,36900000.0,385200000.0,126200000.0,0.0,,0.0,363200000.0,489400000.0,0.345,489400000.0,363200000.0,351200000.0,3.31,3.26,3.31,-371000000.0,,-371000000.0,,,,240800000.0,2.841,1.0,884300000.0,0.623,333000000.0,12000000.0,183200000.0,,0.0,0.0,0.0,0.0,1945700000.0,1008700000.0,937000000.0,,9900000.0,0.0,-179200000.0,85400000.0,-137400000.0,-227300000.0,-136600000.0,4100000.0,375200000.0,-1400000.0,280100000.0,280100000.0,280100000.0,-193900000.0,0.0,0.197,696600000.0,187700000.0,0.0,0.0,,,,258200000.0,0.0,,,,351000000.0,-240900000.0,1420500000.0,1420500000.0,0.0,,,,0.256,0.0,542400000.0,1.0,,84746000,85852000.0,16.762,1241700000.0,0.0,71100000.0,163400000.0,14.652,-423200000.0
78,DNB3,MRT,1997-12-31,1997-12-31,1997-12-31,2020-07-01,,,,,,,,-111800000.0,,,512900000.0,184000000.0,,,,,,,,115800000.0,,,0.0,279800000.0,395600000.0,0.292,395600000.0,279800000.0,226500000.0,2.16,2.14,2.16,,,,,,,385800000.0,4.518,1.0,840700000.0,0.621,,53300000.0,,,,,,,,,,,-44600000.0,0.0,-19300000.0,-669000000.0,-150600000.0,-529700000.0,-11700000.0,100000.0,497600000.0,-800000.0,184000000.0,184000000.0,184000000.0,-217800000.0,0.0,0.136,633500000.0,207200000.0,,0.0,,,,,0.0,,,,,,1353600000.0,1353600000.0,0.0,,,,0.207,0.0,517700000.0,1.0,,85382500,86276000.0,15.853,,,42500000.0,,,
