None,ticker,dimension,calendardate,datekey,reportperiod,lastupdated,accoci,assets,assetsavg,assetsc,assetsnc,assetturnover,bvps,capex,cashneq,cashnequsd,cor,consolinc,currentratio,de,debt,debtc,debtnc,debtusd,deferredrev,depamor,deposits,divyield,dps,ebit,ebitda,ebitdamargin,ebitdausd,ebitusd,ebt,eps,epsdil,epsusd,equity,equityavg,equityusd,ev,evebit,evebitda,fcf,fcfps,fxusd,gp,grossmargin,intangibles,intexp,invcap,invcapavg,inventory,investments,investmentsc,investmentsnc,liabilities,liabilitiesc,liabilitiesnc,marketcap,ncf,ncfbus,ncfcommon,ncfdebt,ncfdiv,ncff,ncfi,ncfinv,ncfo,ncfx,netinc,netinccmn,netinccmnusd,netincdis,netincnci,netmargin,opex,opinc,payables,payoutratio,pb,pe,pe1,ppnenet,prefdivis,price,ps,ps1,receivables,retearn,revenue,revenueusd,rnd,roa,roe,roic,ros,sbcomp,sgna,sharefactor,sharesbas,shareswa,shareswadil,sps,tangibles,taxassets,taxexp,taxliabilities,tbvps,workingcapital
0,DNB3,ARY,2017-12-31,2018-02-22,2017-12-31,2020-07-01,-1016900000,2480900000,2328725000.0,1093700000,1387200000,0.748,-22.42,-62100000.0,442400000,442400000,574700000.0,140900000.0,1.039,-3.979,1678100000,32500000,1645600000,1678100000,684400000,79700000.0,0,0.017,2.03,380300000.0,460000000.0,0.264,460000000.0,380300000.0,320600000.0,3.82,3.79,3.82,-827300000,-906650000.0,-827300000,5690403291.0,15.0,12.37,224400000.0,6.081,1.0,1167800000.0,0.67,1228600000,59700000.0,1435600000,1396925000.0,0,0,0,0,3292100000,1052400000,2239700000,4454703291.0,89800000.0,-151800000.0,-200000.0,58700000.0,-74200000.0,-18800000.0,-206600000.0,500000.0,286500000.0,28700000.0,140900000.0,140900000.0,140900000.0,800000.0,0.0,0.081,784900000.0,382900000.0,37400000,0.531,-5.385,31.616,31.521,38900000,0.0,120.41,2.557,2.55,611200000,3176300000,1742500000.0,1742500000.0,0.0,0.061,-0.155,0.272,0.218,27400000.0,673100000.0,1.0,36996124,36900000,37200000.0,47.222,1252300000,62000000,179700000.0,55800000,33.938,41300000
1,DNB3,ARY,2016-12-31,2017-02-23,2016-12-31,2020-07-01,-949600000,2209200000,2141250000.0,944400000,1264800000,0.796,-27.452,-60200000.0,352600000,352600000,542600000.0,97400000.0,0.935,-3.191,1617000000,22500000,1594500000,1617000000,628100000,68600000.0,0,0.018,1.95,250400000.0,319000000.0,0.187,319000000.0,250400000.0,197300000.0,2.67,2.65,2.67,-1002000000,-1069400000.0,-1002000000,5249165157.0,21.0,16.455,262500000.0,7.192,1.0,1161100000.0,0.682,1056100000,53100000.0,1407500000,1408275000.0,0,0,0,0,3197000000,1010000000,2187000000,3984765157.0,-13100000.0,13000000.0,44000000.0,-202600000.0,-70500000.0,-224900000.0,-58100000.0,500000.0,322700000.0,-52800000.0,97400000.0,97400000.0,97400000.0,4100000.0,0.0,0.057,801900000.0,359200000.0,46700000,0.73,-3.977,40.911,40.532,39400000,0.0,108.22,2.339,2.319,556800000,2959600000,1703700000.0,1703700000.0,0.0,0.045,-0.091,0.178,0.147,28200000.0,711200000.0,1.0,36820968,36500000,36800000.0,46.677,1153100000,114200000,99900000.0,49400000,31.592,-65600000
2,DNB3,ARY,2015-12-31,2016-02-26,2015-12-31,2020-07-01,-965500000,2273600000,2119100000.0,959600000,1314000000,0.773,-30.936,-64800000.0,365700000,365700000,544700000.0,168800000.0,1.0,-3.026,1824100000,20000000,1804100000,1824100000,647800000,58700000.0,0,0.019,1.87,294000000.0,352700000.0,0.215,352700000.0,294000000.0,243000000.0,4.68,4.64,4.68,-1116800000,-1178200000.0,-1116800000,4936633458.0,17.0,13.997,278400000.0,7.712,1.0,1092400000.0,0.667,1132800000,51000000.0,1640000000,1487825000.0,0,0,0,0,3378900000,959200000,2419700000,3478233458.0,46300000.0,-284400000.0,8400000.0,171300000.0,-66700000.0,110700000.0,-376500000.0,-6300000.0,343200000.0,-31100000.0,168800000.0,168800000.0,168800000.0,35400000.0,0.0,0.103,755400000.0,337000000.0,31300000,0.4,-3.114,20.606,20.547,27200000,0.0,96.16,2.125,2.12,541400000,2932800000,1637100000.0,1637100000.0,0.0,0.08,-0.143,0.198,0.18,18700000.0,664400000.0,1.0,36171313,36100000,36400000.0,45.349,1140800000,112200000,74200000.0,37000000,31.601,400000
3,DNB3,ARY,2014-12-31,2015-02-26,2014-12-31,2020-07-01,-922100000,1986200000,1839000000.0,935900000,1050300000,0.915,-32.967,-53900000.0,319400000,319400000,557600000.0,297900000.0,0.808,-2.643,1653300000,301100000,1352200000,1653300000,584900000,63100000.0,0,0.013,1.782,390300000.0,453400000.0,0.27,453400000.0,390300000.0,347000000.0,8.06,7.99,8.06,-1203300000,-1112250000.0,-1203300000,6189052177.0,16.0,13.65,261600000.0,7.167,1.0,1124200000.0,0.668,740500000,43300000.0,1420700000,1470050000.0,0,0,0,0,3180800000,1158900000,2021900000,4855152177.0,83500000.0,-8300000.0,-217300000.0,137400000.0,-64000000.0,-144400000.0,-70000000.0,0.0,315500000.0,-17600000.0,294400000.0,294400000.0,294400000.0,0.0,3500000.0,0.175,702700000.0,421500000.0,31400000,0.221,-4.035,16.492,16.747,27400000,0.0,134.98,2.887,2.929,545600000,2831100000,1681800000.0,1681800000.0,0.0,0.16,-0.265,0.266,0.232,14200000.0,624700000.0,1.0,35969419,36500000,36900000.0,46.077,1245700000,249100000,52600000.0,52400000,34.129,-223000000
4,DNB3,ARY,2013-12-31,2014-02-28,2013-12-31,2020-07-01,-738800000,1890300000,1870175000.0,822400000,1067900000,0.885,-26.813,-55100000.0,235900000,235900000,550500000.0,262100000.0,0.965,-2.797,1516100000,100000,1516000000,1516100000,600800000,71200000.0,0,0.017,1.64,434700000.0,505900000.0,0.306,505900000.0,434700000.0,394000000.0,6.61,6.54,6.61,-1048400000,-1138475000.0,-1048400000,5010303830.0,12.0,9.904,278200000.0,7.115,1.0,1104700000.0,0.667,773700000,40700000.0,1544500000,1448525000.0,0,0,0,0,2932600000,852300000,2080300000,3730103830.0,86800000.0,800000.0,-350400000.0,225700000.0,-62500000.0,-184300000.0,-61600000.0,0.0,333300000.0,-600000.0,258500000.0,258500000.0,258500000.0,0.0,3600000.0,0.156,667600000.0,437100000.0,41400000,0.248,-3.558,14.43,15.009,39600000,0.0,99.21,2.254,2.344,570400000,2600900000,1655200000.0,1655200000.0,0.0,0.138,-0.227,0.3,0.263,17400000.0,582500000.0,1.0,37598063,39100000,39500000.0,42.332,1116600000,171500000,135500000.0,115500000,28.558,-29900000
5,DNB3,ARY,2012-12-31,2013-02-28,2012-12-31,2020-07-01,-852100000,1991800000,1878200000.0,747400000,1244400000,0.885,-22.311,-74400000.0,149100000,149100000,521000000.0,296500000.0,0.853,-2.955,1290900000,200000,1290700000,1290900000,610700000,78300000.0,0,0.019,1.54,418100000.0,496400000.0,0.298,496400000.0,418100000.0,378600000.0,6.47,6.43,6.47,-1017400000,-811250000.0,-1017400000,4436213933.0,11.0,8.937,283400000.0,6.215,1.0,1142000000.0,0.687,851300000,39500000.0,1405600000,890575000.0,0,0,0,0,3006100000,876700000,2129400000,3294413933.0,64700000.0,9100000.0,-487900000.0,325800000.0,-69000000.0,-235900000.0,-59000000.0,0.0,357800000.0,1800000.0,295500000.0,295500000.0,295500000.0,0.0,1000000.0,0.178,709900000.0,432100000.0,40900000,0.238,-3.238,11.149,12.457,40600000,0.0,80.6,1.981,2.21,567900000,2405500000,1663000000.0,1663000000.0,0.0,0.157,-0.364,0.469,0.251,15400000.0,602200000.0,1.0,40873622,45600000,46000000.0,36.469,1140500000,274100000,83100000.0,115400000,25.011,-129300000
6,DNB3,ARY,2011-12-31,2012-02-29,2011-12-31,2020-07-01,-806700000,1977100000,1836325000.0,726900000,1250200000,0.958,-15.213,-53400000.0,84400000,84400000,587100000.0,260200000.0,0.762,-3.653,965000000,1100000,963900000,965000000,598200000,81100000.0,0,0.018,1.46,406500000.0,487600000.0,0.277,487600000.0,406500000.0,369500000.0,5.31,5.28,5.31,-743900000,-628075000.0,-743900000,4824807431.0,12.0,9.895,259500000.0,5.307,1.0,1171400000.0,0.666,842100000,37000000.0,1062100000,791400000.0,0,0,0,0,2717300000,953500000,1763800000,3944207431.0,5900000.0,-15800000.0,-155800000.0,-15800000.0,-70400000.0,-238000000.0,-73400000.0,-1000000.0,312900000.0,4400000.0,260300000.0,260300000.0,260300000.0,0.0,-100000.0,0.148,746600000.0,424800000.0,36400000,0.275,-5.302,15.153,15.565,45700000,0.0,82.65,2.243,2.298,571600000,2179300000,1758500000.0,1758500000.0,0.0,0.142,-0.414,0.514,0.231,18800000.0,643400000.0,1.0,47721808,48900000,49300000.0,35.961,1135000000,276700000,109200000.0,147200000,23.211,-226600000
7,DNB3,ARY,2010-12-31,2011-03-01,2010-12-31,2020-07-01,-681100000,1905500000,1741200000.0,668300000,1237200000,0.963,-13.114,-65900000.0,78500000,78500000,557700000.0,250900000.0,0.72,-3.898,973500000,1500000,972000000,973500000,578100000,68100000.0,0,0.018,1.76,436000000.0,504100000.0,0.301,504100000.0,436000000.0,390000000.0,5.03,4.98,5.03,-654400000,-740500000.0,-654400000,4861789532.0,11.0,9.644,253500000.0,5.08,1.0,1118900000.0,0.667,867400000,46000000.0,1005400000,692850000.0,0,0,0,0,2551100000,927700000,1623400000,3966789532.0,-144400000.0,-195800000.0,-126700000.0,5000000.0,-70000000.0,-192900000.0,-253600000.0,0.0,319400000.0,-17300000.0,252100000.0,252100000.0,252100000.0,0.0,-1200000.0,0.15,709800000.0,409100000.0,34800000,0.28,-6.062,15.735,15.865,53100000,0.0,79.8,2.366,2.375,578900000,2012700000,1676600000.0,1676600000.0,0.0,0.145,-0.34,0.629,0.26,24300000.0,626900000.0,1.0,49709142,49900000,50400000.0,33.599,1038100000,201000000,137900000.0,151400000,20.804,-259400000
8,DNB3,ARY,2009-12-31,2010-02-25,2009-12-31,2020-07-01,-689000000,1749400000,1646875000.0,759600000,989800000,1.024,-14.258,-65300000.0,222900000,222900000,500300000.0,322000000.0,0.884,-3.33,963500000,1700000,961800000,963500000,539700000,58100000.0,0,0.019,1.36,477200000.0,535300000.0,0.317,535300000.0,477200000.0,431500000.0,6.06,5.99,6.06,-745700000,-748725000.0,-745700000,4332394000.0,9.0,8.093,304200000.0,5.816,1.0,1186700000.0,0.703,651200000,45700000.0,979700000,883250000.0,0,0,0,0,2483400000,859100000,1624300000,3591794000.0,58700000.0,-62900000.0,-204400000.0,56000000.0,-71500000.0,-213100000.0,-120700000.0,-5000000.0,369500000.0,23000000.0,319400000.0,319400000.0,319400000.0,0.0,2600000.0,0.189,722200000.0,464500000.0,36400000,0.224,-4.817,11.245,11.622,53600000,0.0,70.43,2.129,2.183,515900000,1830700000,1687000000.0,1687000000.0,0.0,0.194,-0.427,0.54,0.283,28800000.0,641000000.0,1.0,50998069,52300000,52900000.0,32.256,1098200000,216400000,112100000.0,118500000,20.998,-99500000
9,DNB3,ARY,2008-12-31,2009-02-24,2008-12-31,2020-07-01,-721500000,1586000000,1629400000.0,695800000,890200000,1.059,-15.739,-59500000.0,164200000,164200000,480700000.0,310600000.0,0.766,-2.846,904800000,500000,904300000,904800000,536500000,58500000.0,0,0.016,1.2,486000000.0,544500000.0,0.315,544500000.0,486000000.0,438600000.0,5.71,5.6,5.71,-856200000,-602975000.0,-856200000,4689823220.0,10.0,8.613,377000000.0,6.93,1.0,1245600000.0,0.722,558900000,47400000.0,859200000,903350000.0,0,0,0,0,2436600000,908500000,1528100000,3949223220.0,-25500000.0,-60400000.0,-358100000.0,178100000.0,-65600000.0,-242500000.0,-166200000.0,-10000000.0,436500000.0,-53300000.0,310600000.0,310600000.0,310600000.0,-1100000.0,0.0,0.18,775900000.0,469700000.0,63000000,0.21,-4.613,12.715,12.956,53100000,0.0,73.98,2.288,2.331,516600000,1582800000,1726300000.0,1726300000.0,0.0,0.191,-0.515,0.538,0.282,35900000.0,686000000.0,1.0,53382309,54400000,55500000.0,31.733,1027100000,219900000,128000000.0,111400000,18.881,-212700000
10,DNB3,ARY,2007-12-31,2008-02-25,2007-12-31,2020-07-01,-354200000,1658800000,1471975000.0,718300000,940500000,1.086,-7.549,-72100000.0,175800000,175800000,430400000.0,298100000.0,0.789,-4.761,724800000,0,724800000,724800000,531300000,46600000.0,0,0.011,1.0,462200000.0,508800000.0,0.318,508800000.0,462200000.0,433900000.0,5.12,4.99,5.12,-440100000,-451200000.0,-440100000,5660074281.0,12.0,11.124,321800000.0,5.52,1.0,1168800000.0,0.731,431700000,28300000.0,866100000,663325000.0,0,0,0,0,2095300000,910000000,1185300000,5111074281.0,51300000.0,-144500000.0,-377200000.0,265800000.0,-58400000.0,-143000000.0,-217200000.0,0.0,393900000.0,17600000.0,298100000.0,298100000.0,298100000.0,-5400000.0,0.0,0.186,743200000.0,425600000.0,30500000,0.195,-11.613,17.146,17.627,50300000,0.0,90.25,3.196,3.29,498200000,1320700000,1599200000.0,1599200000.0,0.0,0.203,-0.661,0.697,0.289,33300000.0,671500000.0,1.0,56632402,58300000,59800000.0,27.431,1227100000,61100000,135800000.0,93700000,21.048,-191700000
11,DNB3,ARY,2006-12-31,2007-02-28,2006-12-31,2020-07-01,-453000000,1360100000,1459250000.0,645000000,715100000,1.049,-6.315,-53000000.0,138400000,138400000,451100000.0,240700000.0,0.801,-4.401,459000000,100000,458900000,459000000,467400000,33300000.0,0,0.0,0.0,407800000.0,441100000.0,0.288,441100000.0,407800000.0,387500000.0,3.81,3.7,3.81,-399100000,-165875000.0,-399100000,5617512469.0,14.0,12.735,251900000.0,3.986,1.0,1080200000.0,0.705,282600000,20300000.0,592600000,693675000.0,0,0,0,0,1756600000,805500000,951100000,5296912469.0,-56900000.0,-8800000.0,-612200000.0,158700000.0,0.0,-431500000.0,47300000.0,109400000.0,304900000.0,22400000.0,240700000.0,240700000.0,240700000.0,0.0,0.0,0.157,677800000.0,402400000.0,40300000,0.0,-13.272,22.006,23.171,50700000,0.0,88.28,3.459,3.644,425500000,1132200000,1531300000.0,1531300000.0,0.0,0.165,-1.451,0.588,0.266,30700000.0,619000000.0,1.0,60001274,63200000,65100000.0,24.229,1077500000,165200000,146800000.0,2800000,17.049,-160500000
12,DNB3,ARY,2005-12-31,2006-03-01,2005-12-31,2020-07-01,-287600000,1613400000,1570225000.0,759300000,854100000,0.919,1.161,-28600000.0,195300000,195300000,412000000.0,221200000.0,0.738,19.791,300900000,300800000,100000,300900000,413700000,36100000.0,0,0.0,0.0,375900000.0,412000000.0,0.285,412000000.0,375900000.0,354800000.0,3.31,3.19,3.31,77600000,38000000.0,77600000,5042861318.0,13.0,12.24,232900000.0,3.484,1.0,1031600000.0,0.715,252200000,21100000.0,437700000,368125000.0,0,109400000,109400000,0,1535800000,1029100000,506700000,4937261318.0,-57600000.0,-1600000.0,-231100000.0,-1000000.0,0.0,-241200000.0,-54100000.0,-26800000.0,261500000.0,-23800000.0,221200000.0,221200000.0,221200000.0,0.0,0.0,0.153,667600000.0,364000000.0,43900000,0.0,63.625,22.32,22.284,44200000,0.0,73.76,3.42,3.415,416300000,891500000,1443600000.0,1443600000.0,0.0,0.141,5.821,1.021,0.26,87000000.0,600800000.0,1.0,66936840,66843000,69415000.0,21.597,1361200000,60200000,133600000.0,1500000,20.364,-269800000
13,DNB3,ARY,2004-12-31,2005-03-14,2004-12-31,2020-07-01,-256100000,1635500000,1589775000.0,762100000,873400000,0.889,0.77,-28800000.0,252900000,252900000,403900000.0,211800000.0,1.068,29.175,300000000,0,300000000,300000000,388600000,47300000.0,0,0.0,0.0,359900000.0,407200000.0,0.288,407200000.0,359900000.0,341000000.0,3.01,2.9,3.01,54200000,35925000.0,54200000,4374839955.0,12.0,10.744,238800000.0,3.391,1.0,1010100000.0,0.714,249400000,18900000.0,719600000,689700000.0,0,82600000,82600000,0,1581300000,713600000,867700000,4327739955.0,13900000.0,63800000.0,-233800000.0,0.0,0.0,-233500000.0,-39200000.0,-70800000.0,267600000.0,19000000.0,211800000.0,211800000.0,211800000.0,0.0,0.0,0.15,691300000.0,318800000.0,51200000,0.0,79.848,20.433,20.827,51200000,0.0,62.69,3.061,3.122,398900000,670300000,1414000000.0,1414000000.0,0.0,0.133,5.896,0.522,0.255,6900000.0,612000000.0,1.0,69033976,70415000,73104000.0,20.081,1386100000,76800000,129200000.0,22200000,19.685,48500000
14,DNB3,ARY,2003-12-31,2004-03-05,2003-12-31,2020-07-01,-270400000,1624700000,1579950000.0,730800000,893900000,0.877,0.659,49900000.0,239000000,239000000,433300000.0,174500000.0,0.993,32.568,299900000,0,299900000,299900000,391300000,64000000.0,0,0.0,0.0,299300000.0,363300000.0,0.262,363300000.0,299300000.0,280700000.0,2.37,2.3,2.37,48400000,18625000.0,48400000,4089497231.0,14.0,11.257,285600000.0,3.886,1.0,953100000.0,0.687,304100000,18600000.0,645600000,658675000.0,0,0,0,0,1576300000,735900000,840400000,4028597231.0,47100000.0,-106200000.0,-132700000.0,0.0,0.0,-132800000.0,-65300000.0,4300000.0,235700000.0,9500000.0,174500000.0,174500000.0,174500000.0,0.0,0.0,0.126,661300000.0,291800000.0,50900000,0.0,83.235,23.087,23.717,55100000,0.0,56.21,2.906,2.98,397300000,458500000,1386400000.0,1386400000.0,0.0,0.11,9.369,0.454,0.216,12400000.0,579900000.0,1.0,71670472,73490000,75826000.0,18.865,1320600000,56000000,106200000.0,49300000,17.97,-5100000
15,DNB3,ARY,2002-12-31,2003-03-28,2002-12-31,2020-07-01,-281400000,1527700000,1414250000.0,614200000,913500000,0.902,-0.252,-32000000.0,191900000,191900000,392100000.0,143400000.0,0.855,-82.261,300000000,100000,299900000,300000000,367100000,84200000.0,0,0.0,0.0,257000000.0,341200000.0,0.267,341200000.0,257000000.0,237500000.0,1.93,1.87,1.93,-18800000,-49200000.0,-18800000,2969476770.0,12.0,8.703,181100000.0,2.431,1.0,883500000.0,0.693,252800000,19500000.0,664900000,667475000.0,0,0,0,0,1546500000,718100000,828400000,2861376770.0,46600000.0,-17300000.0,-105600000.0,0.0,0.0,-104700000.0,-67100000.0,0.0,213100000.0,5300000.0,143400000.0,143400000.0,143400000.0,0.0,0.0,0.112,627600000.0,255900000.0,0,0.0,-152.201,19.954,19.917,149700000,0.0,38.44,2.243,2.245,334900000,284000000,1275600000.0,1275600000.0,0.0,0.101,-2.915,0.385,0.201,0.0,512500000.0,1.0,74437481,74511000,76874000.0,17.12,1274900000,0,94100000.0,0,17.11,-103900000
16,DNB3,ARY,2001-12-31,2002-03-04,2001-12-31,2020-07-01,-260800000,1431200000,1438825000.0,580200000,851000000,0.91,-0.263,-53200000.0,145300000,145300000,441200000.0,153200000.0,0.876,-69.478,299600000,0,299600000,299600000,330000000,94500000.0,0,0.0,0.0,270700000.0,365200000.0,0.279,365200000.0,270700000.0,254300000.0,1.93,1.88,1.93,-20900000,-14650000.0,-20900000,3207643812.0,12.0,8.783,163900000.0,2.064,1.0,867600000.0,0.663,252400000,16400000.0,670400000,645100000.0,0,0,0,0,1452100000,662700000,789400000,3053343812.0,75200000.0,72400000.0,-125900000.0,250100000.0,0.0,-177400000.0,35200000.0,0.0,217100000.0,300000.0,153200000.0,153200000.0,153200000.0,0.0,0.0,0.117,639800000.0,227800000.0,0,0.0,-146.093,19.93,21.342,158000000,0.0,41.19,2.333,2.499,317800000,162300000,1308800000.0,1308800000.0,0.0,0.106,-10.457,0.42,0.207,0.0,523500000.0,1.0,74128279,79391000,81510000.0,16.485,1178800000,0,101100000.0,0,14.848,-82500000
17,DNB3,ARY,2000-12-31,2001-02-22,2000-12-31,2020-07-01,-258900000,1423600000,1499200000.0,538600000,885000000,0.946,-0.63,-67100000.0,70100000,70100000,515900000.0,206600000.0,0.725,-28.914,49600000,49600000,0,49600000,340000000,111200000.0,0,0.0,0.0,293300000.0,404500000.0,0.285,404500000.0,293300000.0,284700000.0,2.55,2.52,2.55,-51000000,-233800000.0,-51000000,1956119834.0,7.0,4.836,-43300000.0,-0.535,1.0,901700000.0,0.636,266800000,8600000.0,393200000,315700000.0,0,0,0,0,1474600000,743100000,731500000,1976619834.0,-39300000.0,0.0,-9100000.0,-75200000.0,-89800000.0,25000000.0,-84500000.0,-5400000.0,23800000.0,-3600000.0,206600000.0,206600000.0,206600000.0,-133000000.0,0.0,0.146,728900000.0,172800000.0,0,0.0,-38.757,9.567,9.671,202800000,0.0,24.66,1.394,1.409,376300000,13200000,1417600000.0,1417600000.0,0.0,0.138,-0.884,0.929,0.207,0.0,546700000.0,1.0,80154900,81001000,81994000.0,17.501,1156800000,0,78100000.0,0,14.281,-204500000
18,DNB3,ARY,1999-12-31,2000-09-11,1999-12-31,2020-07-01,-219500000,1574800000,,606700000,968100000,,-5.135,-109600000.0,109400000,109400000,538300000.0,256000000.0,0.585,-4.78,126200000,126200000,0,126200000,353200000,127900000.0,0,,0.0,325100000.0,453000000.0,0.322,453000000.0,325100000.0,320100000.0,3.16,3.12,3.16,-416600000,,-416600000,,,,234100000.0,2.886,1.0,869400000.0,0.618,316400000,5000000.0,238200000,,0,0,0,0,1991400000,1037000000,954400000,,22700000.0,0.0,-189500000.0,89400000.0,-120100000.0,-210300000.0,-110400000.0,700000.0,343700000.0,-300000.0,256000000.0,256000000.0,256000000.0,-174700000.0,0.0,0.182,708500000.0,160900000.0,0,0.0,,,,240300000,0.0,,,,363700000,-105900000,1407700000.0,1407700000.0,0.0,,,,0.231,0.0,539400000.0,1.0,40778832,81126500,82142000.0,17.352,1258400000,0,64100000.0,175400000,15.512,-430300000
19,DNB3,ARY,1999-12-31,2000-08-18,1999-12-31,2020-07-01,-219500000,1574800000,,606700000,968100000,,-5.135,-109600000.0,109400000,109400000,538300000.0,256000000.0,0.585,-4.78,126200000,126200000,0,126200000,353200000,127900000.0,0,,0.0,325100000.0,453000000.0,0.322,453000000.0,325100000.0,320100000.0,3.16,3.12,3.16,-416600000,,-416600000,,,,234100000.0,2.886,1.0,869400000.0,0.618,316400000,5000000.0,238200000,,0,0,0,0,1991400000,1037000000,954400000,,22700000.0,0.0,-189500000.0,89400000.0,-120100000.0,-210300000.0,-110400000.0,700000.0,343700000.0,-300000.0,256000000.0,256000000.0,256000000.0,-174700000.0,0.0,0.182,708500000.0,160900000.0,0,0.0,,,,240300000,0.0,,,,363700000,-105900000,1407700000.0,1407700000.0,0.0,,,,0.231,0.0,539400000.0,1.0,40778832,81126500,82142000.0,17.352,1258400000,0,64100000.0,175400000,15.512,-430300000
20,DNB3,ARY,1999-12-31,2000-06-27,1999-12-31,2020-07-01,-219500000,1574800000,,606700000,968100000,,-5.135,-109600000.0,109400000,109400000,538300000.0,256000000.0,0.585,-4.78,126200000,126200000,0,126200000,353200000,127900000.0,0,,0.0,325100000.0,453000000.0,0.322,453000000.0,325100000.0,320100000.0,3.16,3.12,3.16,-416600000,,-416600000,,,,234100000.0,2.886,1.0,869400000.0,0.618,316400000,5000000.0,238200000,,0,0,0,0,1991400000,1037000000,954400000,,22700000.0,0.0,-189500000.0,89400000.0,-120100000.0,-210300000.0,-110400000.0,700000.0,343700000.0,-300000.0,256000000.0,256000000.0,256000000.0,-174700000.0,0.0,0.182,708500000.0,160900000.0,0,0.0,,,,240300000,0.0,,,,363700000,-105900000,1407700000.0,1407700000.0,0.0,,,,0.231,0.0,539400000.0,1.0,40778832,81126500,82142000.0,17.352,1258400000,0,64100000.0,175400000,15.512,-430300000
0,DNB3,ARQ,2018-09-30,2018-11-06,2018-09-30,2020-07-01,-1006200000,1931400000,,504700000,1426700000,,-20.078,-14500000.0,228200000,228200000,142200000.0,50200000.0,0.634,-3.573,1332500000,18500000,1314000000,1332500000,516100000,22600000.0,0,0.015,0.522,79900000.0,102500000.0,0.252,102500000.0,79900000.0,66300000.0,1.35,1.35,1.35,-744900000,,-744900000,6380278318.0,14.0,11.737,58200000.0,1.569,1.0,265100000.0,0.651,1201600000,13600000.0,1037500000,,0,0,0,0,2661500000,796600000,1864900000,5275978318.0,28700000.0,0.0,0.0,-4600000.0,-19400000.0,-24200000.0,-15000000.0,500000.0,72700000.0,-4800000.0,50200000.0,50200000.0,50200000.0,0.0,0.0,0.123,182900000.0,82200000.0,35000000,0.387,-7.083,22.615,22.554,31900000,0.0,142.09,2.944,2.942,230300000,3243700000,407300000.0,407300000.0,0.0,,,,,4300000.0,158200000.0,1.0,37131243,37100000,37300000.0,10.978,729800000,42100000,16100000.0,13900000,19.671,-291900000
1,DNB3,ARQ,2018-06-30,2018-08-09,2018-06-30,2020-07-01,-1000900000,1961900000,,518200000,1443700000,,-20.871,-14300000.0,199500000,199500000,139000000.0,93000000.0,0.611,-3.513,1336800000,26300000,1310500000,1336800000,582000000,22700000.0,0,0.014,0.522,112500000.0,135200000.0,0.308,135200000.0,112500000.0,99300000.0,2.51,2.5,2.51,-774300000,,-774300000,6416915933.0,14.0,11.568,37400000.0,1.008,1.0,300600000.0,0.684,1214100000,13200000.0,1036800000,,0,0,0,0,2720000000,848300000,1871700000,5279615933.0,11400000.0,-300000.0,0.0,3800000.0,-19400000.0,-15900000.0,-20300000.0,0.0,51700000.0,-4100000.0,93000000.0,93000000.0,93000000.0,0.0,0.0,0.212,188400000.0,112200000.0,40800000,0.208,-6.819,22.258,22.186,34500000,0.0,142.21,2.912,2.91,270500000,3212900000,439600000.0,439600000.0,0.0,,,,,4200000.0,155200000.0,1.0,37125490,37100000,37200000.0,11.849,747800000,44800000,6300000.0,19800000,20.156,-330100000
2,DNB3,ARQ,2018-03-31,2018-05-10,2018-03-31,2020-07-01,-996100000,1943300000,,463700000,1479600000,,-22.97,-14900000.0,188100000,188100000,139200000.0,63900000.0,0.516,-3.265,1328900000,35000000,1293900000,1328900000,572700000,21100000.0,0,0.017,0.0,93900000.0,115000000.0,0.275,115000000.0,93900000.0,79800000.0,1.73,1.71,1.73,-849900000,,-849900000,5623608932.0,13.0,10.861,106700000.0,2.884,1.0,279000000.0,0.667,1228000000,14100000.0,957100000,,0,0,0,0,2775100000,899000000,1876100000,4482808932.0,-254300000.0,0.0,0.0,-349600000.0,-19300000.0,-375000000.0,-12000000.0,0.0,121600000.0,11100000.0,63900000.0,63900000.0,63900000.0,0.0,0.0,0.153,184300000.0,94700000.0,60800000,0.0,-5.275,23.681,23.609,37100000,0.0,120.88,2.52,2.514,235100000,3139400000,418200000.0,418200000.0,0.0,,,,,3500000.0,152200000.0,1.0,37084786,37000000,37300000.0,11.303,715300000,69700000,15900000.0,50800000,19.332,-435300000
3,DNB3,ARQ,2017-12-31,2018-02-22,2017-12-31,2020-07-01,-1016900000,2480900000,,1093700000,1387200000,,-22.42,-13200000.0,442400000,442400000,150400000.0,26200000.0,1.039,-3.979,1678100000,32500000,1645600000,1678100000,684400000,21300000.0,0,0.017,1.025,169600000.0,190900000.0,0.362,190900000.0,169600000.0,154800000.0,0.71,0.7,0.71,-827300000,,-827300000,5690403291.0,15.0,12.37,21000000.0,0.569,1.0,376600000.0,0.715,1228600000,14800000.0,1435600000,,0,0,0,0,3292100000,1052400000,2239700000,4454703291.0,11400000.0,0.0,-200000.0,-4000000.0,-18600000.0,-20500000.0,-15300000.0,0.0,34200000.0,13000000.0,26200000.0,26200000.0,26200000.0,0.0,0.0,0.05,206200000.0,170400000.0,37400000,1.444,-5.385,31.616,31.521,38900000,0.0,120.41,2.557,2.55,611200000,3176300000,527000000.0,527000000.0,0.0,,,,,4600000.0,175100000.0,1.0,36996124,36900000,37500000.0,14.282,1252300000,62000000,128600000.0,55800000,33.938,41300000
4,DNB3,ARQ,2017-09-30,2017-11-02,2017-09-30,2020-07-01,-899000000,2301000000,,882800000,1418200000,,-23.622,-15600000.0,431000000,431000000,142600000.0,54100000.0,0.925,-3.614,1681600000,30000000,1651600000,1681600000,608700000,20100000.0,0,0.018,0.502,93500000.0,113600000.0,0.265,113600000.0,93500000.0,78300000.0,1.46,1.45,1.46,-874000000,,-874000000,5425202181.0,15.0,12.538,60200000.0,1.627,1.0,285700000.0,0.667,1228600000,15200000.0,1368500000,,0,0,0,0,3158300000,954500000,2203800000,4174602181.0,30800000.0,100000.0,0.0,-19500000.0,-18500000.0,-40800000.0,-8000000.0,500000.0,75800000.0,3800000.0,54100000.0,54100000.0,54100000.0,0.0,0.0,0.126,190500000.0,95200000.0,40500000,0.344,-4.776,21.664,21.555,40800000,0.0,112.95,2.409,2.412,415000000,3018200000,428300000.0,428300000.0,0.0,,,,,5500000.0,164600000.0,1.0,36959736,37000000,37200000.0,11.576,1072400000,105000000,24200000.0,33700000,28.984,-71700000
5,DNB3,ARQ,2017-06-30,2017-08-08,2017-06-30,2020-07-01,-914900000,2253700000,,837600000,1416100000,,-25.217,-17800000.0,400200000,400200000,139700000.0,45100000.0,0.897,-3.404,1700500000,27500000,1673000000,1700500000,642700000,19400000.0,0,0.018,0.502,78900000.0,98300000.0,0.242,98300000.0,78900000.0,63800000.0,1.22,1.22,1.22,-930500000,,-930500000,5428056146.0,20.0,15.97,34900000.0,0.946,1.0,266000000.0,0.656,1227600000,15100000.0,1392400000,,0,0,0,0,3167000000,934000000,2233000000,4127756146.0,24800000.0,-1900000.0,0.0,-7400000.0,-18600000.0,-23100000.0,-18900000.0,0.0,52700000.0,14100000.0,45100000.0,45100000.0,45100000.0,0.0,0.0,0.111,189600000.0,76400000.0,38500000,0.411,-4.436,37.8,37.48,42900000,0.0,111.69,2.404,2.4,400400000,2982700000,405700000.0,405700000.0,0.0,,,,,6600000.0,162700000.0,1.0,36957258,36900000,37100000.0,10.995,1026100000,101600000,18700000.0,14800000,27.808,-96400000
6,DNB3,ARQ,2017-03-31,2017-05-10,2017-03-31,2020-07-01,-944100000,2279300000,,860900000,1418400000,,-27.033,-15500000.0,375400000,375400000,142000000.0,15500000.0,0.86,-3.276,1707200000,25000000,1682200000,1707200000,664700000,18900000.0,0,0.018,0.0,38300000.0,57200000.0,0.15,57200000.0,38300000.0,23700000.0,0.42,0.42,0.42,-994800000,,-994800000,5414866063.0,23.0,17.736,108300000.0,2.943,1.0,239500000.0,0.628,1219400000,14600000.0,1391200000,,0,0,0,0,3258800000,1000500000,2258300000,4083066063.0,22800000.0,-150000000.0,0.0,89600000.0,-18500000.0,65600000.0,-164400000.0,0.0,123800000.0,-2200000.0,15500000.0,15500000.0,15500000.0,800000.0,0.0,0.041,198600000.0,40900000.0,41200000,0.0,-4.104,49.253,48.535,42900000,0.0,110.66,2.387,2.381,449800000,2956400000,381500000.0,381500000.0,0.0,,,,,10700000.0,170700000.0,1.0,36897398,36800000,37100000.0,10.367,1059900000,105500000,8200000.0,48100000,28.802,-139600000
7,DNB3,ARQ,2016-12-31,2017-02-23,2016-12-31,2020-07-01,-949600000,2209200000,,944400000,1264800000,,-27.228,-12300000.0,352600000,352600000,146500000.0,78000000.0,0.935,-3.191,1617000000,22500000,1594500000,1617000000,628100000,17700000.0,0,0.018,0.985,145900000.0,163600000.0,0.316,163600000.0,145900000.0,132900000.0,2.14,2.12,2.14,-1002000000,,-1002000000,5249165157.0,21.0,16.455,30400000.0,0.826,1.0,370600000.0,0.717,1056100000,13000000.0,1407500000,,0,0,0,0,3197000000,1010000000,2187000000,3984765157.0,25300000.0,16100000.0,1700000.0,10000000.0,-17800000.0,-5900000.0,-2100000.0,0.0,42700000.0,-13000000.0,78000000.0,78000000.0,78000000.0,3200000.0,0.0,0.151,207900000.0,162700000.0,46700000,0.46,-3.977,40.911,40.532,39400000,0.0,108.22,2.339,2.319,556800000,2959600000,517100000.0,517100000.0,0.0,,,,,6200000.0,186900000.0,1.0,36820968,36800000,37100000.0,14.052,1153100000,114200000,54900000.0,49400000,31.334,-65600000
8,DNB3,ARQ,2016-09-30,2016-11-02,2016-09-30,2020-07-01,-947000000,2016900000,,764800000,1252100000,,-29.164,-15000000.0,327300000,327300000,130700000.0,-29400000.0,0.834,-2.877,1606400000,20000000,1586400000,1606400000,580500000,17200000.0,0,0.016,0.482,3600000.0,20800000.0,0.05,20800000.0,3600000.0,-9600000.0,-0.8,-0.8,-0.8,-1067400000,,-1067400000,5654519807.0,24.0,18.855,84100000.0,2.298,1.0,282100000.0,0.683,1076800000,13200000.0,1302700000,,0,0,0,0,3071200000,916500000,2154700000,4375419807.0,-51800000.0,-3100000.0,38300000.0,-129800000.0,-17700000.0,-104100000.0,-16300000.0,500000.0,99100000.0,-26900000.0,-29400000.0,-29400000.0,-29400000.0,900000.0,0.0,-0.071,185300000.0,96800000.0,55500000,-0.603,-4.099,45.53,44.384,34000000,0.0,118.95,2.595,2.582,404400000,2899400000,412800000.0,412800000.0,0.0,,,,,8800000.0,164900000.0,1.0,36783689,36600000,36600000.0,11.279,940100000,101800000,19800000.0,19400000,25.686,-151700000
9,DNB3,ARQ,2016-06-30,2016-08-02,2016-06-30,2020-07-01,-966200000,2162900000,,854000000,1308900000,,-30.028,-17300000.0,379100000,379100000,133000000.0,18800000.0,0.909,-2.972,1735600000,20000000,1715600000,1735600000,630500000,17300000.0,0,0.014,0.482,46400000.0,63700000.0,0.16,63700000.0,46400000.0,33000000.0,0.52,0.51,0.52,-1090000000,,-1090000000,6380290873.0,21.0,17.193,33100000.0,0.912,1.0,265800000.0,0.666,1126700000,13400000.0,1453700000,,0,0,0,0,3239800000,939000000,2300800000,5023790873.0,13400000.0,0.0,5800000.0,-10500000.0,-17500000.0,-23400000.0,-24500000.0,0.0,50400000.0,10900000.0,18800000.0,18800000.0,18800000.0,0.0,0.0,0.047,219300000.0,46500000.0,54600000,0.927,-4.609,27.229,27.078,34300000,0.0,138.37,2.992,2.991,434500000,2946500000,398800000.0,398800000.0,0.0,,,,,6100000.0,196100000.0,1.0,36306937,36300000,36600000.0,10.986,1036200000,111100000,14200000.0,23500000,28.545,-85000000
10,DNB3,ARQ,2016-03-31,2016-05-10,2016-03-31,2020-07-01,-981700000,2176000000,,865800000,1310200000,,-30.89,-15600000.0,365700000,365700000,132400000.0,30000000.0,0.902,-2.935,1745400000,20000000,1725400000,1745400000,661100000,16400000.0,0,0.016,0.0,54500000.0,70900000.0,0.189,70900000.0,54500000.0,41000000.0,0.83,0.82,0.83,-1118200000,,-1118200000,5714750359.0,21.0,16.878,114900000.0,3.174,1.0,242600000.0,0.647,1126300000,13500000.0,1469200000,,0,0,0,0,3282300000,960200000,2322100000,4335050359.0,0.0,0.0,-1800000.0,-72300000.0,-17500000.0,-91500000.0,-15200000.0,0.0,130500000.0,-23800000.0,30000000.0,30000000.0,30000000.0,0.0,0.0,0.08,189400000.0,53200000.0,51400000,0.0,-3.877,27.472,27.359,30900000,0.0,119.56,2.618,2.614,460200000,2945200000,375000000.0,375000000.0,0.0,,,,,7100000.0,163300000.0,1.0,36258367,36200000,36400000.0,10.359,1049700000,111100000,11000000.0,31500000,28.997,-94400000
11,DNB3,ARQ,2015-12-31,2016-02-26,2015-12-31,2020-07-01,-965500000,2273600000,,959600000,1314000000,,-30.936,-21400000.0,365700000,365700000,144900000.0,76700000.0,1.0,-3.026,1824100000,20000000,1804100000,1824100000,647800000,16100000.0,0,0.019,0.945,128400000.0,144500000.0,0.289,144500000.0,128400000.0,114400000.0,2.13,2.11,2.13,-1116800000,,-1116800000,4936633458.0,17.0,13.997,31900000.0,0.884,1.0,354400000.0,0.71,1132800000,14000000.0,1640000000,,0,0,0,0,3378900000,959200000,2419700000,3478233458.0,71800000.0,8200000.0,1100000.0,69100000.0,-16700000.0,49000000.0,-18400000.0,0.0,53300000.0,-12100000.0,76700000.0,76700000.0,76700000.0,-800000.0,0.0,0.154,225700000.0,128700000.0,31300000,0.444,-3.114,20.606,20.547,27200000,0.0,96.16,2.125,2.12,541400000,2932800000,499300000.0,499300000.0,0.0,,,,,3500000.0,192400000.0,1.0,36171313,36100000,36400000.0,13.831,1140800000,112200000,37700000.0,37000000,31.601,400000
12,DNB3,ARQ,2015-09-30,2015-11-03,2015-09-30,2020-07-01,-940000000,2082400000,,762900000,1319500000,,-32.053,-14000000.0,293900000,293900000,132400000.0,59000000.0,0.888,-2.791,1759900000,0,1759900000,1759900000,580900000,16100000.0,0,0.017,0.463,75900000.0,92000000.0,0.226,92000000.0,75900000.0,62100000.0,1.63,1.62,1.63,-1157100000,,-1157100000,5386439072.0,17.0,14.288,58200000.0,1.612,1.0,273800000.0,0.674,1147700000,13800000.0,1541200000,,0,0,0,0,3228900000,859500000,2369400000,3920439072.0,148600000.0,151600000.0,1800000.0,-27300000.0,-16700000.0,-42600000.0,123400000.0,-6300000.0,72200000.0,-4400000.0,59000000.0,59000000.0,59000000.0,200000.0,0.0,0.145,188800000.0,85000000.0,39100000,0.284,-3.388,21.33,21.316,23600000,0.0,108.5,2.379,2.377,394900000,2872900000,406200000.0,406200000.0,0.0,,,,,4700000.0,167200000.0,1.0,36133079,36100000,36400000.0,11.252,934700000,121200000,3100000.0,31500000,25.892,-96600000
13,DNB3,ARQ,2015-06-30,2015-08-06,2015-06-30,2020-07-01,-962700000,2092700000,,769300000,1323400000,,-34.025,-15400000.0,137800000,137800000,136400000.0,-7900000.0,0.651,-2.695,1786600000,300500000,1486100000,1786600000,599700000,11600000.0,0,0.016,0.463,19600000.0,31200000.0,0.083,31200000.0,19600000.0,7800000.0,-0.22,-0.22,-0.22,-1228300000,,-1228300000,5843817310.0,18.0,14.953,43500000.0,1.205,1.0,239000000.0,0.637,1156100000,11800000.0,1403400000,,0,0,0,0,3310600000,1182000000,2128600000,4195017310.0,-209900000.0,-320000000.0,4700000.0,79100000.0,-16700000.0,67800000.0,-334100000.0,0.0,58900000.0,-2500000.0,-7900000.0,-7900000.0,-7900000.0,37500000.0,0.0,-0.021,180800000.0,58200000.0,44600000,-2.105,-3.415,21.815,21.795,24300000,0.0,116.17,2.529,2.529,393600000,2830600000,375400000.0,375400000.0,0.0,,,,,5900000.0,161900000.0,1.0,36111021,36100000,36400000.0,10.399,936600000,121100000,15700000.0,30700000,25.945,-412700000
14,DNB3,ARQ,2015-03-31,2015-05-06,2015-03-31,2020-07-01,-959100000,2027700000,,895800000,1131900000,,-33.628,-14000000.0,355200000,355200000,134600000.0,41900000.0,0.764,-2.667,1703500000,300800000,1402700000,1703500000,610800000,14900000.0,0,0.014,0.0,67800000.0,82700000.0,0.22,82700000.0,67800000.0,56400000.0,1.14,1.13,1.14,-1210600000,,-1210600000,5850894991.0,15.0,12.692,144800000.0,4.022,1.0,241600000.0,0.642,836800000,11400000.0,1366700000,,0,0,0,0,3229000000,1172500000,2056500000,4502594991.0,35800000.0,-124200000.0,800000.0,50400000.0,-16600000.0,36500000.0,-147400000.0,0.0,158800000.0,-12100000.0,41000000.0,41000000.0,41000000.0,0.0,900000.0,0.109,175400000.0,66200000.0,56900000,0.0,-3.719,18.003,18.082,27200000,0.0,124.95,2.686,2.684,477200000,2855300000,376200000.0,376200000.0,0.0,,,,,4600000.0,155700000.0,1.0,36035174,36000000,36400000.0,10.45,1190900000,240200000,15400000.0,49600000,33.081,-276700000
15,DNB3,ARQ,2014-12-31,2015-02-26,2014-12-31,2020-07-01,-922100000,1986200000,,935900000,1050300000,,-33.518,-14800000.0,319400000,319400000,149800000.0,92600000.0,0.808,-2.643,1653300000,301100000,1352200000,1653300000,584900000,15100000.0,0,0.013,0.903,156000000.0,171100000.0,0.349,171100000.0,156000000.0,145000000.0,2.54,2.52,2.54,-1203300000,,-1203300000,6189052177.0,16.0,13.65,24000000.0,0.669,1.0,340000000.0,0.694,740500000,11000000.0,1420700000,,0,0,0,0,3180800000,1158900000,2021900000,4855152177.0,9400000.0,0.0,1300000.0,20100000.0,-15800000.0,5000000.0,-18600000.0,0.0,38800000.0,-15800000.0,91700000.0,91700000.0,91700000.0,0.0,900000.0,0.187,182600000.0,157400000.0,31400000,0.356,-4.035,16.492,16.747,27400000,0.0,134.98,2.887,2.929,545600000,2831100000,489800000.0,489800000.0,0.0,,,,,4100000.0,164500000.0,1.0,35969419,35900000,36600000.0,13.643,1245700000,249100000,53300000.0,52400000,34.699,-223000000
16,DNB3,ARQ,2014-09-30,2014-11-03,2014-09-30,2020-07-01,-729800000,1789200000,,785400000,1003800000,,-30.249,-17400000.0,310000000,310000000,147800000.0,68400000.0,1.0,-2.631,1633400000,100000,1633300000,1633400000,529000000,16000000.0,0,0.014,0.44,89800000.0,105800000.0,0.254,105800000.0,89800000.0,78900000.0,1.87,1.85,1.87,-1092000000,,-1092000000,5753236382.0,16.0,13.269,37600000.0,1.042,1.0,269300000.0,0.646,766500000,10900000.0,1560400000,,0,0,0,0,2872600000,785700000,2086900000,4429836382.0,24100000.0,0.0,-53200000.0,66600000.0,-15900000.0,-3600000.0,-21200000.0,0.0,55000000.0,-6100000.0,67500000.0,67500000.0,67500000.0,0.0,900000.0,0.162,172500000.0,96800000.0,39000000,0.235,-4.057,15.935,16.492,36100000,0.0,123.36,2.655,2.669,419400000,2755300000,417100000.0,417100000.0,0.0,,,,,3200000.0,154500000.0,1.0,35909828,36100000,36500000.0,11.554,1022700000,166900000,11400000.0,29900000,28.33,-300000
17,DNB3,ARQ,2014-06-30,2014-08-07,2014-06-30,2020-07-01,-721000000,1773400000,,744800000,1028600000,,-29.564,-9700000.0,285900000,285900000,131700000.0,50900000.0,0.925,-2.627,1566900000,100000,1566800000,1566900000,578200000,16100000.0,0,0.015,0.44,85300000.0,101400000.0,0.258,101400000.0,85300000.0,74500000.0,1.36,1.35,1.36,-1085000000,,-1085000000,5355505669.0,13.0,11.5,51500000.0,1.403,1.0,261300000.0,0.665,772400000,10800000.0,1476900000,,0,0,0,0,2850500000,805100000,2045400000,4074505669.0,17600000.0,-8300000.0,-68900000.0,52700000.0,-16000000.0,-32100000.0,-13500000.0,0.0,61200000.0,2000000.0,49900000.0,49900000.0,49900000.0,0.0,1000000.0,0.127,176300000.0,85000000.0,42300000,0.324,-3.755,14.382,14.937,39700000,0.0,112.03,2.451,2.473,417200000,2703600000,393000000.0,393000000.0,0.0,,,,,3000000.0,155200000.0,1.0,36369773,36700000,36900000.0,10.708,1001000000,164600000,24600000.0,47200000,27.275,-60300000
18,DNB3,ARQ,2014-03-31,2014-05-07,2014-03-31,2020-07-01,-736800000,1807200000,,781400000,1025800000,,-28.575,-12000000.0,268300000,268300000,128300000.0,86000000.0,0.901,-2.685,1513900000,100000,1513800000,1513900000,628200000,15900000.0,0,0.015,0.0,59200000.0,75100000.0,0.197,75100000.0,59200000.0,48600000.0,2.28,2.26,2.28,-1068700000,,-1068700000,5182631439.0,13.0,10.886,148500000.0,3.971,1.0,253600000.0,0.664,763700000,10600000.0,1422200000,,0,0,0,0,2869100000,866900000,2002200000,3937031439.0,32400000.0,0.0,-96500000.0,-2000000.0,-16300000.0,-113700000.0,-16700000.0,0.0,160500000.0,2300000.0,85300000.0,85300000.0,85300000.0,0.0,700000.0,0.223,171300000.0,82300000.0,48800000,0.0,-3.684,13.534,13.995,39900000,0.0,106.36,2.377,2.402,477500000,2669800000,381900000.0,381900000.0,0.0,,,,,3900000.0,150500000.0,1.0,37016091,37400000,37700000.0,10.211,1043500000,166600000,-36700000.0,55700000,27.901,-85500000
19,DNB3,ARQ,2013-12-31,2014-02-28,2013-12-31,2020-07-01,-738800000,1890300000,,822400000,1067900000,,-27.662,-18800000.0,235900000,235900000,162300000.0,76600000.0,0.965,-2.797,1516100000,100000,1516000000,1516100000,600800000,17600000.0,0,0.017,0.84,133700000.0,151300000.0,0.317,151300000.0,133700000.0,123200000.0,1.97,1.95,1.97,-1048400000,,-1048400000,5010303830.0,12.0,9.904,15200000.0,0.401,1.0,314400000.0,0.66,773700000,10500000.0,1544500000,,0,0,0,0,2932600000,852300000,2080300000,3730103830.0,21600000.0,800000.0,-44800000.0,60400000.0,-15200000.0,1900000.0,-19100000.0,0.0,34000000.0,4800000.0,75300000.0,75300000.0,75300000.0,0.0,1300000.0,0.158,179500000.0,134900000.0,41400000,0.426,-3.558,14.43,15.009,39600000,0.0,99.21,2.254,2.344,570400000,2600900000,476700000.0,476700000.0,0.0,,,,,3200000.0,158600000.0,1.0,37598063,37900000,38300000.0,12.578,1116600000,171500000,47900000.0,115500000,29.462,-29900000
20,DNB3,ARQ,2013-09-30,2013-11-05,2013-09-30,2020-07-01,-885200000,1849900000,,659100000,1190800000,,-31.468,-9600000.0,214300000,214300000,131900000.0,73500000.0,0.836,-2.523,1456000000,100000,1455900000,1456000000,541300000,17400000.0,0,0.015,0.4,120500000.0,137900000.0,0.335,137900000.0,120500000.0,110200000.0,1.89,1.87,1.89,-1211500000,,-1211500000,5315698219.0,12.0,10.096,55000000.0,1.429,1.0,279200000.0,0.679,805100000,10300000.0,1498500000,,0,0,0,0,3056200000,788000000,2268200000,4073998219.0,17800000.0,100000.0,-69700000.0,48000000.0,-15300000.0,-39200000.0,-10700000.0,0.0,64600000.0,3100000.0,72800000.0,72800000.0,72800000.0,0.0,700000.0,0.177,158700000.0,120500000.0,33900000,0.212,-3.363,14.592,15.631,38400000,0.0,106.76,2.482,2.504,436100000,2540900000,411100000.0,411100000.0,0.0,,,,,2000000.0,135200000.0,1.0,38160343,38500000,38900000.0,10.678,1044800000,260800000,37400000.0,115800000,27.138,-128900000
21,DNB3,ARQ,2013-06-30,2013-08-07,2013-06-30,2020-07-01,-877800000,1838500000,,628600000,1209900000,,-30.282,-10300000.0,196500000,196500000,130100000.0,58400000.0,0.783,-2.537,1408100000,100000,1408000000,1408100000,579600000,17900000.0,0,0.015,0.4,93900000.0,111800000.0,0.289,111800000.0,93900000.0,83900000.0,1.46,1.44,1.46,-1193100000,,-1193100000,5282608874.0,12.0,10.513,52100000.0,1.322,1.0,256300000.0,0.663,822700000,10000000.0,1424500000,,0,0,0,0,3026900000,802900000,2224000000,4071008874.0,23700000.0,-100000.0,-117800000.0,105100000.0,-15900000.0,-25500000.0,-9800000.0,0.0,62400000.0,-3400000.0,57500000.0,57500000.0,57500000.0,0.0,900000.0,0.149,162400000.0,93900000.0,41800000,0.274,-3.412,14.234,15.638,39100000,0.0,104.93,2.477,2.515,414700000,2483600000,386400000.0,386400000.0,0.0,,,,,6800000.0,142300000.0,1.0,38797378,39400000,39800000.0,9.807,1015800000,269500000,26400000.0,105300000,25.782,-174300000
22,DNB3,ARQ,2013-03-31,2013-05-08,2013-03-31,2020-07-01,-859000000,1902000000,,673500000,1228500000,,-27.116,-16400000.0,172800000,172800000,126200000.0,53600000.0,0.776,-2.724,1302800000,100000,1302700000,1302800000,634200000,18300000.0,0,0.017,0.0,86600000.0,104900000.0,0.275,104900000.0,86600000.0,76700000.0,1.3,1.29,1.3,-1100900000,,-1100900000,4805066224.0,11.0,9.604,155900000.0,3.84,1.0,254800000.0,0.669,837000000,9900000.0,1326600000,,0,0,0,0,2999000000,868400000,2130600000,3675066224.0,23700000.0,0.0,-118100000.0,12200000.0,-16100000.0,-121500000.0,-22000000.0,0.0,172300000.0,-5100000.0,52900000.0,52900000.0,52900000.0,0.0,700000.0,0.139,167000000.0,87800000.0,42000000,0.0,-3.338,12.895,14.241,40400000,0.0,92.0,2.239,2.276,481000000,2442000000,381000000.0,381000000.0,0.0,,,,,5400000.0,146400000.0,1.0,39946372,40600000,40900000.0,9.384,1065000000,268300000,23800000.0,118500000,26.232,-194900000
23,DNB3,ARQ,2012-12-31,2013-02-28,2012-12-31,2020-07-01,-852100000,1991800000,,747400000,1244400000,,-23.551,-22500000.0,149100000,149100000,125800000.0,95200000.0,0.853,-2.955,1290900000,200000,1290700000,1290900000,610700000,18400000.0,0,0.019,0.78,153500000.0,171900000.0,0.371,171900000.0,153500000.0,141800000.0,2.18,2.17,2.18,-1017400000,,-1017400000,4436213933.0,11.0,8.937,28200000.0,0.653,1.0,337300000.0,0.728,851300000,11700000.0,1405600000,,0,0,0,0,3006100000,876700000,2129400000,3294413933.0,12100000.0,1200000.0,-262800000.0,267300000.0,-16200000.0,-16200000.0,-23900000.0,0.0,50700000.0,1500000.0,96000000.0,96000000.0,96000000.0,0.0,-800000.0,0.207,178600000.0,158700000.0,40900000,0.358,-3.238,11.149,12.457,40600000,0.0,80.6,1.981,2.21,567900000,2405500000,463100000.0,463100000.0,0.0,,,,,2800000.0,154000000.0,1.0,40873622,43200000,43600000.0,10.72,1140500000,274100000,45800000.0,115400000,26.4,-129300000
24,DNB3,ARQ,2012-09-30,2012-11-01,2012-09-30,2020-07-01,-784400000,1821600000,,598200000,1223400000,,-17.179,-17700000.0,137000000,137000000,124200000.0,80700000.0,0.493,-3.362,1024100000,400200000,623900000,1024100000,543400000,20000000.0,0,0.018,0.38,93900000.0,113900000.0,0.276,113900000.0,93900000.0,84400000.0,1.77,1.76,1.77,-769600000,,-769600000,4504022751.0,11.0,9.213,45800000.0,1.022,1.0,289000000.0,0.699,845100000,9500000.0,649600000,,0,0,0,0,2587300000,1214000000,1373300000,3616922751.0,18400000.0,0.0,-29600000.0,10800000.0,-17100000.0,-36500000.0,-10700000.0,0.0,63500000.0,2100000.0,79600000.0,79600000.0,79600000.0,0.0,1100000.0,0.193,179300000.0,109700000.0,40400000,0.215,-4.7,12.344,13.006,37900000,0.0,81.16,2.129,2.141,443200000,2325700000,413200000.0,413200000.0,0.0,,,,,3700000.0,154500000.0,1.0,44565337,44800000,45200000.0,9.223,976500000,271600000,4800000.0,121000000,21.797,-615800000
25,DNB3,ARQ,2012-06-30,2012-08-09,2012-06-30,2020-07-01,-804900000,1795600000,,565800000,1229800000,,-17.681,-18900000.0,118600000,118600000,126400000.0,56500000.0,0.463,-3.17,1013600000,400600000,613000000,1013600000,575300000,19700000.0,0,0.019,0.38,89900000.0,109600000.0,0.285,109600000.0,89900000.0,80700000.0,1.21,1.2,1.21,-825700000,,-825700000,4348250009.0,11.0,8.914,57400000.0,1.229,1.0,257500000.0,0.671,831400000,9200000.0,637800000,,0,0,0,0,2617500000,1221400000,1396100000,3453250009.0,900000.0,-100000.0,-202800000.0,171200000.0,-17500000.0,-49200000.0,-23000000.0,0.0,76300000.0,-3200000.0,56500000.0,56500000.0,56500000.0,0.0,0.0,0.147,168200000.0,89300000.0,49000000,0.314,-4.182,12.705,13.594,40000000,0.0,76.94,2.002,2.083,435100000,2263300000,383900000.0,383900000.0,0.0,,,,,3300000.0,139200000.0,1.0,44882376,46700000,47000000.0,8.221,964200000,274200000,24200000.0,138300000,20.647,-655600000
26,DNB3,ARQ,2012-03-31,2012-05-08,2012-03-31,2020-07-01,-773000000,1903800000,,634700000,1269100000,,-13.256,-15300000.0,117700000,117700000,144600000.0,64100000.0,0.709,-4.005,842800000,1000000,841800000,842800000,631000000,20200000.0,0,0.022,0.0,80800000.0,101000000.0,0.251,101000000.0,80800000.0,71700000.0,1.33,1.32,1.33,-632300000,,-632300000,3838149194.0,10.0,7.98,152000000.0,3.187,1.0,258200000.0,0.641,863900000,9100000.0,869300000,,0,0,0,0,2532100000,895700000,1636400000,3113049194.0,33300000.0,8000000.0,7300000.0,-123500000.0,-18200000.0,-134000000.0,-1400000.0,0.0,167300000.0,1400000.0,63400000.0,63400000.0,63400000.0,0.0,700000.0,0.157,183800000.0,74400000.0,40700000,0.0,-4.923,11.37,11.532,43600000,0.0,65.04,1.771,1.765,503400000,2224400000,402800000.0,402800000.0,0.0,,,,,5600000.0,154500000.0,1.0,47863610,47700000,48100000.0,8.444,1039900000,273500000,8300000.0,139300000,21.801,-261000000
27,DNB3,ARQ,2011-12-31,2012-02-29,2011-12-31,2020-07-01,-806700000,1977100000,,726900000,1250200000,,-15.498,-20700000.0,84400000,84400000,156000000.0,94400000.0,0.762,-3.653,965000000,1100000,963900000,965000000,598200000,20500000.0,0,0.018,0.74,143900000.0,164400000.0,0.33,164400000.0,143900000.0,134300000.0,1.93,1.92,1.93,-743900000,,-743900000,4824807431.0,12.0,9.895,21000000.0,0.438,1.0,342700000.0,0.687,842100000,9600000.0,1062100000,,0,0,0,0,2717300000,953500000,1763800000,3944207431.0,-5100000.0,-7000000.0,-61100000.0,72400000.0,-17200000.0,-6800000.0,-35000000.0,0.0,41700000.0,-5000000.0,93500000.0,93500000.0,93500000.0,0.0,900000.0,0.187,197600000.0,145100000.0,36400000,0.383,-5.302,15.153,15.565,45700000,0.0,82.65,2.243,2.298,571600000,2179300000,498700000.0,498700000.0,0.0,,,,,3600000.0,173000000.0,1.0,47721808,48000000,48400000.0,10.39,1135000000,276700000,40800000.0,147200000,23.646,-226600000
28,DNB3,ARQ,2011-09-30,2011-11-04,2011-09-30,2020-07-01,-633600000,1775600000,,568500000,1207100000,,-11.597,-13700000.0,89500000,89500000,150200000.0,58800000.0,0.543,-4.115,893200000,188600000,704600000,893200000,516200000,20600000.0,0,0.022,0.36,92200000.0,112800000.0,0.257,112800000.0,92200000.0,83100000.0,1.19,1.19,1.19,-567100000,,-567100000,4033796756.0,10.0,8.234,43300000.0,0.885,1.0,289200000.0,0.658,887800000,9100000.0,644700000,,0,0,0,0,2333600000,1046800000,1286800000,3230096756.0,6400000.0,-1400000.0,-45600000.0,26600000.0,-17600000.0,-34800000.0,-16500000.0,0.0,57000000.0,700000.0,58400000.0,58400000.0,58400000.0,0.0,400000.0,0.133,188500000.0,100700000.0,32100000,0.303,-5.696,12.452,12.681,48000000,0.0,66.45,1.855,1.866,454800000,2126300000,439400000.0,439400000.0,0.0,,,,,4500000.0,162600000.0,1.0,48609432,48900000,49100000.0,8.986,887800000,195500000,24700000.0,140900000,18.155,-478300000
29,DNB3,ARQ,2011-06-30,2011-08-03,2011-06-30,2020-07-01,-641400000,1767100000,,555000000,1212100000,,-11.696,-9500000.0,83100000,83100000,143700000.0,58700000.0,0.534,-4.049,861500000,160900000,700600000,861500000,559300000,20600000.0,0,0.02,0.36,82200000.0,102800000.0,0.247,102800000.0,82200000.0,73100000.0,1.19,1.18,1.19,-576600000,,-576600000,4206591874.0,10.0,8.496,68800000.0,1.396,1.0,273100000.0,0.655,882100000,9100000.0,624700000,,0,0,0,0,2334900000,1038700000,1296200000,3428191874.0,-500000.0,-7100000.0,-21900000.0,-30300000.0,-17700000.0,-68600000.0,-11500000.0,-1000000.0,78300000.0,1300000.0,58500000.0,58500000.0,58500000.0,0.0,200000.0,0.14,183400000.0,89700000.0,28800000,0.303,-5.946,13.313,13.454,49700000,0.0,69.69,2.014,2.018,451800000,2085400000,416800000.0,416800000.0,0.0,,,,,4200000.0,154300000.0,1.0,49192020,49300000,49700000.0,8.454,885000000,198300000,14600000.0,143300000,17.951,-483700000
30,DNB3,ARQ,2011-03-31,2011-05-05,2011-03-31,2020-07-01,-662700000,1825500000,,603900000,1221600000,,-12.62,-9500000.0,83600000,83600000,137200000.0,48300000.0,0.652,-3.908,890700000,2100000,888600000,890700000,607100000,19400000.0,0,0.017,0.0,88200000.0,107600000.0,0.267,107600000.0,88200000.0,79000000.0,1.0,1.0,1.0,-624700000,,-624700000,4876787456.0,11.0,9.74,126400000.0,2.554,1.0,266400000.0,0.66,872800000,9200000.0,834100000,,0,0,0,0,2441300000,925700000,1515600000,4069687456.0,5100000.0,-300000.0,-27200000.0,-84500000.0,-17900000.0,-127800000.0,-10400000.0,0.0,135900000.0,7400000.0,49900000.0,49900000.0,49900000.0,0.0,-1600000.0,0.124,177100000.0,89300000.0,36700000,0.0,-6.515,15.96,16.022,50900000,0.0,81.87,2.418,2.408,508200000,2044700000,403600000.0,403600000.0,0.0,,,,,6500000.0,153500000.0,1.0,49709142,49500000,50000000.0,8.154,952700000,199600000,29100000.0,162500000,19.246,-321800000
31,DNB3,ARQ,2010-12-31,2011-03-01,2010-12-31,2020-07-01,-681100000,1905500000,,668300000,1237200000,,-13.194,-17000000.0,78500000,78500000,149100000.0,91900000.0,0.72,-3.898,973500000,1500000,972000000,973500000,578100000,19800000.0,0,0.018,0.71,146900000.0,166700000.0,0.346,166700000.0,146900000.0,135200000.0,1.86,1.84,1.86,-654400000,,-654400000,4861789532.0,11.0,9.644,23500000.0,0.474,1.0,332600000.0,0.69,867400000,11700000.0,1005400000,,0,0,0,0,2551100000,927700000,1623400000,3966789532.0,1300000.0,-1500000.0,-14900000.0,15000000.0,-17400000.0,-17700000.0,-18000000.0,0.0,40500000.0,-3500000.0,92600000.0,92600000.0,92600000.0,0.0,-700000.0,0.192,182300000.0,150300000.0,34800000,0.382,-6.062,15.735,15.865,53100000,0.0,79.8,2.366,2.375,578900000,2012700000,481700000.0,481700000.0,0.0,,,,,4000000.0,157800000.0,1.0,49709142,49600000,50100000.0,9.712,1038100000,201000000,42600000.0,151400000,20.929,-259400000
32,DNB3,ARQ,2010-09-30,2010-11-02,2010-09-30,2020-07-01,-687400000,1727300000,,549600000,1177700000,,-14.62,-15600000.0,77200000,77200000,146900000.0,56800000.0,0.473,-3.365,956000000,301400000,654600000,956000000,516200000,17100000.0,0,0.018,0.35,100900000.0,118000000.0,0.295,118000000.0,100900000.0,89900000.0,1.13,1.12,1.13,-726600000,,-726600000,4655561535.0,11.0,9.356,52300000.0,1.052,1.0,253500000.0,0.633,845900000,11000000.0,598200000,,0,0,0,0,2444700000,1162000000,1282700000,3776761535.0,-132500000.0,-193800000.0,-18800000.0,27700000.0,-17400000.0,-8900000.0,-199500000.0,0.0,67900000.0,8000000.0,56500000.0,56500000.0,56500000.0,0.0,300000.0,0.141,178500000.0,75000000.0,34200000,0.31,-5.198,15.485,15.796,53100000,0.0,75.82,2.277,2.272,452900000,1937500000,400400000.0,400400000.0,0.0,,,,,4800000.0,157500000.0,1.0,49812207,49700000,50100000.0,8.056,881400000,199000000,33400000.0,141700000,17.734,-612400000
33,DNB3,ARQ,2010-06-30,2010-08-04,2010-06-30,2020-07-01,-727300000,1632500000,,684900000,947600000,,-15.85,-14900000.0,209700000,209700000,129400000.0,56400000.0,0.59,-3.049,926400000,301300000,625100000,926400000,535900000,16000000.0,0,0.02,0.35,92400000.0,108400000.0,0.273,108400000.0,92400000.0,80600000.0,1.12,1.1,1.12,-792500000,,-792500000,4183361361.0,10.0,8.64,67600000.0,1.352,1.0,267900000.0,0.674,628100000,11800000.0,560500000,,0,0,0,0,2416400000,1160600000,1255800000,3466661361.0,-9000000.0,900000.0,-28600000.0,-26900000.0,-17400000.0,-73600000.0,-8500000.0,0.0,82500000.0,-9400000.0,56000000.0,56000000.0,56000000.0,0.0,400000.0,0.141,177400000.0,90500000.0,41400000,0.313,-4.374,14.361,14.736,51700000,0.0,69.26,2.092,2.09,451400000,1898400000,397300000.0,397300000.0,0.0,,,,,6900000.0,159800000.0,1.0,50052864,50000000,50500000.0,7.946,1004400000,204200000,24600000.0,131700000,20.088,-475700000
34,DNB3,ARQ,2010-03-31,2010-05-10,2010-03-31,2020-07-01,-706200000,1699500000,,728400000,971100000,,-15.645,-18400000.0,218700000,218700000,132300000.0,45800000.0,0.616,-3.142,952400000,302700000,649700000,952400000,577200000,15200000.0,0,0.018,0.35,95800000.0,111000000.0,0.279,111000000.0,95800000.0,84300000.0,0.93,0.92,0.93,-788500000,,-788500000,4595537408.0,10.0,8.951,110100000.0,2.185,1.0,264900000.0,0.667,643400000,11500000.0,607300000,,0,0,0,0,2477800000,1182500000,1295300000,3861837408.0,-4200000.0,-1400000.0,-64400000.0,-10800000.0,-17800000.0,-92700000.0,-27600000.0,0.0,128500000.0,-12400000.0,47000000.0,47000000.0,47000000.0,0.0,-1200000.0,0.118,171600000.0,93300000.0,37500000,0.376,-4.898,14.729,15.237,51100000,0.0,76.64,2.303,2.304,490800000,1859900000,397200000.0,397200000.0,0.0,,,,,8600000.0,151800000.0,1.0,50389319,50400000,50900000.0,7.881,1056100000,207300000,37300000.0,132500000,20.954,-454100000
35,DNB3,ARQ,2009-12-31,2010-02-25,2009-12-31,2020-07-01,-689000000,1749400000,,759600000,989800000,,-14.508,-17400000.0,222900000,222900000,133400000.0,85000000.0,0.884,-3.33,963500000,1700000,961800000,963500000,539700000,15700000.0,0,0.019,0.34,144500000.0,160200000.0,0.345,160200000.0,144500000.0,133000000.0,1.62,1.6,1.62,-745700000,,-745700000,4332394000.0,9.0,8.093,49300000.0,0.959,1.0,330300000.0,0.712,651200000,11500000.0,979700000,,0,0,0,0,2483400000,859100000,1624300000,3591794000.0,35600000.0,200000.0,-75500000.0,67900000.0,-17600000.0,-22700000.0,-14100000.0,0.0,66700000.0,5700000.0,84400000.0,84400000.0,84400000.0,0.0,600000.0,0.182,183100000.0,147200000.0,36400000,0.21,-4.817,11.245,11.622,53600000,0.0,70.43,2.129,2.183,515900000,1830700000,463700000.0,463700000.0,0.0,,,,,5400000.0,160600000.0,1.0,50998069,51400000,52000000.0,9.021,1098200000,216400000,48600000.0,118500000,21.366,-99500000
36,DNB3,ARQ,2009-09-30,2009-11-05,2009-09-30,2020-07-01,-678800000,1600300000,,631800000,968500000,,-14.06,-16300000.0,187300000,187300000,120500000.0,54700000.0,0.777,-3.174,894500000,1300000,893200000,894500000,476400000,13800000.0,0,0.017,0.34,90800000.0,104600000.0,0.262,104600000.0,90800000.0,79400000.0,1.03,1.02,1.03,-731100000,,-731100000,4829299102.0,9.0,8.498,52100000.0,1.002,1.0,278500000.0,0.698,639300000,11400000.0,854700000,,0,0,0,0,2320600000,813500000,1507100000,4122099102.0,-39100000.0,-42300000.0,-61200000.0,24500000.0,-17700000.0,-52700000.0,-60600000.0,0.0,68400000.0,5800000.0,54000000.0,54000000.0,54000000.0,0.0,700000.0,0.135,185900000.0,92600000.0,55600000,0.33,-5.638,12.301,12.589,53000000,0.0,79.31,2.428,2.429,408100000,1763900000,399000000.0,399000000.0,0.0,,,,,5800000.0,159900000.0,1.0,51974519,52000000,52600000.0,7.673,961000000,231900000,25400000.0,115200000,18.481,-181700000
37,DNB3,ARQ,2009-06-30,2009-08-05,2009-06-30,2020-07-01,-692800000,1623200000,,705200000,918000000,,-13.814,-16400000.0,226400000,226400000,129500000.0,77900000.0,0.827,-3.224,868600000,600000,868000000,868600000,518100000,12900000.0,0,0.017,0.34,124700000.0,137600000.0,0.33,137600000.0,124700000.0,113300000.0,1.45,1.43,1.45,-726600000,,-726600000,4513433636.0,9.0,7.752,95100000.0,1.808,1.0,287400000.0,0.689,589700000,11400000.0,823000000,,0,0,0,0,2342900000,852700000,1490200000,3871233636.0,46500000.0,9700000.0,-34300000.0,-32100000.0,-18000000.0,-84900000.0,5300000.0,0.0,111500000.0,14600000.0,76800000.0,76800000.0,76800000.0,0.0,1100000.0,0.184,177400000.0,110000000.0,78100000,0.234,-5.328,11.182,11.323,51000000,0.0,73.37,2.266,2.259,422400000,1727600000,416900000.0,416900000.0,0.0,,,,,5000000.0,161700000.0,1.0,52763168,52600000,53200000.0,7.926,1033500000,253500000,36500000.0,111200000,19.648,-147500000
38,DNB3,ARQ,2009-03-31,2009-05-07,2009-03-31,2020-07-01,-726400000,1614600000,,705600000,909000000,,-14.934,-15200000.0,179900000,179900000,116900000.0,104400000.0,0.8,-3.032,900600000,600000,900000000,900600000,554300000,15700000.0,0,0.015,0.34,117200000.0,132900000.0,0.326,132900000.0,117200000.0,105800000.0,1.95,1.93,1.95,-791500000,,-791500000,5027718913.0,10.0,8.984,107700000.0,2.032,1.0,290500000.0,0.713,577800000,11400000.0,875600000,,0,0,0,0,2399900000,881900000,1518000000,4307018913.0,15700000.0,-30500000.0,-33400000.0,-4300000.0,-18200000.0,-52800000.0,-51300000.0,-5000000.0,122900000.0,-3100000.0,104200000.0,104200000.0,104200000.0,0.0,200000.0,0.256,175800000.0,114700000.0,58400000,0.174,-5.442,12.18,12.31,51700000,0.0,81.0,2.506,2.497,456100000,1668800000,407400000.0,407400000.0,0.0,,,,,12600000.0,158800000.0,1.0,53173073,53000000,53700000.0,7.687,1036800000,246300000,1600000.0,101600000,19.562,-176300000
39,DNB3,ARQ,2008-12-31,2009-02-24,2008-12-31,2020-07-01,-721500000,1586000000,,695800000,890200000,,-16.094,-10400000.0,164200000,164200000,118200000.0,100100000.0,0.766,-2.846,904800000,500000,904300000,904800000,536500000,16800000.0,0,0.016,0.3,176400000.0,193200000.0,0.407,193200000.0,176400000.0,163300000.0,1.87,1.84,1.87,-856200000,,-856200000,4689823220.0,10.0,8.613,75500000.0,1.419,1.0,356500000.0,0.751,558900000,13100000.0,859200000,,0,0,0,0,2436600000,908500000,1528100000,3949223220.0,-66400000.0,-56200000.0,-49400000.0,38400000.0,-16000000.0,-26000000.0,-93400000.0,0.0,85900000.0,-32900000.0,100100000.0,100100000.0,100100000.0,0.0,0.0,0.211,184300000.0,172200000.0,63000000,0.16,-4.613,12.715,12.956,53100000,0.0,73.98,2.288,2.331,516600000,1582800000,474700000.0,474700000.0,0.0,,,,,6600000.0,164900000.0,1.0,53382309,53200000,54000000.0,8.923,1027100000,219900000,63200000.0,111400000,19.306,-212700000
40,DNB3,ARQ,2008-09-30,2008-11-06,2008-09-30,2020-07-01,-381200000,1642300000,,661000000,981300000,,-10.353,-15600000.0,230600000,230600000,116600000.0,65100000.0,0.762,-3.936,864600000,0,864600000,864600000,515500000,14400000.0,0,0.016,0.3,104100000.0,118500000.0,0.29,118500000.0,104100000.0,92400000.0,1.21,1.18,1.21,-558000000,,-558000000,4525982430.0,9.0,8.392,70100000.0,1.301,1.0,292600000.0,0.715,458700000,11700000.0,950700000,,0,0,0,0,2196500000,866900000,1329600000,3891982430.0,-14900000.0,-2900000.0,-77400000.0,39100000.0,-16300000.0,-49900000.0,-28400000.0,-10000000.0,85700000.0,-22300000.0,65100000.0,65100000.0,65100000.0,0.0,0.0,0.159,201400000.0,91200000.0,56500000,0.248,-6.975,12.466,12.845,50500000,0.0,72.19,2.328,2.327,405800000,1498800000,409200000.0,409200000.0,0.0,,,,,8500000.0,169800000.0,1.0,53913041,53900000,55000000.0,7.592,1183600000,68900000,27300000.0,88700000,21.959,-205900000
41,DNB3,ARQ,2008-06-30,2008-07-31,2008-06-30,2020-07-01,-353300000,1657600000,,701200000,956400000,,-9.471,-16100000.0,245500000,245500000,122100000.0,84200000.0,0.785,-4.21,825600000,0,825600000,825600000,561000000,13900000.0,0,0.011,0.3,101100000.0,115000000.0,0.269,115000000.0,101100000.0,87900000.0,1.55,1.51,1.55,-515200000,,-515200000,5853377858.0,12.0,10.994,119700000.0,2.2,1.0,305600000.0,0.715,446200000,13200000.0,898400000,,0,0,0,0,2169100000,893100000,1276000000,5273277858.0,29800000.0,200000.0,-116800000.0,35400000.0,-16400000.0,-95400000.0,-13400000.0,0.0,135800000.0,2800000.0,84200000.0,84200000.0,84200000.0,0.0,0.0,0.197,199600000.0,106000000.0,47900000,0.194,-10.235,17.392,17.963,49700000,0.0,96.64,3.191,3.181,437000000,1449900000,427700000.0,427700000.0,0.0,,,,,7300000.0,184500000.0,1.0,54566203,54400000,55600000.0,7.862,1211400000,77200000,3700000.0,81600000,22.268,-191900000
42,DNB3,ARQ,2008-03-31,2008-05-08,2008-03-31,2020-07-01,-358100000,1631700000,,685300000,946400000,,-8.616,-17400000.0,215700000,215700000,123800000.0,61200000.0,0.795,-4.374,790000000,0,790000000,790000000,585700000,13400000.0,0,0.012,0.3,104400000.0,117800000.0,0.284,117800000.0,104400000.0,95000000.0,1.09,1.07,1.09,-482500000,,-482500000,5443763246.0,11.0,10.383,111700000.0,1.995,1.0,290900000.0,0.701,438500000,9400000.0,905100000,,0,0,0,0,2110500000,862400000,1248100000,4869463246.0,26000000.0,-1500000.0,-114500000.0,65200000.0,-16900000.0,-71200000.0,-31000000.0,0.0,129100000.0,-900000.0,61200000.0,61200000.0,61200000.0,-1100000.0,0.0,0.148,190600000.0,100300000.0,25400000,0.275,-10.092,15.882,16.4,49200000,0.0,87.25,3.003,3.013,477000000,1382000000,414700000.0,414700000.0,0.0,,,,,13500000.0,166800000.0,1.0,55810467,56000000,57300000.0,7.405,1193200000,58800000,33800000.0,104600000,21.307,-177100000
43,DNB3,ARQ,2007-12-31,2008-02-25,2007-12-31,2020-07-01,-354200000,1658800000,,718300000,940500000,,-7.708,-19500000.0,175800000,175800000,81300000.0,101700000.0,0.789,-4.761,724800000,0,724800000,724800000,531300000,16200000.0,0,0.011,0.25,171800000.0,188000000.0,0.447,188000000.0,171800000.0,163300000.0,1.77,1.72,1.77,-440100000,,-440100000,5660074281.0,12.0,11.124,65100000.0,1.14,1.0,338900000.0,0.807,431700000,8500000.0,866100000,,0,0,0,0,2095300000,910000000,1185300000,5111074281.0,23100000.0,-104400000.0,-112400000.0,178600000.0,-14300000.0,54900000.0,-124000000.0,0.0,84600000.0,7600000.0,101700000.0,101700000.0,101700000.0,-5400000.0,0.0,0.242,191000000.0,147900000.0,30500000,0.141,-11.613,17.146,17.627,50300000,0.0,90.25,3.196,3.29,498200000,1320700000,420200000.0,420200000.0,0.0,,,,,7000000.0,170500000.0,1.0,56632402,57100000,58600000.0,7.359,1227100000,61100000,61600000.0,93700000,21.49,-191700000
44,DNB3,ARQ,2007-09-30,2007-11-06,2007-09-30,2020-07-01,-404400000,1419000000,,562600000,856400000,,-8.136,-19500000.0,166600000,166600000,112900000.0,56100000.0,0.683,-3.99,546200000,0,546200000,546200000,474600000,10800000.0,0,0.008,0.25,100800000.0,111600000.0,0.286,111600000.0,100800000.0,93900000.0,0.97,0.94,0.97,-472700000,,-472700000,5779944994.0,13.0,11.878,53300000.0,0.917,1.0,277000000.0,0.71,341700000,6900000.0,632800000,,0,0,0,0,1885900000,824100000,1061800000,5400344994.0,11800000.0,-3400000.0,-103200000.0,70300000.0,-14500000.0,-40800000.0,-23900000.0,-800000.0,72800000.0,3700000.0,56100000.0,56100000.0,56100000.0,0.0,0.0,0.144,178000000.0,99000000.0,40500000,0.258,-11.424,18.777,19.288,49100000,0.0,93.16,3.341,3.348,396000000,1250400000,389900000.0,389900000.0,0.0,,,,,7600000.0,166100000.0,1.0,57968495,58100000,59600000.0,6.711,1077300000,79800000,37800000.0,93400000,18.542,-261500000
45,DNB3,ARQ,2007-06-30,2007-08-07,2007-06-30,2020-07-01,-409200000,1417900000,,585400000,832500000,,-7.331,-18100000.0,154800000,154800000,118800000.0,87600000.0,0.686,-4.289,475900000,100000,475800000,475900000,520100000,10200000.0,0,0.005,0.25,96700000.0,106900000.0,0.269,106900000.0,96700000.0,90200000.0,1.49,1.46,1.49,-429600000,,-429600000,6303295204.0,15.0,13.688,98800000.0,1.686,1.0,278000000.0,0.701,329000000,6500000.0,556200000,,0,0,0,0,1842700000,853800000,988900000,5982195204.0,15200000.0,-6900000.0,-66300000.0,-8300000.0,-14700000.0,-82300000.0,-24100000.0,800000.0,116900000.0,4700000.0,87600000.0,87600000.0,87600000.0,0.0,0.0,0.221,184700000.0,93300000.0,35300000,0.168,-13.925,21.573,22.1,49400000,0.0,101.66,3.772,3.757,426300000,1208800000,396800000.0,396800000.0,0.0,,,,,9300000.0,169600000.0,1.0,58845123,58600000,60200000.0,6.771,1088900000,83300000,2600000.0,84000000,18.582,-268400000
46,DNB3,ARQ,2007-03-31,2007-05-04,2007-03-31,2020-07-01,-445000000,1392200000,,588400000,803800000,,-7.785,-15000000.0,139600000,139600000,117400000.0,52700000.0,0.712,-4.001,484200000,100000,484100000,484200000,526800000,9400000.0,0,0.003,0.25,92900000.0,102300000.0,0.261,102300000.0,92900000.0,86500000.0,0.89,0.87,0.89,-462400000,,-462400000,5993929530.0,15.0,13.358,104600000.0,1.761,1.0,274900000.0,0.701,311900000,6400000.0,598200000,,0,0,0,0,1850000000,826700000,1023300000,5649329530.0,1200000.0,-29800000.0,-95300000.0,25200000.0,-14900000.0,-74800000.0,-45200000.0,0.0,119600000.0,1600000.0,52700000.0,52700000.0,52700000.0,0.0,0.0,0.134,189500000.0,85400000.0,35900000,0.281,-12.217,23.354,24.26,49700000,0.0,95.1,3.63,3.629,415400000,1135900000,392300000.0,392300000.0,0.0,,,,,9400000.0,165300000.0,1.0,59404096,59400000,60900000.0,6.604,1080300000,102300000,33800000.0,106700000,18.187,-238300000
47,DNB3,ARQ,2006-12-31,2007-02-28,2006-12-31,2020-07-01,-453000000,1360100000,,645000000,715100000,,-6.597,-12600000.0,138400000,138400000,109500000.0,91200000.0,0.801,-4.401,459000000,100000,458900000,459000000,467400000,11100000.0,0,0.0,0.0,154700000.0,165800000.0,0.379,165800000.0,154700000.0,149100000.0,1.48,1.43,1.48,-399100000,,-399100000,5617512469.0,14.0,12.735,57200000.0,0.945,1.0,328000000.0,0.75,282600000,5600000.0,592600000,,0,0,0,0,1756600000,805500000,951100000,5296912469.0,-500000.0,-500000.0,-131400000.0,58500000.0,0.0,-63200000.0,-11000000.0,0.0,69800000.0,3900000.0,91200000.0,91200000.0,91200000.0,0.0,0.0,0.208,173700000.0,154300000.0,40300000,0.0,-13.272,22.006,23.171,50700000,0.0,88.28,3.459,3.644,425500000,1132200000,437500000.0,437500000.0,0.0,,,,,8200000.0,161300000.0,1.0,60001274,60500000,62700000.0,7.231,1077500000,165200000,57900000.0,2800000,17.81,-160500000
48,DNB3,ARQ,2006-09-30,2006-11-03,2006-09-30,2020-07-01,-266500000,1450700000,,526500000,924200000,,-3.045,-19400000.0,138900000,138900000,114500000.0,45800000.0,0.722,-8.721,400500000,100000,400400000,400500000,430800000,8200000.0,0,0.0,0.0,77300000.0,85500000.0,0.238,85500000.0,77300000.0,72200000.0,0.74,0.72,0.74,-187900000,,-187900000,4922807839.0,13.0,11.594,77800000.0,1.261,1.0,244700000.0,0.681,279800000,5100000.0,703300000,,0,0,0,0,1638600000,729200000,909400000,4661207839.0,21800000.0,0.0,-109800000.0,46000000.0,0.0,-58300000.0,-21200000.0,0.0,97200000.0,4100000.0,45800000.0,45800000.0,45800000.0,0.0,0.0,0.128,168200000.0,76500000.0,37000000,0.0,-24.807,19.438,20.625,45400000,0.0,75.9,3.102,3.116,332800000,1041000000,359200000.0,359200000.0,0.0,,,,,5200000.0,145800000.0,1.0,61412488,61700000,63400000.0,5.822,1170900000,67900000,26400000.0,0,18.977,-202700000
49,DNB3,ARQ,2006-06-30,2006-08-04,2006-06-30,2020-07-01,-270000000,1449900000,,534400000,915500000,,-2.09,-15300000.0,117100000,117100000,117700000.0,52200000.0,0.742,-11.788,354700000,400000,354300000,354700000,449300000,7500000.0,0,0.0,0.0,87600000.0,95100000.0,0.259,95100000.0,87600000.0,83400000.0,0.81,0.79,0.81,-134400000,,-134400000,4492134792.0,11.0,10.53,86400000.0,1.344,1.0,249700000.0,0.68,269200000,4200000.0,697700000,,0,0,0,0,1584300000,720600000,863700000,4254534792.0,-9000000.0,-700000.0,-268500000.0,55000000.0,0.0,-207500000.0,87300000.0,103200000.0,101700000.0,9500000.0,52200000.0,52200000.0,52200000.0,0.0,0.0,0.142,164100000.0,85600000.0,33900000,0.0,-31.656,18.85,19.804,43300000,0.0,67.73,2.865,2.932,365400000,995200000,367400000.0,367400000.0,0.0,,,,,3100000.0,153000000.0,1.0,62816105,64300000,66100000.0,5.714,1180700000,67000000,31200000.0,200000,18.362,-186200000
50,DNB3,ARQ,2006-03-31,2006-05-05,2006-03-31,2020-07-01,-279200000,1576300000,,673400000,902900000,,0.872,-5700000.0,126100000,126100000,109400000.0,51500000.0,0.943,26.225,300400000,1100000,299300000,300400000,476200000,6500000.0,0,0.0,0.0,88200000.0,94700000.0,0.258,94700000.0,88200000.0,82800000.0,0.77,0.75,0.77,57900000,,57900000,5225225534.0,13.0,12.364,30500000.0,0.459,1.0,257800000.0,0.702,255300000,5400000.0,781100000,,0,103200000,103200000,0,1518400000,714200000,804200000,5050925534.0,-69200000.0,-7600000.0,-102500000.0,-800000.0,0.0,-102500000.0,-7800000.0,6200000.0,36200000.0,4900000.0,51500000.0,51500000.0,51500000.0,0.0,0.0,0.14,171800000.0,86000000.0,32700000,0.0,87.235,22.896,23.021,43300000,0.0,76.2,3.437,3.443,404500000,942900000,367200000.0,367200000.0,0.0,,,,,14200000.0,158900000.0,1.0,66285112,66400000,68400000.0,5.53,1321000000,63700000,31300000.0,300000,19.895,-40800000
51,DNB3,ARQ,2005-12-31,2006-03-01,2005-12-31,2020-07-01,-287600000,1613400000,,759300000,854100000,,1.176,-10700000.0,195300000,195300000,104200000.0,90300000.0,0.738,19.791,300900000,300800000,100000,300900000,413700000,10100000.0,0,0.0,0.0,139200000.0,149300000.0,0.365,149300000.0,139200000.0,133800000.0,1.36,1.32,1.36,77600000,,77600000,5042861318.0,13.0,12.24,91700000.0,1.39,1.0,304800000.0,0.745,252200000,5400000.0,437700000,,0,109400000,109400000,0,1535800000,1029100000,506700000,4937261318.0,-69300000.0,-2200000.0,-42000000.0,-2000000.0,0.0,-44200000.0,-120100000.0,-109400000.0,102400000.0,-7400000.0,90300000.0,90300000.0,90300000.0,0.0,0.0,0.221,168200000.0,136600000.0,43900000,0.0,63.625,22.32,22.284,44200000,0.0,73.76,3.42,3.415,416300000,891500000,409000000.0,409000000.0,0.0,,,,,40700000.0,149000000.0,1.0,66936840,65991000,67861000.0,6.198,1361200000,60200000,43500000.0,1500000,20.627,-269800000
52,DNB3,ARQ,2005-09-30,2005-11-02,2005-09-30,2020-07-01,-272300000,1501400000,,612900000,888500000,,0.102,-8300000.0,264600000,264600000,105700000.0,31700000.0,0.62,219.794,303300000,303000000,300000,303300000,387300000,8600000.0,0,0.0,0.0,78900000.0,87500000.0,0.256,87500000.0,78900000.0,73500000.0,0.48,0.46,0.48,6800000,,6800000,4313456674.0,12.0,10.601,29400000.0,0.442,1.0,235900000.0,0.691,253900000,5400000.0,298300000,,0,0,0,0,1494600000,987900000,506700000,4274756674.0,19300000.0,-18400000.0,-58600000.0,-300000.0,0.0,-58600000.0,43300000.0,69200000.0,37700000.0,-3100000.0,31700000.0,31700000.0,31700000.0,0.0,0.0,0.093,156700000.0,79200000.0,31800000,0.0,628.641,20.761,21.321,46100000,0.0,64.39,3.006,3.01,311700000,801200000,341600000.0,341600000.0,0.0,,,,,32000000.0,143400000.0,1.0,66388518,66479000,69205000.0,5.138,1247500000,79900000,41800000.0,17700000,18.765,-375000000
53,DNB3,ARQ,2005-06-30,2005-08-04,2005-06-30,2020-07-01,-271500000,1544600000,,680000000,864600000,,0.256,-5000000.0,245300000,245300000,107000000.0,47100000.0,0.677,88.283,303700000,303300000,400000,303700000,414900000,8800000.0,0,0.0,0.0,82300000.0,91100000.0,0.259,91100000.0,82300000.0,77300000.0,0.7,0.67,0.7,17300000,,17300000,4378857688.0,12.0,10.73,49500000.0,0.732,1.0,244700000.0,0.696,241700000,5000000.0,356600000,,0,69200000,69200000,0,1527300000,1004700000,522600000,4320457688.0,-50100000.0,21800000.0,-64800000.0,1300000.0,0.0,-72800000.0,-16300000.0,-34800000.0,54500000.0,-15500000.0,47100000.0,47100000.0,47100000.0,0.0,0.0,0.134,168500000.0,76200000.0,38500000,0.0,249.737,19.488,19.969,47700000,0.0,64.3,3.056,3.077,329900000,769500000,351700000.0,351700000.0,0.0,,,,,3300000.0,153200000.0,1.0,67192188,67657000,70387000.0,5.198,1302900000,77200000,30200000.0,38400000,19.257,-324700000
54,DNB3,ARQ,2005-03-31,2005-05-05,2005-03-31,2020-07-01,-253500000,1621500000,,749200000,872300000,,0.734,-4600000.0,295400000,295400000,95100000.0,52100000.0,0.748,31.237,299900000,299900000,0,299900000,456800000,8600000.0,0,0.0,0.0,75500000.0,84100000.0,0.246,84100000.0,75500000.0,70200000.0,0.76,0.73,0.76,50300000,,50300000,4201856695.0,12.0,10.526,62300000.0,0.909,1.0,246200000.0,0.721,244100000,5300000.0,379900000,,0,34400000,34400000,0,1571200000,1002000000,569200000,4197356695.0,42500000.0,-2800000.0,-65700000.0,0.0,0.0,-65600000.0,39000000.0,48200000.0,66900000.0,2200000.0,52100000.0,52100000.0,52100000.0,0.0,0.0,0.153,174200000.0,72000000.0,32500000,0.0,83.446,19.605,20.01,51300000,0.0,61.63,2.973,2.991,386700000,722400000,341300000.0,341300000.0,0.0,,,,,11000000.0,155200000.0,1.0,68105739,68525000,71396000.0,4.981,1377400000,77600000,18100000.0,17000000,20.101,-252800000
55,DNB3,ARQ,2004-12-31,2005-03-14,2004-12-31,2020-07-01,-256100000,1635500000,,762100000,873400000,,0.785,-9200000.0,252900000,252900000,97000000.0,75000000.0,1.068,29.175,300000000,0,300000000,300000000,388600000,13000000.0,0,0.0,0.0,131200000.0,144200000.0,0.372,144200000.0,131200000.0,126800000.0,1.08,1.04,1.08,54200000,,54200000,4374839955.0,12.0,10.744,84100000.0,1.218,1.0,290500000.0,0.75,249400000,4400000.0,719600000,,0,82600000,82600000,0,1581300000,713600000,867700000,4327739955.0,59100000.0,12400000.0,-58600000.0,0.0,0.0,-58600000.0,9200000.0,6000000.0,93300000.0,15200000.0,75000000.0,75000000.0,75000000.0,0.0,0.0,0.194,174700000.0,115800000.0,51200000,0.0,79.848,20.433,20.827,51200000,0.0,62.69,3.061,3.122,398900000,670300000,387500000.0,387500000.0,0.0,,,,,1500000.0,150600000.0,1.0,69033976,69059000,71703000.0,5.611,1386100000,76800000,51800000.0,22200000,20.071,48500000
56,DNB3,ARQ,2004-09-30,2004-11-09,2004-09-30,2020-07-01,-270200000,1522400000,,665700000,856700000,,0.24,-9700000.0,193800000,193800000,98400000.0,47500000.0,0.928,89.619,299900000,0,299900000,299900000,359500000,11100000.0,0,0.0,0.0,77600000.0,88700000.0,0.266,88700000.0,77600000.0,72700000.0,0.68,0.65,0.68,16800000,,16800000,4183455096.0,12.0,10.368,36900000.0,0.528,1.0,234800000.0,0.705,240800000,4900000.0,670000000,,0,85100000,85100000,0,1505600000,717700000,787900000,4077355096.0,-23400000.0,-8700000.0,-53100000.0,0.0,0.0,-52800000.0,-8500000.0,7900000.0,46600000.0,-8700000.0,47500000.0,47500000.0,47500000.0,0.0,0.0,0.143,161900000.0,72900000.0,23700000,0.0,242.7,19.388,19.959,50800000,0.0,58.68,2.85,2.868,272500000,595800000,333200000.0,333200000.0,0.0,,,,,1400000.0,148100000.0,1.0,69484579,69924000,72685000.0,4.765,1281600000,57900000,25200000.0,113200000,18.328,-52000000
57,DNB3,ARQ,2004-06-30,2004-08-04,2004-06-30,2020-07-01,-265600000,1566000000,,708100000,857900000,,0.353,-5000000.0,217200000,217200000,105300000.0,39500000.0,0.939,61.64,299900000,0,299900000,299900000,377200000,11200000.0,0,0.0,0.0,71000000.0,82200000.0,0.235,82200000.0,71000000.0,66000000.0,0.56,0.54,0.56,25000000,,25000000,3985322317.0,12.0,10.452,51500000.0,0.727,1.0,244600000.0,0.699,249200000,5000000.0,645000000,,0,93100000,93100000,0,1541000000,754500000,786500000,3902622317.0,19800000.0,20000000.0,-45400000.0,0.0,0.0,-45800000.0,21400000.0,3000000.0,56500000.0,-12300000.0,39500000.0,39500000.0,39500000.0,0.0,0.0,0.113,180000000.0,64600000.0,26900000,0.0,156.105,20.369,20.936,50700000,0.0,55.48,2.729,2.747,277700000,548200000,349900000.0,349900000.0,0.0,,,,,900000.0,160800000.0,1.0,70342868,70803000,73603000.0,4.942,1316800000,58800000,26500000.0,112800000,18.598,-46400000
58,DNB3,ARQ,2004-03-31,2004-05-04,2004-03-31,2020-07-01,-247300000,1635200000,,737900000,897300000,,0.664,-4900000.0,197400000,197400000,103200000.0,49800000.0,1.01,33.281,299900000,0,299900000,299900000,435700000,12000000.0,0,0.0,0.0,80100000.0,92100000.0,0.268,92100000.0,80100000.0,75500000.0,0.69,0.66,0.69,47700000,,47700000,3871643601.0,12.0,10.297,66300000.0,0.923,1.0,240200000.0,0.699,282800000,4600000.0,724200000,,0,95900000,95900000,0,1587500000,730700000,856800000,3769143601.0,-41600000.0,40100000.0,-76700000.0,0.0,0.0,-76300000.0,-61300000.0,-87700000.0,71200000.0,24800000.0,49800000.0,49800000.0,49800000.0,0.0,0.0,0.145,174700000.0,65500000.0,34100000,0.0,79.018,20.134,20.703,54200000,0.0,53.0,2.664,2.692,345900000,508300000,343400000.0,343400000.0,0.0,,,,,3100000.0,152500000.0,1.0,71115917,71869000,74816000.0,4.778,1352400000,65500000,25700000.0,49300000,18.818,7200000
59,DNB3,ARQ,2003-12-31,2004-03-05,2003-12-31,2020-07-01,-270400000,1624700000,,730800000,893900000,,0.676,-10500000.0,239000000,239000000,107600000.0,73500000.0,0.993,32.568,299900000,0,299900000,299900000,391300000,17500000.0,0,0.0,0.0,123000000.0,140500000.0,0.347,140500000.0,123000000.0,118400000.0,1.01,0.98,1.01,48400000,,48400000,4089497231.0,14.0,11.257,68900000.0,0.962,1.0,296800000.0,0.734,304100000,4600000.0,645600000,,0,0,0,0,1576300000,735900000,840400000,4028597231.0,39300000.0,-9600000.0,-29700000.0,0.0,0.0,-31200000.0,-16000000.0,600000.0,79400000.0,7100000.0,73500000.0,73500000.0,73500000.0,0.0,0.0,0.182,175800000.0,121000000.0,50900000,0.0,83.235,23.087,23.717,55100000,0.0,56.21,2.906,2.98,397300000,458500000,404400000.0,404400000.0,0.0,,,,,12400000.0,158300000.0,1.0,71670472,71606000,74020000.0,5.648,1320600000,56000000,44900000.0,49300000,18.443,-5100000
60,DNB3,ARQ,2003-09-30,2003-11-06,2003-09-30,2020-07-01,-281200000,1506400000,,580900000,925500000,,-0.146,75700000.0,199700000,199700000,117800000.0,28800000.0,0.847,-141.785,299900000,0,299900000,299900000,369500000,14600000.0,0,0.0,0.0,51900000.0,66500000.0,0.2,66500000.0,51900000.0,47100000.0,0.39,0.38,0.39,-10700000,,-10700000,3542819488.0,12.0,9.929,101300000.0,1.378,1.0,214500000.0,0.646,297700000,4800000.0,623200000,,0,0,0,0,1517100000,685700000,831400000,3442619488.0,72300000.0,2200000.0,-59700000.0,0.0,0.0,-59100000.0,107500000.0,32000000.0,25600000.0,-1700000.0,28800000.0,28800000.0,28800000.0,0.0,0.0,0.087,160400000.0,54100000.0,40700000,0.0,-321.74,20.826,21.233,55000000,0.0,47.35,2.573,2.602,316100000,385000000,332300000.0,332300000.0,0.0,,,,,0.0,144200000.0,1.0,72705797,73534000,76152000.0,4.519,1208700000,97200000,18300000.0,49300000,16.437,-104800000
61,DNB3,ARQ,2003-06-30,2003-08-07,2003-06-30,2020-07-01,-275200000,1606300000,,544900000,1061400000,,0.301,-9400000.0,127400000,127400000,101800000.0,35100000.0,0.727,70.71,299800000,0,299800000,299800000,413500000,15700000.0,0,0.0,0.0,61200000.0,76900000.0,0.23,76900000.0,61200000.0,56500000.0,0.47,0.46,0.47,22400000,,22400000,3174634307.0,11.0,8.562,60600000.0,0.815,1.0,233200000.0,0.696,337700000,4700000.0,691900000,,0,36900000,36900000,0,1583900000,749100000,834800000,3002234307.0,-21900000.0,-16700000.0,-35000000.0,0.0,0.0,-34400000.0,-60500000.0,-20900000.0,70000000.0,3000000.0,35100000.0,35100000.0,35100000.0,0.0,0.0,0.105,172100000.0,61100000.0,52200000,0.0,134.028,17.691,17.76,154100000,0.0,40.67,2.304,2.322,344100000,356100000,335000000.0,335000000.0,0.0,,,,,0.0,151500000.0,1.0,73819383,74383000,76893000.0,4.504,1268600000,94300000,21400000.0,49300000,17.055,-204200000
62,DNB3,ARQ,2003-03-31,2003-05-14,2003-03-31,2020-07-01,-279800000,1582400000,,552600000,1029800000,,0.193,-5900000.0,149300000,149300000,106100000.0,37100000.0,0.748,108.889,299800000,0,299800000,299800000,424200000,16200000.0,0,0.0,0.0,63200000.0,79400000.0,0.252,79400000.0,63200000.0,58700000.0,0.5,0.48,0.5,14400000,,14400000,2979622762.0,12.0,8.769,54800000.0,0.736,1.0,208600000.0,0.663,320500000,4500000.0,674000000,,0,0,0,0,1568000000,738400000,829600000,2829122762.0,-42600000.0,-82100000.0,-8300000.0,0.0,0.0,-8100000.0,-96300000.0,-7400000.0,60700000.0,1100000.0,37100000.0,37100000.0,37100000.0,0.0,0.0,0.118,153000000.0,55600000.0,32900000,0.0,196.467,19.538,19.388,152100000,0.0,38.0,2.222,2.222,367200000,321000000,314700000.0,314700000.0,0.0,,,,,0.0,125900000.0,1.0,74450599,74448000,76707000.0,4.227,1261900000,92300000,21600000.0,49300000,16.95,-185800000
63,DNB3,ARQ,2002-12-31,2003-03-28,2002-12-31,2020-07-01,-281400000,1527700000,,614200000,913500000,,-0.253,1900000.0,191900000,191900000,80800000.0,64300000.0,0.855,-82.261,300000000,100000,299900000,300000000,367100000,23900000.0,0,0.0,0.0,110100000.0,134000000.0,0.376,134000000.0,110100000.0,105400000.0,0.87,0.84,0.87,-18800000,,-18800000,2969476770.0,12.0,8.703,81300000.0,1.095,1.0,275300000.0,0.773,252800000,4700000.0,664900000,,0,0,0,0,1546500000,718100000,828400000,2861376770.0,55900000.0,3500000.0,-1400000.0,0.0,0.0,-1300000.0,-25500000.0,0.0,79400000.0,3300000.0,64300000.0,64300000.0,64300000.0,0.0,0.0,0.181,168000000.0,107300000.0,0,0.0,-152.201,19.954,19.917,149700000,0.0,38.44,2.243,2.245,334900000,284000000,356100000.0,356100000.0,0.0,,,,,0.0,144100000.0,1.0,74437481,74244000,76496000.0,4.796,1274900000,0,41100000.0,0,17.172,-103900000
64,DNB3,ARQ,2002-09-30,2003-03-19,2002-09-30,2020-07-01,-231300000,1413500000,,510600000,902900000,,-0.447,-12800000.0,136000000,136000000,100300000.0,34700000.0,0.744,-43.575,300000000,100000,299900000,300000000,362300000,20900000.0,0,0.0,0.0,61300000.0,82200000.0,0.275,82200000.0,61300000.0,56400000.0,0.47,0.45,0.47,-33200000,,-33200000,2965286372.0,12.0,9.002,15800000.0,0.213,1.0,198600000.0,0.664,250200000,4900000.0,640600000,,0,0,0,0,1446700000,686700000,760000000,2801286372.0,-11100000.0,-19900000.0,-700000.0,0.0,0.0,-400000.0,-39600000.0,0.0,28600000.0,300000.0,34700000.0,34700000.0,34700000.0,0.0,0.0,0.116,139800000.0,58800000.0,0,0.0,-84.376,20.674,21.174,143400000,0.0,37.69,2.222,2.221,279200000,219700000,298900000.0,298900000.0,0.0,,,,,0.0,118900000.0,1.0,74324393,74300000,76500000.0,4.023,1163300000,0,21700000.0,0,15.657,-176100000
65,DNB3,ARQ,2002-09-30,2002-11-06,2002-09-30,2020-07-01,-254000000,1380600000,,510600000,870000000,,-0.464,-12800000.0,136000000,136000000,100300000.0,33200000.0,0.779,-41.017,300000000,100000,299900000,300000000,330700000,20900000.0,0,0.0,0.0,59600000.0,80500000.0,0.271,80500000.0,59600000.0,54700000.0,0.45,0.43,0.45,-34500000,,-34500000,2838191660.0,12.0,8.616,15800000.0,0.213,1.0,196900000.0,0.663,250200000,4900000.0,639300000,,0,0,0,0,1415100000,655100000,760000000,2674191660.0,-11100000.0,-19900000.0,-700000.0,0.0,0.0,-400000.0,-39600000.0,0.0,28600000.0,300000.0,33200000.0,33200000.0,33200000.0,0.0,0.0,0.112,139800000.0,57100000.0,0,0.0,-77.513,19.736,20.213,143400000,0.0,35.98,2.121,2.12,279200000,241100000,297200000.0,297200000.0,0.0,,,,,0.0,118900000.0,1.0,74324393,74300000,76500000.0,4.0,1130400000,0,21500000.0,0,15.214,-144500000
66,DNB3,ARQ,2002-06-30,2002-08-13,2002-06-30,2020-07-01,-258200000,1350700000,,521900000,828800000,,-0.97,9700000.0,147100000,147100000,102200000.0,10200000.0,0.819,-19.708,299700000,0,299700000,299700000,346300000,19900000.0,0,0.0,0.0,26000000.0,45900000.0,0.15,45900000.0,26000000.0,21100000.0,0.14,0.13,0.14,-72200000,,-72200000,2543792189.0,11.0,7.808,107300000.0,1.442,1.0,203000000.0,0.665,227500000,4900000.0,638300000,,0,0,0,0,1422900000,637500000,785400000,2391192189.0,57700000.0,0.0,-14200000.0,-35600000.0,0.0,-49500000.0,7100000.0,0.0,97600000.0,2500000.0,10200000.0,10200000.0,10200000.0,0.0,0.0,0.033,172900000.0,30100000.0,0,0.0,-33.119,18.198,18.941,141900000,0.0,32.2,1.907,1.91,280800000,208000000,305200000.0,305200000.0,0.0,,,,,0.0,122100000.0,1.0,74260627,74400000,77100000.0,4.102,1123200000,0,10900000.0,0,15.097,-115600000
67,DNB3,ARQ,2002-03-31,2002-05-08,2002-03-31,2020-07-01,-260300000,1398000000,,547400000,850600000,,-0.951,-9300000.0,89400000,89400000,108800000.0,35600000.0,0.805,-20.607,335300000,35700000,299600000,335300000,369100000,19500000.0,0,0.0,0.0,62700000.0,82200000.0,0.258,82200000.0,62700000.0,57700000.0,0.47,0.46,0.47,-71300000,,-71300000,3205901034.0,11.0,8.667,-1800000.0,-0.024,1.0,209700000.0,0.658,236200000,5000000.0,727400000,,0,0,0,0,1469300000,680300000,789000000,2960001034.0,-55900000.0,-900000.0,-89300000.0,35600000.0,0.0,-53500000.0,-9100000.0,0.0,7500000.0,-800000.0,35600000.0,35600000.0,35600000.0,0.0,0.0,0.112,146900000.0,62800000.0,0,0.0,-41.515,18.746,19.653,155400000,0.0,39.7,2.331,2.345,346100000,198000000,318500000.0,318500000.0,0.0,,,,,0.0,127400000.0,1.0,74559220,75000000,77900000.0,4.247,1161800000,0,22100000.0,0,15.491,-132900000
68,DNB3,ARQ,2002-03-31,2002-05-06,2002-03-31,2020-07-01,-260300000,1398000000,,547400000,850600000,,-0.951,-9300000.0,89400000,89400000,108800000.0,35600000.0,0.805,-20.607,335300000,35700000,299600000,335300000,369100000,19500000.0,0,0.0,0.0,62700000.0,82200000.0,0.258,82200000.0,62700000.0,57700000.0,0.47,0.46,0.47,-71300000,,-71300000,3102263718.0,11.0,8.387,-1800000.0,-0.024,1.0,209700000.0,0.658,236200000,5000000.0,727400000,,0,0,0,0,1469300000,680300000,789000000,2856363718.0,-55900000.0,-900000.0,-89300000.0,35600000.0,0.0,-53500000.0,-9100000.0,0.0,7500000.0,-800000.0,35600000.0,35600000.0,35600000.0,0.0,0.0,0.112,146900000.0,62800000.0,0,0.0,-40.061,18.09,18.965,155400000,0.0,38.31,2.25,2.263,346100000,198000000,318500000.0,318500000.0,0.0,,,,,0.0,127400000.0,1.0,74559220,75000000,77900000.0,4.247,1161800000,0,22100000.0,0,15.491,-132900000
69,DNB3,ARQ,2001-12-31,2002-03-04,2001-12-31,2020-07-01,-260800000,1431200000,,580200000,851000000,,-0.269,-14800000.0,145300000,145300000,96500000.0,56500000.0,0.876,-69.478,299600000,0,299600000,299600000,330000000,22600000.0,0,0.0,0.0,98200000.0,120800000.0,0.355,120800000.0,98200000.0,93700000.0,0.72,0.7,0.72,-20900000,,-20900000,3207643812.0,12.0,8.783,20500000.0,0.264,1.0,243500000.0,0.716,252400000,4500000.0,670400000,,0,0,0,0,1452100000,662700000,789400000,3053343812.0,-25500000.0,9800000.0,-57900000.0,0.0,0.0,-65000000.0,5300000.0,0.0,35300000.0,-1100000.0,56500000.0,56500000.0,56500000.0,0.0,0.0,0.166,158600000.0,84900000.0,0,0.0,-146.093,19.93,21.342,158000000,0.0,41.19,2.333,2.499,317800000,162300000,340000000.0,340000000.0,0.0,,,,,0.0,136000000.0,1.0,74128279,77564000,79740000.0,4.383,1178800000,0,37200000.0,0,15.198,-82500000
70,DNB3,ARQ,2001-09-30,2001-10-29,2001-09-30,2020-07-01,-261800000,1416300000,,548800000,867500000,,-0.277,-11200000.0,170800000,170800000,97400000.0,29100000.0,0.804,-65.377,299800000,200000,299600000,299800000,348600000,23300000.0,0,0.0,0.0,53600000.0,76900000.0,0.265,76900000.0,53600000.0,48500000.0,0.37,0.36,0.37,-22000000,,-22000000,2637009957.0,12.0,8.385,19900000.0,0.251,1.0,193100000.0,0.665,249100000,5100000.0,613200000,,0,0,0,0,1438300000,683000000,755300000,2508009957.0,-14400000.0,11700000.0,-52400000.0,0.0,0.0,-49100000.0,1900000.0,0.0,31100000.0,1700000.0,29100000.0,29100000.0,29100000.0,0.0,0.0,0.1,139500000.0,53600000.0,0,0.0,-114.0,21.79,22.329,179000000,0.0,31.93,1.862,1.882,290500000,105900000,290500000.0,290500000.0,0.0,,,,,0.0,116200000.0,1.0,78547133,79400000,81800000.0,3.659,1167200000,0,19400000.0,0,14.7,-134200000
71,DNB3,ARQ,2001-06-30,2001-08-01,2001-06-30,2020-07-01,-262400000,1471000000,,576500000,894500000,,-0.021,-16500000.0,185200000,185200000,115800000.0,36700000.0,0.783,-866.294,299700000,100000,299600000,299700000,401000000,23800000.0,0,0.0,0.0,66200000.0,90000000.0,0.281,90000000.0,66200000.0,60600000.0,0.46,0.44,0.46,-1700000,,-1700000,2354996485.0,10.0,,79700000.0,0.994,1.0,204900000.0,0.639,253800000,5600000.0,595800000,,0,0,0,0,1472700000,735900000,736800000,2240496485.0,127300000.0,59800000.0,-11700000.0,0.0,0.0,-10600000.0,41600000.0,100000.0,96200000.0,100000.0,36700000.0,36700000.0,36700000.0,0.0,0.0,0.114,173900000.0,31000000.0,0,0.0,-1317.939,16.177,16.363,189300000,0.0,27.98,1.61,1.613,311900000,76800000,320700000.0,320700000.0,0.0,,,,,0.0,128300000.0,1.0,80074928,80200000,82500000.0,3.999,1217200000,0,23900000.0,0,15.177,-159400000
72,DNB3,ARQ,2001-03-31,2001-05-15,2001-03-31,2020-07-01,-250700000,1436800000,,538900000,897900000,,-0.174,-10700000.0,57900000,57900000,131500000.0,30900000.0,0.753,-103.629,299700000,100000,299600000,299700000,412100000,24800000.0,0,0.0,0.0,52700000.0,77500000.0,0.217,77500000.0,52700000.0,51500000.0,0.38,0.37,0.38,-14000000,,-14000000,2460897315.0,,,43800000.0,0.545,1.0,226100000.0,0.632,261900000,1200000.0,701000000,,0,0,0,0,1450800000,715700000,735100000,2219097315.0,-12200000.0,-8900000.0,-3900000.0,250100000.0,0.0,-52700000.0,-13600000.0,-100000.0,54500000.0,-400000.0,30900000.0,30900000.0,30900000.0,0.0,0.0,0.086,167800000.0,58300000.0,0,0.0,-158.507,,,201700000,0.0,27.61,,,398100000,43900000,357600000.0,357600000.0,0.0,,,,,0.0,143000000.0,1.0,80372956,80300000,82600000.0,4.453,1174900000,0,20600000.0,0,14.631,-176800000
73,DNB3,ARQ,2000-12-31,2001-02-22,2000-12-31,2020-07-01,-258900000,1423600000,,538600000,885000000,,-0.627,-13900000.0,70100000,70100000,126000000.0,18400000.0,0.725,-28.914,49600000,49600000,0,49600000,340000000,26100000.0,0,0.0,0.0,44000000.0,70100000.0,0.185,70100000.0,44000000.0,42600000.0,0.22,0.21,0.22,-51000000,,-51000000,1956119834.0,7.0,4.836,23800000.0,0.293,1.0,252400000.0,0.667,266800000,1400000.0,393200000,,0,0,0,0,1474600000,743100000,731500000,1976619834.0,30700000.0,0.0,-36300000.0,-170000000.0,0.0,-9000000.0,4300000.0,-500000.0,37700000.0,-2300000.0,18400000.0,18400000.0,18400000.0,0.0,0.0,0.049,202700000.0,49700000.0,0,0.0,-38.757,9.567,9.671,202800000,0.0,24.66,1.394,1.409,376300000,13200000,378400000.0,378400000.0,0.0,,,,,0.0,134200000.0,1.0,80154900,81304000,83476000.0,4.654,1156800000,0,24200000.0,0,14.228,-204500000
74,DNB3,ARQ,2000-09-30,2000-11-14,2000-09-30,2020-07-01,-236400000,1406600000,,490900000,915700000,,-0.112,,39400000,39400000,122100000.0,52500000.0,0.709,-155.571,24100000,24100000,0,24100000,347400000,,0,0.0,0.0,73200000.0,,,,73200000.0,70000000.0,0.65,0.64,0.65,-9100000,,-9100000,1799358024.0,,,,,1.0,212800000.0,0.635,290000000,3200000.0,408700000,,0,0,0,0,1415700000,692600000,723100000,1814658024.0,,,,,,,,,,,52500000.0,52500000.0,52500000.0,-45400000.0,0.0,0.157,188600000.0,24200000.0,0,0.0,-199.413,,,216100000,0.0,22.25,,,348600000,-800000,334900000.0,334900000.0,0.0,,,,,,133500000.0,1.0,81557664,81100000,81900000.0,4.129,1116600000,0,17500000.0,0,13.768,-201700000
75,DNB3,ARQ,1999-12-31,2000-09-11,1999-12-31,2020-07-01,-219500000,1574800000,,606700000,968100000,,-5.135,,109400000,109400000,,,0.585,-4.78,126200000,126200000,0,126200000,353200000,,0,,0.0,,,,,,,,,,-416600000,,-416600000,,,,,,1.0,,,316400000,,238200000,,0,0,0,0,1991400000,1037000000,954400000,,,,,,,,,,,,,,,,,,,,0,,,,,240300000,,,,,363700000,-105900000,,,,,,,,,,1.0,40778832,81126500,,,1258400000,0,,175400000,15.512,-430300000
76,DNB3,ARQ,1999-12-31,2000-08-18,1999-12-31,2020-07-01,-219500000,1574800000,,606700000,968100000,,-5.135,,109400000,109400000,,,0.585,-4.78,126200000,126200000,0,126200000,353200000,,0,,0.0,,,,,,,,,,-416600000,,-416600000,,,,,,1.0,,,316400000,,238200000,,0,0,0,0,1991400000,1037000000,954400000,,,,,,,,,,,,,,,,,,,,0,,,,,240300000,,,,,363700000,-105900000,,,,,,,,,,1.0,40778832,81126500,,,1258400000,0,,175400000,15.512,-430300000
77,DNB3,ARQ,1999-12-31,2000-06-27,1999-12-31,2020-07-01,-219500000,1574800000,,606700000,968100000,,-5.135,,109400000,109400000,,,0.585,-4.78,126200000,126200000,0,126200000,353200000,,0,,0.0,,,,,,,,,,-416600000,,-416600000,,,,,,1.0,,,316400000,,238200000,,0,0,0,0,1991400000,1037000000,954400000,,,,,,,,,,,,,,,,,,,,0,,,,,240300000,,,,,363700000,-105900000,,,,,,,,,,1.0,40778832,81126500,,,1258400000,0,,175400000,15.512,-430300000
0,DNB3,ART,2018-09-30,2018-11-06,2018-09-30,2020-07-01,-1006200000,1931400000,2079375000.0,504700000,1426700000,0.862,-20.078,-56900000.0,228200000,228200000,570800000.0,233300000.0,0.634,-3.573,1332500000,18500000,1314000000,1332500000,516100000,87700000.0,0,0.015,2.07,455900000.0,543600000.0,0.303,543600000.0,455900000.0,400200000.0,6.3,6.26,6.3,-744900000,-799100000.0,-744900000,6380278318.0,14.0,11.737,223300000.0,6.019,1.0,1221300000.0,0.681,1201600000,55700000.0,1037500000,1116750000.0,0,0,0,0,2661500000,796600000,1864900000,5275978318.0,-202800000.0,-300000.0,-200000.0,-354400000.0,-76700000.0,-435600000.0,-62600000.0,500000.0,280200000.0,15200000.0,233300000.0,233300000.0,233300000.0,0.0,0.0,0.13,761800000.0,459500000.0,35000000,0.329,-7.083,22.615,22.554,31900000,0.0,142.09,2.944,2.942,230300000,3243700000,1792100000.0,1792100000.0,0.0,0.112,-0.292,0.408,0.254,16600000.0,640700000.0,1.0,37131243,37100000,37300000.0,48.305,729800000,42100000,166900000.0,13900000,19.671,-291900000
1,DNB3,ART,2018-06-30,2018-08-09,2018-06-30,2020-07-01,-1000900000,1961900000,2171775000.0,518200000,1443700000,0.835,-20.871,-58000000.0,199500000,199500000,571200000.0,237200000.0,0.611,-3.513,1336800000,26300000,1310500000,1336800000,582000000,85200000.0,0,0.014,2.05,469500000.0,554700000.0,0.306,554700000.0,469500000.0,412200000.0,6.41,6.36,6.41,-774300000,-831375000.0,-774300000,6416915933.0,14.0,11.568,225300000.0,6.073,1.0,1241900000.0,0.685,1214100000,57300000.0,1036800000,1199500000.0,0,0,0,0,2720000000,848300000,1871700000,5279615933.0,-200700000.0,-200000.0,-200000.0,-369300000.0,-75800000.0,-452200000.0,-55600000.0,500000.0,283300000.0,23800000.0,237200000.0,237200000.0,237200000.0,0.0,0.0,0.131,769400000.0,472500000.0,40800000,0.32,-6.819,22.258,22.186,34500000,0.0,142.21,2.912,2.91,270500000,3212900000,1813100000.0,1813100000.0,0.0,0.109,-0.285,0.391,0.259,17800000.0,647100000.0,1.0,37125490,37100000,37200000.0,48.871,747800000,44800000,175000000.0,19800000,20.156,-330100000
2,DNB3,ART,2018-03-31,2018-05-10,2018-03-31,2020-07-01,-996100000,1943300000,2244725000.0,463700000,1479600000,0.793,-22.97,-61500000.0,188100000,188100000,571900000.0,189300000.0,0.516,-3.265,1328900000,35000000,1293900000,1328900000,572700000,81900000.0,0,0.017,2.03,435900000.0,517800000.0,0.291,517800000.0,435900000.0,376700000.0,5.12,5.08,5.12,-849900000,-870425000.0,-849900000,5623608932.0,13.0,10.861,222800000.0,6.022,1.0,1207300000.0,0.679,1228000000,59200000.0,957100000,1288400000.0,0,0,0,0,2775100000,899000000,1876100000,4482808932.0,-187300000.0,-1800000.0,-200000.0,-380500000.0,-75000000.0,-459400000.0,-54200000.0,500000.0,284300000.0,42000000.0,189300000.0,189300000.0,189300000.0,0.0,0.0,0.106,770600000.0,436700000.0,60800000,0.396,-5.275,23.681,23.609,37100000,0.0,120.88,2.52,2.514,235100000,3139400000,1779200000.0,1779200000.0,0.0,0.084,-0.217,0.338,0.245,20200000.0,654600000.0,1.0,37084786,37000000,37300000.0,48.086,715300000,69700000,187400000.0,50800000,19.332,-435300000
3,DNB3,ART,2017-12-31,2018-02-22,2017-12-31,2020-07-01,-1016900000,2480900000,2328725000.0,1093700000,1387200000,0.748,-22.42,-62100000.0,442400000,442400000,574700000.0,140900000.0,1.039,-3.979,1678100000,32500000,1645600000,1678100000,684400000,79700000.0,0,0.017,2.03,380300000.0,460000000.0,0.264,460000000.0,380300000.0,320600000.0,3.82,3.79,3.82,-827300000,-906650000.0,-827300000,5690403291.0,15.0,12.37,224400000.0,6.081,1.0,1167800000.0,0.67,1228600000,59700000.0,1435600000,1396925000.0,0,0,0,0,3292100000,1052400000,2239700000,4454703291.0,89800000.0,-151800000.0,-200000.0,58700000.0,-74200000.0,-18800000.0,-206600000.0,500000.0,286500000.0,28700000.0,140900000.0,140900000.0,140900000.0,800000.0,0.0,0.081,784900000.0,382900000.0,37400000,0.531,-5.385,31.616,31.521,38900000,0.0,120.41,2.557,2.55,611200000,3176300000,1742500000.0,1742500000.0,0.0,0.061,-0.155,0.272,0.218,27400000.0,673100000.0,1.0,36996124,36900000,37200000.0,47.222,1252300000,62000000,179700000.0,55800000,33.938,41300000
4,DNB3,ART,2017-09-30,2017-11-02,2017-09-30,2020-07-01,-899000000,2301000000,2260800000.0,882800000,1418200000,0.766,-23.622,-61200000.0,431000000,431000000,570800000.0,192700000.0,0.925,-3.614,1681600000,30000000,1651600000,1681600000,608700000,76100000.0,0,0.018,1.99,356600000.0,432700000.0,0.25,432700000.0,356600000.0,298700000.0,5.24,5.21,5.24,-874000000,-950325000.0,-874000000,5425202181.0,15.0,12.538,233800000.0,6.319,1.0,1161800000.0,0.671,1228600000,57900000.0,1368500000,1389900000.0,0,0,0,0,3158300000,954500000,2203800000,4174602181.0,103700000.0,-135700000.0,1700000.0,72700000.0,-73400000.0,-4200000.0,-193400000.0,500000.0,295000000.0,2700000.0,192700000.0,192700000.0,192700000.0,4000000.0,0.0,0.111,786600000.0,375200000.0,40500000,0.38,-4.776,21.664,21.555,40800000,0.0,112.95,2.409,2.412,415000000,3018200000,1732600000.0,1732600000.0,0.0,0.085,-0.203,0.257,0.206,29000000.0,684900000.0,1.0,36959736,37000000,37200000.0,46.827,1072400000,105000000,106000000.0,33700000,28.984,-71700000
5,DNB3,ART,2017-06-30,2017-08-08,2017-06-30,2020-07-01,-914900000,2253700000,2189775000.0,837600000,1416100000,0.784,-25.217,-60600000.0,400200000,400200000,558900000.0,109200000.0,0.897,-3.404,1700500000,27500000,1673000000,1700500000,642700000,73200000.0,0,0.018,1.97,266700000.0,339900000.0,0.198,339900000.0,266700000.0,210800000.0,2.98,2.96,2.98,-930500000,-998675000.0,-930500000,5428056146.0,20.0,15.97,257700000.0,6.984,1.0,1158200000.0,0.675,1227600000,55900000.0,1392400000,1373450000.0,0,0,0,0,3167000000,934000000,2233000000,4127756146.0,21100000.0,-138900000.0,40000000.0,-37600000.0,-72600000.0,-67500000.0,-201700000.0,500000.0,318300000.0,-28000000.0,109200000.0,109200000.0,109200000.0,4900000.0,0.0,0.064,781400000.0,376800000.0,38500000,0.661,-4.436,37.8,37.48,42900000,0.0,111.69,2.404,2.4,400400000,2982700000,1717100000.0,1717100000.0,0.0,0.05,-0.109,0.194,0.155,32300000.0,685200000.0,1.0,36957258,36900000,37100000.0,46.534,1026100000,101600000,101600000.0,14800000,27.808,-96400000
6,DNB3,ART,2017-03-31,2017-05-10,2017-03-31,2020-07-01,-944100000,2279300000,2167075000.0,860900000,1418400000,0.789,-27.033,-60100000.0,375400000,375400000,552200000.0,82900000.0,0.86,-3.276,1707200000,25000000,1682200000,1707200000,664700000,71100000.0,0,0.018,1.95,234200000.0,305300000.0,0.179,305300000.0,234200000.0,180000000.0,2.28,2.25,2.28,-994800000,-1038550000.0,-994800000,5414866063.0,23.0,17.736,255900000.0,6.954,1.0,1158000000.0,0.677,1219400000,54200000.0,1391200000,1388775000.0,0,0,0,0,3258800000,1000500000,2258300000,4083066063.0,9700000.0,-137000000.0,45800000.0,-40700000.0,-71500000.0,-67800000.0,-207300000.0,500000.0,316000000.0,-31200000.0,82900000.0,82900000.0,82900000.0,4900000.0,0.0,0.048,811100000.0,346900000.0,41200000,0.855,-4.104,49.253,48.535,42900000,0.0,110.66,2.387,2.381,449800000,2956400000,1710200000.0,1710200000.0,0.0,0.038,-0.08,0.169,0.137,31800000.0,718600000.0,1.0,36897398,36800000,37100000.0,46.473,1059900000,105500000,97100000.0,48100000,28.802,-139600000
7,DNB3,ART,2016-12-31,2017-02-23,2016-12-31,2020-07-01,-949600000,2209200000,2141250000.0,944400000,1264800000,0.796,-27.452,-60200000.0,352600000,352600000,542600000.0,97400000.0,0.935,-3.191,1617000000,22500000,1594500000,1617000000,628100000,68600000.0,0,0.018,1.95,250400000.0,319000000.0,0.187,319000000.0,250400000.0,197300000.0,2.67,2.65,2.67,-1002000000,-1069400000.0,-1002000000,5249165157.0,21.0,16.455,262500000.0,7.192,1.0,1161100000.0,0.682,1056100000,53100000.0,1407500000,1408275000.0,0,0,0,0,3197000000,1010000000,2187000000,3984765157.0,-13100000.0,13000000.0,44000000.0,-202600000.0,-70500000.0,-224900000.0,-58100000.0,500000.0,322700000.0,-52800000.0,97400000.0,97400000.0,97400000.0,4100000.0,0.0,0.057,801900000.0,359200000.0,46700000,0.73,-3.977,40.911,40.532,39400000,0.0,108.22,2.339,2.319,556800000,2959600000,1703700000.0,1703700000.0,0.0,0.045,-0.091,0.178,0.147,28200000.0,711200000.0,1.0,36820968,36500000,36800000.0,46.677,1153100000,114200000,99900000.0,49400000,31.592,-65600000
8,DNB3,ART,2016-09-30,2016-11-02,2016-09-30,2020-07-01,-947000000,2016900000,2157350000.0,764800000,1252100000,0.781,-29.164,-69300000.0,327300000,327300000,541000000.0,96100000.0,0.834,-2.877,1606400000,20000000,1586400000,1606400000,580500000,67000000.0,0,0.016,1.91,232900000.0,299900000.0,0.178,299900000.0,232900000.0,178800000.0,2.68,2.64,2.68,-1067400000,-1098100000.0,-1067400000,5654519807.0,24.0,18.855,264000000.0,7.213,1.0,1144900000.0,0.679,1076800000,54100000.0,1302700000,1466400000.0,0,0,0,0,3071200000,916500000,2154700000,4375419807.0,33400000.0,5100000.0,43400000.0,-143500000.0,-69400000.0,-170000000.0,-74400000.0,500000.0,333300000.0,-51900000.0,96100000.0,96100000.0,96100000.0,100000.0,0.0,0.057,819700000.0,325200000.0,55500000,0.713,-4.099,45.53,44.384,34000000,0.0,118.95,2.595,2.582,404400000,2899400000,1685900000.0,1685900000.0,0.0,0.045,-0.088,0.159,0.138,25500000.0,716700000.0,1.0,36783689,36600000,36600000.0,46.063,940100000,101800000,82700000.0,19400000,25.686,-151700000
9,DNB3,ART,2016-06-30,2016-08-02,2016-06-30,2020-07-01,-966200000,2162900000,2173725000.0,854000000,1308900000,0.773,-30.028,-68300000.0,379100000,379100000,542700000.0,184500000.0,0.909,-2.972,1735600000,20000000,1715600000,1735600000,630500000,65900000.0,0,0.014,1.89,305200000.0,371100000.0,0.221,371100000.0,305200000.0,250500000.0,5.11,5.06,5.11,-1090000000,-1120525000.0,-1090000000,6380290873.0,21.0,17.193,238100000.0,6.559,1.0,1136600000.0,0.677,1126700000,54700000.0,1453700000,1526025000.0,0,0,0,0,3239800000,939000000,2300800000,5023790873.0,233800000.0,159800000.0,6900000.0,-41000000.0,-68400000.0,-108500000.0,65300000.0,-6300000.0,306400000.0,-29400000.0,184500000.0,184500000.0,184500000.0,-600000.0,0.0,0.11,823200000.0,313400000.0,54600000,0.37,-4.609,27.229,27.078,34300000,0.0,138.37,2.992,2.991,434500000,2946500000,1679300000.0,1679300000.0,0.0,0.085,-0.165,0.2,0.182,21400000.0,719000000.0,1.0,36306937,36300000,36600000.0,46.262,1036200000,111100000,66000000.0,23500000,28.545,-85000000
10,DNB3,ART,2016-03-31,2016-05-10,2016-03-31,2020-07-01,-981700000,2176000000,2156175000.0,865800000,1310200000,0.768,-30.89,-66400000.0,365700000,365700000,546100000.0,157800000.0,0.902,-2.935,1745400000,20000000,1725400000,1745400000,661100000,60200000.0,0,0.016,1.87,278400000.0,338600000.0,0.204,338600000.0,278400000.0,225300000.0,4.37,4.33,4.37,-1118200000,-1155100000.0,-1118200000,5714750359.0,21.0,16.878,248500000.0,6.865,1.0,1109800000.0,0.67,1126300000,53100000.0,1469200000,1513450000.0,0,0,0,0,3282300000,960200000,2322100000,4335050359.0,10500000.0,-160200000.0,5800000.0,48600000.0,-67600000.0,-17300000.0,-244300000.0,-6300000.0,314900000.0,-42800000.0,157800000.0,157800000.0,157800000.0,36900000.0,0.0,0.095,784700000.0,325100000.0,51400000,0.428,-3.877,27.472,27.359,30900000,0.0,119.56,2.618,2.614,460200000,2945200000,1655900000.0,1655900000.0,0.0,0.073,-0.137,0.184,0.168,21200000.0,684800000.0,1.0,36258367,36200000,36400000.0,45.743,1049700000,111100000,67500000.0,31500000,28.997,-94400000
11,DNB3,ART,2015-12-31,2016-02-26,2015-12-31,2020-07-01,-965500000,2273600000,2119100000.0,959600000,1314000000,0.773,-30.936,-64800000.0,365700000,365700000,544700000.0,168800000.0,1.0,-3.026,1824100000,20000000,1804100000,1824100000,647800000,58700000.0,0,0.019,1.87,294000000.0,352700000.0,0.215,352700000.0,294000000.0,243000000.0,4.68,4.64,4.68,-1116800000,-1178200000.0,-1116800000,4936633458.0,17.0,13.997,278400000.0,7.712,1.0,1092400000.0,0.667,1132800000,51000000.0,1640000000,1487825000.0,0,0,0,0,3378900000,959200000,2419700000,3478233458.0,46300000.0,-284400000.0,8400000.0,171300000.0,-66700000.0,110700000.0,-376500000.0,-6300000.0,343200000.0,-31100000.0,168800000.0,168800000.0,168800000.0,35400000.0,0.0,0.103,755400000.0,337000000.0,31300000,0.4,-3.114,20.606,20.547,27200000,0.0,96.16,2.125,2.12,541400000,2932800000,1637100000.0,1637100000.0,0.0,0.08,-0.143,0.198,0.18,18700000.0,664400000.0,1.0,36171313,36100000,36400000.0,45.349,1140800000,112200000,74200000.0,37000000,31.601,400000
12,DNB3,ART,2015-09-30,2015-11-03,2015-09-30,2020-07-01,-940000000,2082400000,2047250000.0,762900000,1319500000,0.805,-32.053,-58200000.0,293900000,293900000,553200000.0,185600000.0,0.888,-2.791,1759900000,0,1759900000,1759900000,580900000,57700000.0,0,0.017,1.828,319300000.0,377000000.0,0.229,377000000.0,319300000.0,271300000.0,5.09,5.05,5.09,-1157100000,-1199825000.0,-1157100000,5386439072.0,17.0,14.288,270500000.0,7.493,1.0,1094400000.0,0.664,1147700000,48000000.0,1541200000,1433000000.0,0,0,0,0,3228900000,859500000,2369400000,3920439072.0,-16100000.0,-292600000.0,8600000.0,122300000.0,-65800000.0,66700000.0,-376700000.0,-6300000.0,328700000.0,-34800000.0,183800000.0,183800000.0,183800000.0,37700000.0,1800000.0,0.112,727600000.0,366800000.0,39100000,0.359,-3.388,21.33,21.316,23600000,0.0,108.5,2.379,2.377,394900000,2872900000,1647600000.0,1647600000.0,0.0,0.09,-0.153,0.223,0.194,19300000.0,649300000.0,1.0,36133079,36100000,36400000.0,45.64,934700000,121200000,87500000.0,31500000,25.892,-96600000
13,DNB3,ART,2015-06-30,2015-08-06,2015-06-30,2020-07-01,-962700000,2092700000,1973950000.0,769300000,1323400000,0.84,-34.025,-61600000.0,137800000,137800000,568600000.0,195000000.0,0.651,-2.695,1786600000,300500000,1486100000,1786600000,599700000,57600000.0,0,0.016,1.805,333200000.0,390800000.0,0.236,390800000.0,333200000.0,288100000.0,5.33,5.28,5.33,-1228300000,-1183550000.0,-1228300000,5843817310.0,18.0,14.953,249900000.0,6.922,1.0,1089900000.0,0.657,1156100000,45100000.0,1403400000,1437800000.0,0,0,0,0,3310600000,1182000000,2128600000,4195017310.0,-140600000.0,-444200000.0,-46400000.0,216200000.0,-65000000.0,105700000.0,-521300000.0,0.0,311500000.0,-36500000.0,192300000.0,192300000.0,192300000.0,37500000.0,2700000.0,0.116,711300000.0,378600000.0,44600000,0.339,-3.415,21.815,21.795,24300000,0.0,116.17,2.529,2.529,393600000,2830600000,1658500000.0,1658500000.0,0.0,0.097,-0.162,0.232,0.201,17800000.0,636600000.0,1.0,36111021,36100000,36400000.0,45.942,936600000,121100000,95800000.0,30700000,25.945,-412700000
14,DNB3,ART,2015-03-31,2015-05-06,2015-03-31,2020-07-01,-959100000,2027700000,1894125000.0,895800000,1131900000,0.885,-33.628,-55900000.0,355200000,355200000,563900000.0,253800000.0,0.764,-2.667,1703500000,300800000,1402700000,1703500000,610800000,62100000.0,0,0.014,1.782,398900000.0,461000000.0,0.275,461000000.0,398900000.0,354800000.0,6.91,6.85,6.91,-1210600000,-1147725000.0,-1210600000,5850894991.0,15.0,12.692,257900000.0,7.164,1.0,1112200000.0,0.664,836800000,44100000.0,1366700000,1456175000.0,0,0,0,0,3229000000,1172500000,2056500000,4502594991.0,86900000.0,-132500000.0,-120000000.0,189800000.0,-64300000.0,5800000.0,-200700000.0,0.0,313800000.0,-32000000.0,250100000.0,250100000.0,250100000.0,0.0,3700000.0,0.149,706800000.0,405400000.0,56900000,0.258,-3.719,18.003,18.082,27200000,0.0,124.95,2.686,2.684,477200000,2855300000,1676100000.0,1676100000.0,0.0,0.132,-0.218,0.274,0.238,14900000.0,629900000.0,1.0,36035174,36000000,36400000.0,46.558,1190900000,240200000,104700000.0,49600000,33.081,-276700000
15,DNB3,ART,2014-12-31,2015-02-26,2014-12-31,2020-07-01,-922100000,1986200000,1839000000.0,935900000,1050300000,0.915,-32.967,-53900000.0,319400000,319400000,557600000.0,297900000.0,0.808,-2.643,1653300000,301100000,1352200000,1653300000,584900000,63100000.0,0,0.013,1.782,390300000.0,453400000.0,0.27,453400000.0,390300000.0,347000000.0,8.06,7.99,8.06,-1203300000,-1112250000.0,-1203300000,6189052177.0,16.0,13.65,261600000.0,7.167,1.0,1124200000.0,0.668,740500000,43300000.0,1420700000,1470050000.0,0,0,0,0,3180800000,1158900000,2021900000,4855152177.0,83500000.0,-8300000.0,-217300000.0,137400000.0,-64000000.0,-144400000.0,-70000000.0,0.0,315500000.0,-17600000.0,294400000.0,294400000.0,294400000.0,0.0,3500000.0,0.175,702700000.0,421500000.0,31400000,0.221,-4.035,16.492,16.747,27400000,0.0,134.98,2.887,2.929,545600000,2831100000,1681800000.0,1681800000.0,0.0,0.16,-0.265,0.266,0.232,14200000.0,624700000.0,1.0,35969419,36500000,36900000.0,46.077,1245700000,249100000,52600000.0,52400000,34.129,-223000000
16,DNB3,ART,2014-09-30,2014-11-03,2014-09-30,2020-07-01,-729800000,1789200000,1815025000.0,785400000,1003800000,0.919,-30.249,-57900000.0,310000000,310000000,570100000.0,281900000.0,1.0,-2.631,1633400000,100000,1633300000,1633400000,529000000,65600000.0,0,0.014,1.72,368000000.0,433600000.0,0.26,433600000.0,368000000.0,325200000.0,7.48,7.41,7.48,-1092000000,-1073525000.0,-1092000000,5753236382.0,16.0,13.269,252800000.0,7.003,1.0,1098600000.0,0.658,766500000,42800000.0,1560400000,1501000000.0,0,0,0,0,2872600000,785700000,2086900000,4429836382.0,95700000.0,-7500000.0,-263400000.0,177700000.0,-63400000.0,-147500000.0,-70500000.0,0.0,310700000.0,3000000.0,278000000.0,278000000.0,278000000.0,0.0,3900000.0,0.167,699600000.0,399000000.0,39000000,0.23,-4.057,15.935,16.492,36100000,0.0,123.36,2.655,2.669,419400000,2755300000,1668700000.0,1668700000.0,0.0,0.153,-0.259,0.245,0.221,13300000.0,618800000.0,1.0,35909828,36100000,36500000.0,46.224,1022700000,166900000,47200000.0,29900000,28.33,-300000
17,DNB3,ART,2014-06-30,2014-08-07,2014-06-30,2020-07-01,-721000000,1773400000,1830200000.0,744800000,1028600000,0.908,-29.564,-50100000.0,285900000,285900000,554200000.0,287000000.0,0.925,-2.627,1566900000,100000,1566800000,1566900000,578200000,67000000.0,0,0.015,1.68,398700000.0,465700000.0,0.28,465700000.0,398700000.0,356500000.0,7.5,7.43,7.5,-1085000000,-1103400000.0,-1085000000,5355505669.0,13.0,11.5,270200000.0,7.362,1.0,1108500000.0,0.667,772400000,42200000.0,1476900000,1485525000.0,0,0,0,0,2850500000,805100000,2045400000,4074505669.0,89400000.0,-7400000.0,-279900000.0,159100000.0,-62800000.0,-183100000.0,-60000000.0,0.0,320300000.0,12200000.0,283300000.0,283300000.0,283300000.0,0.0,3700000.0,0.17,685800000.0,422700000.0,42300000,0.224,-3.755,14.382,14.937,39700000,0.0,112.03,2.451,2.473,417200000,2703600000,1662700000.0,1662700000.0,0.0,0.155,-0.257,0.268,0.24,12100000.0,599500000.0,1.0,36369773,36700000,36900000.0,45.305,1001000000,164600000,73200000.0,47200000,27.275,-60300000
18,DNB3,ART,2014-03-31,2014-05-07,2014-03-31,2020-07-01,-736800000,1807200000,1846475000.0,781400000,1025800000,0.897,-28.575,-50700000.0,268300000,268300000,552600000.0,294500000.0,0.901,-2.685,1513900000,100000,1513800000,1513900000,628200000,68800000.0,0,0.015,1.64,407300000.0,476100000.0,0.287,476100000.0,407300000.0,365900000.0,7.6,7.52,7.6,-1068700000,-1130425000.0,-1068700000,5182631439.0,13.0,10.886,270800000.0,7.241,1.0,1103500000.0,0.666,763700000,41400000.0,1422200000,1472425000.0,0,0,0,0,2869100000,866900000,2002200000,3937031439.0,95500000.0,800000.0,-328800000.0,211500000.0,-62700000.0,-176500000.0,-56300000.0,0.0,321500000.0,6800000.0,290900000.0,290900000.0,290900000.0,0.0,3600000.0,0.176,671900000.0,431600000.0,48800000,0.216,-3.684,13.534,13.995,39900000,0.0,106.36,2.377,2.402,477500000,2669800000,1656100000.0,1656100000.0,0.0,0.158,-0.257,0.277,0.246,15900000.0,586600000.0,1.0,37016091,37400000,37700000.0,44.281,1043500000,166600000,75000000.0,55700000,27.901,-85500000
19,DNB3,ART,2013-12-31,2014-02-28,2013-12-31,2020-07-01,-738800000,1890300000,1870175000.0,822400000,1067900000,0.885,-26.813,-55100000.0,235900000,235900000,550500000.0,262100000.0,0.965,-2.797,1516100000,100000,1516000000,1516100000,600800000,71200000.0,0,0.017,1.64,434700000.0,505900000.0,0.306,505900000.0,434700000.0,394000000.0,6.61,6.54,6.61,-1048400000,-1138475000.0,-1048400000,5010303830.0,12.0,9.904,278200000.0,7.115,1.0,1104700000.0,0.667,773700000,40700000.0,1544500000,1448525000.0,0,0,0,0,2932600000,852300000,2080300000,3730103830.0,86800000.0,800000.0,-350400000.0,225700000.0,-62500000.0,-184300000.0,-61600000.0,0.0,333300000.0,-600000.0,258500000.0,258500000.0,258500000.0,0.0,3600000.0,0.156,667600000.0,437100000.0,41400000,0.248,-3.558,14.43,15.009,39600000,0.0,99.21,2.254,2.344,570400000,2600900000,1655200000.0,1655200000.0,0.0,0.138,-0.227,0.3,0.263,17400000.0,582500000.0,1.0,37598063,39100000,39500000.0,42.332,1116600000,171500000,135500000.0,115500000,28.558,-29900000
20,DNB3,ART,2013-09-30,2013-11-05,2013-09-30,2020-07-01,-885200000,1849900000,1895550000.0,659100000,1190800000,0.866,-31.468,-58800000.0,214300000,214300000,514000000.0,280700000.0,0.836,-2.523,1456000000,100000,1455900000,1456000000,541300000,72000000.0,0,0.015,1.58,454500000.0,526500000.0,0.321,526500000.0,454500000.0,412600000.0,6.83,6.77,6.83,-1211500000,-1130725000.0,-1211500000,5315698219.0,12.0,10.096,291200000.0,7.564,1.0,1127600000.0,0.687,805100000,41900000.0,1498500000,1413800000.0,0,0,0,0,3056200000,788000000,2268200000,4073998219.0,77300000.0,1200000.0,-568400000.0,432600000.0,-63500000.0,-202400000.0,-66400000.0,0.0,350000000.0,-3900000.0,279200000.0,279200000.0,279200000.0,0.0,1500000.0,0.17,666700000.0,460900000.0,33900000,0.231,-3.363,14.592,15.631,38400000,0.0,106.76,2.482,2.504,436100000,2540900000,1641600000.0,1641600000.0,0.0,0.147,-0.247,0.321,0.277,17000000.0,577900000.0,1.0,38160343,38500000,38900000.0,42.639,1044800000,260800000,133400000.0,115800000,27.138,-128900000
21,DNB3,ART,2013-06-30,2013-08-07,2013-06-30,2020-07-01,-877800000,1838500000,1888475000.0,628600000,1209900000,0.87,-30.282,-66900000.0,196500000,196500000,506300000.0,287900000.0,0.783,-2.537,1408100000,100000,1408000000,1408100000,579600000,74600000.0,0,0.015,1.56,427900000.0,502500000.0,0.306,502500000.0,427900000.0,386800000.0,6.71,6.66,6.71,-1193100000,-1020250000.0,-1193100000,5282608874.0,12.0,10.513,282000000.0,7.157,1.0,1137400000.0,0.692,822700000,41100000.0,1424500000,1201575000.0,0,0,0,0,3026900000,802900000,2224000000,4071008874.0,77900000.0,1100000.0,-528300000.0,395400000.0,-65300000.0,-199700000.0,-66400000.0,0.0,348900000.0,-4900000.0,286000000.0,286000000.0,286000000.0,0.0,1900000.0,0.174,687300000.0,450100000.0,41800000,0.232,-3.412,14.234,15.638,39100000,0.0,104.93,2.477,2.515,414700000,2483600000,1643700000.0,1643700000.0,0.0,0.151,-0.28,0.356,0.26,18700000.0,597200000.0,1.0,38797378,39400000,39800000.0,41.718,1015800000,269500000,100800000.0,105300000,25.782,-174300000
22,DNB3,ART,2013-03-31,2013-05-08,2013-03-31,2020-07-01,-859000000,1902000000,1877750000.0,673500000,1228500000,0.874,-27.116,-75500000.0,172800000,172800000,502600000.0,286000000.0,0.776,-2.724,1302800000,100000,1302700000,1302800000,634200000,76400000.0,0,0.017,1.54,423900000.0,500300000.0,0.305,500300000.0,423900000.0,383600000.0,6.46,6.42,6.46,-1100900000,-928400000.0,-1100900000,4805066224.0,11.0,9.604,287300000.0,7.076,1.0,1138600000.0,0.694,837000000,40300000.0,1326600000,1004900000.0,0,0,0,0,2999000000,868400000,2130600000,3675066224.0,55100000.0,1100000.0,-613300000.0,461500000.0,-66900000.0,-223400000.0,-79600000.0,0.0,362800000.0,-4700000.0,285000000.0,285000000.0,285000000.0,0.0,1000000.0,0.174,693100000.0,445500000.0,42000000,0.238,-3.338,12.895,14.241,40400000,0.0,92.0,2.239,2.276,481000000,2442000000,1641200000.0,1641200000.0,0.0,0.152,-0.307,0.422,0.258,15200000.0,594100000.0,1.0,39946372,40600000,40900000.0,40.424,1065000000,268300000,98600000.0,118500000,26.232,-194900000
23,DNB3,ART,2012-12-31,2013-02-28,2012-12-31,2020-07-01,-852100000,1991800000,1878200000.0,747400000,1244400000,0.885,-22.311,-74400000.0,149100000,149100000,521000000.0,296500000.0,0.853,-2.955,1290900000,200000,1290700000,1290900000,610700000,78300000.0,0,0.019,1.54,418100000.0,496400000.0,0.298,496400000.0,418100000.0,378600000.0,6.47,6.43,6.47,-1017400000,-811250000.0,-1017400000,4436213933.0,11.0,8.937,283400000.0,6.215,1.0,1142000000.0,0.687,851300000,39500000.0,1405600000,890575000.0,0,0,0,0,3006100000,876700000,2129400000,3294413933.0,64700000.0,9100000.0,-487900000.0,325800000.0,-69000000.0,-235900000.0,-59000000.0,0.0,357800000.0,1800000.0,295500000.0,295500000.0,295500000.0,0.0,1000000.0,0.178,709900000.0,432100000.0,40900000,0.238,-3.238,11.149,12.457,40600000,0.0,80.6,1.981,2.21,567900000,2405500000,1663000000.0,1663000000.0,0.0,0.157,-0.364,0.469,0.251,15400000.0,602200000.0,1.0,40873622,45600000,46000000.0,36.469,1140500000,274100000,83100000.0,115400000,25.011,-129300000
24,DNB3,ART,2012-09-30,2012-11-01,2012-09-30,2020-07-01,-784400000,1821600000,1874525000.0,598200000,1223400000,0.906,-17.179,-72600000.0,137000000,137000000,551200000.0,295700000.0,0.493,-3.362,1024100000,400200000,623900000,1024100000,543400000,80400000.0,0,0.018,1.5,408500000.0,488900000.0,0.288,488900000.0,408500000.0,371100000.0,6.24,6.2,6.24,-769600000,-742875000.0,-769600000,4504022751.0,11.0,9.213,276200000.0,6.165,1.0,1147400000.0,0.675,845100000,37400000.0,649600000,804700000.0,0,0,0,0,2587300000,1214000000,1373300000,3616922751.0,47500000.0,900000.0,-286200000.0,130900000.0,-70000000.0,-226500000.0,-70100000.0,0.0,348800000.0,-4700000.0,293000000.0,293000000.0,293000000.0,0.0,2700000.0,0.172,728900000.0,418500000.0,40400000,0.24,-4.7,12.344,13.006,37900000,0.0,81.16,2.129,2.141,443200000,2325700000,1698600000.0,1698600000.0,0.0,0.156,-0.394,0.508,0.24,16200000.0,621200000.0,1.0,44565337,44800000,45200000.0,37.915,976500000,271600000,78100000.0,121000000,21.797,-615800000
25,DNB3,ART,2012-06-30,2012-08-09,2012-06-30,2020-07-01,-804900000,1795600000,1863025000.0,565800000,1229800000,0.926,-17.681,-68600000.0,118600000,118600000,577200000.0,273800000.0,0.463,-3.17,1013600000,400600000,613000000,1013600000,575300000,81000000.0,0,0.019,1.48,406800000.0,487800000.0,0.283,487800000.0,406800000.0,369800000.0,5.66,5.63,5.66,-825700000,-692250000.0,-825700000,4348250009.0,11.0,8.914,273700000.0,5.861,1.0,1147600000.0,0.665,831400000,37000000.0,637800000,803475000.0,0,0,0,0,2617500000,1221400000,1396100000,3453250009.0,35500000.0,-500000.0,-302200000.0,146700000.0,-70500000.0,-224800000.0,-75900000.0,0.0,342300000.0,-6100000.0,271800000.0,271800000.0,271800000.0,0.0,2000000.0,0.158,738100000.0,409500000.0,49000000,0.261,-4.182,12.705,13.594,40000000,0.0,76.94,2.002,2.083,435100000,2263300000,1724800000.0,1724800000.0,0.0,0.146,-0.393,0.506,0.236,17000000.0,629300000.0,1.0,44882376,46700000,47000000.0,36.934,964200000,274200000,98000000.0,138300000,20.647,-655600000
26,DNB3,ART,2012-03-31,2012-05-08,2012-03-31,2020-07-01,-773000000,1903800000,1855900000.0,634700000,1269100000,0.947,-13.256,-59200000.0,117700000,117700000,594500000.0,276000000.0,0.709,-4.005,842800000,1000000,841800000,842800000,631000000,81900000.0,0,0.022,1.46,399100000.0,481000000.0,0.274,481000000.0,399100000.0,362200000.0,5.64,5.61,5.64,-632300000,-629975000.0,-632300000,3838149194.0,10.0,7.98,285100000.0,5.977,1.0,1163200000.0,0.662,863900000,36900000.0,869300000,800200000.0,0,0,0,0,2532100000,895700000,1636400000,3113049194.0,34100000.0,-7500000.0,-121300000.0,-54800000.0,-70700000.0,-244200000.0,-64400000.0,-1000000.0,344300000.0,-1600000.0,273800000.0,273800000.0,273800000.0,0.0,2200000.0,0.156,753300000.0,409900000.0,40700000,0.259,-4.923,11.37,11.532,43600000,0.0,65.04,1.771,1.765,503400000,2224400000,1757700000.0,1757700000.0,0.0,0.148,-0.435,0.499,0.227,17900000.0,644400000.0,1.0,47863610,47700000,48100000.0,36.849,1039900000,273500000,88400000.0,139300000,21.801,-261000000
27,DNB3,ART,2011-12-31,2012-02-29,2011-12-31,2020-07-01,-806700000,1977100000,1836325000.0,726900000,1250200000,0.958,-15.213,-53400000.0,84400000,84400000,587100000.0,260200000.0,0.762,-3.653,965000000,1100000,963900000,965000000,598200000,81100000.0,0,0.018,1.46,406500000.0,487600000.0,0.277,487600000.0,406500000.0,369500000.0,5.31,5.28,5.31,-743900000,-628075000.0,-743900000,4824807431.0,12.0,9.895,259500000.0,5.307,1.0,1171400000.0,0.666,842100000,37000000.0,1062100000,791400000.0,0,0,0,0,2717300000,953500000,1763800000,3944207431.0,5900000.0,-15800000.0,-155800000.0,-15800000.0,-70400000.0,-238000000.0,-73400000.0,-1000000.0,312900000.0,4400000.0,260300000.0,260300000.0,260300000.0,0.0,-100000.0,0.148,746600000.0,424800000.0,36400000,0.275,-5.302,15.153,15.565,45700000,0.0,82.65,2.243,2.298,571600000,2179300000,1758500000.0,1758500000.0,0.0,0.142,-0.414,0.514,0.231,18800000.0,643400000.0,1.0,47721808,48900000,49300000.0,35.961,1135000000,276700000,109200000.0,147200000,23.211,-226600000
28,DNB3,ART,2011-09-30,2011-11-04,2011-09-30,2020-07-01,-633600000,1775600000,1818425000.0,568500000,1207100000,0.958,-11.597,-49700000.0,89500000,89500000,580200000.0,257700000.0,0.543,-4.115,893200000,188600000,704600000,893200000,516200000,80400000.0,0,0.022,1.43,409500000.0,489900000.0,0.281,489900000.0,409500000.0,370400000.0,5.24,5.21,5.24,-567100000,-605700000.0,-567100000,4033796756.0,10.0,8.234,262000000.0,5.358,1.0,1161300000.0,0.667,887800000,39100000.0,644700000,777225000.0,0,0,0,0,2333600000,1046800000,1286800000,3230096756.0,12300000.0,-10300000.0,-109600000.0,-73200000.0,-70600000.0,-248900000.0,-56400000.0,-1000000.0,311700000.0,5900000.0,259400000.0,259400000.0,259400000.0,0.0,-1700000.0,0.149,731300000.0,430000000.0,32100000,0.273,-5.696,12.452,12.681,48000000,0.0,66.45,1.855,1.866,454800000,2126300000,1741500000.0,1741500000.0,0.0,0.143,-0.428,0.527,0.235,19200000.0,628200000.0,1.0,48609432,48900000,49100000.0,35.613,887800000,195500000,111000000.0,140900000,18.155,-478300000
29,DNB3,ART,2011-06-30,2011-08-03,2011-06-30,2020-07-01,-641400000,1767100000,1806350000.0,555000000,1212100000,0.943,-11.696,-51600000.0,83100000,83100000,576900000.0,255700000.0,0.534,-4.049,861500000,160900000,700600000,861500000,559300000,76900000.0,0,0.02,1.42,418200000.0,495100000.0,0.291,495100000.0,418200000.0,377200000.0,5.18,5.14,5.18,-576600000,-645575000.0,-576600000,4206591874.0,10.0,8.496,271000000.0,5.497,1.0,1125600000.0,0.661,882100000,41000000.0,624700000,765600000.0,0,0,0,0,2334900000,1038700000,1296200000,3428191874.0,-126600000.0,-202700000.0,-82800000.0,-72100000.0,-70400000.0,-223000000.0,-239400000.0,-1000000.0,322600000.0,13200000.0,257500000.0,257500000.0,257500000.0,0.0,-1800000.0,0.151,721300000.0,404300000.0,28800000,0.274,-5.946,13.313,13.454,49700000,0.0,69.69,2.014,2.018,451800000,2085400000,1702500000.0,1702500000.0,0.0,0.143,-0.399,0.546,0.246,19500000.0,623100000.0,1.0,49192020,49300000,49700000.0,34.533,885000000,198300000,119700000.0,143300000,17.951,-483700000
30,DNB3,ART,2011-03-31,2011-05-05,2011-03-31,2020-07-01,-662700000,1825500000,1772700000.0,603900000,1221600000,0.949,-12.62,-57000000.0,83600000,83600000,562600000.0,253400000.0,0.652,-3.908,890700000,2100000,888600000,890700000,607100000,72300000.0,0,0.017,1.41,428400000.0,500700000.0,0.298,500700000.0,428400000.0,384700000.0,5.11,5.06,5.11,-624700000,-699550000.0,-624700000,4876787456.0,11.0,9.74,269800000.0,5.451,1.0,1120400000.0,0.666,872800000,43700000.0,834100000,749550000.0,0,0,0,0,2441300000,925700000,1515600000,4069687456.0,-135100000.0,-194700000.0,-89500000.0,-68700000.0,-70100000.0,-228000000.0,-236400000.0,0.0,326800000.0,2500000.0,255000000.0,255000000.0,255000000.0,0.0,-1600000.0,0.152,715300000.0,405100000.0,36700000,0.276,-6.515,15.96,16.022,50900000,0.0,81.87,2.418,2.408,508200000,2044700000,1683000000.0,1683000000.0,0.0,0.144,-0.365,0.572,0.255,22200000.0,628600000.0,1.0,49709142,49500000,50000000.0,34.0,952700000,199600000,129700000.0,162500000,19.246,-321800000
31,DNB3,ART,2010-12-31,2011-03-01,2010-12-31,2020-07-01,-681100000,1905500000,1741200000.0,668300000,1237200000,0.963,-13.114,-65900000.0,78500000,78500000,557700000.0,250900000.0,0.72,-3.898,973500000,1500000,972000000,973500000,578100000,68100000.0,0,0.018,1.41,436000000.0,504100000.0,0.301,504100000.0,436000000.0,390000000.0,5.03,4.98,5.03,-654400000,-740500000.0,-654400000,4861789532.0,11.0,9.644,253500000.0,5.08,1.0,1118900000.0,0.667,867400000,46000000.0,1005400000,692850000.0,0,0,0,0,2551100000,927700000,1623400000,3966789532.0,-144400000.0,-195800000.0,-126700000.0,5000000.0,-70000000.0,-192900000.0,-253600000.0,0.0,319400000.0,-17300000.0,252100000.0,252100000.0,252100000.0,0.0,-1200000.0,0.15,709800000.0,409100000.0,34800000,0.28,-6.062,15.735,15.865,53100000,0.0,79.8,2.366,2.375,578900000,2012700000,1676600000.0,1676600000.0,0.0,0.145,-0.34,0.629,0.26,24300000.0,626900000.0,1.0,49709142,49900000,50400000.0,33.599,1038100000,201000000,137900000.0,151400000,20.804,-259400000
32,DNB3,ART,2010-09-30,2010-11-02,2010-09-30,2020-07-01,-687400000,1727300000,1702175000.0,549600000,1177700000,0.974,-14.62,-66300000.0,77200000,77200000,542000000.0,244000000.0,0.473,-3.365,956000000,301400000,654600000,956000000,516200000,64000000.0,0,0.018,1.39,433600000.0,497600000.0,0.3,497600000.0,433600000.0,387800000.0,4.8,4.74,4.8,-726600000,-763325000.0,-726600000,4655561535.0,11.0,9.356,279300000.0,5.62,1.0,1116600000.0,0.673,845900000,45800000.0,598200000,686425000.0,0,0,0,0,2444700000,1162000000,1282700000,3776761535.0,-110100000.0,-194100000.0,-187300000.0,57900000.0,-70200000.0,-197900000.0,-249700000.0,0.0,345600000.0,-8100000.0,243900000.0,243900000.0,243900000.0,0.0,100000.0,0.147,710600000.0,406000000.0,34200000,0.29,-5.198,15.485,15.796,53100000,0.0,75.82,2.277,2.272,452900000,1937500000,1658600000.0,1658600000.0,0.0,0.143,-0.32,0.632,0.261,25700000.0,629700000.0,1.0,49812207,49700000,50100000.0,33.372,881400000,199000000,143900000.0,141700000,17.734,-612400000
33,DNB3,ART,2010-06-30,2010-08-04,2010-06-30,2020-07-01,-727300000,1632500000,1670425000.0,684900000,947600000,0.992,-15.85,-67000000.0,209700000,209700000,515600000.0,241900000.0,0.59,-3.049,926400000,301300000,625100000,926400000,535900000,60700000.0,0,0.02,1.38,423500000.0,484200000.0,0.292,484200000.0,423500000.0,377300000.0,4.7,4.64,4.7,-792500000,-764450000.0,-792500000,4183361361.0,10.0,8.64,279100000.0,5.582,1.0,1141600000.0,0.689,628100000,46200000.0,560500000,750550000.0,0,0,0,0,2416400000,1160600000,1255800000,3466661361.0,-16700000.0,-42600000.0,-229700000.0,54700000.0,-70500000.0,-241700000.0,-110800000.0,0.0,346100000.0,-10300000.0,241400000.0,241400000.0,241400000.0,0.0,500000.0,0.146,718000000.0,423600000.0,41400000,0.294,-4.374,14.361,14.736,51700000,0.0,69.26,2.092,2.09,451400000,1898400000,1657200000.0,1657200000.0,0.0,0.145,-0.316,0.564,0.256,26700000.0,632100000.0,1.0,50052864,50000000,50500000.0,33.144,1004400000,204200000,135900000.0,131700000,20.088,-475700000
34,DNB3,ART,2010-03-31,2010-05-10,2010-03-31,2020-07-01,-706200000,1699500000,1668100000.0,728400000,971100000,1.005,-15.645,-68500000.0,218700000,218700000,515700000.0,263400000.0,0.616,-3.142,952400000,302700000,649700000,952400000,577200000,57600000.0,0,0.018,1.37,455800000.0,513400000.0,0.306,513400000.0,455800000.0,410000000.0,5.03,4.97,5.03,-788500000,-747975000.0,-788500000,4595537408.0,10.0,8.951,306600000.0,6.083,1.0,1161100000.0,0.692,643400000,45800000.0,607300000,816175000.0,0,0,0,0,2477800000,1182500000,1295300000,3861837408.0,38800000.0,-33800000.0,-235400000.0,49500000.0,-71100000.0,-253000000.0,-97000000.0,0.0,375100000.0,13700000.0,262200000.0,262200000.0,262200000.0,0.0,1200000.0,0.156,718000000.0,443100000.0,37500000,0.272,-4.898,14.729,15.237,51100000,0.0,76.64,2.303,2.304,490800000,1859900000,1676800000.0,1676800000.0,0.0,0.157,-0.351,0.558,0.272,24800000.0,634000000.0,1.0,50389319,50400000,50900000.0,33.27,1056100000,207300000,147800000.0,132500000,20.954,-454100000
35,DNB3,ART,2009-12-31,2010-02-25,2009-12-31,2020-07-01,-689000000,1749400000,1646875000.0,759600000,989800000,1.024,-14.258,-65300000.0,222900000,222900000,500300000.0,322000000.0,0.884,-3.33,963500000,1700000,961800000,963500000,539700000,58100000.0,0,0.019,1.36,477200000.0,535300000.0,0.317,535300000.0,477200000.0,431500000.0,6.06,5.99,6.06,-745700000,-748725000.0,-745700000,4332394000.0,9.0,8.093,304200000.0,5.816,1.0,1186700000.0,0.703,651200000,45700000.0,979700000,883250000.0,0,0,0,0,2483400000,859100000,1624300000,3591794000.0,58700000.0,-62900000.0,-204400000.0,56000000.0,-71500000.0,-213100000.0,-120700000.0,-5000000.0,369500000.0,23000000.0,319400000.0,319400000.0,319400000.0,0.0,2600000.0,0.189,722200000.0,464500000.0,36400000,0.224,-4.817,11.245,11.622,53600000,0.0,70.43,2.129,2.183,515900000,1830700000,1687000000.0,1687000000.0,0.0,0.194,-0.427,0.54,0.283,28800000.0,641000000.0,1.0,50998069,52300000,52900000.0,32.256,1098200000,216400000,112100000.0,118500000,20.998,-99500000
36,DNB3,ART,2009-09-30,2009-11-05,2009-09-30,2020-07-01,-678800000,1600300000,1606025000.0,631800000,968500000,1.057,-14.06,-58300000.0,187300000,187300000,485100000.0,337100000.0,0.777,-3.174,894500000,1300000,893200000,894500000,476400000,59200000.0,0,0.017,1.32,509100000.0,568300000.0,0.335,568300000.0,509100000.0,461800000.0,6.3,6.22,6.3,-731100000,-776350000.0,-731100000,4829299102.0,9.0,8.498,330400000.0,6.354,1.0,1212900000.0,0.714,639300000,47300000.0,854700000,853125000.0,0,0,0,0,2320600000,813500000,1507100000,4122099102.0,-43300000.0,-119300000.0,-178300000.0,26500000.0,-69900000.0,-216400000.0,-200000000.0,-5000000.0,388700000.0,-15600000.0,335100000.0,335100000.0,335100000.0,0.0,2000000.0,0.197,723400000.0,489500000.0,55600000,0.21,-5.638,12.301,12.589,53000000,0.0,79.31,2.428,2.429,408100000,1763900000,1698000000.0,1698000000.0,0.0,0.209,-0.432,0.597,0.3,30000000.0,645300000.0,1.0,51974519,52000000,52600000.0,32.654,961000000,231900000,126700000.0,115200000,18.481,-181700000
37,DNB3,ART,2009-06-30,2009-08-05,2009-06-30,2020-07-01,-692800000,1623200000,1616525000.0,705200000,918000000,1.057,-13.814,-57600000.0,226400000,226400000,481200000.0,347500000.0,0.827,-3.224,868600000,600000,868000000,868600000,518100000,59800000.0,0,0.017,1.28,522400000.0,582200000.0,0.341,582200000.0,522400000.0,474800000.0,6.48,6.38,6.48,-726600000,-733075000.0,-726600000,4513433636.0,9.0,7.752,348400000.0,6.624,1.0,1227000000.0,0.718,589700000,47600000.0,823000000,877125000.0,0,0,0,0,2342900000,852700000,1490200000,3871233636.0,-19100000.0,-79900000.0,-194500000.0,41100000.0,-68500000.0,-213600000.0,-167800000.0,-15000000.0,406000000.0,-43700000.0,346200000.0,346200000.0,346200000.0,0.0,1300000.0,0.203,738900000.0,488100000.0,78100000,0.198,-5.328,11.182,11.323,51000000,0.0,73.37,2.266,2.259,422400000,1727600000,1708200000.0,1708200000.0,0.0,0.214,-0.472,0.596,0.306,32700000.0,655200000.0,1.0,52763168,52600000,53200000.0,32.475,1033500000,253500000,128600000.0,111200000,19.648,-147500000
38,DNB3,ART,2009-03-31,2009-05-07,2009-03-31,2020-07-01,-726400000,1614600000,1625125000.0,705600000,909000000,1.058,-14.934,-57300000.0,179900000,179900000,473800000.0,353800000.0,0.8,-3.032,900600000,600000,900000000,900600000,554300000,60800000.0,0,0.015,1.24,498800000.0,559600000.0,0.326,559600000.0,498800000.0,449400000.0,6.58,6.46,6.58,-791500000,-680225000.0,-791500000,5027718913.0,10.0,8.984,373000000.0,7.038,1.0,1245200000.0,0.724,577800000,49400000.0,875600000,895975000.0,0,0,0,0,2399900000,881900000,1518000000,4307018913.0,-35800000.0,-89400000.0,-277000000.0,108600000.0,-66900000.0,-224100000.0,-186500000.0,-15000000.0,430300000.0,-55500000.0,353600000.0,353600000.0,353600000.0,0.0,200000.0,0.206,761100000.0,484100000.0,58400000,0.188,-5.442,12.18,12.31,51700000,0.0,81.0,2.506,2.497,456100000,1668800000,1719000000.0,1719000000.0,0.0,0.218,-0.52,0.557,0.29,35000000.0,678000000.0,1.0,53173073,53000000,53700000.0,32.434,1036800000,246300000,95800000.0,101600000,19.562,-176300000
39,DNB3,ART,2008-12-31,2009-02-24,2008-12-31,2020-07-01,-721500000,1586000000,1629400000.0,695800000,890200000,1.059,-15.739,-59500000.0,164200000,164200000,480700000.0,310600000.0,0.766,-2.846,904800000,500000,904300000,904800000,536500000,58500000.0,0,0.016,1.2,486000000.0,544500000.0,0.315,544500000.0,486000000.0,438600000.0,5.71,5.6,5.71,-856200000,-602975000.0,-856200000,4689823220.0,10.0,8.613,377000000.0,6.93,1.0,1245600000.0,0.722,558900000,47400000.0,859200000,903350000.0,0,0,0,0,2436600000,908500000,1528100000,3949223220.0,-25500000.0,-60400000.0,-358100000.0,178100000.0,-65600000.0,-242500000.0,-166200000.0,-10000000.0,436500000.0,-53300000.0,310600000.0,310600000.0,310600000.0,-1100000.0,0.0,0.18,775900000.0,469700000.0,63000000,0.21,-4.613,12.715,12.956,53100000,0.0,73.98,2.288,2.331,516600000,1582800000,1726300000.0,1726300000.0,0.0,0.191,-0.515,0.538,0.282,35900000.0,686000000.0,1.0,53382309,54400000,55500000.0,31.733,1027100000,219900000,128000000.0,111400000,18.881,-212700000
40,DNB3,ART,2008-09-30,2008-11-06,2008-09-30,2020-07-01,-381200000,1642300000,1647600000.0,661000000,981300000,1.015,-10.353,-68600000.0,230600000,230600000,443800000.0,312200000.0,0.762,-3.936,864600000,0,864600000,864600000,515500000,57900000.0,0,0.016,1.15,481400000.0,539300000.0,0.323,539300000.0,481400000.0,438600000.0,5.62,5.48,5.62,-558000000,-498950000.0,-558000000,4525982430.0,9.0,8.392,366600000.0,6.801,1.0,1228000000.0,0.735,458700000,42800000.0,950700000,905075000.0,0,0,0,0,2196500000,866900000,1329600000,3891982430.0,64000000.0,-108600000.0,-421100000.0,318300000.0,-63900000.0,-161600000.0,-196800000.0,-10000000.0,435200000.0,-12800000.0,312200000.0,312200000.0,312200000.0,-6500000.0,0.0,0.187,782600000.0,445400000.0,56500000,0.205,-6.975,12.466,12.845,50500000,0.0,72.19,2.328,2.327,405800000,1498800000,1671800000.0,1671800000.0,0.0,0.189,-0.626,0.532,0.288,36300000.0,691600000.0,1.0,53913041,53900000,55000000.0,31.017,1183600000,68900000,126400000.0,88700000,21.959,-205900000
41,DNB3,ART,2008-06-30,2008-07-31,2008-06-30,2020-07-01,-353300000,1657600000,1591775000.0,701200000,956400000,1.038,-9.471,-72500000.0,245500000,245500000,440100000.0,303200000.0,0.785,-4.21,825600000,0,825600000,825600000,561000000,54300000.0,0,0.011,1.1,478100000.0,532400000.0,0.322,532400000.0,478100000.0,440100000.0,5.38,5.24,5.38,-515200000,-477625000.0,-515200000,5853377858.0,12.0,10.994,349800000.0,6.43,1.0,1212400000.0,0.734,446200000,38000000.0,898400000,825600000.0,0,0,0,0,2169100000,893100000,1276000000,5273277858.0,90700000.0,-109100000.0,-446900000.0,349500000.0,-62100000.0,-152500000.0,-192300000.0,-800000.0,422300000.0,13200000.0,303200000.0,303200000.0,303200000.0,-6500000.0,0.0,0.183,759200000.0,453200000.0,47900000,0.204,-10.235,17.392,17.963,49700000,0.0,96.64,3.191,3.181,437000000,1449900000,1652500000.0,1652500000.0,0.0,0.19,-0.635,0.579,0.289,35400000.0,687900000.0,1.0,54566203,54400000,55600000.0,30.377,1211400000,77200000,136900000.0,81600000,22.268,-191900000
42,DNB3,ART,2008-03-31,2008-05-08,2008-03-31,2020-07-01,-358100000,1631700000,1531850000.0,685300000,946400000,1.059,-8.616,-74500000.0,215700000,215700000,436800000.0,306600000.0,0.795,-4.374,790000000,0,790000000,790000000,585700000,50600000.0,0,0.012,1.05,473700000.0,524300000.0,0.323,524300000.0,473700000.0,442400000.0,5.32,5.19,5.32,-482500000,-456225000.0,-482500000,5443763246.0,11.0,10.383,328900000.0,5.873,1.0,1184800000.0,0.731,438500000,31300000.0,905100000,740050000.0,0,0,0,0,2110500000,862400000,1248100000,4869463246.0,76100000.0,-116200000.0,-396400000.0,305800000.0,-60400000.0,-139400000.0,-203000000.0,0.0,403400000.0,15100000.0,306600000.0,306600000.0,306600000.0,-6500000.0,0.0,0.189,744300000.0,440500000.0,25400000,0.197,-10.092,15.882,16.4,49200000,0.0,87.25,3.003,3.013,477000000,1382000000,1621600000.0,1621600000.0,0.0,0.2,-0.672,0.64,0.292,37400000.0,673000000.0,1.0,55810467,56000000,57300000.0,28.957,1193200000,58800000,135800000.0,104600000,21.307,-177100000
43,DNB3,ART,2007-12-31,2008-02-25,2007-12-31,2020-07-01,-354200000,1658800000,1471975000.0,718300000,940500000,1.086,-7.549,-72100000.0,175800000,175800000,430400000.0,298100000.0,0.789,-4.761,724800000,0,724800000,724800000,531300000,46600000.0,0,0.011,1.0,462200000.0,508800000.0,0.318,508800000.0,462200000.0,433900000.0,5.12,4.99,5.12,-440100000,-451200000.0,-440100000,5660074281.0,12.0,11.124,321800000.0,5.52,1.0,1168800000.0,0.731,431700000,28300000.0,866100000,663325000.0,0,0,0,0,2095300000,910000000,1185300000,5111074281.0,51300000.0,-144500000.0,-377200000.0,265800000.0,-58400000.0,-143000000.0,-217200000.0,0.0,393900000.0,17600000.0,298100000.0,298100000.0,298100000.0,-5400000.0,0.0,0.186,743200000.0,425600000.0,30500000,0.195,-11.613,17.146,17.627,50300000,0.0,90.25,3.196,3.29,498200000,1320700000,1599200000.0,1599200000.0,0.0,0.203,-0.661,0.697,0.289,33300000.0,671500000.0,1.0,56632402,58300000,59800000.0,27.431,1227100000,61100000,135800000.0,93700000,21.048,-191700000
44,DNB3,ART,2007-09-30,2007-11-06,2007-09-30,2020-07-01,-404400000,1419000000,1397300000.0,562600000,856400000,1.157,-8.136,-65200000.0,166600000,166600000,458600000.0,287600000.0,0.683,-3.99,546200000,0,546200000,546200000,474600000,41500000.0,0,0.008,0.75,445100000.0,486600000.0,0.301,486600000.0,445100000.0,419700000.0,4.83,4.7,4.83,-472700000,-440950000.0,-472700000,5779944994.0,13.0,11.878,313900000.0,5.403,1.0,1157900000.0,0.716,341700000,25400000.0,632800000,594950000.0,0,0,0,0,1885900000,824100000,1061800000,5400344994.0,27700000.0,-40600000.0,-396200000.0,145700000.0,-44100000.0,-261100000.0,-104200000.0,0.0,379100000.0,13900000.0,287600000.0,287600000.0,287600000.0,0.0,0.0,0.178,725900000.0,432000000.0,40500000,0.155,-11.424,18.777,19.288,49100000,0.0,93.16,3.341,3.348,396000000,1250400000,1616500000.0,1616500000.0,0.0,0.206,-0.652,0.748,0.275,34500000.0,662300000.0,1.0,57968495,58100000,59600000.0,27.823,1077300000,79800000,132100000.0,93400000,18.542,-261500000
45,DNB3,ART,2007-06-30,2007-08-07,2007-06-30,2020-07-01,-409200000,1417900000,1405225000.0,585400000,832500000,1.129,-7.331,-65100000.0,154800000,154800000,460200000.0,277300000.0,0.686,-4.289,475900000,100000,475800000,475900000,520100000,38900000.0,0,0.005,0.5,421600000.0,460500000.0,0.29,460500000.0,421600000.0,398000000.0,4.6,4.48,4.6,-429600000,-369750000.0,-429600000,6303295204.0,15.0,13.688,338400000.0,5.775,1.0,1125600000.0,0.71,329000000,23600000.0,556200000,612575000.0,0,0,0,0,1842700000,853800000,988900000,5982195204.0,37700000.0,-37200000.0,-402800000.0,121400000.0,-29600000.0,-278600000.0,-101500000.0,800000.0,403500000.0,14300000.0,277300000.0,277300000.0,277300000.0,0.0,0.0,0.175,716100000.0,409500000.0,35300000,0.109,-13.925,21.573,22.1,49400000,0.0,101.66,3.772,3.757,426300000,1208800000,1585800000.0,1585800000.0,0.0,0.197,-0.75,0.688,0.266,32100000.0,642000000.0,1.0,58845123,58600000,60200000.0,27.061,1088900000,83300000,120700000.0,84000000,18.582,-268400000
46,DNB3,ART,2007-03-31,2007-05-04,2007-03-31,2020-07-01,-445000000,1392200000,1413225000.0,588400000,803800000,1.101,-7.785,-62300000.0,139600000,139600000,459100000.0,241900000.0,0.712,-4.001,484200000,100000,484100000,484200000,526800000,36200000.0,0,0.003,0.25,412500000.0,448700000.0,0.288,448700000.0,412500000.0,391200000.0,3.92,3.81,3.92,-462400000,-295950000.0,-462400000,5993929530.0,15.0,13.358,326000000.0,5.488,1.0,1097300000.0,0.705,311900000,21300000.0,598200000,647950000.0,0,0,0,0,1850000000,826700000,1023300000,5649329530.0,13500000.0,-31000000.0,-605000000.0,184700000.0,-14900000.0,-403800000.0,9900000.0,103200000.0,388300000.0,19100000.0,241900000.0,241900000.0,241900000.0,0.0,0.0,0.155,695500000.0,401800000.0,35900000,0.064,-12.217,23.354,24.26,49700000,0.0,95.1,3.63,3.629,415400000,1135900000,1556400000.0,1556400000.0,0.0,0.171,-0.817,0.637,0.265,25900000.0,625400000.0,1.0,59404096,59400000,60900000.0,26.202,1080300000,102300000,149300000.0,106700000,18.187,-238300000
47,DNB3,ART,2006-12-31,2007-02-28,2006-12-31,2020-07-01,-453000000,1360100000,1459250000.0,645000000,715100000,1.049,-6.315,-53000000.0,138400000,138400000,451100000.0,240700000.0,0.801,-4.401,459000000,100000,458900000,459000000,467400000,33300000.0,0,0.0,0.0,407800000.0,441100000.0,0.288,441100000.0,407800000.0,387500000.0,3.81,3.7,3.81,-399100000,-165875000.0,-399100000,5617512469.0,14.0,12.735,251900000.0,3.986,1.0,1080200000.0,0.705,282600000,20300000.0,592600000,693675000.0,0,0,0,0,1756600000,805500000,951100000,5296912469.0,-56900000.0,-8800000.0,-612200000.0,158700000.0,0.0,-431500000.0,47300000.0,109400000.0,304900000.0,22400000.0,240700000.0,240700000.0,240700000.0,0.0,0.0,0.157,677800000.0,402400000.0,40300000,0.0,-13.272,22.006,23.171,50700000,0.0,88.28,3.459,3.644,425500000,1132200000,1531300000.0,1531300000.0,0.0,0.165,-1.451,0.588,0.266,30700000.0,619000000.0,1.0,60001274,63200000,65100000.0,24.229,1077500000,165200000,146800000.0,2800000,17.049,-160500000
48,DNB3,ART,2006-09-30,2006-11-03,2006-09-30,2020-07-01,-266500000,1450700000,1522575000.0,526500000,924200000,0.987,-3.045,-51100000.0,138900000,138900000,445800000.0,239800000.0,0.722,-8.721,400500000,100000,400400000,400500000,430800000,32300000.0,0,0.0,0.0,392300000.0,424600000.0,0.283,424600000.0,392300000.0,372200000.0,3.68,3.58,3.68,-187900000,-46700000.0,-187900000,4922807839.0,13.0,11.594,286400000.0,4.642,1.0,1057000000.0,0.703,279800000,20100000.0,703300000,654950000.0,0,0,0,0,1638600000,729200000,909400000,4661207839.0,-125700000.0,-10500000.0,-522800000.0,98200000.0,0.0,-412500000.0,-61800000.0,0.0,337500000.0,11100000.0,239800000.0,239800000.0,239800000.0,0.0,0.0,0.16,672300000.0,384700000.0,37000000,0.0,-24.807,19.438,20.625,45400000,0.0,75.9,3.102,3.116,332800000,1041000000,1502800000.0,1502800000.0,0.0,0.157,-5.135,0.599,0.261,63200000.0,606700000.0,1.0,61412488,61700000,63400000.0,24.357,1170900000,67900000,132400000.0,0,18.977,-202700000
49,DNB3,ART,2006-06-30,2006-08-04,2006-06-30,2020-07-01,-270000000,1449900000,1535250000.0,534400000,915500000,0.967,-2.09,-40000000.0,117100000,117100000,437000000.0,225700000.0,0.742,-11.788,354700000,400000,354300000,354700000,449300000,32700000.0,0,0.0,0.0,393900000.0,426600000.0,0.287,426600000.0,393900000.0,373500000.0,3.42,3.32,3.42,-134400000,1975000.0,-134400000,4492134792.0,11.0,10.53,238000000.0,3.701,1.0,1048200000.0,0.706,269200000,20400000.0,697700000,553700000.0,0,0,0,0,1584300000,720600000,863700000,4254534792.0,-128200000.0,-28900000.0,-471600000.0,51900000.0,0.0,-412800000.0,2700000.0,69200000.0,278000000.0,3900000.0,225700000.0,225700000.0,225700000.0,0.0,0.0,0.152,660800000.0,387400000.0,33900000,0.0,-31.656,18.85,19.804,43300000,0.0,67.73,2.865,2.932,365400000,995200000,1485200000.0,1485200000.0,0.0,0.147,114.278,0.711,0.265,90000000.0,604300000.0,1.0,62816105,64300000,66100000.0,23.098,1180700000,67000000,147800000.0,200000,18.362,-186200000
50,DNB3,ART,2006-03-31,2006-05-05,2006-03-31,2020-07-01,-279200000,1576300000,1558925000.0,673400000,902900000,0.943,0.872,-29700000.0,126100000,126100000,426300000.0,220600000.0,0.943,26.225,300400000,1100000,299300000,300400000,476200000,34000000.0,0,0.0,0.0,388600000.0,422600000.0,0.288,422600000.0,388600000.0,367400000.0,3.31,3.2,3.31,57900000,39900000.0,57900000,5225225534.0,13.0,12.364,201100000.0,3.029,1.0,1043200000.0,0.71,255300000,21200000.0,781100000,468425000.0,0,103200000,103200000,0,1518400000,714200000,804200000,5050925534.0,-169300000.0,-6400000.0,-267900000.0,-1800000.0,0.0,-278100000.0,-100900000.0,-68800000.0,230800000.0,-21100000.0,220600000.0,220600000.0,220600000.0,0.0,0.0,0.15,665200000.0,378000000.0,32700000,0.0,87.235,22.896,23.021,43300000,0.0,76.2,3.437,3.443,404500000,942900000,1469500000.0,1469500000.0,0.0,0.142,5.529,0.83,0.264,90200000.0,604500000.0,1.0,66285112,66400000,68400000.0,22.131,1321000000,63700000,146800000.0,300000,19.895,-40800000
51,DNB3,ART,2005-12-31,2006-03-01,2005-12-31,2020-07-01,-287600000,1613400000,1570225000.0,759300000,854100000,0.919,1.161,-28600000.0,195300000,195300000,412000000.0,221200000.0,0.738,19.791,300900000,300800000,100000,300900000,413700000,36100000.0,0,0.0,0.0,375900000.0,412000000.0,0.285,412000000.0,375900000.0,354800000.0,3.31,3.19,3.31,77600000,38000000.0,77600000,5042861318.0,13.0,12.24,232900000.0,3.484,1.0,1031600000.0,0.715,252200000,21100000.0,437700000,368125000.0,0,109400000,109400000,0,1535800000,1029100000,506700000,4937261318.0,-57600000.0,-1600000.0,-231100000.0,-1000000.0,0.0,-241200000.0,-54100000.0,-26800000.0,261500000.0,-23800000.0,221200000.0,221200000.0,221200000.0,0.0,0.0,0.153,667600000.0,364000000.0,43900000,0.0,63.625,22.32,22.284,44200000,0.0,73.76,3.42,3.415,416300000,891500000,1443600000.0,1443600000.0,0.0,0.141,5.821,1.021,0.26,87000000.0,600800000.0,1.0,66936840,66843000,69415000.0,21.597,1361200000,60200000,133600000.0,1500000,20.364,-269800000
52,DNB3,ART,2005-09-30,2005-11-02,2005-09-30,2020-07-01,-272300000,1501400000,1575750000.0,612900000,888500000,0.902,0.102,-27100000.0,264600000,264600000,404800000.0,205900000.0,0.62,219.794,303300000,303000000,300000,303300000,387300000,39000000.0,0,0.0,0.0,367900000.0,406900000.0,0.286,406900000.0,367900000.0,347800000.0,3.02,2.9,3.02,6800000,32150000.0,6800000,4313456674.0,12.0,10.601,225300000.0,3.389,1.0,1017300000.0,0.715,253900000,20100000.0,298300000,438600000.0,0,0,0,0,1494600000,987900000,506700000,4274756674.0,70800000.0,13000000.0,-247700000.0,1000000.0,0.0,-255600000.0,75200000.0,88600000.0,252400000.0,-1200000.0,205900000.0,205900000.0,205900000.0,0.0,0.0,0.145,674100000.0,343200000.0,31800000,0.0,628.641,20.761,21.321,46100000,0.0,64.39,3.006,3.01,311700000,801200000,1422100000.0,1422100000.0,0.0,0.131,6.404,0.839,0.259,47800000.0,602400000.0,1.0,66388518,66479000,69205000.0,21.392,1247500000,79900000,141900000.0,17700000,18.765,-375000000
53,DNB3,ART,2005-06-30,2005-08-04,2005-06-30,2020-07-01,-271500000,1544600000,1581000000.0,680000000,864600000,0.894,0.256,-28500000.0,245300000,245300000,397500000.0,221700000.0,0.677,88.283,303700000,303300000,400000,303700000,414900000,41500000.0,0,0.0,0.0,366600000.0,408100000.0,0.289,408100000.0,366600000.0,347000000.0,3.22,3.09,3.22,17300000,34650000.0,17300000,4378857688.0,12.0,10.73,232800000.0,3.441,1.0,1016200000.0,0.719,241700000,19600000.0,356600000,531525000.0,0,69200000,69200000,0,1527300000,1004700000,522600000,4320457688.0,28100000.0,22700000.0,-242200000.0,1300000.0,0.0,-249800000.0,23400000.0,27300000.0,261300000.0,-6800000.0,221700000.0,221700000.0,221700000.0,0.0,0.0,0.157,679300000.0,336900000.0,38500000,0.0,249.737,19.488,19.969,47700000,0.0,64.3,3.056,3.077,329900000,769500000,1413700000.0,1413700000.0,0.0,0.14,6.398,0.69,0.259,17200000.0,607100000.0,1.0,67192188,67657000,70387000.0,20.895,1302900000,77200000,125300000.0,38400000,19.257,-324700000
54,DNB3,ART,2005-03-31,2005-05-05,2005-03-31,2020-07-01,-253500000,1621500000,1586350000.0,749200000,872300000,0.89,0.734,-28500000.0,295400000,295400000,395800000.0,214100000.0,0.748,31.237,299900000,299900000,0,299900000,456800000,43900000.0,0,0.0,0.0,355300000.0,399200000.0,0.283,399200000.0,355300000.0,335700000.0,3.08,2.96,3.08,50300000,36575000.0,50300000,4201856695.0,12.0,10.526,234800000.0,3.426,1.0,1016100000.0,0.72,244100000,19600000.0,379900000,603625000.0,0,34400000,34400000,0,1571200000,1002000000,569200000,4197356695.0,98000000.0,20900000.0,-222800000.0,0.0,0.0,-222800000.0,61100000.0,65100000.0,263300000.0,-3600000.0,214100000.0,214100000.0,214100000.0,0.0,0.0,0.152,690800000.0,325300000.0,32500000,0.0,83.446,19.605,20.01,51300000,0.0,61.63,2.973,2.991,386700000,722400000,1411900000.0,1411900000.0,0.0,0.135,5.854,0.589,0.252,14800000.0,614700000.0,1.0,68105739,68525000,71396000.0,20.604,1377400000,77600000,121600000.0,17000000,20.101,-252800000
55,DNB3,ART,2004-12-31,2005-03-14,2004-12-31,2020-07-01,-256100000,1635500000,1589775000.0,762100000,873400000,0.889,0.77,-28800000.0,252900000,252900000,403900000.0,211800000.0,1.068,29.175,300000000,0,300000000,300000000,388600000,47300000.0,0,0.0,0.0,359900000.0,407200000.0,0.288,407200000.0,359900000.0,341000000.0,3.01,2.9,3.01,54200000,35925000.0,54200000,4374839955.0,12.0,10.744,238800000.0,3.391,1.0,1010100000.0,0.714,249400000,18900000.0,719600000,689700000.0,0,82600000,82600000,0,1581300000,713600000,867700000,4327739955.0,13900000.0,63800000.0,-233800000.0,0.0,0.0,-233500000.0,-39200000.0,-70800000.0,267600000.0,19000000.0,211800000.0,211800000.0,211800000.0,0.0,0.0,0.15,691300000.0,318800000.0,51200000,0.0,79.848,20.433,20.827,51200000,0.0,62.69,3.061,3.122,398900000,670300000,1414000000.0,1414000000.0,0.0,0.133,5.896,0.522,0.255,6900000.0,612000000.0,1.0,69033976,70415000,73104000.0,20.081,1386100000,76800000,129200000.0,22200000,19.685,48500000
56,DNB3,ART,2004-09-30,2004-11-09,2004-09-30,2020-07-01,-270200000,1522400000,1587075000.0,665700000,856700000,0.902,0.24,-30100000.0,193800000,193800000,414500000.0,210300000.0,0.928,89.619,299900000,0,299900000,299900000,359500000,51800000.0,0,0.0,0.0,351700000.0,403500000.0,0.282,403500000.0,351700000.0,332600000.0,2.94,2.83,2.94,16800000,34475000.0,16800000,4183455096.0,12.0,10.368,223600000.0,3.198,1.0,1016400000.0,0.71,240800000,19100000.0,670000000,671200000.0,0,85100000,85100000,0,1505600000,717700000,787900000,4077355096.0,-5900000.0,41800000.0,-204900000.0,0.0,0.0,-206100000.0,-64400000.0,-76200000.0,253700000.0,10900000.0,210300000.0,210300000.0,210300000.0,0.0,0.0,0.147,692400000.0,324000000.0,23700000,0.0,242.7,19.388,19.959,50800000,0.0,58.68,2.85,2.868,272500000,595800000,1430900000.0,1430900000.0,0.0,0.133,6.1,0.524,0.246,17800000.0,619700000.0,1.0,69484579,69924000,72685000.0,20.464,1281600000,57900000,122300000.0,113200000,18.328,-52000000
57,DNB3,ART,2004-06-30,2004-08-04,2004-06-30,2020-07-01,-265600000,1566000000,1583075000.0,708100000,857900000,0.903,0.353,55300000.0,217200000,217200000,433900000.0,191600000.0,0.939,61.64,299900000,0,299900000,299900000,377200000,55300000.0,0,0.0,0.0,326000000.0,381300000.0,0.267,381300000.0,326000000.0,307000000.0,2.65,2.56,2.65,25000000,27600000.0,25000000,3985322317.0,12.0,10.452,288000000.0,4.068,1.0,996100000.0,0.697,249200000,19000000.0,645000000,659500000.0,0,93100000,93100000,0,1541000000,754500000,786500000,3902622317.0,89800000.0,52700000.0,-211500000.0,0.0,0.0,-212400000.0,51600000.0,-52100000.0,232700000.0,17900000.0,191600000.0,191600000.0,191600000.0,0.0,0.0,0.134,690900000.0,305200000.0,26900000,0.0,156.105,20.369,20.936,50700000,0.0,55.48,2.729,2.747,277700000,548200000,1430000000.0,1430000000.0,0.0,0.121,6.942,0.494,0.228,16400000.0,615800000.0,1.0,70342868,70803000,73603000.0,20.197,1316800000,58800000,115400000.0,112800000,18.598,-46400000
58,DNB3,ART,2004-03-31,2004-05-04,2004-03-31,2020-07-01,-247300000,1635200000,1593150000.0,737900000,897300000,0.888,0.664,50900000.0,197400000,197400000,430400000.0,187200000.0,1.01,33.281,299900000,0,299900000,299900000,435700000,59800000.0,0,0.0,0.0,316200000.0,376000000.0,0.266,376000000.0,316200000.0,297500000.0,2.56,2.48,2.56,47700000,26950000.0,47700000,3871643601.0,12.0,10.297,297100000.0,4.134,1.0,984700000.0,0.696,282800000,18700000.0,724200000,671225000.0,0,95900000,95900000,0,1587500000,730700000,856800000,3769143601.0,48100000.0,16000000.0,-201100000.0,0.0,0.0,-201000000.0,-30300000.0,-76000000.0,246200000.0,33200000.0,187200000.0,187200000.0,187200000.0,0.0,0.0,0.132,683000000.0,301700000.0,34100000,0.0,79.018,20.134,20.703,54200000,0.0,53.0,2.664,2.692,345900000,508300000,1415100000.0,1415100000.0,0.0,0.118,6.946,0.471,0.223,15500000.0,606500000.0,1.0,71115917,71869000,74816000.0,19.69,1352400000,65500000,110300000.0,49300000,18.818,7200000
59,DNB3,ART,2003-12-31,2004-03-05,2003-12-31,2020-07-01,-270400000,1624700000,1579950000.0,730800000,893900000,0.877,0.659,49900000.0,239000000,239000000,433300000.0,174500000.0,0.993,32.568,299900000,0,299900000,299900000,391300000,64000000.0,0,0.0,0.0,299300000.0,363300000.0,0.262,363300000.0,299300000.0,280700000.0,2.37,2.3,2.37,48400000,18625000.0,48400000,4089497231.0,14.0,11.257,285600000.0,3.886,1.0,953100000.0,0.687,304100000,18600000.0,645600000,658675000.0,0,0,0,0,1576300000,735900000,840400000,4028597231.0,47100000.0,-106200000.0,-132700000.0,0.0,0.0,-132800000.0,-65300000.0,4300000.0,235700000.0,9500000.0,174500000.0,174500000.0,174500000.0,0.0,0.0,0.126,661300000.0,291800000.0,50900000,0.0,83.235,23.087,23.717,55100000,0.0,56.21,2.906,2.98,397300000,458500000,1386400000.0,1386400000.0,0.0,0.11,9.369,0.454,0.216,12400000.0,579900000.0,1.0,71670472,73490000,75826000.0,18.865,1320600000,56000000,106200000.0,49300000,17.97,-5100000
60,DNB3,ART,2003-09-30,2003-11-06,2003-09-30,2020-07-01,-281200000,1506400000,1555700000.0,580900000,925500000,0.86,-0.146,62300000.0,199700000,199700000,406500000.0,165300000.0,0.847,-141.785,299900000,0,299900000,299900000,369500000,70400000.0,0,0.0,0.0,286400000.0,356800000.0,0.267,356800000.0,286400000.0,267700000.0,2.23,2.16,2.23,-10700000,1825000.0,-10700000,3542819488.0,12.0,9.929,298000000.0,4.053,1.0,931600000.0,0.696,297700000,18700000.0,623200000,663500000.0,0,0,0,0,1517100000,685700000,831400000,3442619488.0,63700000.0,-93100000.0,-104400000.0,0.0,0.0,-102900000.0,-74800000.0,3700000.0,235700000.0,5700000.0,165300000.0,165300000.0,165300000.0,0.0,0.0,0.124,653500000.0,278100000.0,40700000,0.0,-321.74,20.826,21.233,55000000,0.0,47.35,2.573,2.602,316100000,385000000,1338100000.0,1338100000.0,0.0,0.106,90.575,0.432,0.214,0.0,565700000.0,1.0,72705797,73534000,76152000.0,18.197,1208700000,97200000,102400000.0,49300000,16.437,-104800000
61,DNB3,ART,2003-06-30,2003-08-07,2003-06-30,2020-07-01,-275200000,1606300000,1524250000.0,544900000,1061400000,0.855,0.301,-26200000.0,127400000,127400000,389000000.0,169700000.0,0.727,70.71,299800000,0,299800000,299800000,413500000,76700000.0,0,0.0,0.0,294100000.0,370800000.0,0.285,370800000.0,294100000.0,275300000.0,2.29,2.21,2.29,22400000,-4125000.0,22400000,3174634307.0,11.0,8.562,212500000.0,2.857,1.0,914000000.0,0.701,337700000,18800000.0,691900000,667525000.0,0,36900000,36900000,0,1583900000,749100000,834800000,3002234307.0,-19700000.0,-115200000.0,-45400000.0,0.0,0.0,-44200000.0,-221900000.0,-28300000.0,238700000.0,7700000.0,169700000.0,169700000.0,169700000.0,0.0,0.0,0.13,632900000.0,281100000.0,52200000,0.0,134.028,17.691,17.76,154100000,0.0,40.67,2.304,2.322,344100000,356100000,1303000000.0,1303000000.0,0.0,0.111,-41.139,0.441,0.226,0.0,540400000.0,1.0,73819383,74383000,76893000.0,17.517,1268600000,94300000,105600000.0,49300000,17.055,-204200000
62,DNB3,ART,2003-03-31,2003-05-14,2003-03-31,2020-07-01,-279800000,1582400000,1460350000.0,552600000,1029800000,0.872,0.193,-7100000.0,149300000,149300000,389400000.0,144800000.0,0.748,108.889,299800000,0,299800000,299800000,424200000,80900000.0,0,0.0,0.0,258900000.0,339800000.0,0.267,339800000.0,258900000.0,239900000.0,1.96,1.88,1.96,14400000,-27775000.0,14400000,2979622762.0,12.0,8.769,259200000.0,3.482,1.0,883800000.0,0.694,320500000,19000000.0,674000000,654125000.0,0,0,0,0,1568000000,738400000,829600000,2829122762.0,59900000.0,-98500000.0,-24600000.0,-35600000.0,0.0,-59300000.0,-154300000.0,-7400000.0,266300000.0,7200000.0,144800000.0,144800000.0,144800000.0,0.0,0.0,0.114,633700000.0,250100000.0,32900000,0.0,196.467,19.538,19.388,152100000,0.0,38.0,2.222,2.222,367200000,321000000,1273200000.0,1273200000.0,0.0,0.099,-5.213,0.396,0.203,0.0,511000000.0,1.0,74450599,74448000,76707000.0,17.102,1261900000,92300000,95100000.0,49300000,16.95,-185800000
63,DNB3,ART,2002-12-31,2003-03-28,2002-12-31,2020-07-01,-281400000,1527700000,1414250000.0,614200000,913500000,0.902,-0.252,-32000000.0,191900000,191900000,392100000.0,143400000.0,0.855,-82.261,300000000,100000,299900000,300000000,367100000,84200000.0,0,0.0,0.0,257000000.0,341200000.0,0.267,341200000.0,257000000.0,237500000.0,1.93,1.87,1.93,-18800000,-49200000.0,-18800000,2969476770.0,12.0,8.703,181100000.0,2.431,1.0,883500000.0,0.693,252800000,19500000.0,664900000,667475000.0,0,0,0,0,1546500000,718100000,828400000,2861376770.0,46600000.0,-17300000.0,-105600000.0,0.0,0.0,-104700000.0,-67100000.0,0.0,213100000.0,5300000.0,143400000.0,143400000.0,143400000.0,0.0,0.0,0.112,627600000.0,255900000.0,0,0.0,-152.201,19.954,19.917,149700000,0.0,38.44,2.243,2.245,334900000,284000000,1275600000.0,1275600000.0,0.0,0.101,-2.915,0.385,0.201,0.0,512500000.0,1.0,74437481,74511000,76874000.0,17.12,1274900000,0,94100000.0,0,17.11,-103900000
64,DNB3,ART,2002-09-30,2003-03-19,2002-09-30,2020-07-01,-231300000,1413500000,1390125000.0,510600000,902900000,0.907,-0.447,-27200000.0,136000000,136000000,407800000.0,135500000.0,0.744,-43.575,300000000,100000,299900000,300000000,362300000,82900000.0,0,0.0,0.0,246500000.0,329400000.0,0.261,329400000.0,246500000.0,227200000.0,1.78,1.72,1.78,-33200000,-49725000.0,-33200000,2965286372.0,12.0,9.002,141800000.0,1.908,1.0,853100000.0,0.677,250200000,19300000.0,640600000,668850000.0,0,0,0,0,1446700000,686700000,760000000,2801286372.0,-34800000.0,-11000000.0,-162100000.0,0.0,0.0,-168400000.0,-36300000.0,0.0,169000000.0,900000.0,135500000.0,135500000.0,135500000.0,0.0,0.0,0.107,618200000.0,234900000.0,0,0.0,-84.376,20.674,21.174,143400000,0.0,37.69,2.222,2.221,279200000,219700000,1260900000.0,1260900000.0,0.0,0.097,-2.725,0.369,0.195,0.0,504400000.0,1.0,74324393,74300000,76500000.0,16.97,1163300000,0,91700000.0,0,15.657,-176100000
65,DNB3,ART,2002-09-30,2002-11-06,2002-09-30,2020-07-01,-254000000,1380600000,1390125000.0,510600000,870000000,0.907,-0.464,-27200000.0,136000000,136000000,407800000.0,135500000.0,0.779,-41.017,300000000,100000,299900000,300000000,330700000,82900000.0,0,0.0,0.0,246500000.0,329400000.0,0.261,329400000.0,246500000.0,227200000.0,1.78,1.72,1.78,-34500000,-49725000.0,-34500000,2838191660.0,12.0,8.616,141800000.0,1.908,1.0,853100000.0,0.677,250200000,19300000.0,639300000,668850000.0,0,0,0,0,1415100000,655100000,760000000,2674191660.0,-34800000.0,-11000000.0,-162100000.0,0.0,0.0,-168400000.0,-36300000.0,0.0,169000000.0,900000.0,135500000.0,135500000.0,135500000.0,0.0,0.0,0.107,618200000.0,234900000.0,0,0.0,-77.513,19.736,20.213,143400000,0.0,35.98,2.121,2.12,279200000,241100000,1260900000.0,1260900000.0,0.0,0.097,-2.725,0.369,0.195,0.0,504400000.0,1.0,74324393,74300000,76500000.0,16.97,1130400000,0,91700000.0,0,15.214,-144500000
66,DNB3,ART,2002-06-30,2002-08-13,2002-06-30,2020-07-01,-258200000,1350700000,1399050000.0,521900000,828800000,0.896,-0.97,-25600000.0,147100000,147100000,404900000.0,131400000.0,0.819,-19.708,299700000,0,299700000,299700000,346300000,85300000.0,0,0.0,0.0,240500000.0,325800000.0,0.26,325800000.0,240500000.0,221000000.0,1.7,1.65,1.7,-72200000,-46600000.0,-72200000,2543792189.0,11.0,7.808,145900000.0,1.961,1.0,849300000.0,0.677,227500000,19500000.0,638300000,662325000.0,0,0,0,0,1422900000,637500000,785400000,2391192189.0,-38100000.0,20600000.0,-213800000.0,0.0,0.0,-217100000.0,5200000.0,0.0,171500000.0,2300000.0,131400000.0,131400000.0,131400000.0,0.0,0.0,0.105,617900000.0,231400000.0,0,0.0,-33.119,18.198,18.941,141900000,0.0,32.2,1.907,1.91,280800000,208000000,1254200000.0,1254200000.0,0.0,0.094,-2.82,0.363,0.192,0.0,501700000.0,1.0,74260627,74400000,77100000.0,16.858,1123200000,0,89600000.0,0,15.097,-115600000
67,DNB3,ART,2002-03-31,2002-05-08,2002-03-31,2020-07-01,-260300000,1398000000,1429125000.0,547400000,850600000,0.888,-0.951,-51800000.0,89400000,89400000,418500000.0,157900000.0,0.805,-20.607,335300000,35700000,299600000,335300000,369100000,89200000.0,0,0.0,0.0,280700000.0,369900000.0,0.291,369900000.0,280700000.0,260500000.0,2.02,1.96,2.02,-71300000,-28975000.0,-71300000,3205901034.0,11.0,8.667,118300000.0,1.577,1.0,851200000.0,0.67,236200000,20200000.0,727400000,651700000.0,0,0,0,0,1469300000,680300000,789000000,2960001034.0,31500000.0,80400000.0,-211300000.0,35600000.0,0.0,-178200000.0,39700000.0,100000.0,170100000.0,-100000.0,157900000.0,157900000.0,157900000.0,0.0,0.0,0.124,618900000.0,232300000.0,0,0.0,-41.515,18.746,19.653,155400000,0.0,39.7,2.331,2.345,346100000,198000000,1269700000.0,1269700000.0,0.0,0.11,-5.45,0.431,0.221,0.0,507900000.0,1.0,74559220,75000000,77900000.0,16.929,1161800000,0,102600000.0,0,15.491,-132900000
68,DNB3,ART,2002-03-31,2002-05-06,2002-03-31,2020-07-01,-260300000,1398000000,1429125000.0,547400000,850600000,0.888,-0.951,-51800000.0,89400000,89400000,418500000.0,157900000.0,0.805,-20.607,335300000,35700000,299600000,335300000,369100000,89200000.0,0,0.0,0.0,280700000.0,369900000.0,0.291,369900000.0,280700000.0,260500000.0,2.02,1.96,2.02,-71300000,-28975000.0,-71300000,3102263718.0,11.0,8.387,118300000.0,1.577,1.0,851200000.0,0.67,236200000,20200000.0,727400000,651700000.0,0,0,0,0,1469300000,680300000,789000000,2856363718.0,31500000.0,80400000.0,-211300000.0,35600000.0,0.0,-178200000.0,39700000.0,100000.0,170100000.0,-100000.0,157900000.0,157900000.0,157900000.0,0.0,0.0,0.124,618900000.0,232300000.0,0,0.0,-40.061,18.09,18.965,155400000,0.0,38.31,2.25,2.263,346100000,198000000,1269700000.0,1269700000.0,0.0,0.11,-5.45,0.431,0.221,0.0,507900000.0,1.0,74559220,75000000,77900000.0,16.929,1161800000,0,102600000.0,0,15.491,-132900000
69,DNB3,ART,2001-12-31,2002-03-04,2001-12-31,2020-07-01,-260800000,1431200000,1438825000.0,580200000,851000000,0.91,-0.263,-53200000.0,145300000,145300000,441200000.0,153200000.0,0.876,-69.478,299600000,0,299600000,299600000,330000000,94500000.0,0,0.0,0.0,270700000.0,365200000.0,0.279,365200000.0,270700000.0,254300000.0,1.93,1.88,1.93,-20900000,-14650000.0,-20900000,3207643812.0,12.0,8.783,163900000.0,2.064,1.0,867600000.0,0.663,252400000,16400000.0,670400000,645100000.0,0,0,0,0,1452100000,662700000,789400000,3053343812.0,75200000.0,72400000.0,-125900000.0,250100000.0,0.0,-177400000.0,35200000.0,0.0,217100000.0,300000.0,153200000.0,153200000.0,153200000.0,0.0,0.0,0.117,639800000.0,227800000.0,0,0.0,-146.093,19.93,21.342,158000000,0.0,41.19,2.333,2.499,317800000,162300000,1308800000.0,1308800000.0,0.0,0.106,-10.457,0.42,0.207,0.0,523500000.0,1.0,74128279,79391000,81510000.0,16.485,1178800000,0,101100000.0,0,14.848,-82500000
70,DNB3,ART,2001-09-30,2001-10-29,2001-09-30,2020-07-01,-261800000,1416300000,1436925000.0,548800000,867500000,0.938,-0.277,-52300000.0,170800000,170800000,470700000.0,115100000.0,0.804,-65.377,299800000,200000,299600000,299800000,348600000,98000000.0,0,0.0,0.0,216500000.0,314500000.0,0.233,314500000.0,216500000.0,203200000.0,1.43,1.38,1.43,-22000000,-22175000.0,-22000000,2637009957.0,12.0,8.385,167200000.0,2.106,1.0,876500000.0,0.651,249100000,13300000.0,613200000,575800000.0,0,0,0,0,1438300000,683000000,755300000,2508009957.0,131400000.0,62600000.0,-104300000.0,80100000.0,0.0,-121400000.0,34200000.0,-500000.0,219500000.0,-900000.0,115100000.0,115100000.0,115100000.0,0.0,0.0,0.085,683900000.0,192600000.0,0,0.0,-114.0,21.79,22.329,179000000,0.0,31.93,1.862,1.882,290500000,105900000,1347200000.0,1347200000.0,0.0,0.08,-5.191,0.376,0.161,0.0,521700000.0,1.0,78547133,79400000,81800000.0,16.967,1167200000,0,88100000.0,0,14.7,-134200000
71,DNB3,ART,2001-06-30,2001-08-01,2001-06-30,2020-07-01,-262400000,1471000000,1434500000.0,576500000,894500000,0.97,-0.021,,185200000,185200000,495400000.0,138500000.0,0.783,-866.294,299700000,100000,299600000,299700000,401000000,,0,0.0,0.0,236100000.0,,,,236100000.0,224700000.0,1.71,1.66,1.71,-1700000,-18950000.0,-1700000,2354996485.0,10.0,,,,1.0,896200000.0,0.644,253800000,11400000.0,595800000,524675000.0,0,0,0,0,1472700000,735900000,736800000,2240496485.0,,,,,,,,,,,138500000.0,138500000.0,138500000.0,-45400000.0,0.0,0.1,733000000.0,163200000.0,0,0.0,-1317.939,16.177,16.363,189300000,0.0,27.98,1.61,1.613,311900000,76800000,1391600000.0,1391600000.0,0.0,0.097,-7.309,0.45,0.17,,539000000.0,1.0,80074928,80200000,82500000.0,17.352,1217200000,0,86200000.0,0,15.177,-159400000
72,DNB3,ART,2001-03-31,2001-05-15,2001-03-31,2020-07-01,-250700000,1436800000,,538900000,897900000,,-0.174,,57900000,57900000,,,0.753,-103.629,299700000,100000,299600000,299700000,412100000,,0,0.0,0.0,,,,,,,,,,-14000000,,-14000000,2460897315.0,,,,,1.0,,,261900000,,701000000,,0,0,0,0,1450800000,715700000,735100000,2219097315.0,,,,,,,,,,,,,,,,,,,0,,-158.507,,,201700000,,27.61,,,398100000,43900000,,,,,,,,,,1.0,80372956,80300000,,,1174900000,0,,0,14.631,-176800000
73,DNB3,ART,2000-12-31,2001-02-22,2000-12-31,2020-07-01,-258900000,1423600000,1499200000.0,538600000,885000000,0.946,-0.63,-67100000.0,70100000,70100000,515900000.0,206600000.0,0.725,-28.914,49600000,49600000,0,49600000,340000000,111200000.0,0,0.0,0.0,293300000.0,404500000.0,0.285,404500000.0,293300000.0,284700000.0,2.55,2.52,2.55,-51000000,-233800000.0,-51000000,1956119834.0,7.0,4.836,-43300000.0,-0.535,1.0,901700000.0,0.636,266800000,8600000.0,393200000,315700000.0,0,0,0,0,1474600000,743100000,731500000,1976619834.0,-39300000.0,0.0,-9100000.0,-75200000.0,-89800000.0,25000000.0,-84500000.0,-5400000.0,23800000.0,-3600000.0,206600000.0,206600000.0,206600000.0,-133000000.0,0.0,0.146,728900000.0,172800000.0,0,0.0,-38.757,9.567,9.671,202800000,0.0,24.66,1.394,1.409,376300000,13200000,1417600000.0,1417600000.0,0.0,0.138,-0.884,0.929,0.207,0.0,546700000.0,1.0,80154900,81001000,81994000.0,17.501,1156800000,0,78100000.0,0,14.281,-204500000
74,DNB3,ART,2000-09-30,2000-11-14,2000-09-30,2020-07-01,-236400000,1406600000,,490900000,915700000,,-0.112,,39400000,39400000,,,0.709,-155.571,24100000,24100000,0,24100000,347400000,,0,0.0,0.0,,,,,,,,,,-9100000,,-9100000,1799358024.0,,,,,1.0,,,290000000,,408700000,,0,0,0,0,1415700000,692600000,723100000,1814658024.0,,,,,,,,,,,,,,,,,,,0,,-199.413,,,216100000,,22.25,,,348600000,-800000,,,,,,,,,,1.0,81557664,81100000,,,1116600000,0,,0,13.768,-201700000
75,DNB3,ART,1999-12-31,2000-09-11,1999-12-31,2020-07-01,-219500000,1574800000,,606700000,968100000,,-5.135,-109600000.0,109400000,109400000,538300000.0,256000000.0,0.585,-4.78,126200000,126200000,0,126200000,353200000,127900000.0,0,,0.0,325100000.0,453000000.0,0.322,453000000.0,325100000.0,320100000.0,3.16,3.12,3.16,-416600000,,-416600000,,,,234100000.0,2.886,1.0,869400000.0,0.618,316400000,5000000.0,238200000,,0,0,0,0,1991400000,1037000000,954400000,,22700000.0,0.0,-189500000.0,89400000.0,-120100000.0,-210300000.0,-110400000.0,700000.0,343700000.0,-300000.0,256000000.0,256000000.0,256000000.0,-174700000.0,0.0,0.182,708500000.0,160900000.0,0,0.0,,,,240300000,0.0,,,,363700000,-105900000,1407700000.0,1407700000.0,0.0,,,,0.231,0.0,539400000.0,1.0,40778832,81126500,82142000.0,17.352,1258400000,0,64100000.0,175400000,15.512,-430300000
76,DNB3,ART,1999-12-31,2000-08-18,1999-12-31,2020-07-01,-219500000,1574800000,,606700000,968100000,,-5.135,-109600000.0,109400000,109400000,538300000.0,256000000.0,0.585,-4.78,126200000,126200000,0,126200000,353200000,127900000.0,0,,0.0,325100000.0,453000000.0,0.322,453000000.0,325100000.0,320100000.0,3.16,3.12,3.16,-416600000,,-416600000,,,,234100000.0,2.886,1.0,869400000.0,0.618,316400000,5000000.0,238200000,,0,0,0,0,1991400000,1037000000,954400000,,22700000.0,0.0,-189500000.0,89400000.0,-120100000.0,-210300000.0,-110400000.0,700000.0,343700000.0,-300000.0,256000000.0,256000000.0,256000000.0,-174700000.0,0.0,0.182,708500000.0,160900000.0,0,0.0,,,,240300000,0.0,,,,363700000,-105900000,1407700000.0,1407700000.0,0.0,,,,0.231,0.0,539400000.0,1.0,40778832,81126500,82142000.0,17.352,1258400000,0,64100000.0,175400000,15.512,-430300000
77,DNB3,ART,1999-12-31,2000-06-27,1999-12-31,2020-07-01,-219500000,1574800000,,606700000,968100000,,-5.135,-109600000.0,109400000,109400000,538300000.0,256000000.0,0.585,-4.78,126200000,126200000,0,126200000,353200000,127900000.0,0,,0.0,325100000.0,453000000.0,0.322,453000000.0,325100000.0,320100000.0,3.16,3.12,3.16,-416600000,,-416600000,,,,234100000.0,2.886,1.0,869400000.0,0.618,316400000,5000000.0,238200000,,0,0,0,0,1991400000,1037000000,954400000,,22700000.0,0.0,-189500000.0,89400000.0,-120100000.0,-210300000.0,-110400000.0,700000.0,343700000.0,-300000.0,256000000.0,256000000.0,256000000.0,-174700000.0,0.0,0.182,708500000.0,160900000.0,0,0.0,,,,240300000,0.0,,,,363700000,-105900000,1407700000.0,1407700000.0,0.0,,,,0.231,0.0,539400000.0,1.0,40778832,81126500,82142000.0,17.352,1258400000,0,64100000.0,175400000,15.512,-430300000
