None,ticker,dimension,calendardate,datekey,reportperiod,lastupdated,accoci,assets,assetsavg,assetsc,assetsnc,assetturnover,bvps,capex,cashneq,cashnequsd,cor,consolinc,currentratio,de,debt,debtc,debtnc,debtusd,deferredrev,depamor,deposits,divyield,dps,ebit,ebitda,ebitdamargin,ebitdausd,ebitusd,ebt,eps,epsdil,epsusd,equity,equityavg,equityusd,ev,evebit,evebitda,fcf,fcfps,fxusd,gp,grossmargin,intangibles,intexp,invcap,invcapavg,inventory,investments,investmentsc,investmentsnc,liabilities,liabilitiesc,liabilitiesnc,marketcap,ncf,ncfbus,ncfcommon,ncfdebt,ncfdiv,ncff,ncfi,ncfinv,ncfo,ncfx,netinc,netinccmn,netinccmnusd,netincdis,netincnci,netmargin,opex,opinc,payables,payoutratio,pb,pe,pe1,ppnenet,prefdivis,price,ps,ps1,receivables,retearn,revenue,revenueusd,rnd,roa,roe,roic,ros,sbcomp,sgna,sharefactor,sharesbas,shareswa,shareswadil,sps,tangibles,taxassets,taxexp,taxliabilities,tbvps,workingcapital
0,HRB,MRY,2021-12-31,2021-04-30,2021-04-30,2021-09-07,4786000.0,3653646000.0,3593968500.0,1699724000.0,1953922000.0,0.95,1.942,-52792000.0,1062920000.0,1062920000.0,1842092000.0,583791000.0,1.461,9.368,1939058000.0,206393000.0,1732665000.0,1939058000.0,326366000.0,156852000.0,0.0,0.047,1.04,769185000.0,926037000.0,0.271,926037000.0,769185000.0,662315000.0,3.11,3.08,3.11,352401000.0,-81717000.0,352401000.0,6378418115.0,8.0,6.888,573136000.0,3.159,1.0,1571895000.0,0.46,1117807000.0,106870000.0,2248898000.0,3189848750.0,0.0,0.0,0.0,0.0,3301245000.0,1163079000.0,2138166000.0,4038660115.0,-1810100000.0,25639000.0,-189154000.0,-2002035000.0,-195068000.0,-2408823000.0,-45523000.0,-26917000.0,625928000.0,18318000.0,583791000.0,583791000.0,583791000.0,6421000.0,0.0,0.171,802268000.0,769627000.0,198084000.0,0.334,11.46,6.918,7.158,585736000.0,0.0,22.26,1.183,1.183,197876000.0,248506000.0,3413987000.0,3413987000.0,0.0,0.162,-7.144,0.241,0.225,28271000.0,802268000.0,1.0,181431272.0,181431272.0,,18.817,2535839000.0,516214000.0,78524000.0,566755000.0,13.977,536645000.0
1,HRB,MRY,2020-12-31,2020-04-30,2020-04-30,2021-09-07,-51576000.0,5112047000.0,3607804500.0,3086736000.0,2025311000.0,0.732,0.369,-81685000.0,2873020000.0,2873020000.0,1712276000.0,-7526000.0,1.959,70.959,4003360000.0,844921000.0,3158439000.0,4003360000.0,325911000.0,169536000.0,0.0,0.062,1.04,79038000.0,248574000.0,0.094,248574000.0,79038000.0,-17056000.0,-0.04,-0.04,-0.04,71041000.0,-8070250.0,71041000.0,5849726479.0,74.0,23.533,27276000.0,0.142,1.0,927444000.0,0.351,1127114000.0,96094000.0,3539657000.0,2829978750.0,0.0,0.0,0.0,0.0,5041006000.0,1575616000.0,3465390000.0,3204713479.0,1165293000.0,-410323000.0,-254139000.0,2000000000.0,-204870000.0,1531848000.0,-470231000.0,-35264000.0,108961000.0,-5285000.0,-7526000.0,-7526000.0,-7526000.0,13682000.0,0.0,-0.003,850361000.0,77083000.0,203103000.0,-26.0,45.111,-425.819,-416.25,679155000.0,0.0,16.65,1.214,1.214,133197000.0,42965000.0,2639720000.0,2639720000.0,0.0,-0.002,0.933,0.028,0.03,28045000.0,744361000.0,1.0,192475284.0,192475284.0,,13.715,3984933000.0,179672000.0,-9530000.0,392257000.0,20.704,1511120000.0
2,HRB,MRY,2019-12-31,2019-04-30,2019-04-30,2021-09-07,-20416000.0,3299945000.0,2676771250.0,1993359000.0,1306586000.0,1.156,2.664,-95490000.0,1707727000.0,1707727000.0,1756922000.0,422509000.0,2.16,5.094,1492629000.0,0.0,1492629000.0,1492629000.0,349858000.0,166695000.0,0.0,0.037,1.0,609464000.0,776159000.0,0.251,776159000.0,609464000.0,522413000.0,2.05,2.04,2.05,541527000.0,122155000.0,541527000.0,7103465741.0,12.0,9.152,511048000.0,2.514,1.0,1337959000.0,0.432,862430000.0,87051000.0,1299416000.0,1808036250.0,0.0,0.0,0.0,0.0,2758418000.0,923001000.0,1835417000.0,5531605741.0,44049000.0,-10966000.0,-187380000.0,0.0,-205461000.0,-403695000.0,-155131000.0,-19922000.0,606538000.0,-3663000.0,422509000.0,422509000.0,422509000.0,22747000.0,0.0,0.137,722167000.0,615792000.0,249525000.0,0.488,10.215,13.092,13.273,212092000.0,0.0,27.21,1.787,1.787,138965000.0,499386000.0,3094881000.0,3094881000.0,0.0,0.158,3.459,0.337,0.197,23767000.0,722167000.0,1.0,203293118.0,203293118.0,,15.224,2437515000.0,141979000.0,99904000.0,469879000.0,11.99,1070358000.0
3,HRB,MRY,2018-12-31,2018-04-30,2018-04-30,2021-09-07,-14303000.0,3140949000.0,2387764500.0,1891713000.0,1249236000.0,1.323,1.882,-98583000.0,1663678000.0,1663678000.0,1739729000.0,613149000.0,2.242,6.978,1495635000.0,1026000.0,1494609000.0,1495635000.0,365649000.0,183295000.0,0.0,0.035,0.96,744344000.0,927639000.0,0.294,927639000.0,744344000.0,654972000.0,2.93,2.91,2.93,393711000.0,-232864750.0,393711000.0,7799288494.0,10.0,8.408,751420000.0,3.592,1.0,1420202000.0,0.449,881852000.0,89372000.0,1247403000.0,1851582000.0,0.0,0.0,0.0,0.0,2747238000.0,843651000.0,1903587000.0,5784441494.0,546139000.0,-2571000.0,19193000.0,0.0,-200469000.0,-190664000.0,-112057000.0,-22320000.0,850003000.0,-1143000.0,613149000.0,613149000.0,613149000.0,13760000.0,0.0,0.194,668152000.0,752050000.0,251975000.0,0.328,14.692,9.434,9.437,231888000.0,0.0,27.65,1.831,1.831,146774000.0,362980000.0,3159931000.0,3159931000.0,0.0,0.257,-2.633,0.402,0.236,21954000.0,668152000.0,1.0,209202224.0,209202224.0,,15.105,2259097000.0,34095000.0,41823000.0,492480000.0,10.799,1048062000.0
4,HRB,MRY,2017-12-31,2017-04-30,2017-04-30,2021-09-07,-15299000.0,2694108000.0,2379364750.0,1346039000.0,1348069000.0,1.276,-0.294,-89255000.0,1117539000.0,1117539000.0,1644377000.0,408945000.0,1.433,-45.251,1493998000.0,981000.0,1493017000.0,1493998000.0,352825000.0,182168000.0,0.0,0.035,0.88,710266000.0,892434000.0,0.294,892434000.0,710266000.0,617315000.0,1.92,1.91,1.92,-60883000.0,-404744250.0,-60883000.0,7437903689.0,10.0,8.334,462942000.0,2.235,1.0,1391937000.0,0.458,900571000.0,92951000.0,1230716000.0,2182018250.0,0.0,0.0,0.0,0.0,2754991000.0,939280000.0,1815711000.0,5135677689.0,116628000.0,6621000.0,-320479000.0,0.0,-187115000.0,-530424000.0,99319000.0,172701000.0,552197000.0,-4464000.0,408945000.0,408945000.0,408945000.0,11972000.0,0.0,0.135,675953000.0,715984000.0,217028000.0,0.458,-84.353,12.558,12.911,263827000.0,0.0,24.79,1.691,1.691,162775000.0,-48206000.0,3036314000.0,3036314000.0,0.0,0.172,-1.01,0.326,0.234,19285000.0,675953000.0,1.0,207167313.0,207167313.0,,14.656,1793537000.0,83728000.0,208370000.0,507284000.0,8.657,406759000.0
5,HRB,MRY,2016-12-31,2016-04-30,2016-04-30,2021-09-07,-11233000.0,2847225000.0,2904522000.0,1220601000.0,1626624000.0,1.046,0.103,-99923000.0,1000911000.0,1000911000.0,1685552000.0,374267000.0,1.174,122.24,1492201000.0,826000.0,1491375000.0,1492201000.0,403835000.0,173598000.0,0.0,0.04,0.8,629155000.0,802753000.0,0.264,802753000.0,629155000.0,560193000.0,1.5,1.49,1.5,23103000.0,282138250.0,23103000.0,6910560862.0,11.0,8.609,444630000.0,1.981,1.0,1352601000.0,0.445,904642000.0,68962000.0,1394268000.0,1927532250.0,0.0,202385000.0,0.0,202385000.0,2824122000.0,1039605000.0,1784517000.0,4541970862.0,-1098251000.0,-88776000.0,-1992563000.0,996831000.0,-201688000.0,-1961729000.0,329515000.0,507139000.0,544553000.0,-10590000.0,374267000.0,374267000.0,374267000.0,9286000.0,0.0,0.123,719409000.0,633192000.0,259586000.0,0.533,196.597,12.136,13.493,293565000.0,0.0,20.24,1.495,1.495,153116000.0,40347000.0,3038153000.0,3038153000.0,0.0,0.129,1.327,0.326,0.207,23540000.0,719409000.0,1.0,224405675.0,224405675.0,,13.539,1942583000.0,120123000.0,185926000.0,506714000.0,8.657,180996000.0
6,HRB,MRY,2015-12-31,2015-04-30,2015-04-30,2021-09-07,1740000.0,4515420000.0,3969117500.0,2951301000.0,1564119000.0,0.776,6.659,-123158000.0,2099162000.0,2099162000.0,1630490000.0,473663000.0,1.571,1.463,506088000.0,790000.0,505298000.0,506088000.0,478806000.0,159804000.0,744241000.0,0.026,0.8,774970000.0,934774000.0,0.304,934774000.0,774970000.0,729724000.0,1.72,1.71,1.72,1832949000.0,1403802500.0,1832949000.0,8049011965.0,10.0,8.611,503450000.0,1.829,1.0,1448168000.0,0.47,873973000.0,45246000.0,170084000.0,665757500.0,0.0,678963000.0,439625000.0,239338000.0,2682471000.0,1878289000.0,804182000.0,8323503965.0,-178117000.0,-113252000.0,6073000.0,-400000000.0,-219960000.0,-645807000.0,-148932000.0,74328000.0,626608000.0,-9986000.0,473663000.0,473663000.0,473663000.0,13081000.0,0.0,0.154,653502000.0,794666000.0,231322000.0,0.465,4.541,17.573,17.581,311387000.0,0.0,30.24,2.704,2.704,167964000.0,1836442000.0,3078658000.0,3078658000.0,0.0,0.119,0.337,1.164,0.252,26068000.0,653502000.0,1.0,275248147.0,275248147.0,,11.185,3641447000.0,187728000.0,256061000.0,577270000.0,13.23,1073012000.0
7,HRB,MRY,2014-12-31,2014-04-30,2014-04-30,2021-09-07,5177000.0,4693529000.0,3811554250.0,3114006000.0,1579523000.0,0.793,5.676,-147011000.0,2300626000.0,2300626000.0,1572377000.0,475157000.0,1.346,2.015,906474000.0,400637000.0,505837000.0,906474000.0,507080000.0,115604000.0,769785000.0,0.028,0.8,797455000.0,913059000.0,0.302,913059000.0,797455000.0,742176000.0,1.73,1.72,1.73,1556549000.0,1075899500.0,1556549000.0,8412513076.0,11.0,9.214,662570000.0,2.416,1.0,1451918000.0,0.48,791739000.0,55279000.0,194522000.0,964772500.0,0.0,691923000.0,423495000.0,268428000.0,3136980000.0,2313116000.0,823864000.0,7793259076.0,437723000.0,-68428000.0,22140000.0,0.0,-218980000.0,-364930000.0,10690000.0,196732000.0,809581000.0,-17618000.0,475157000.0,475157000.0,475157000.0,24940000.0,0.0,0.157,633428000.0,818490000.0,222489000.0,0.462,5.007,16.401,16.428,304911000.0,0.0,28.42,2.577,2.577,191618000.0,1589297000.0,3024295000.0,3024295000.0,0.0,0.125,0.442,0.827,0.264,20058000.0,633428000.0,1.0,274217420.0,274217420.0,,11.029,3901790000.0,182574000.0,267019000.0,564120000.0,14.229,800890000.0
8,HRB,MRY,2013-12-31,2013-04-30,2013-04-30,2021-09-07,10550000.0,4537779000.0,3990320500.0,2462343000.0,2075436000.0,0.728,4.64,-113239000.0,1865421000.0,1865421000.0,1530491000.0,433948000.0,1.224,2.591,906680000.0,722000.0,905958000.0,906680000.0,0.0,92407000.0,936464000.0,0.029,0.8,745098000.0,837505000.0,0.288,837505000.0,745098000.0,670801000.0,1.59,1.58,1.59,1263547000.0,859260250.0,1263547000.0,8429482998.0,11.0,10.065,383869000.0,1.41,1.0,1375452000.0,0.473,719221000.0,74297000.0,847612000.0,1318061750.0,0.0,825665000.0,0.0,825665000.0,3274232000.0,2012205000.0,1262027000.0,7554133998.0,-196750000.0,-20742000.0,-315274000.0,-139436000.0,-217201000.0,-584541000.0,-110937000.0,-52097000.0,497108000.0,1620000.0,433948000.0,433948000.0,433948000.0,31210000.0,0.0,0.149,604469000.0,770983000.0,523921000.0,0.503,5.979,17.408,17.447,267880000.0,0.0,27.74,2.6,2.6,206835000.0,1333445000.0,2905943000.0,2905943000.0,0.0,0.109,0.505,0.565,0.256,15293000.0,604469000.0,1.0,272319178.0,272319178.0,,10.671,3818558000.0,0.0,236853000.0,416128000.0,14.022,450138000.0
9,HRB,MRY,2012-12-31,2012-04-30,2012-04-30,2021-09-07,12145000.0,4649567000.0,4446730250.0,2500994000.0,2148573000.0,0.651,4.517,-82457000.0,1992434000.0,1992434000.0,1701695000.0,265932000.0,0.99,2.507,1040549000.0,631434000.0,409115000.0,1040549000.0,0.0,103576000.0,827549000.0,0.048,0.7,496034000.0,599610000.0,0.207,599610000.0,496034000.0,496034000.0,0.89,0.89,0.89,1325892000.0,1057260000.0,1325892000.0,4358418669.0,9.0,7.269,279592000.0,0.952,1.0,1192076000.0,0.412,704230000.0,0.0,467024000.0,1256830000.0,0.0,777516000.0,0.0,777516000.0,3323675000.0,2526428000.0,797247000.0,4315386669.0,266490000.0,545241000.0,-168317000.0,-25000000.0,-208801000.0,-445062000.0,351867000.0,-130304000.0,362049000.0,-2364000.0,265932000.0,265932000.0,265932000.0,80036000.0,0.0,0.092,625784000.0,566292000.0,567079000.0,0.787,3.255,16.227,16.517,240772000.0,0.0,14.7,1.491,1.491,193858000.0,2523997000.0,2893771000.0,2893771000.0,0.0,0.06,0.252,0.395,0.171,14968000.0,618375000.0,1.0,293563719.0,293563719.0,,9.857,3945337000.0,0.0,230102000.0,336374000.0,13.439,-25434000.0
10,HRB,MRY,2011-12-31,2011-04-30,2011-04-30,2021-09-07,11233000.0,5289453000.0,4956033500.0,3048087000.0,2241366000.0,0.594,4.749,-62959000.0,1726227000.0,1726227000.0,1776782000.0,406110000.0,1.304,2.649,1065084000.0,25557000.0,1039527000.0,1065084000.0,0.0,121633000.0,852220000.0,0.035,0.6,641266000.0,762899000.0,0.259,762899000.0,641266000.0,641266000.0,1.31,1.31,1.31,1449574000.0,1045552250.0,1449574000.0,5536480459.0,9.0,7.257,449544000.0,1.473,1.0,1168198000.0,0.397,709493000.0,0.0,1580837000.0,1372067750.0,0.0,648844000.0,0.0,648844000.0,3839879000.0,2337980000.0,1501899000.0,5277776459.0,-126201000.0,16912000.0,-283110000.0,-50000000.0,-186802000.0,-534391000.0,-110157000.0,-98459000.0,512503000.0,5844000.0,406110000.0,406110000.0,406110000.0,-13563000.0,0.0,0.138,551859000.0,616339000.0,550982000.0,0.458,3.641,12.996,13.198,255298000.0,0.0,17.29,1.792,1.792,230172000.0,2658103000.0,2944980000.0,2944980000.0,0.0,0.082,0.388,0.467,0.218,14500000.0,529159000.0,1.0,305250229.0,305250229.0,,9.648,4579960000.0,0.0,235156000.0,458911000.0,15.004,710107000.0
11,HRB,MRY,2010-12-31,2010-04-30,2010-04-30,2021-09-07,1678000.0,5234318000.0,5539392000.0,2649036000.0,2585282000.0,0.544,4.376,-90515000.0,1838395000.0,1838395000.0,1820417000.0,479242000.0,1.141,2.633,1113832000.0,53688000.0,1060144000.0,1113832000.0,0.0,126901000.0,852555000.0,0.033,0.6,747533000.0,874434000.0,0.29,874434000.0,747533000.0,747533000.0,1.44,1.43,1.44,1440630000.0,1159727000.0,1440630000.0,7025751263.0,9.0,8.035,496954000.0,1.509,1.0,1194418000.0,0.396,1207879000.0,0.0,980385000.0,1444260750.0,0.0,595405000.0,0.0,595405000.0,3793688000.0,2321491000.0,1472197000.0,6028271263.0,149382000.0,56084000.0,-237568000.0,-25046000.0,-200899000.0,-481118000.0,31353000.0,34271000.0,587469000.0,11678000.0,479242000.0,479242000.0,479242000.0,-24119000.0,0.0,0.159,480604000.0,713814000.0,756577000.0,0.417,4.184,12.579,12.715,345470000.0,0.0,18.31,2.0,2.0,517986000.0,2658586000.0,3014835000.0,3014835000.0,0.0,0.087,0.413,0.518,0.248,29369000.0,480604000.0,1.0,329233821.0,329233821.0,,9.157,4026439000.0,0.0,268291000.0,459175000.0,12.23,327545000.0
12,HRB,MRY,2009-12-31,2009-04-30,2009-04-30,2021-09-07,-11639000.0,5359722000.0,5747460750.0,2571080000.0,2788642000.0,0.711,4.139,-97880000.0,1706319000.0,1706319000.0,2596218000.0,485673000.0,1.072,2.812,1140904000.0,33782000.0,1107122000.0,1140904000.0,0.0,123631000.0,854888000.0,0.039,0.592,811988000.0,935619000.0,0.229,935619000.0,811988000.0,811988000.0,1.45,1.45,1.45,1405859000.0,978812000.0,1405859000.0,6603616810.0,8.0,7.058,926559000.0,2.728,1.0,1487359000.0,0.364,1236228000.0,0.0,1159799000.0,2400736750.0,0.0,744899000.0,0.0,744899000.0,3953863000.0,2398280000.0,1555583000.0,5142550810.0,989766000.0,-19874000.0,106820000.0,-29000000.0,-198685000.0,-40233000.0,5560000.0,101312000.0,1024439000.0,0.0,485673000.0,485673000.0,485673000.0,27382000.0,0.0,0.119,648490000.0,838869000.0,705945000.0,0.408,3.658,10.589,10.441,368289000.0,0.0,15.14,1.259,1.259,512814000.0,2671437000.0,4083577000.0,4083577000.0,0.0,0.085,0.496,0.338,0.199,26557000.0,648490000.0,1.0,339666500.0,339666500.0,,12.022,4123494000.0,0.0,326315000.0,543967000.0,12.14,172800000.0
13,HRB,MRY,2008-12-31,2008-04-30,2008-04-30,2021-09-07,2486000.0,5623425000.0,7793369250.0,2614487000.0,3008938000.0,0.524,3.036,-101554000.0,671928000.0,671928000.0,2588193000.0,-308647000.0,0.84,4.693,1168070000.0,136286000.0,1031784000.0,1168070000.0,0.0,119514000.0,785624000.0,0.026,0.562,-19523000.0,99991000.0,0.024,99991000.0,-19523000.0,-19523000.0,-0.95,-0.95,-0.95,987818000.0,769348000.0,987818000.0,10016765623.0,-513.0,100.177,157206000.0,0.483,1.0,1498437000.0,0.367,978682000.0,0.0,2029550000.0,3548978000.0,0.0,966301000.0,0.0,966301000.0,4635607000.0,3111335000.0,1524272000.0,7115835623.0,-152020000.0,1020118000.0,16042000.0,-942706000.0,-183628000.0,-1558069000.0,1147289000.0,213987000.0,258760000.0,0.0,-308647000.0,-308647000.0,-308647000.0,754594000.0,0.0,-0.076,788898000.0,709539000.0,739887000.0,-0.592,7.204,-23.055,-23.021,363664000.0,0.0,21.87,1.741,1.741,534229000.0,2384449000.0,4086630000.0,4086630000.0,0.0,-0.04,-0.401,-0.006,-0.005,40373000.0,788898000.0,1.0,325369713.0,325369713.0,,12.56,4644743000.0,0.0,289124000.0,439380000.0,14.275,-496848000.0
14,HRB,MRY,2007-12-31,2007-04-30,2007-04-30,2021-09-07,-1320000.0,7544050000.0,7186796750.0,3454292000.0,4089758000.0,0.516,4.38,-158460000.0,1254484000.0,1254484000.0,2330494000.0,-433653000.0,0.662,4.333,2113520000.0,1576386000.0,537134000.0,2113520000.0,0.0,107479000.0,1129263000.0,0.023,0.53,-175852000.0,-68373000.0,-0.018,-68373000.0,-175852000.0,-175852000.0,-1.34,-1.33,-1.34,1414499000.0,1596217750.0,1414499000.0,9641116296.0,-55.0,-141.008,-715435000.0,-2.215,1.0,1379868000.0,0.372,1175332000.0,0.0,2006845000.0,2350940250.0,0.0,1358222000.0,0.0,1358222000.0,6129551000.0,5220909000.0,908642000.0,7301369296.0,275760000.0,-57554000.0,-163099000.0,1171082000.0,-171966000.0,1991111000.0,-1158376000.0,-1002673000.0,-556975000.0,0.0,-433653000.0,-433653000.0,-433653000.0,803113000.0,0.0,-0.117,728540000.0,651328000.0,1152561000.0,-0.396,5.162,-16.837,-16.873,379066000.0,0.0,22.61,1.968,1.968,966777000.0,2886440000.0,3710362000.0,3710362000.0,0.0,-0.06,-0.272,-0.075,-0.047,37014000.0,728540000.0,1.0,322926550.0,322926550.0,,11.49,6368718000.0,0.0,257801000.0,439472000.0,19.722,-1766617000.0
15,HRB,MRY,2006-12-31,2006-04-30,2006-04-30,2021-09-07,21948000.0,5989135000.0,5993345500.0,2788436000.0,3200699000.0,0.596,6.54,-193277000.0,1059266000.0,1059266000.0,2155350000.0,490408000.0,0.964,1.788,924254000.0,506992000.0,417262000.0,924254000.0,0.0,148321000.0,0.0,0.021,0.485,752408000.0,900729000.0,0.252,900729000.0,752408000.0,703349000.0,1.49,1.47,1.49,2147799000.0,1771125000.0,2147799000.0,9133087353.0,12.0,10.14,400865000.0,1.221,1.0,1419403000.0,0.397,1151649000.0,49059000.0,1809038000.0,2225527500.0,0.0,0.0,0.0,0.0,3841336000.0,2893436000.0,947900000.0,7497733353.0,-397399000.0,-210142000.0,-161831000.0,0.0,-160031000.0,-303036000.0,-688505000.0,2002000.0,594142000.0,0.0,490408000.0,490408000.0,490408000.0,-192867000.0,0.0,0.137,882389000.0,537014000.0,1391332000.0,0.326,3.491,15.289,15.322,343706000.0,0.0,22.83,2.097,2.097,971873000.0,3492059000.0,3574753000.0,3574753000.0,0.0,0.082,0.277,0.338,0.21,47182000.0,882389000.0,1.0,328415828.0,328415828.0,,10.885,4837486000.0,0.0,212941000.0,505690000.0,14.73,-105000000.0
16,HRB,MRY,2005-12-31,2005-04-30,2005-04-30,2021-09-07,68718000.0,5538056000.0,5297699250.0,3070634000.0,2467422000.0,0.594,5.898,-148041000.0,1617122000.0,1617122000.0,1891071000.0,623910000.0,1.374,1.841,948618000.0,25545000.0,923073000.0,948618000.0,0.0,149936000.0,0.0,0.017,0.43,894141000.0,1044077000.0,0.332,1044077000.0,894141000.0,831774000.0,1.88,1.85,1.88,1949268000.0,1556922750.0,1949268000.0,9602925900.0,11.0,9.198,366356000.0,1.108,1.0,1255298000.0,0.399,1263039000.0,62367000.0,1371717000.0,1826358000.0,0.0,664999000.0,77082000.0,587917000.0,3588788000.0,2234796000.0,1353992000.0,8231403900.0,28072000.0,72524000.0,-400698000.0,119557000.0,-142988000.0,-427915000.0,-58410000.0,-423000.0,514397000.0,0.0,623910000.0,623910000.0,623910000.0,-304161000.0,0.0,0.198,693147000.0,562151000.0,1515433000.0,0.229,4.223,13.193,13.247,330150000.0,0.0,24.905,2.616,2.616,931932000.0,3161682000.0,3146369000.0,3146369000.0,0.0,0.118,0.401,0.49,0.284,36853000.0,693147000.0,1.0,330512102.0,330512102.0,,9.52,4275017000.0,0.0,207864000.0,375174000.0,12.935,835838000.0
17,HRB,MRY,2004-12-31,2004-04-30,2004-04-30,2021-09-07,66211000.0,5233827000.0,4972146250.0,2953492000.0,2280335000.0,0.854,5.157,-123826000.0,1618173000.0,1618173000.0,2177384000.0,694093000.0,1.175,1.9,821480000.0,275669000.0,545811000.0,821480000.0,0.0,179131000.0,0.0,0.017,0.39,1227834000.0,1406965000.0,0.331,1406965000.0,1227834000.0,1156616000.0,1.96,1.92,1.96,1804659000.0,1605193250.0,1804659000.0,8855191758.0,7.0,6.294,728637000.0,2.082,1.0,2070496000.0,0.487,1286944000.0,71218000.0,636602000.0,1378088000.0,0.0,478612000.0,0.0,478612000.0,3429168000.0,2513588000.0,915580000.0,7892930758.0,159452000.0,-280865000.0,-399906000.0,-59003000.0,-138397000.0,-565625000.0,-127386000.0,250973000.0,852463000.0,0.0,694093000.0,694093000.0,694093000.0,0.0,0.0,0.163,846157000.0,1224339000.0,1527433000.0,0.199,4.374,11.372,11.508,273303000.0,0.0,22.555,1.858,1.858,954295000.0,2680760000.0,4247880000.0,4247880000.0,0.0,0.14,0.432,0.891,0.289,25718000.0,846157000.0,1.0,349941510.0,349941510.0,,12.139,3946883000.0,0.0,462523000.0,430119000.0,11.279,439904000.0
18,HRB,MRY,2003-12-31,2003-04-30,2003-04-30,2021-09-07,36862000.0,4767308000.0,4230322500.0,2625231000.0,2142077000.0,0.882,4.644,-148706000.0,1313595000.0,1313595000.0,1926686000.0,477615000.0,1.384,1.865,877980000.0,55678000.0,822302000.0,877980000.0,0.0,216199000.0,0.0,0.018,0.35,932287000.0,1148486000.0,0.308,1148486000.0,932287000.0,855564000.0,1.33,1.3,1.33,1663709000.0,1319804500.0,1663709000.0,7530723146.0,8.0,6.557,541029000.0,1.51,1.0,1804440000.0,0.484,1056080000.0,76723000.0,1378417000.0,1594166250.0,0.0,485732000.0,0.0,485732000.0,3103599000.0,1897196000.0,1206403000.0,6917290146.0,440080000.0,-26408000.0,-191245000.0,-57469000.0,-125898000.0,-377184000.0,127529000.0,282748000.0,689735000.0,0.0,477615000.0,477615000.0,477615000.0,0.0,0.0,0.128,883115000.0,921325000.0,1331627000.0,0.263,4.158,14.483,14.519,288594000.0,0.0,19.31,1.854,1.854,920234000.0,2221868000.0,3731126000.0,3731126000.0,0.0,0.113,0.362,0.585,0.25,39383000.0,760864000.0,1.0,358223208.0,358223208.0,,10.416,3711228000.0,0.0,377949000.0,299262000.0,10.36,728035000.0
19,HRB,MRY,2002-12-31,2002-04-30,2002-04-30,2021-09-07,44128000.0,4230791000.0,4382932250.0,2245143000.0,1985648000.0,0.75,3.731,-111775000.0,588318000.0,588318000.0,1603546000.0,434405000.0,1.194,2.089,928043000.0,59656000.0,868387000.0,928043000.0,0.0,189276000.0,0.0,0.016,0.315,832981000.0,1022257000.0,0.311,1022257000.0,832981000.0,716840000.0,1.19,1.155,1.19,1369420000.0,1080581500.0,1369420000.0,9288604263.0,11.0,9.086,629671000.0,1.716,1.0,1682155000.0,0.512,1106941000.0,116141000.0,1583873000.0,2084702500.0,0.0,490894000.0,28370000.0,462524000.0,2861371000.0,1879702000.0,981669000.0,7362161263.0,248529000.0,-46738000.0,-267705000.0,-50594000.0,-115725000.0,-433884000.0,-59033000.0,91252000.0,741446000.0,0.0,434405000.0,434405000.0,434405000.0,0.0,0.0,0.132,850586000.0,831569000.0,1313823000.0,0.265,5.376,16.948,16.857,286500000.0,0.0,20.06,2.241,2.241,1212883000.0,1767702000.0,3285701000.0,3285701000.0,0.0,0.099,0.402,0.4,0.254,57809000.0,695200000.0,1.0,367007042.0,367007042.0,,8.953,3123850000.0,0.0,282435000.0,252822000.0,8.512,365441000.0
20,HRB,MRY,2001-12-31,2001-04-30,2001-04-30,2021-09-07,-42767000.0,4113705000.0,5085107250.0,2263287000.0,1850418000.0,0.586,3.211,-92411000.0,271813000.0,271813000.0,1475475000.0,281162000.0,1.143,2.505,922737000.0,51763000.0,870974000.0,922737000.0,0.0,223755000.0,0.0,0.021,0.294,720043000.0,943798000.0,0.317,943798000.0,720043000.0,477492000.0,0.765,0.76,0.765,1173741000.0,941151750.0,1173741000.0,7191300185.0,10.0,7.62,155940000.0,0.427,1.0,1505862000.0,0.505,1051826000.0,242551000.0,1732320000.0,2264410500.0,0.0,324583000.0,54424000.0,270159000.0,2939964000.0,1980483000.0,959481000.0,5025744185.0,-159102000.0,-21143000.0,-203345000.0,-352540000.0,-108374000.0,-662210000.0,254757000.0,367080000.0,248351000.0,0.0,281162000.0,281162000.0,281162000.0,0.0,0.0,0.094,798245000.0,707617000.0,1411291000.0,0.384,4.282,17.875,17.974,288847000.0,0.0,13.75,1.686,1.686,1676108000.0,1449022000.0,2981337000.0,2981337000.0,0.0,0.055,0.299,0.318,0.242,2235000.0,592637000.0,1.0,365508668.0,365508668.0,,8.157,3061879000.0,0.0,196330000.0,295599000.0,8.377,282804000.0
21,HRB,MRY,2000-12-31,2000-04-30,2000-04-30,2021-09-07,-26241000.0,5712869000.0,4057568000.0,3880112000.0,1832757000.0,0.598,3.097,-145753000.0,379901000.0,379901000.0,1216707000.0,251895000.0,1.098,3.688,1224171000.0,351775000.0,872396000.0,1224171000.0,0.0,147218000.0,0.0,0.026,0.269,460944000.0,608162000.0,0.251,608162000.0,460944000.0,412266000.0,0.64,0.635,0.64,1218589000.0,1024751000.0,1218589000.0,6376292469.0,14.0,10.485,307234000.0,0.781,1.0,1208978000.0,0.498,1095074000.0,48678000.0,1928097000.0,1861637250.0,0.0,301666000.0,62369000.0,239297000.0,4494280000.0,3533968000.0,960312000.0,4113353469.0,153478000.0,-971802000.0,-17432000.0,702928000.0,-105480000.0,550430000.0,-849939000.0,265816000.0,452987000.0,0.0,251895000.0,251895000.0,251895000.0,0.0,0.0,0.104,758212000.0,450766000.0,2792562000.0,0.42,3.376,16.33,16.332,299499000.0,0.0,10.453,1.696,1.696,3292101000.0,1277324000.0,2425685000.0,2425685000.0,0.0,0.062,0.246,0.248,0.19,3736000.0,452926000.0,1.0,393528196.0,393528196.0,,6.164,4617795000.0,0.0,160371000.0,216298000.0,11.734,346144000.0
22,HRB,MRY,1999-12-31,1999-04-30,1999-04-30,2021-09-07,-23400000.0,1910176000.0,2270532750.0,1087422000.0,822754000.0,0.724,2.732,-89782000.0,193240000.0,193240000.0,793567000.0,215366000.0,1.963,0.799,326394000.0,76669000.0,249725000.0,326394000.0,0.0,74605000.0,0.0,0.02,0.237,430450000.0,505055000.0,0.307,505055000.0,430450000.0,361112000.0,0.54,0.535,0.54,1061987000.0,943670250.0,1061987000.0,5545039768.0,13.0,10.979,149492000.0,0.385,1.0,851098000.0,0.517,405534000.0,69338000.0,1083967000.0,1520766750.0,0.0,227409000.0,56881000.0,170528000.0,848189000.0,553829000.0,294360000.0,4677702768.0,-707616000.0,-123657000.0,-419464000.0,-682617000.0,-95004000.0,-1197833000.0,250943000.0,490025000.0,239274000.0,0.0,215366000.0,215366000.0,215366000.0,22429000.0,0.0,0.131,426686000.0,424412000.0,163911000.0,0.439,4.405,21.72,22.282,114222000.0,0.0,12.033,2.844,2.844,743301000.0,1130909000.0,1644665000.0,1644665000.0,0.0,0.095,0.228,0.283,0.262,0.0,280419000.0,1.0,388755684.0,388755684.0,,4.231,1504642000.0,0.0,145746000.0,151659000.0,3.87,533593000.0
23,HRB,MRY,1998-12-31,1998-04-30,1998-04-30,2021-09-07,-24517000.0,2904083000.0,2283871500.0,2143277000.0,760806000.0,0.556,3.2,-46326000.0,900856000.0,900856000.0,641946000.0,392130000.0,1.679,1.165,892677000.0,643002000.0,249675000.0,892677000.0,0.0,54972000.0,0.0,0.018,0.2,543674000.0,598646000.0,0.471,598646000.0,543674000.0,504775000.0,0.935,0.912,0.935,1341632000.0,1071186750.0,1341632000.0,5490367740.0,10.0,9.171,148874000.0,0.355,1.0,628035000.0,0.495,288580000.0,38899000.0,1330432000.0,1459239750.0,0.0,689336000.0,400240000.0,289096000.0,1562451000.0,1276892000.0,285559000.0,4716421740.0,443777000.0,-265683000.0,40530000.0,166870000.0,-83635000.0,123795000.0,124782000.0,478299000.0,195200000.0,0.0,392130000.0,392130000.0,392130000.0,23525000.0,0.0,0.309,317619000.0,310416000.0,114875000.0,0.214,3.515,12.028,12.032,77321000.0,0.0,11.25,3.714,3.714,793237000.0,1010547000.0,1269981000.0,1269981000.0,0.0,0.172,0.366,0.373,0.428,0.0,208911000.0,1.0,419237488.0,419237488.0,,3.029,2615503000.0,0.0,112645000.0,422847000.0,6.239,866385000.0
24,HRB,MRY,1997-12-31,1997-04-30,1997-04-30,2021-09-07,0.0,1707058000.0,1731474500.0,1480090000.0,226968000.0,0.616,2.401,-44277000.0,457079000.0,457079000.0,595110000.0,47755000.0,2.212,0.709,269619000.0,269619000.0,0.0,269619000.0,0.0,36526000.0,0.0,0.032,0.26,132314000.0,168840000.0,0.158,168840000.0,132314000.0,131706000.0,0.115,0.113,0.115,999097000.0,1019345000.0,999097000.0,3616840176.0,27.0,21.422,44154000.0,0.106,1.0,471300000.0,0.442,74794000.0,608000.0,775795000.0,689644500.0,0.0,82028000.0,61755000.0,20273000.0,707961000.0,669009000.0,38952000.0,3355359176.0,52060000.0,-17249000.0,3439000.0,196968000.0,-107988000.0,92419000.0,-128790000.0,-51226000.0,88431000.0,0.0,47755000.0,47755000.0,47755000.0,100377000.0,0.0,0.045,249479000.0,221821000.0,164872000.0,2.261,3.358,70.262,70.109,65065000.0,0.0,8.062,3.146,3.146,407441000.0,684071000.0,1066410000.0,1066410000.0,0.0,0.028,0.047,0.192,0.124,0.0,198176000.0,1.0,416168580.0,416168580.0,,2.562,1632264000.0,0.0,83951000.0,129192000.0,3.922,811081000.0
25,HRB,MRY,1996-12-31,1996-04-30,1996-04-30,2021-09-07,0.0,1755891000.0,,1122258000.0,633633000.0,,,-36972000.0,685660000.0,685660000.0,507763000.0,177168000.0,2.347,0.689,72651000.0,72651000.0,0.0,72651000.0,0.0,32477000.0,0.0,0.036,0.318,253505000.0,285982000.0,0.328,285982000.0,253505000.0,249536000.0,0.425,0.417,0.425,1039593000.0,,1039593000.0,,,,100832000.0,,1.0,363770000.0,0.417,61141000.0,3969000.0,603494000.0,,0.0,60033000.0,42952000.0,17081000.0,716298000.0,478247000.0,238051000.0,,314771000.0,58865000.0,-58725000.0,23230000.0,-131263000.0,-166758000.0,343725000.0,325661000.0,137804000.0,0.0,177168000.0,177168000.0,177168000.0,-52079000.0,0.0,0.203,183279000.0,180491000.0,201320000.0,0.748,,,21.029,399574000.0,0.0,8.938,,,333734000.0,747212000.0,871533000.0,871533000.0,0.0,,,,0.291,0.0,163018000.0,1.0,,,,,1694750000.0,0.0,72368000.0,141106000.0,,644011000.0
26,HRB,MRY,1995-12-31,1995-04-30,1995-04-30,2021-09-07,,,,,,,,-123337000.0,,,473517000.0,107259000.0,,,,,,,,67684000.0,,0.029,0.305,162665000.0,230349000.0,0.301,230349000.0,162665000.0,162665000.0,0.253,,0.253,,,,,,,1026000.0,,1.0,292806000.0,0.382,,0.0,,,,,,,,,,,48905000.0,-42578000.0,-56903000.0,49421000.0,-128838000.0,-136320000.0,60862000.0,232633000.0,124363000.0,0.0,107259000.0,107259000.0,107259000.0,-9270000.0,0.0,0.14,163114000.0,129692000.0,,1.206,,,41.63,,0.0,10.533,,,,,766323000.0,766323000.0,0.0,,,,0.212,0.0,163114000.0,1.0,,,,,,,55406000.0,,,
0,HRB,MRQ,2021-06-30,2021-06-30,2021-06-30,2021-09-07,88000.0,4014388000.0,,2080382000.0,1934006000.0,,2.138,,1584164000.0,1584164000.0,,,2.117,9.345,2442841000.0,214190000.0,2228651000.0,2442841000.0,309710000.0,,0.0,,0.27,,,,,,,,,,388058000.0,,388058000.0,5136959750.0,,,,,1.0,,,1105614000.0,,2784965000.0,,0.0,0.0,0.0,0.0,3626330000.0,982486000.0,2643844000.0,4260821750.0,,,,,,,,,,,,,,,,,,,164269000.0,,10.98,,,585123000.0,,23.48,,,88932000.0,286694000.0,,,,,,,,,,1.0,181466003.0,181466003.0,,,2908774000.0,512868000.0,,540521000.0,16.029,1097896000.0
1,HRB,MRQ,2021-03-31,2021-04-30,2021-04-30,2021-09-07,4786000.0,3653646000.0,,1699724000.0,1953922000.0,,1.942,-4796000.0,1062920000.0,1062920000.0,901728000.0,949252000.0,1.461,9.368,1939058000.0,206393000.0,1732665000.0,1939058000.0,326366000.0,39689000.0,0.0,0.047,0.26,1085057000.0,1124746000.0,0.483,1124746000.0,1085057000.0,1063506000.0,5.05,5.02,5.05,352401000.0,,352401000.0,6378418115.0,8.0,6.888,1529811000.0,8.432,1.0,1426452000.0,0.613,1117807000.0,21551000.0,2248898000.0,,0.0,0.0,0.0,0.0,3301245000.0,1163079000.0,2138166000.0,4038660115.0,601512000.0,20371000.0,-38135000.0,-880000000.0,-47181000.0,-965998000.0,28589000.0,-1960000.0,1534607000.0,4314000.0,949252000.0,949252000.0,949252000.0,1715000.0,0.0,0.408,340900000.0,1085552000.0,198084000.0,0.051,11.46,6.918,7.158,585736000.0,0.0,22.26,1.183,1.183,197876000.0,248506000.0,2328180000.0,2328180000.0,0.0,,,,,7527000.0,340900000.0,1.0,181431272.0,181431272.0,,12.832,2535839000.0,516214000.0,114254000.0,566755000.0,13.977,536645000.0
2,HRB,MRQ,2020-12-31,2021-01-31,2021-01-31,2021-09-07,-11693000.0,3168363000.0,,1220642000.0,1947721000.0,,-2.915,-21412000.0,461408000.0,461408000.0,380273000.0,-232994000.0,1.765,-6.927,2801166000.0,186209000.0,2614957000.0,2801166000.0,303172000.0,39856000.0,0.0,0.06,0.26,-262330000.0,-222474000.0,-0.722,-222474000.0,-262330000.0,-284663000.0,-1.27,-1.27,-1.27,-534580000.0,,-534580000.0,4791493084.0,14.0,9.361,-667352000.0,-3.638,1.0,-72046000.0,-0.234,1126880000.0,22333000.0,3689758000.0,,0.0,0.0,0.0,0.0,3702943000.0,691483000.0,3011460000.0,3160298084.0,74084000.0,-9379000.0,1002000.0,810000000.0,-47689000.0,763120000.0,-50680000.0,-13035000.0,-645940000.0,7584000.0,-232994000.0,-232994000.0,-232994000.0,1163000.0,0.0,-0.756,191488000.0,-263534000.0,160880000.0,-0.205,-5.912,33.287,50.676,582010000.0,0.0,17.23,1.092,1.092,563089000.0,-616518000.0,308227000.0,308227000.0,0.0,,,,,5809000.0,191488000.0,1.0,183418345.0,183418345.0,,1.68,2041483000.0,179598000.0,-51669000.0,319208000.0,11.13,529159000.0
3,HRB,MRQ,2020-09-30,2020-10-31,2020-10-31,2021-09-07,-31707000.0,2556429000.0,,592913000.0,1963516000.0,,-1.451,-18273000.0,387324000.0,387324000.0,245055000.0,-223726000.0,1.073,-10.131,2018519000.0,191114000.0,1827405000.0,2018519000.0,284536000.0,37799000.0,0.0,0.06,0.26,-207412000.0,-169613000.0,-0.961,-169613000.0,-207412000.0,-238273000.0,-1.18,-1.18,-1.18,-279966000.0,,-279966000.0,4525834609.0,10.0,7.229,-260512000.0,-1.351,1.0,-68505000.0,-0.388,1117854000.0,30861000.0,2517167000.0,,0.0,0.0,0.0,0.0,2836395000.0,552603000.0,2283792000.0,3329427609.0,-2419261000.0,510000.0,-150255000.0,-1932035000.0,-50154000.0,-2149225000.0,-27812000.0,-11794000.0,-242239000.0,15000.0,-223726000.0,-223726000.0,-223726000.0,1246000.0,0.0,-1.267,136842000.0,-205347000.0,108805000.0,-0.22,-11.892,16.794,18.362,610469000.0,0.0,17.26,1.072,1.072,71253000.0,-335617000.0,176550000.0,176550000.0,0.0,,,,,7338000.0,136842000.0,1.0,192898471.0,192898471.0,,0.915,1438575000.0,172842000.0,-14547000.0,362413000.0,7.458,40310000.0
4,HRB,MRQ,2020-06-30,2020-07-31,2020-07-31,2021-09-07,-34037000.0,4997436000.0,,2997345000.0,2000091000.0,,0.703,-8311000.0,2806585000.0,2806585000.0,315036000.0,91259000.0,3.913,35.942,4002992000.0,209556000.0,3793436000.0,4002992000.0,318887000.0,39508000.0,0.0,0.072,0.26,153870000.0,193378000.0,0.322,193378000.0,153870000.0,121745000.0,0.47,0.47,0.47,135277000.0,,135277000.0,3921231966.0,9.0,6.602,-28811000.0,-0.15,1.0,285994000.0,0.476,1124313000.0,32125000.0,4303572000.0,,0.0,0.0,0.0,0.0,4862159000.0,765958000.0,4096201000.0,2790891966.0,-66435000.0,14137000.0,-1766000.0,0.0,-50044000.0,-56720000.0,4380000.0,-128000.0,-20500000.0,6405000.0,91259000.0,91259000.0,91259000.0,2297000.0,0.0,0.152,133038000.0,152956000.0,128690000.0,0.553,20.631,11.928,12.393,661025000.0,0.0,14.5,0.903,0.903,97222000.0,82933000.0,601030000.0,601030000.0,0.0,,,,,7597000.0,133038000.0,1.0,192475308.0,192475308.0,,3.123,3873123000.0,153274000.0,30486000.0,342244000.0,20.123,2231387000.0
5,HRB,MRQ,2020-03-31,2020-04-30,2020-04-30,2021-09-07,-51576000.0,5112047000.0,,3086736000.0,2025311000.0,,0.369,-15175000.0,2873020000.0,2873020000.0,767157000.0,460403000.0,1.959,70.959,4003360000.0,844921000.0,3158439000.0,4003360000.0,325911000.0,44127000.0,0.0,0.062,0.26,666431000.0,710558000.0,0.393,710558000.0,666431000.0,639019000.0,2.32,2.32,2.32,71041000.0,,71041000.0,5849726479.0,74.0,23.533,1561577000.0,8.113,1.0,1042195000.0,0.576,1127114000.0,27412000.0,3539657000.0,,0.0,0.0,0.0,0.0,5041006000.0,1575616000.0,3465390000.0,3204713479.0,2511233000.0,25355000.0,-14000.0,965000000.0,-50043000.0,919936000.0,19471000.0,-2374000.0,1576752000.0,-4926000.0,460403000.0,460403000.0,460403000.0,3057000.0,0.0,0.254,374603000.0,667592000.0,203103000.0,0.112,45.111,-425.819,-416.25,679155000.0,0.0,16.65,1.214,1.214,133197000.0,42965000.0,1809352000.0,1809352000.0,0.0,,,,,5346000.0,268603000.0,1.0,192475284.0,192475284.0,,9.4,3984933000.0,179672000.0,178616000.0,392257000.0,20.704,1511120000.0
6,HRB,MRQ,2019-12-31,2020-01-31,2020-01-31,2021-09-07,-25391000.0,3452430000.0,,1301962000.0,2150468000.0,,-1.631,-23656000.0,361787000.0,361787000.0,462521000.0,-129683000.0,0.973,-11.844,3006800000.0,836912000.0,2169888000.0,3006800000.0,280588000.0,44147000.0,0.0,0.044,0.26,-152382000.0,-108235000.0,-0.208,-108235000.0,-152382000.0,-178687000.0,-0.67,-0.67,-0.67,-318379000.0,,-318379000.0,6226601803.0,11.0,8.55,-798131000.0,-4.088,1.0,56684000.0,0.109,1271904000.0,26305000.0,3487918000.0,,0.0,0.0,0.0,0.0,3770809000.0,1337621000.0,2433188000.0,4529707803.0,-59857000.0,-26655000.0,-64971000.0,900000000.0,-50764000.0,788673000.0,-72643000.0,-16869000.0,-774475000.0,-1412000.0,-129683000.0,-129683000.0,-129683000.0,1657000.0,0.0,-0.25,209288000.0,-152604000.0,156766000.0,-0.388,-14.227,11.049,12.211,661346000.0,0.0,23.2,1.432,1.432,819946000.0,-367218000.0,519205000.0,519205000.0,0.0,,,,,6605000.0,209288000.0,1.0,195246026.0,195246026.0,,2.659,2180526000.0,134901000.0,-49004000.0,209196000.0,11.168,-35659000.0
7,HRB,MRQ,2019-09-30,2019-10-31,2019-10-31,2021-09-07,-21817000.0,2756741000.0,,601412000.0,2155329000.0,,-0.377,-27673000.0,421644000.0,421644000.0,253206000.0,-187999000.0,0.476,-37.394,2118538000.0,811548000.0,1306990000.0,2118538000.0,258422000.0,42657000.0,0.0,0.041,0.26,-244445000.0,-201788000.0,-1.255,-201788000.0,-244445000.0,-265751000.0,-0.95,-0.95,-0.95,-75747000.0,,-75747000.0,6223002149.0,11.0,8.431,-237160000.0,-1.182,1.0,-92405000.0,-0.575,1240708000.0,21306000.0,1948970000.0,,0.0,0.0,0.0,0.0,2832488000.0,1263957000.0,1568531000.0,5015994149.0,-343810000.0,-17259000.0,-153904000.0,135000000.0,-51551000.0,-76568000.0,-58252000.0,-13215000.0,-209487000.0,497000.0,-187999000.0,-187999000.0,-187999000.0,4445000.0,0.0,-1.169,150334000.0,-242739000.0,111439000.0,-0.274,-66.22,12.139,12.815,682185000.0,0.0,24.99,1.612,1.612,74710000.0,-122535000.0,160801000.0,160801000.0,0.0,,,,,9420000.0,150334000.0,1.0,200720054.0,200720054.0,,0.801,1516033000.0,145807000.0,-77752000.0,286487000.0,7.553,-662545000.0
8,HRB,MRQ,2019-06-30,2019-07-31,2019-07-31,2021-09-07,-22736000.0,3110000000.0,,946705000.0,2163295000.0,,1.44,-15181000.0,765454000.0,765454000.0,229392000.0,-150247000.0,1.292,9.694,1972462000.0,186355000.0,1786107000.0,1972462000.0,293770000.0,38605000.0,0.0,0.036,0.26,-190566000.0,-151961000.0,-1.011,-151961000.0,-190566000.0,-211637000.0,-0.74,-0.74,-0.74,290804000.0,,290804000.0,5377181295.0,9.0,7.027,-499010000.0,-2.471,1.0,-79030000.0,-0.526,1240669000.0,21071000.0,2343370000.0,,0.0,0.0,0.0,0.0,2819196000.0,732969000.0,2086227000.0,5592279295.0,-942273000.0,-391764000.0,-35250000.0,0.0,-52512000.0,-100193000.0,-358807000.0,-2806000.0,-483829000.0,556000.0,-150247000.0,-150247000.0,-150247000.0,4523000.0,0.0,-0.999,116136000.0,-195166000.0,122156000.0,-0.351,19.23,13.16,13.574,685826000.0,0.0,27.69,1.804,1.804,76128000.0,250740000.0,150362000.0,150362000.0,0.0,,,,,6674000.0,116136000.0,1.0,201960249.0,201960249.0,,0.745,1869331000.0,142416000.0,-61390000.0,382642000.0,9.256,213736000.0
9,HRB,MRQ,2019-03-31,2019-04-30,2019-04-30,2021-09-07,-20416000.0,3299945000.0,,1993359000.0,1306586000.0,,2.664,-15508000.0,1707727000.0,1707727000.0,863521000.0,877909000.0,2.16,5.094,1492629000.0,0.0,1492629000.0,1492629000.0,349858000.0,40682000.0,0.0,0.037,0.25,1149556000.0,1190238000.0,0.51,1190238000.0,1149556000.0,1127719000.0,4.26,4.25,4.26,541527000.0,,541527000.0,7103465741.0,12.0,9.152,1938486000.0,9.535,1.0,1468922000.0,0.63,862430000.0,21837000.0,1299416000.0,,0.0,0.0,0.0,0.0,2758418000.0,923001000.0,1835417000.0,5531605741.0,1402598000.0,16313000.0,-87755000.0,-385000000.0,-50595000.0,-514078000.0,-35872000.0,-3047000.0,1953994000.0,-1446000.0,877909000.0,877909000.0,877909000.0,6860000.0,0.0,0.376,317650000.0,1151272000.0,249525000.0,0.059,10.215,13.092,13.273,212092000.0,0.0,27.21,1.787,1.787,138965000.0,499386000.0,2332443000.0,2332443000.0,0.0,,,,,5758000.0,317650000.0,1.0,203293118.0,203293118.0,,11.473,2437515000.0,141979000.0,249810000.0,469879000.0,11.99,1070358000.0
10,HRB,MRQ,2018-12-31,2019-01-31,2019-01-31,2021-09-07,-17642000.0,2568806000.0,,1234652000.0,1334154000.0,,-1.039,-13560000.0,305129000.0,305129000.0,421026000.0,-126454000.0,2.101,-13.027,1876989000.0,0.0,1876989000.0,1876989000.0,299179000.0,44088000.0,0.0,0.042,0.25,-142506000.0,-98418000.0,-0.21,-98418000.0,-142506000.0,-165339000.0,-0.62,-0.62,-0.62,-213591000.0,,-213591000.0,5616423156.0,8.0,6.364,-733325000.0,-3.568,1.0,47358000.0,0.101,876957000.0,22833000.0,2676063000.0,,0.0,0.0,0.0,0.0,2782397000.0,587646000.0,2194751000.0,4848401156.0,-418177000.0,-14419000.0,725000.0,385000000.0,-51382000.0,336651000.0,-36055000.0,-7960000.0,-719765000.0,992000.0,-126454000.0,-126454000.0,-126454000.0,6675000.0,0.0,-0.27,185458000.0,-138100000.0,202101000.0,-0.403,-22.699,7.052,7.258,220505000.0,0.0,23.59,1.537,1.537,758217000.0,-254277000.0,468384000.0,468384000.0,0.0,,,,,6170000.0,185458000.0,1.0,205527815.0,205527815.0,,2.279,1691849000.0,141366000.0,-38885000.0,263226000.0,8.232,647006000.0
11,HRB,MRQ,2018-09-30,2018-10-31,2018-10-31,2021-09-07,-18880000.0,2233296000.0,,891002000.0,1342294000.0,,-0.152,-54365000.0,723306000.0,723306000.0,250815000.0,-176276000.0,2.045,-72.294,1491328000.0,0.0,1491328000.0,1491328000.0,285448000.0,41493000.0,0.0,0.037,0.25,-216138000.0,-174645000.0,-1.173,-174645000.0,-216138000.0,-237329000.0,-0.86,-0.86,-0.86,-31325000.0,,-31325000.0,5840074563.0,8.0,6.276,-306493000.0,-1.491,1.0,-101944000.0,-0.685,871715000.0,21191000.0,1693882000.0,,0.0,0.0,0.0,0.0,2264621000.0,435721000.0,1828900000.0,5454522563.0,-387186000.0,-16515000.0,-40000.0,0.0,-51380000.0,-56360000.0,-76642000.0,-7110000.0,-252128000.0,-2056000.0,-176276000.0,-176276000.0,-176276000.0,5339000.0,0.0,-1.184,113319000.0,-215263000.0,114393000.0,-0.291,-174.127,9.597,9.866,241772000.0,0.0,26.54,1.718,1.718,61286000.0,-64291000.0,148871000.0,148871000.0,0.0,,,,,7480000.0,113319000.0,1.0,205520820.0,205520820.0,,0.724,1361581000.0,130987000.0,-61053000.0,330056000.0,6.625,455281000.0
12,HRB,MRQ,2018-06-30,2018-07-31,2018-07-31,2021-09-07,-16034000.0,2605038000.0,,1282123000.0,1322915000.0,,0.918,-12057000.0,1110492000.0,1110492000.0,221560000.0,-152670000.0,2.273,12.567,1495006000.0,0.0,1495006000.0,1495006000.0,325479000.0,40432000.0,0.0,0.039,0.25,-181448000.0,-141016000.0,-0.971,-141016000.0,-181448000.0,-202638000.0,-0.74,-0.74,-0.74,192009000.0,,192009000.0,5096820549.0,7.0,5.482,-387620000.0,-1.852,1.0,-76377000.0,-0.526,862772000.0,21190000.0,1562784000.0,,0.0,0.0,0.0,0.0,2413029000.0,563996000.0,1849033000.0,5264863549.0,-553186000.0,3655000.0,-100310000.0,0.0,-52104000.0,-169908000.0,-6562000.0,-1805000.0,-375563000.0,-1153000.0,-152670000.0,-152670000.0,-152670000.0,3873000.0,0.0,-1.052,105740000.0,-182117000.0,145471000.0,-0.338,27.42,8.908,8.954,227003000.0,0.0,25.16,1.662,1.662,70576000.0,163567000.0,145183000.0,145183000.0,0.0,,,,,4359000.0,105740000.0,1.0,209255308.0,209255308.0,,0.694,1742266000.0,131683000.0,-49968000.0,409605000.0,8.326,718127000.0
13,HRB,MRQ,2018-03-31,2018-04-30,2018-04-30,2021-09-07,-14303000.0,3140949000.0,,1891713000.0,1249236000.0,,1.882,-20718000.0,1663678000.0,1663678000.0,855394000.0,1142927000.0,2.242,6.978,1495635000.0,1026000.0,1494609000.0,1495635000.0,365649000.0,46417000.0,0.0,0.035,0.24,1250254000.0,1296671000.0,0.542,1296671000.0,1250254000.0,1227984000.0,5.47,5.45,5.47,393711000.0,,393711000.0,7799288494.0,10.0,8.408,2186986000.0,10.454,1.0,1537455000.0,0.643,881852000.0,22270000.0,1247403000.0,,0.0,0.0,0.0,0.0,2747238000.0,843651000.0,1903587000.0,5784441494.0,1393279000.0,36826000.0,-1329000.0,-790000000.0,-50211000.0,-822006000.0,10516000.0,-15485000.0,2207704000.0,-2935000.0,1142927000.0,1142927000.0,1142927000.0,3037000.0,0.0,0.478,286959000.0,1250496000.0,251975000.0,0.044,14.692,9.434,9.437,231888000.0,0.0,27.65,1.831,1.831,146774000.0,362980000.0,2392849000.0,2392849000.0,0.0,,,,,4889000.0,286959000.0,1.0,209202224.0,209202224.0,,11.438,2259097000.0,34095000.0,85057000.0,492480000.0,10.799,1048062000.0
14,HRB,MRQ,2017-12-31,2018-01-31,2018-01-31,2021-09-07,-9374000.0,2561300000.0,,1284141000.0,1277159000.0,,-3.339,-21115000.0,270399000.0,270399000.0,416601000.0,-245645000.0,1.927,-4.669,2285246000.0,1015000.0,2284231000.0,2285246000.0,309214000.0,48488000.0,0.0,0.035,0.24,-98965000.0,-50477000.0,-0.103,-50477000.0,-98965000.0,-123525000.0,-1.18,-1.18,-1.18,-698069000.0,,-698069000.0,6761859004.0,9.0,7.41,-730359000.0,-3.493,1.0,71825000.0,0.147,895782000.0,24560000.0,3013837000.0,,0.0,0.0,0.0,0.0,3259369000.0,666528000.0,2592841000.0,5548689004.0,-11263000.0,-11875000.0,581000.0,790000000.0,-50176000.0,738200000.0,-43158000.0,-6218000.0,-709244000.0,2939000.0,-245645000.0,-245645000.0,-245645000.0,2720000.0,0.0,-0.503,169098000.0,-97273000.0,163653000.0,-0.203,-7.949,21.882,23.696,249911000.0,0.0,26.54,1.793,1.793,791618000.0,-729578000.0,488426000.0,488426000.0,0.0,,,,,5438000.0,169098000.0,1.0,209068915.0,209068915.0,,2.336,1665518000.0,98080000.0,122120000.0,365630000.0,7.966,617613000.0
15,HRB,MRQ,2017-09-30,2017-10-31,2017-10-31,2021-09-07,-14222000.0,1716561000.0,,444616000.0,1271945000.0,,-1.974,-43656000.0,281662000.0,281662000.0,240019000.0,-153566000.0,1.131,-5.159,1494832000.0,1004000.0,1493828000.0,1494832000.0,294827000.0,44792000.0,0.0,0.037,0.24,-220254000.0,-175462000.0,-1.246,-175462000.0,-220254000.0,-241519000.0,-0.74,-0.74,-0.74,-412773000.0,,-412773000.0,5998397336.0,9.0,6.815,-282998000.0,-1.354,1.0,-99165000.0,-0.704,899499000.0,21265000.0,1637055000.0,,0.0,0.0,0.0,0.0,2129334000.0,393177000.0,1736157000.0,5172143336.0,-386498000.0,-26082000.0,31000.0,0.0,-50177000.0,-79408000.0,-66452000.0,-817000.0,-239342000.0,-1296000.0,-153566000.0,-153566000.0,-153566000.0,5254000.0,0.0,-1.09,116846000.0,-216011000.0,114875000.0,-0.324,-12.53,13.104,13.744,262226000.0,0.0,24.74,1.691,1.691,77750000.0,-433556000.0,140854000.0,140854000.0,0.0,,,,,6811000.0,116846000.0,1.0,209059957.0,209059957.0,,0.674,817062000.0,9205000.0,-87953000.0,181903000.0,3.908,51439000.0
16,HRB,MRQ,2017-06-30,2017-07-31,2017-07-31,2021-09-07,-12837000.0,2132248000.0,,833940000.0,1298308000.0,,-1.035,-13094000.0,668160000.0,668160000.0,227715000.0,-130567000.0,1.483,-10.949,1494414000.0,992000.0,1493422000.0,1494414000.0,319206000.0,43598000.0,0.0,0.03,0.24,-186691000.0,-143093000.0,-1.038,-143093000.0,-186691000.0,-207968000.0,-0.63,-0.63,-0.63,-214328000.0,,-214328000.0,6695392240.0,9.0,7.499,-422209000.0,-2.038,1.0,-89913000.0,-0.652,887963000.0,21277000.0,1508033000.0,,0.0,0.0,0.0,0.0,2346576000.0,562506000.0,1784070000.0,6318933240.0,-449379000.0,-1440000.0,19910000.0,0.0,-49905000.0,-27450000.0,-12963000.0,200000.0,-409115000.0,149000.0,-130567000.0,-130567000.0,-130567000.0,2749000.0,0.0,-0.947,95249000.0,-185162000.0,161751000.0,-0.381,-29.483,15.717,16.398,253255000.0,0.0,30.5,2.073,2.073,91004000.0,-229647000.0,137802000.0,137802000.0,0.0,,,,,4816000.0,95249000.0,1.0,207178139.0,207178139.0,,0.665,1244285000.0,54348000.0,-77401000.0,336142000.0,6.006,271434000.0
17,HRB,MRQ,2017-03-31,2017-04-30,2017-04-30,2021-09-07,-15299000.0,2694108000.0,,1346039000.0,1348069000.0,,-0.294,-15331000.0,1117539000.0,1117539000.0,818812000.0,783352000.0,1.433,-45.251,1493998000.0,981000.0,1493017000.0,1493998000.0,352825000.0,49976000.0,0.0,0.035,0.22,1231610000.0,1281586000.0,0.551,1281586000.0,1231610000.0,1208685000.0,3.67,3.66,3.67,-60883000.0,,-60883000.0,7437903689.0,10.0,8.334,1946725000.0,9.397,1.0,1509103000.0,0.648,900571000.0,22925000.0,1230716000.0,,0.0,0.0,0.0,0.0,2754991000.0,939280000.0,1815711000.0,5135677689.0,826201000.0,59446000.0,-100000.0,-1100000000.0,-45578000.0,-1168881000.0,34577000.0,-23501000.0,1962056000.0,-1551000.0,783352000.0,783352000.0,783352000.0,3218000.0,0.0,0.337,275581000.0,1233522000.0,217028000.0,0.06,-84.353,12.558,12.911,263827000.0,0.0,24.79,1.691,1.691,162775000.0,-48206000.0,2327915000.0,2327915000.0,0.0,,,,,2340000.0,275581000.0,1.0,207167313.0,207167313.0,,11.237,1793537000.0,83728000.0,425333000.0,507284000.0,8.657,406759000.0
18,HRB,MRQ,2016-12-31,2017-01-31,2017-01-31,2021-09-07,-15363000.0,2577631000.0,,1202834000.0,1374797000.0,,-3.866,-29006000.0,291338000.0,291338000.0,388777000.0,-104514000.0,2.169,-4.219,2593564000.0,942000.0,2592622000.0,2593564000.0,305247000.0,45160000.0,0.0,0.04,0.22,-127960000.0,-82800000.0,-0.183,-82800000.0,-127960000.0,-153900000.0,-0.5,-0.5,-0.5,-800816000.0,,-800816000.0,6070787807.0,9.0,7.407,-718489000.0,-3.469,1.0,63105000.0,0.14,918040000.0,25940000.0,3407180000.0,,0.0,0.0,0.0,0.0,3378447000.0,554637000.0,2823810000.0,4444726807.0,-50710000.0,-16674000.0,-106498000.0,625000000.0,-45566000.0,517043000.0,120533000.0,173101000.0,-689483000.0,1197000.0,-104514000.0,-104514000.0,-104514000.0,3302000.0,0.0,-0.231,187897000.0,-124792000.0,239085000.0,-0.44,-5.55,13.623,20.835,282358000.0,0.0,21.46,1.479,1.479,787865000.0,-785823000.0,451882000.0,451882000.0,0.0,,,,,4473000.0,187897000.0,1.0,207116813.0,207116813.0,,2.182,1659591000.0,109671000.0,-49386000.0,117094000.0,8.013,648197000.0
19,HRB,MRQ,2016-09-30,2016-10-31,2016-10-31,2021-09-07,-17122000.0,2082178000.0,,703474000.0,1378704000.0,,-2.544,-38672000.0,342048000.0,342048000.0,225702000.0,-146220000.0,1.618,-4.735,1968109000.0,903000.0,1967206000.0,1968109000.0,304593000.0,45750000.0,0.0,0.037,0.22,-208654000.0,-162904000.0,-1.24,-162904000.0,-208654000.0,-231274000.0,-0.68,-0.68,-0.68,-557471000.0,,-557471000.0,6096334501.0,9.0,7.419,-301084000.0,-1.374,1.0,-94370000.0,-0.719,910495000.0,22620000.0,2362887000.0,,0.0,183107000.0,183107000.0,0.0,2639649000.0,434857000.0,2204792000.0,5032576501.0,-86848000.0,-34516000.0,-170208000.0,475000000.0,-47457000.0,238380000.0,-60869000.0,9274000.0,-262412000.0,-1947000.0,-146220000.0,-146220000.0,-146220000.0,2805000.0,0.0,-1.113,113652000.0,-208022000.0,139808000.0,-0.324,-9.028,14.418,19.466,293060000.0,0.0,22.97,1.662,1.662,104764000.0,-538242000.0,131332000.0,131332000.0,0.0,,,,,6931000.0,113652000.0,1.0,219093448.0,219093448.0,,0.599,1171683000.0,81755000.0,-85054000.0,186385000.0,5.348,268617000.0
20,HRB,MRQ,2016-06-30,2016-07-31,2016-07-31,2021-09-07,-14804000.0,2163542000.0,,608373000.0,1555169000.0,,-0.906,-6246000.0,428896000.0,428896000.0,211086000.0,-123673000.0,0.999,-11.828,1492654000.0,864000.0,1491790000.0,1492654000.0,336995000.0,41282000.0,0.0,0.034,0.22,-184730000.0,-143448000.0,-1.146,-143448000.0,-184730000.0,-206196000.0,-0.56,-0.56,-0.56,-199807000.0,,-199807000.0,5747945544.0,9.0,6.835,-464210000.0,-2.105,1.0,-85901000.0,-0.686,890851000.0,21466000.0,1727290000.0,,0.0,192375000.0,0.0,192375000.0,2363349000.0,609159000.0,1754190000.0,5246105544.0,-572015000.0,-1635000.0,-43673000.0,0.0,-48514000.0,-116966000.0,5078000.0,13827000.0,-457964000.0,-2163000.0,-123673000.0,-123673000.0,-123673000.0,2647000.0,0.0,-0.988,98823000.0,-184724000.0,157085000.0,-0.393,-26.256,14.978,18.16,284114000.0,0.0,23.79,1.734,1.734,103425000.0,-180631000.0,125185000.0,125185000.0,0.0,,,,,5541000.0,98823000.0,1.0,220517257.0,220517257.0,,0.568,1272691000.0,90498000.0,-82523000.0,333099000.0,5.771,-786000.0
21,HRB,MRQ,2016-03-31,2016-04-30,2016-04-30,2021-09-07,-11233000.0,2847225000.0,,1220601000.0,1626624000.0,,0.103,-33505000.0,1000911000.0,1000911000.0,853130000.0,700662000.0,1.174,122.24,1492201000.0,826000.0,1491375000.0,1492201000.0,403835000.0,45852000.0,0.0,0.04,0.2,1162877000.0,1208729000.0,0.526,1208729000.0,1162877000.0,1140244000.0,2.77,2.76,2.77,23103000.0,,23103000.0,6910560862.0,11.0,8.609,1937997000.0,8.636,1.0,1444347000.0,0.629,904642000.0,22633000.0,1394268000.0,,0.0,202385000.0,0.0,202385000.0,2824122000.0,1039605000.0,1784517000.0,4541970862.0,719428000.0,-3447000.0,-129771000.0,-1125000000.0,-44158000.0,-1273533000.0,15474000.0,41898000.0,1971502000.0,5985000.0,700662000.0,700662000.0,700662000.0,563000.0,0.0,0.305,283498000.0,1160849000.0,259586000.0,0.072,196.597,12.136,13.493,293565000.0,0.0,20.24,1.495,1.495,153116000.0,40347000.0,2297477000.0,2297477000.0,0.0,,,,,2434000.0,283498000.0,1.0,224405675.0,224405675.0,,10.238,1942583000.0,120123000.0,439582000.0,506714000.0,8.657,180996000.0
22,HRB,MRQ,2015-12-31,2016-01-31,2016-01-31,2021-09-07,-20849000.0,2862936000.0,,1218849000.0,1644087000.0,,-2.275,-27639000.0,259160000.0,259160000.0,392513000.0,-81729000.0,2.069,-6.334,2616640000.0,817000.0,2615823000.0,2616640000.0,357284000.0,45303000.0,0.0,0.023,0.2,-126007000.0,-80704000.0,-0.17,-80704000.0,-126007000.0,-149580000.0,-0.35,-0.35,-0.35,-536734000.0,,-536734000.0,9133380615.0,13.0,9.444,-851875000.0,-3.61,1.0,82030000.0,0.173,917150000.0,23573000.0,3714234000.0,,0.0,212106000.0,0.0,212106000.0,3399670000.0,589032000.0,2810638000.0,8034096615.0,-171170000.0,-23483000.0,-361881000.0,1125000000.0,-47192000.0,709775000.0,-51039000.0,6782000.0,-824236000.0,-5670000.0,-81729000.0,-81729000.0,-81729000.0,3080000.0,0.0,-0.172,201872000.0,-119842000.0,205981000.0,-0.571,-14.968,19.479,23.811,290202000.0,0.0,34.05,2.641,2.641,829774000.0,-510000000.0,474543000.0,474543000.0,0.0,,,,,7230000.0,201872000.0,1.0,235949974.0,235949974.0,,2.011,1945786000.0,143298000.0,-67851000.0,96476000.0,8.247,629817000.0
23,HRB,MRQ,2015-09-30,2015-10-31,2015-10-31,2021-09-07,-16208000.0,2278473000.0,,724898000.0,1553575000.0,,-0.099,-30090000.0,403462000.0,403462000.0,226401000.0,-145007000.0,1.279,-84.635,1491322000.0,808000.0,1490514000.0,1491322000.0,427541000.0,82443000.0,0.0,0.021,0.2,-226027000.0,-143584000.0,-1.118,-143584000.0,-226027000.0,-240208000.0,-0.55,-0.55,-0.55,-27243000.0,,-27243000.0,9442744098.0,13.0,9.791,-254557000.0,-0.921,1.0,-97986000.0,-0.763,908292000.0,14181000.0,1891493000.0,,0.0,220671000.0,0.0,220671000.0,2305716000.0,566548000.0,1739168000.0,10297170098.0,-938701000.0,-49575000.0,-1496170000.0,996831000.0,-55275000.0,-1047222000.0,332986000.0,408967000.0,-224467000.0,2000.0,-145007000.0,-145007000.0,-145007000.0,2489000.0,0.0,-1.129,135847000.0,-233833000.0,141070000.0,-0.364,-377.975,22.521,22.582,298602000.0,0.0,37.26,3.347,3.347,94760000.0,3573000.0,128415000.0,128415000.0,0.0,,,,,13876000.0,135847000.0,1.0,276359906.0,276359906.0,,0.465,1370181000.0,157176000.0,-95201000.0,208271000.0,4.958,158350000.0
24,HRB,MRQ,2015-06-30,2015-07-31,2015-07-31,2021-09-07,-8234000.0,3629454000.0,,2110916000.0,1518538000.0,,6.064,-8689000.0,1360422000.0,1360422000.0,213508000.0,-99659000.0,1.774,1.174,502759000.0,799000.0,501960000.0,502759000.0,447090000.0,0.0,476732000.0,0.024,0.2,-181688000.0,-181688000.0,-1.319,-181688000.0,-181688000.0,-190263000.0,-0.36,-0.36,-0.36,1669427000.0,,1669427000.0,7571230097.0,10.0,8.207,-386935000.0,-1.406,1.0,-75790000.0,-0.55,871403000.0,8575000.0,710134000.0,,0.0,636490000.0,406360000.0,230130000.0,1960027000.0,1190254000.0,769773000.0,9164304097.0,-707808000.0,-12271000.0,-4741000.0,0.0,-55063000.0,-350749000.0,32094000.0,49492000.0,-378246000.0,-10907000.0,-99659000.0,-99659000.0,-99659000.0,3154000.0,0.0,-0.724,98192000.0,-173982000.0,116855000.0,-0.556,5.489,18.694,18.598,297321000.0,0.0,33.29,2.973,2.973,103194000.0,1679234000.0,137718000.0,137718000.0,0.0,,,,,0.0,98192000.0,1.0,275286996.0,275286996.0,,0.5,2758051000.0,171767000.0,-90604000.0,383144000.0,10.019,920662000.0
25,HRB,MRQ,2015-03-31,2015-04-30,2015-04-30,2021-09-07,1740000.0,4515420000.0,,2951301000.0,1564119000.0,,6.659,-24282000.0,2099162000.0,2099162000.0,816389000.0,738841000.0,1.571,1.463,506088000.0,790000.0,505298000.0,506088000.0,478806000.0,159804000.0,744241000.0,0.026,0.2,1213327000.0,1373131000.0,0.597,1373131000.0,1213327000.0,1204767000.0,2.69,2.68,2.69,1832949000.0,,1832949000.0,8049011965.0,10.0,8.611,1849526000.0,6.719,1.0,1484981000.0,0.645,873973000.0,8560000.0,170084000.0,,0.0,678963000.0,439625000.0,239338000.0,2682471000.0,1878289000.0,804182000.0,8323503965.0,686056000.0,-1089000.0,402000.0,-591486000.0,-55055000.0,-1177081000.0,-16234000.0,2066000.0,1873808000.0,5563000.0,738841000.0,738841000.0,738841000.0,5292000.0,0.0,0.321,269376000.0,1215605000.0,231322000.0,0.074,4.541,17.573,17.581,311387000.0,0.0,30.24,2.704,2.704,167964000.0,1836442000.0,2301370000.0,2301370000.0,0.0,,,,,26068000.0,269376000.0,1.0,275248147.0,275248147.0,,8.361,3641447000.0,187728000.0,465926000.0,577270000.0,13.23,1073012000.0
26,HRB,MRQ,2014-12-31,2015-01-31,2015-01-31,2021-09-07,-1263000.0,4378941000.0,,2778319000.0,1600622000.0,,4.166,-27949000.0,1372219000.0,1372219000.0,394678000.0,-36948000.0,1.124,2.82,1097727000.0,592267000.0,505460000.0,1097727000.0,412118000.0,0.0,1286216000.0,0.023,0.2,-83454000.0,-83454000.0,-0.164,-83454000.0,-83454000.0,-92502000.0,-0.13,-0.13,-0.13,1146385000.0,,1146385000.0,9256091388.0,9.0,8.044,-647572000.0,-2.353,1.0,114396000.0,0.225,886290000.0,9048000.0,747055000.0,,0.0,613508000.0,367845000.0,245663000.0,3232556000.0,2471104000.0,761452000.0,9432764388.0,693644000.0,-17933000.0,1441000.0,591486000.0,-55034000.0,1376576000.0,-51976000.0,-1588000.0,-619623000.0,-11333000.0,-36948000.0,-36948000.0,-36948000.0,1637000.0,0.0,-0.073,189547000.0,-75151000.0,172328000.0,-1.538,8.228,14.629,14.525,308805000.0,0.0,34.28,2.824,2.824,777453000.0,1158376000.0,509074000.0,509074000.0,0.0,,,,,0.0,189547000.0,1.0,275168156.0,275168156.0,,1.85,3492651000.0,181267000.0,-55554000.0,145655000.0,12.693,307215000.0
27,HRB,MRQ,2014-09-30,2014-10-31,2014-10-31,2021-09-07,6577000.0,3091290000.0,,1457381000.0,1633909000.0,,4.503,-45086000.0,683033000.0,683033000.0,221697000.0,-111998000.0,1.355,1.496,506360000.0,772000.0,505588000.0,506360000.0,459123000.0,0.0,454860000.0,0.025,0.2,-185501000.0,-185501000.0,-1.378,-185501000.0,-185501000.0,-199344000.0,-0.41,-0.41,-0.41,1238676000.0,,1238676000.0,8293118816.0,11.0,9.232,-291078000.0,-1.058,1.0,-87069000.0,-0.647,878227000.0,13843000.0,960713000.0,,0.0,632272000.0,381180000.0,251092000.0,1852614000.0,1075677000.0,776937000.0,8888105816.0,-801999000.0,-53697000.0,259000.0,-400000000.0,-55019000.0,-496893000.0,-54388000.0,37840000.0,-245992000.0,-4726000.0,-111998000.0,-111998000.0,-111998000.0,-1229000.0,0.0,-0.832,97379000.0,-184448000.0,97105000.0,-0.488,7.175,19.03,18.895,318225000.0,0.0,32.31,2.932,2.932,107705000.0,1250465000.0,134628000.0,134628000.0,0.0,,,,,0.0,97379000.0,1.0,275088388.0,275088388.0,,0.489,2213063000.0,235130000.0,-87346000.0,298951000.0,8.045,381704000.0
28,HRB,MRQ,2014-06-30,2014-07-31,2014-07-31,2021-09-07,5483000.0,3890819000.0,,2292161000.0,1598658000.0,,5.095,-25841000.0,1501406000.0,1501406000.0,197726000.0,-116232000.0,1.361,1.785,906419000.0,400705000.0,505714000.0,906419000.0,493365000.0,0.0,482975000.0,0.025,0.2,-169402000.0,-169402000.0,-1.268,-169402000.0,-169402000.0,-183197000.0,-0.42,-0.42,-0.42,1397200000.0,,1397200000.0,7417415163.0,9.0,8.095,-407426000.0,-1.486,1.0,-64140000.0,-0.48,826735000.0,13795000.0,785178000.0,,0.0,663506000.0,403774000.0,259732000.0,2493619000.0,1683919000.0,809700000.0,8811567163.0,-755818000.0,-40533000.0,3971000.0,0.0,-54852000.0,-348409000.0,-26334000.0,36010000.0,-381585000.0,510000.0,-116232000.0,-116232000.0,-116232000.0,7381000.0,0.0,-0.87,97200000.0,-161340000.0,127912000.0,-0.476,6.307,18.585,18.572,314531000.0,0.0,32.13,2.907,2.907,122315000.0,1418124000.0,133586000.0,133586000.0,0.0,,,,,0.0,97200000.0,1.0,274247344.0,274247344.0,,0.487,3064084000.0,237276000.0,-66965000.0,451952000.0,11.173,608242000.0
29,HRB,MRQ,2014-03-31,2014-04-30,2014-04-30,2021-09-07,5177000.0,4693529000.0,,3114006000.0,1579523000.0,,5.676,-21357000.0,2300626000.0,2300626000.0,819399000.0,909998000.0,1.346,2.015,906474000.0,400637000.0,505837000.0,906474000.0,507080000.0,115604000.0,769785000.0,0.028,0.2,1473465000.0,1589069000.0,0.62,1589069000.0,1473465000.0,1459662000.0,3.32,3.31,3.32,1556549000.0,,1556549000.0,8412513076.0,11.0,9.214,1908546000.0,6.96,1.0,1743591000.0,0.68,791739000.0,13803000.0,194522000.0,,0.0,691923000.0,423495000.0,268428000.0,3136980000.0,2313116000.0,823864000.0,7793259076.0,1747903000.0,-30563000.0,-5943000.0,-194984000.0,-54846000.0,-262997000.0,78599000.0,113349000.0,1929903000.0,2398000.0,909998000.0,909998000.0,909998000.0,19135000.0,0.0,0.355,268191000.0,1475400000.0,222489000.0,0.06,5.007,16.401,16.428,304911000.0,0.0,28.42,2.577,2.577,191618000.0,1589297000.0,2562990000.0,2562990000.0,0.0,,,,,20058000.0,268191000.0,1.0,274217420.0,274217420.0,,9.347,3901790000.0,182574000.0,549664000.0,564120000.0,14.229,800890000.0
30,HRB,MRQ,2013-12-31,2014-01-31,2014-01-31,2021-09-07,-4776000.0,3515287000.0,,1504711000.0,2010576000.0,,2.506,-38728000.0,482259000.0,482259000.0,349665000.0,-214711000.0,0.732,4.119,1101513000.0,595554000.0,505959000.0,1101513000.0,0.0,0.0,806887000.0,0.026,0.2,-335913000.0,-335913000.0,-1.681,-335913000.0,-335913000.0,-349785000.0,-0.78,-0.78,-0.78,686759000.0,,686759000.0,8399294699.0,17.0,14.428,-666677000.0,-2.433,1.0,-149895000.0,-0.75,756105000.0,13872000.0,1323916000.0,,0.0,725919000.0,0.0,725919000.0,2828528000.0,2054520000.0,774008000.0,8331006699.0,-353368000.0,-16938000.0,3547000.0,194984000.0,-54810000.0,290603000.0,-3877000.0,54817000.0,-627949000.0,-12145000.0,-214711000.0,-214711000.0,-214711000.0,1960000.0,0.0,-1.075,174448000.0,-324343000.0,520121000.0,-0.256,12.131,36.301,36.19,314565000.0,0.0,30.4,3.13,3.13,677221000.0,734233000.0,199770000.0,199770000.0,0.0,,,,,0.0,174448000.0,1.0,274046273.0,274046273.0,,0.729,2759182000.0,0.0,-135074000.0,23375000.0,10.068,-549809000.0
31,HRB,MRQ,2013-09-30,2013-10-31,2013-10-31,2021-09-07,1463000.0,3274513000.0,,1195654000.0,2078859000.0,,3.487,-52540000.0,838293000.0,838293000.0,207063000.0,-104943000.0,0.773,2.429,906581000.0,400503000.0,506078000.0,906581000.0,0.0,0.0,655129000.0,0.028,0.2,-167489000.0,-167489000.0,-1.247,-167489000.0,-167489000.0,-181290000.0,-0.39,-0.39,-0.39,954975000.0,,954975000.0,7475959244.0,10.0,9.106,-226171000.0,-0.826,1.0,-72723000.0,-0.541,739025000.0,13801000.0,1057091000.0,,0.0,761251000.0,0.0,761251000.0,2319538000.0,1546685000.0,772853000.0,7788680244.0,-373104000.0,-19624000.0,2583000.0,0.0,-54774000.0,-163281000.0,-34942000.0,29449000.0,-173631000.0,-1250000.0,-104943000.0,-104943000.0,-104943000.0,1928000.0,0.0,-0.781,94092000.0,-166815000.0,426994000.0,-0.513,8.156,18.262,18.348,311157000.0,0.0,28.44,2.655,2.655,131701000.0,1003842000.0,134340000.0,134340000.0,0.0,,,,,0.0,94092000.0,1.0,273863581.0,273863581.0,,0.491,2535488000.0,0.0,-76347000.0,22475000.0,9.258,-351031000.0
32,HRB,MRQ,2013-06-30,2013-07-31,2013-07-31,2021-09-07,-257000.0,3762888000.0,,1704932000.0,2057956000.0,,4.053,-34386000.0,1219353000.0,1219353000.0,210053000.0,-115187000.0,1.175,2.404,906632000.0,730000.0,905902000.0,906632000.0,0.0,0.0,757929000.0,0.025,0.2,-186411000.0,-186411000.0,-1.466,-186411000.0,-186411000.0,-186411000.0,-0.42,-0.42,-0.42,1105315000.0,,1105315000.0,7612250393.0,10.0,9.259,-353128000.0,-1.295,1.0,-82858000.0,-0.651,716122000.0,0.0,1283561000.0,,0.0,796714000.0,0.0,796714000.0,2657573000.0,1450484000.0,1207089000.0,8570991393.0,-583708000.0,-1303000.0,21953000.0,0.0,-54550000.0,-229255000.0,-29090000.0,-883000.0,-318742000.0,-6621000.0,-115187000.0,-115187000.0,-115187000.0,1917000.0,0.0,-0.906,96697000.0,-179555000.0,443065000.0,-0.476,7.754,20.11,20.277,286584000.0,0.0,31.43,2.919,2.919,121309000.0,1163651000.0,127195000.0,127195000.0,0.0,,,,,0.0,96697000.0,1.0,272700967.0,272700967.0,,0.466,3046766000.0,0.0,-71224000.0,215834000.0,11.173,254448000.0
33,HRB,MRQ,2013-03-31,2013-04-30,2013-04-30,2021-09-07,10550000.0,4537779000.0,,2462343000.0,2075436000.0,,4.64,-17176000.0,1865421000.0,1865421000.0,747438000.0,664340000.0,1.224,2.591,906680000.0,722000.0,905958000.0,906680000.0,0.0,92407000.0,936464000.0,0.029,0.2,1179551000.0,1271958000.0,0.578,1271958000.0,1179551000.0,1105254000.0,2.43,2.42,2.43,1263547000.0,,1263547000.0,8429482998.0,11.0,10.065,1791858000.0,6.58,1.0,1452774000.0,0.66,719221000.0,74297000.0,847612000.0,,0.0,825665000.0,0.0,825665000.0,3274232000.0,2012205000.0,1262027000.0,7554133998.0,1329199000.0,-80000.0,13495000.0,-424967000.0,-54509000.0,-551251000.0,69379000.0,-2479000.0,1809034000.0,2037000.0,664340000.0,664340000.0,664340000.0,24582000.0,0.0,0.302,251667000.0,1201107000.0,523921000.0,0.082,5.979,17.408,17.447,267880000.0,0.0,27.74,2.6,2.6,206835000.0,1333445000.0,2200212000.0,2200212000.0,0.0,,,,,15293000.0,251667000.0,1.0,272319178.0,272319178.0,,8.08,3818558000.0,0.0,440914000.0,416128000.0,14.022,450138000.0
34,HRB,MRQ,2012-12-31,2013-01-31,2013-01-31,2021-09-07,9055000.0,3932496000.0,,1736549000.0,2195947000.0,,2.338,-35343000.0,456343000.0,456343000.0,377618000.0,-17708000.0,0.842,5.194,1331692000.0,425680000.0,906012000.0,1331692000.0,0.0,0.0,1036968000.0,0.035,0.2,-97061000.0,-97061000.0,-0.206,-97061000.0,-97061000.0,-97061000.0,-0.07,-0.07,-0.07,634888000.0,,634888000.0,6384570667.0,12.0,9.896,-780233000.0,-2.873,1.0,94361000.0,0.2,723494000.0,0.0,2021157000.0,,0.0,754199000.0,0.0,754199000.0,3297608000.0,2063194000.0,1234414000.0,6177335667.0,-842516000.0,-10220000.0,9862000.0,-180823000.0,-54264000.0,18332000.0,-116237000.0,-46483000.0,-744890000.0,279000.0,-17708000.0,-17708000.0,-17708000.0,793000.0,0.0,-0.038,186997000.0,-92636000.0,479660000.0,-2.857,9.73,17.366,20.514,273450000.0,0.0,22.77,2.282,2.285,949160000.0,723676000.0,471979000.0,471979000.0,0.0,,,,,0.0,186997000.0,1.0,271292739.0,271542000.0,271542000.0,1.738,3209002000.0,0.0,-79353000.0,17348000.0,11.818,-326645000.0
35,HRB,MRQ,2012-09-30,2012-10-31,2012-10-31,2021-09-07,8685000.0,3896730000.0,,1706953000.0,2189777000.0,,2.556,-47447000.0,1299568000.0,1299568000.0,212011000.0,-105243000.0,0.884,4.624,1506803000.0,600678000.0,906125000.0,1506803000.0,0.0,0.0,790106000.0,0.045,0.2,-166332000.0,-166332000.0,-1.212,-166332000.0,-166332000.0,-166332000.0,-0.39,-0.39,-0.39,692933000.0,,692933000.0,4825297956.0,8.0,6.508,-241343000.0,-0.89,1.0,-74748000.0,-0.545,709685000.0,0.0,1462578000.0,,0.0,759490000.0,0.0,759490000.0,3203797000.0,1931702000.0,1272095000.0,4798643956.0,321030000.0,-10442000.0,-11000.0,497185000.0,-54227000.0,571488000.0,-57364000.0,-8018000.0,-193896000.0,802000.0,-105243000.0,-105243000.0,-105243000.0,4044000.0,0.0,-0.767,90327000.0,-165075000.0,406447000.0,-0.513,6.925,12.967,15.128,272438000.0,0.0,17.7,1.656,1.656,124511000.0,795707000.0,137263000.0,137263000.0,0.0,,,,,0.0,90327000.0,1.0,271109828.0,271145000.0,271145000.0,0.506,3187045000.0,0.0,-61089000.0,95126000.0,11.754,-224749000.0
36,HRB,MRQ,2012-06-30,2012-07-31,2012-07-31,2021-09-07,7350000.0,3594277000.0,,1417599000.0,2176678000.0,,3.051,-13273000.0,982980000.0,982980000.0,193424000.0,-107441000.0,0.717,3.25,1009634000.0,600642000.0,408992000.0,1009634000.0,0.0,0.0,648378000.0,0.046,0.2,-171060000.0,-171060000.0,-1.773,-171060000.0,-171060000.0,-171060000.0,-0.39,-0.39,-0.39,845673000.0,,845673000.0,3474326041.0,6.0,5.071,-386413000.0,-1.394,1.0,-96935000.0,-1.005,702634000.0,0.0,940900000.0,,0.0,767524000.0,0.0,767524000.0,2748604000.0,1977397000.0,771207000.0,4426211041.0,-1004463000.0,0.0,-338620000.0,-30831000.0,-54201000.0,-623110000.0,-6715000.0,4883000.0,-373140000.0,-1498000.0,-107441000.0,-107441000.0,-107441000.0,1791000.0,0.0,-1.114,75478000.0,-172413000.0,414604000.0,-0.513,5.234,13.268,14.798,242585000.0,0.0,16.13,1.532,1.547,116357000.0,955873000.0,96489000.0,96489000.0,0.0,,,,,0.0,75478000.0,1.0,274408620.0,277155000.0,277155000.0,0.348,2891643000.0,0.0,-63619000.0,278539000.0,10.433,-559798000.0
37,HRB,MRQ,2012-03-31,2012-04-30,2012-04-30,2021-09-07,12145000.0,4649567000.0,,2500994000.0,2148573000.0,,4.517,-10908000.0,1992434000.0,1992434000.0,806258000.0,586103000.0,0.99,2.507,1040549000.0,631434000.0,409115000.0,1040549000.0,0.0,103576000.0,827549000.0,0.048,0.2,976026000.0,1079602000.0,0.54,1079602000.0,976026000.0,976026000.0,1.96,1.96,1.96,1325892000.0,,1325892000.0,4358418669.0,9.0,7.269,1733912000.0,5.906,1.0,1194416000.0,0.597,704230000.0,0.0,467024000.0,,0.0,777516000.0,0.0,777516000.0,3323675000.0,2526428000.0,797247000.0,4315386669.0,725350000.0,28208000.0,12573000.0,-255947000.0,-58743000.0,-1048889000.0,28337000.0,6971000.0,1744820000.0,1082000.0,586103000.0,586103000.0,586103000.0,5600000.0,0.0,0.293,213383000.0,981033000.0,567079000.0,0.102,3.255,16.227,16.517,240772000.0,0.0,14.7,1.491,1.491,193858000.0,2523997000.0,2000674000.0,2000674000.0,0.0,,,,,14968000.0,210231000.0,1.0,293563719.0,293563719.0,,6.815,3945337000.0,0.0,389923000.0,336374000.0,13.439,-25434000.0
38,HRB,MRQ,2011-12-31,2012-01-31,2012-01-31,2021-09-07,7409000.0,4852789000.0,,2519666000.0,2333123000.0,,2.753,-31039000.0,1253152000.0,1253152000.0,455240000.0,-3349000.0,0.777,5.017,1296184000.0,886943000.0,409241000.0,1296184000.0,0.0,0.0,1587988000.0,0.04,0.2,-808000.0,-808000.0,-0.001,-808000.0,-808000.0,-808000.0,-0.01,-0.01,-0.01,806449000.0,,806449000.0,5286679931.0,9.0,7.534,-831182000.0,-2.837,1.0,208040000.0,0.314,701743000.0,0.0,950662000.0,,0.0,742372000.0,0.0,742372000.0,4046340000.0,3243416000.0,802924000.0,4791893931.0,646373000.0,488161000.0,-238000.0,190957000.0,-58612000.0,993277000.0,450650000.0,-8108000.0,-800143000.0,2589000.0,-3349000.0,-3349000.0,-3349000.0,-218000.0,0.0,-0.005,211736000.0,-3696000.0,597644000.0,-20.0,5.942,14.161,15.29,260755000.0,0.0,16.36,1.631,1.631,1035902000.0,2018252000.0,663280000.0,663280000.0,0.0,,,,,0.0,211736000.0,1.0,292903052.0,292963000.0,292963000.0,2.264,4151046000.0,0.0,2541000.0,40596000.0,14.169,-723750000.0
39,HRB,MRQ,2011-09-30,2011-10-31,2011-10-31,2021-09-07,4359000.0,3976513000.0,,1685404000.0,2291109000.0,,2.877,-29557000.0,610135000.0,610135000.0,227613000.0,-141724000.0,0.946,3.609,1104921000.0,95725000.0,1009196000.0,1104921000.0,0.0,0.0,723318000.0,0.039,0.15,-222640000.0,-222640000.0,-1.723,-222640000.0,-222640000.0,-222640000.0,-0.47,-0.47,-0.47,862822000.0,,862822000.0,4693425015.0,8.0,6.955,-217636000.0,-0.726,1.0,-98419000.0,-0.762,700509000.0,0.0,1989202000.0,,0.0,756447000.0,0.0,756447000.0,3113691000.0,1781588000.0,1332103000.0,4675165015.0,-440098000.0,11099000.0,-180412000.0,39990000.0,-45552000.0,-132155000.0,-112867000.0,-89927000.0,-188079000.0,-6997000.0,-141724000.0,-141724000.0,-141724000.0,18711000.0,0.0,-1.097,108012000.0,-206431000.0,581069000.0,-0.319,5.418,14.209,14.702,257870000.0,0.0,15.29,1.582,1.552,128062000.0,2080162000.0,129194000.0,129194000.0,0.0,,,,,0.0,103755000.0,1.0,305766188.0,299895000.0,299895000.0,0.431,3276004000.0,0.0,-80916000.0,135858000.0,10.924,-96184000.0
40,HRB,MRQ,2011-06-30,2011-07-31,2011-07-31,2021-09-07,12692000.0,4308052000.0,,1667825000.0,2640227000.0,,4.039,-10953000.0,1057111000.0,1057111000.0,212584000.0,-175098000.0,1.04,2.491,1075371000.0,55940000.0,1019431000.0,1075371000.0,0.0,0.0,666268000.0,0.04,0.15,-256544000.0,-256544000.0,-2.55,-256544000.0,-256544000.0,-256544000.0,-0.57,-0.57,-0.57,1233877000.0,,1233877000.0,3920503344.0,7.0,5.473,-405502000.0,-1.327,1.0,-111961000.0,-1.113,1102646000.0,0.0,1620432000.0,,0.0,466663000.0,0.0,466663000.0,3074175000.0,1603234000.0,1470941000.0,4568539344.0,-665135000.0,17773000.0,-240000.0,0.0,-45894000.0,-257295000.0,-14253000.0,-39240000.0,-394549000.0,962000.0,-175098000.0,-175098000.0,-175098000.0,55943000.0,0.0,-1.74,92653000.0,-204614000.0,522130000.0,-0.263,3.703,12.631,13.009,295220000.0,0.0,14.96,1.551,1.551,329388000.0,2437011000.0,100623000.0,100623000.0,0.0,,,,,0.0,92653000.0,1.0,305383646.0,305491000.0,305491000.0,0.329,3205406000.0,0.0,-81446000.0,275639000.0,10.493,64591000.0
41,HRB,MRQ,2011-03-31,2011-04-30,2011-04-30,2021-09-07,11233000.0,5289453000.0,,3048087000.0,2241366000.0,,4.749,-11761000.0,1726227000.0,1726227000.0,824248000.0,658561000.0,1.304,2.649,1065084000.0,25557000.0,1039527000.0,1065084000.0,0.0,121633000.0,852220000.0,0.035,0.15,1060066000.0,1181699000.0,0.578,1181699000.0,1060066000.0,1060066000.0,2.12,2.12,2.12,1449574000.0,,1449574000.0,5536480459.0,9.0,7.257,2006160000.0,6.572,1.0,1221011000.0,0.597,709493000.0,0.0,1580837000.0,,0.0,648844000.0,0.0,648844000.0,3839879000.0,2337980000.0,1501899000.0,5277776459.0,212154000.0,5446000.0,1250000.0,-681950000.0,-45876000.0,-1733267000.0,-74014000.0,-63397000.0,2017921000.0,1514000.0,658561000.0,658561000.0,658561000.0,-15728000.0,0.0,0.322,178958000.0,1042053000.0,550982000.0,0.071,3.641,12.996,13.198,255298000.0,0.0,17.29,1.792,1.792,230172000.0,2658103000.0,2045259000.0,2045259000.0,0.0,,,,,14500000.0,178958000.0,1.0,305250229.0,305250229.0,,6.7,4579960000.0,0.0,401505000.0,458911000.0,15.004,710107000.0
42,HRB,MRQ,2010-12-31,2011-01-31,2011-01-31,2021-09-07,7162000.0,5802735000.0,,3274061000.0,2528674000.0,,2.712,-16193000.0,1501803000.0,1501803000.0,494884000.0,-12721000.0,0.946,6.011,1760507000.0,686149000.0,1074358000.0,1760507000.0,0.0,0.0,1855195000.0,0.048,0.15,-27655000.0,-27655000.0,-0.041,-27655000.0,-27655000.0,-27655000.0,-0.04,-0.04,-0.04,827683000.0,,827683000.0,3983787641.0,6.0,5.045,-973610000.0,-3.191,1.0,185412000.0,0.273,1224672000.0,0.0,1374138000.0,,0.0,513192000.0,0.0,513192000.0,4975052000.0,3462629000.0,1512423000.0,3819979641.0,505944000.0,-4058000.0,-2383000.0,592460000.0,-45858000.0,1480760000.0,-19508000.0,-9713000.0,-957417000.0,2109000.0,-12721000.0,-12721000.0,-12721000.0,1687000.0,0.0,-0.019,213339000.0,-27927000.0,671682000.0,-3.75,4.615,8.714,9.937,321075000.0,0.0,12.52,1.496,1.497,1371152000.0,2045447000.0,680296000.0,680296000.0,0.0,,,,,0.0,190639000.0,1.0,305110195.0,305144000.0,305144000.0,2.229,4578063000.0,0.0,-14934000.0,95990000.0,15.003,-188568000.0
43,HRB,MRQ,2010-09-30,2010-10-31,2010-10-31,2021-09-07,2757000.0,4307782000.0,,1735566000.0,2572216000.0,,2.868,-26371000.0,995219000.0,995219000.0,231975000.0,-109049000.0,0.906,3.896,1159027000.0,92924000.0,1066103000.0,1159027000.0,0.0,0.0,929898000.0,0.051,0.15,-181121000.0,-181121000.0,-1.515,-181121000.0,-181121000.0,-181121000.0,-0.36,-0.36,-0.36,879805000.0,,879805000.0,3617897137.0,5.0,3.968,-226121000.0,-0.737,1.0,-112385000.0,-0.94,1240741000.0,0.0,1314157000.0,,0.0,537226000.0,0.0,537226000.0,3427977000.0,1916692000.0,1511285000.0,3634290137.0,-138864000.0,22363000.0,-119108000.0,39490000.0,-46376000.0,67065000.0,-10632000.0,-15971000.0,-199750000.0,4453000.0,-109049000.0,-109049000.0,-109049000.0,-2395000.0,0.0,-0.912,74983000.0,-187368000.0,660999000.0,-0.417,4.131,7.243,8.124,327881000.0,0.0,11.78,1.295,1.287,416333000.0,2104050000.0,119590000.0,119590000.0,0.0,,,,,0.0,74983000.0,1.0,308513594.0,306804000.0,306804000.0,0.39,3067041000.0,0.0,-72072000.0,151708000.0,9.997,-181126000.0
44,HRB,MRQ,2010-06-30,2010-07-31,2010-07-31,2021-09-07,-2648000.0,4424164000.0,,1838480000.0,2585684000.0,,3.207,-8634000.0,1135619000.0,1135619000.0,368016000.0,-130681000.0,0.948,3.316,1119226000.0,53577000.0,1065649000.0,1119226000.0,0.0,0.0,731413000.0,0.038,0.15,-210360000.0,-210360000.0,-0.766,-210360000.0,-210360000.0,-210360000.0,-0.41,-0.41,-0.41,1025147000.0,,1025147000.0,4344875989.0,6.0,4.949,-356885000.0,-1.116,1.0,-93542000.0,-0.341,1249353000.0,0.0,1219139000.0,,0.0,563090000.0,0.0,563090000.0,3399017000.0,1939279000.0,1459738000.0,5069438989.0,-705435000.0,-6839000.0,-162869000.0,0.0,-48692000.0,-348949000.0,-6003000.0,-9378000.0,-348251000.0,-2232000.0,-130681000.0,-130681000.0,-130681000.0,3043000.0,0.0,-0.476,117029000.0,-210571000.0,762281000.0,-0.366,4.945,10.513,10.965,326641000.0,0.0,15.68,1.682,1.663,376929000.0,2255262000.0,274474000.0,274474000.0,0.0,,,,,0.0,117029000.0,1.0,323306058.0,319690000.0,319690000.0,0.859,3174811000.0,0.0,-79679000.0,315090000.0,9.931,-100799000.0
45,HRB,MRQ,2010-03-31,2010-04-30,2010-04-30,2021-09-07,1678000.0,5234318000.0,,2649036000.0,2585282000.0,,4.376,-27273000.0,1838395000.0,1838395000.0,377271000.0,690828000.0,1.141,2.633,1113832000.0,53688000.0,1060144000.0,1113832000.0,0.0,126901000.0,852555000.0,0.033,0.15,1081908000.0,1208809000.0,0.818,1208809000.0,1081908000.0,1081908000.0,2.07,2.06,2.07,1440630000.0,,1440630000.0,7025751263.0,9.0,8.035,3209158000.0,9.747,1.0,1101126000.0,0.745,1207879000.0,0.0,980385000.0,,0.0,595405000.0,0.0,595405000.0,3793688000.0,2321491000.0,1472197000.0,6028271263.0,76368000.0,152000.0,-99045000.0,-1699708000.0,-49582000.0,-3201669000.0,40264000.0,66721000.0,3236431000.0,1342000.0,690828000.0,690828000.0,690828000.0,-32219000.0,0.0,0.467,53041000.0,1048085000.0,756577000.0,0.072,4.184,12.579,12.715,345470000.0,0.0,18.31,2.0,2.0,517986000.0,2658586000.0,1478397000.0,1478397000.0,0.0,,,,,29369000.0,53041000.0,1.0,329233821.0,329233821.0,,4.49,4026439000.0,0.0,391080000.0,459175000.0,12.23,327545000.0
46,HRB,MRQ,2009-12-31,2010-01-31,2010-01-31,2021-09-07,1086000.0,7410129000.0,,4724742000.0,2685387000.0,,2.812,-55962000.0,1812990000.0,1812990000.0,645747000.0,50635000.0,0.949,6.913,2810470000.0,1702670000.0,1107800000.0,2810470000.0,0.0,0.0,2220501000.0,0.028,0.15,94483000.0,94483000.0,0.101,94483000.0,94483000.0,94483000.0,0.15,0.15,0.15,936467000.0,,936467000.0,6878761506.0,8.0,7.118,-1918772000.0,-5.762,1.0,289105000.0,0.309,1215005000.0,0.0,2212702000.0,,0.0,641157000.0,0.0,641157000.0,6473662000.0,4979902000.0,1493760000.0,7220847506.0,295434000.0,62538000.0,-142956000.0,1674662000.0,-50533000.0,2209320000.0,-52191000.0,-71143000.0,-1862810000.0,1115000.0,50635000.0,50635000.0,50635000.0,2968000.0,0.0,0.054,194661000.0,94444000.0,756501000.0,1.0,7.711,14.578,14.443,362170000.0,0.0,21.52,1.804,1.79,2566830000.0,2162406000.0,934852000.0,934852000.0,0.0,,,,,0.0,194661000.0,1.0,335541241.0,332999000.0,334297000.0,2.807,6195124000.0,0.0,43848000.0,118079000.0,18.604,-255160000.0
47,HRB,MRQ,2009-09-30,2009-10-31,2009-10-31,2021-09-07,66000.0,4967359000.0,,2300986000.0,2666373000.0,,3.194,1480000.0,1478315000.0,1478315000.0,410949000.0,-128587000.0,0.966,3.638,1136229000.0,28667000.0,1107562000.0,1136229000.0,0.0,0.0,1493726000.0,0.033,0.15,-214968000.0,-214968000.0,-0.659,-214968000.0,-214968000.0,-214968000.0,-0.38,-0.38,-0.38,1071097000.0,,1071097000.0,6235060241.0,8.0,6.534,-330095000.0,-0.984,1.0,-84868000.0,-0.26,1234992000.0,0.0,1007414000.0,,0.0,671049000.0,0.0,671049000.0,3896262000.0,2382867000.0,1513395000.0,6149514241.0,425940000.0,-5121000.0,1265000.0,0.0,-50497000.0,727437000.0,27920000.0,19429000.0,-331575000.0,2158000.0,-128587000.0,-128587000.0,-128587000.0,2115000.0,0.0,-0.394,129685000.0,-214553000.0,608149000.0,-0.395,5.741,12.498,12.392,351288000.0,0.0,18.34,1.514,1.514,461485000.0,2308153000.0,326081000.0,326081000.0,0.0,,,,,0.0,129685000.0,1.0,335306120.0,335346000.0,335346000.0,0.972,3732367000.0,0.0,-86381000.0,169004000.0,11.13,-81881000.0
48,HRB,MRQ,2009-06-30,2009-07-31,2009-07-31,2021-09-07,-2849000.0,4545762000.0,,1828146000.0,2717616000.0,,3.559,-8760000.0,1052942000.0,1052942000.0,386450000.0,-133634000.0,1.003,2.818,1138488000.0,31093000.0,1107395000.0,1138488000.0,0.0,0.0,712008000.0,0.036,0.15,-213890000.0,-213890000.0,-0.776,-213890000.0,-213890000.0,-213890000.0,-0.4,-0.4,-0.4,1190714000.0,,1190714000.0,5011389194.0,6.0,5.337,-463337000.0,-1.385,1.0,-110945000.0,-0.403,1231640000.0,0.0,1576542000.0,,0.0,707712000.0,0.0,707712000.0,3355048000.0,1823126000.0,1531922000.0,5576804194.0,-648360000.0,-1485000.0,3168000.0,0.0,-50287000.0,-216206000.0,15360000.0,19264000.0,-454577000.0,7063000.0,-133634000.0,-133634000.0,-133634000.0,3017000.0,0.0,-0.485,103217000.0,-214162000.0,648470000.0,-0.375,4.684,11.504,11.51,359408000.0,0.0,16.69,1.364,1.366,379177000.0,2437017000.0,275505000.0,275505000.0,0.0,,,,,0.0,103217000.0,1.0,334140455.0,334533000.0,334533000.0,0.824,3314122000.0,0.0,-80256000.0,330145000.0,9.907,5020000.0
49,HRB,MRQ,2009-03-31,2009-04-30,2009-04-30,2021-09-07,-11639000.0,5359722000.0,,2571080000.0,2788642000.0,,4.139,-23967000.0,1706319000.0,1706319000.0,1106566000.0,706903000.0,1.072,2.812,1140904000.0,33782000.0,1107122000.0,1140904000.0,0.0,123631000.0,854888000.0,0.039,0.15,1177148000.0,1300779000.0,0.527,1300779000.0,1177148000.0,1177148000.0,2.12,2.12,2.12,1405859000.0,,1405859000.0,6603616810.0,8.0,7.058,3424034000.0,10.081,1.0,1360187000.0,0.551,1236228000.0,0.0,1159799000.0,,0.0,744899000.0,0.0,744899000.0,3953863000.0,2398280000.0,1555583000.0,5142550810.0,385460000.0,4372000.0,-97134000.0,-1665298000.0,-51116000.0,-3081827000.0,19286000.0,29162000.0,3448001000.0,0.0,706903000.0,706903000.0,706903000.0,906000.0,0.0,0.287,184436000.0,1175751000.0,705945000.0,0.071,3.658,10.589,10.441,368289000.0,0.0,15.14,1.259,1.259,512814000.0,2671437000.0,2466753000.0,2466753000.0,0.0,,,,,26557000.0,184436000.0,1.0,339666500.0,339666500.0,,7.262,4123494000.0,0.0,470245000.0,543967000.0,12.14,172800000.0
50,HRB,MRQ,2008-12-31,2009-01-31,2009-01-31,2021-09-07,-16614000.0,7301892000.0,,4413089000.0,2888803000.0,,2.49,-15327000.0,1345096000.0,1345096000.0,684567000.0,47363000.0,1.102,7.693,2806162000.0,803515000.0,2002647000.0,2806162000.0,0.0,0.0,2115708000.0,0.028,0.15,82272000.0,82272000.0,0.083,82272000.0,82272000.0,82272000.0,0.14,0.14,0.14,840005000.0,,840005000.0,8169651916.0,13.0,12.135,-1772958000.0,-5.256,1.0,308879000.0,0.311,1242549000.0,0.0,3515681000.0,,0.0,781755000.0,0.0,781755000.0,6461887000.0,4004728000.0,2457159000.0,7026324916.0,575577000.0,-19537000.0,5164000.0,967673000.0,-51014000.0,2298133000.0,35075000.0,17649000.0,-1757631000.0,0.0,47363000.0,47363000.0,47363000.0,19467000.0,0.0,0.048,208814000.0,100065000.0,734755000.0,1.071,8.365,21.798,20.73,383704000.0,0.0,20.73,1.69,1.682,2642951000.0,2015650000.0,993446000.0,993446000.0,0.0,,,,,0.0,208814000.0,1.0,338944762.0,337338000.0,338687000.0,2.945,6059343000.0,0.0,34909000.0,143791000.0,17.962,408361000.0
51,HRB,MRQ,2008-09-30,2008-10-31,2008-10-31,2021-09-07,-11236000.0,5424747000.0,,2659549000.0,2765198000.0,,2.525,-43938000.0,694440000.0,694440000.0,438765000.0,-135874000.0,1.089,5.515,1837767000.0,110257000.0,1727510000.0,1837767000.0,0.0,0.0,748469000.0,0.029,0.15,-230166000.0,-230166000.0,-0.655,-230166000.0,-230166000.0,-230166000.0,-0.41,-0.41,-0.41,832662000.0,,832662000.0,7035530209.0,14.0,12.443,-344946000.0,-1.046,1.0,-87296000.0,-0.248,968836000.0,0.0,3158159000.0,,0.0,811732000.0,0.0,811732000.0,4592085000.0,2441079000.0,2151006000.0,6469910209.0,448163000.0,-4709000.0,174399000.0,693625000.0,-49765000.0,814042000.0,-64871000.0,22882000.0,-301008000.0,0.0,-135874000.0,-135874000.0,-135874000.0,2713000.0,0.0,-0.387,138036000.0,-225332000.0,636050000.0,-0.366,7.77,28.425,27.775,377687000.0,0.0,19.72,1.594,1.602,537751000.0,2019301000.0,351469000.0,351469000.0,0.0,,,,,0.0,138036000.0,1.0,328088753.0,329810000.0,329810000.0,1.066,4455911000.0,0.0,-94292000.0,100857000.0,13.511,218470000.0
52,HRB,MRQ,2008-06-30,2008-07-31,2008-07-31,2021-09-07,833000.0,4903482000.0,,1801291000.0,3102191000.0,,2.558,-14648000.0,577336000.0,577336000.0,360138000.0,-132719000.0,0.706,4.86,1142956000.0,108839000.0,1034117000.0,1142956000.0,0.0,0.0,777080000.0,0.023,0.142,-217266000.0,-217266000.0,-0.799,-217266000.0,-217266000.0,-217266000.0,-0.41,-0.41,-0.41,836722000.0,,836722000.0,8174290394.0,58.0,36.564,-379571000.0,-1.16,1.0,-88229000.0,-0.324,1148740000.0,0.0,1769308000.0,,0.0,868603000.0,0.0,868603000.0,4066760000.0,2551054000.0,1515706000.0,7952096394.0,-419434000.0,0.0,24391000.0,-25000000.0,-46790000.0,-70581000.0,16070000.0,31619000.0,-364923000.0,0.0,-132719000.0,-132719000.0,-132719000.0,4296000.0,0.0,-0.488,123386000.0,-211615000.0,1258661000.0,-0.346,9.504,-57.298,-56.581,380804000.0,0.0,24.33,1.956,1.958,785083000.0,2204940000.0,271909000.0,271909000.0,0.0,,,,,0.0,123386000.0,1.0,326843255.0,327141000.0,327141000.0,0.831,3754742000.0,0.0,-84547000.0,263784000.0,11.477,-749763000.0
53,HRB,MRQ,2008-03-31,2008-04-30,2008-04-30,2021-09-07,2486000.0,5623425000.0,,2614487000.0,3008938000.0,,3.036,-24328000.0,671928000.0,671928000.0,1128384000.0,543562000.0,0.84,4.693,1168070000.0,136286000.0,1031784000.0,1168070000.0,0.0,36804000.0,785624000.0,0.026,0.142,1001579000.0,1038383000.0,0.409,1038383000.0,1001579000.0,1001579000.0,1.68,1.68,1.68,987818000.0,,987818000.0,10016765623.0,-513.0,100.177,3574549000.0,10.986,1.0,1412732000.0,0.556,978682000.0,0.0,2029550000.0,,0.0,966301000.0,0.0,966301000.0,4635607000.0,3111335000.0,1524272000.0,7115835623.0,-668039000.0,1043953000.0,8752000.0,-3486485000.0,-46579000.0,-5402838000.0,1135922000.0,107266000.0,3598877000.0,0.0,543562000.0,543562000.0,543562000.0,142398000.0,0.0,0.214,274495000.0,1138237000.0,739887000.0,0.085,7.204,-23.055,-23.021,363664000.0,0.0,21.87,1.741,1.741,534229000.0,2384449000.0,2541116000.0,2541116000.0,0.0,,,,,10242000.0,274495000.0,1.0,325369713.0,325369713.0,,7.81,4644743000.0,0.0,458017000.0,439380000.0,14.275,-496848000.0
54,HRB,MRQ,2007-12-31,2008-01-31,2008-01-31,2021-09-07,-348000.0,11575211000.0,,8131347000.0,3443864000.0,,1.427,-31026000.0,1736298000.0,1736298000.0,649041000.0,-47358000.0,1.06,23.95,4637228000.0,1719817000.0,2917411000.0,4637228000.0,0.0,28481000.0,1958490000.0,0.029,0.142,-54032000.0,-25551000.0,-0.029,-25551000.0,-54032000.0,-54032000.0,-0.15,-0.14,-0.15,463932000.0,,463932000.0,8285057642.0,-11.0,-12.734,-2431725000.0,-7.481,1.0,245763000.0,0.275,1164884000.0,0.0,5640654000.0,,0.0,1040854000.0,0.0,1040854000.0,11111279000.0,7670603000.0,3440676000.0,6253656642.0,1048235000.0,-11012000.0,-472000.0,1985861000.0,-46554000.0,3460298000.0,-11364000.0,29832000.0,-2400699000.0,0.0,-47358000.0,-47358000.0,-47358000.0,54448000.0,0.0,-0.053,247320000.0,-1557000.0,1119614000.0,-0.947,13.48,-6.669,-6.657,391265000.0,0.0,19.24,1.703,1.703,3125384000.0,1887466000.0,894804000.0,894804000.0,0.0,,,,,14631000.0,247320000.0,1.0,325034129.0,325074000.0,327202000.0,2.753,10410327000.0,0.0,-6674000.0,78547000.0,32.024,460744000.0
55,HRB,MRQ,2007-09-30,2007-10-31,2007-10-31,2021-09-07,1131000.0,7106771000.0,,3981033000.0,3125738000.0,,1.676,-31703000.0,624091000.0,624091000.0,437092000.0,-502271000.0,1.027,12.057,2655492000.0,511480000.0,2144012000.0,2655492000.0,0.0,17154000.0,886533000.0,0.025,0.142,-589161000.0,-572007000.0,-1.604,-572007000.0,-589161000.0,-589161000.0,-1.55,-1.55,-1.55,544280000.0,,544280000.0,8531944252.0,-12.0,-13.452,-635775000.0,-1.958,1.0,-80400000.0,-0.225,1168894000.0,0.0,4093127000.0,,0.0,1082301000.0,0.0,1082301000.0,6562491000.0,3876151000.0,2686340000.0,7076993252.0,-48049000.0,4996000.0,3346000.0,473763000.0,-46558000.0,522002000.0,34021000.0,62562000.0,-604072000.0,0.0,-502271000.0,-502271000.0,-502271000.0,367338000.0,0.0,-1.408,151278000.0,-231678000.0,968860000.0,-0.092,13.002,-7.444,-7.44,383930000.0,0.0,21.8,1.908,1.908,901359000.0,1981378000.0,356692000.0,356692000.0,0.0,,,,,8102000.0,151278000.0,1.0,324632718.0,324694000.0,324694000.0,1.099,5937877000.0,0.0,-86890000.0,22647000.0,18.288,104882000.0
56,HRB,MRQ,2007-06-30,2007-07-31,2007-07-31,2021-09-07,2528000.0,6868070000.0,,2888591000.0,3979479000.0,,3.339,-14497000.0,725460000.0,725460000.0,428644000.0,-302580000.0,0.613,5.351,2180411000.0,1660608000.0,519803000.0,2180411000.0,0.0,37075000.0,1039238000.0,0.027,0.135,-376337000.0,-339262000.0,-0.89,-339262000.0,-376337000.0,-376337000.0,-0.93,-0.93,-0.93,1081362000.0,,1081362000.0,7293678411.0,-20.0,-29.543,-349843000.0,-1.08,1.0,-47435000.0,-0.124,1180077000.0,0.0,2432581000.0,,0.0,1241281000.0,0.0,1241281000.0,5786708000.0,4710363000.0,1076345000.0,6451969411.0,-484167000.0,-17819000.0,4416000.0,84155000.0,-43937000.0,-137531000.0,-11290000.0,14327000.0,-335346000.0,0.0,-302580000.0,-302580000.0,-302580000.0,192757000.0,0.0,-0.794,144109000.0,-191544000.0,1014722000.0,-0.145,5.967,-10.667,-10.668,372235000.0,0.0,19.95,1.721,1.724,827870000.0,2530207000.0,381209000.0,381209000.0,0.0,,,,,7398000.0,144109000.0,1.0,323406988.0,323864000.0,323864000.0,1.177,5687993000.0,0.0,-73757000.0,113739000.0,17.563,-1821772000.0
57,HRB,MRQ,2007-03-31,2007-04-30,2007-04-30,2021-09-07,-1320000.0,7544050000.0,,3454292000.0,4089758000.0,,4.38,-31135000.0,1254484000.0,1254484000.0,877676000.0,-85564000.0,0.662,4.333,2113520000.0,1576386000.0,537134000.0,2113520000.0,0.0,-3343000.0,1129263000.0,0.023,0.135,289521000.0,286178000.0,0.14,286178000.0,289521000.0,325813000.0,-0.26,-0.25,-0.26,1414499000.0,,1414499000.0,9641116296.0,-55.0,-141.008,2151295000.0,6.662,1.0,1162654000.0,0.57,1175332000.0,-36292000.0,2006845000.0,,0.0,1358222000.0,0.0,1358222000.0,6129551000.0,5220909000.0,908642000.0,7301369296.0,-128597000.0,-48626000.0,-1385000.0,-1755339000.0,-43876000.0,-2371338000.0,60311000.0,70339000.0,2182430000.0,0.0,-85564000.0,-85564000.0,-85564000.0,671916000.0,0.0,-0.042,162529000.0,1000125000.0,1152561000.0,-0.519,5.162,-16.837,-16.873,379066000.0,0.0,22.61,1.968,1.968,966777000.0,2886440000.0,2040330000.0,2040330000.0,0.0,,,,,8188000.0,162529000.0,1.0,322926550.0,322926550.0,,6.318,6368718000.0,0.0,411377000.0,439472000.0,19.722,-1766617000.0
58,HRB,MRQ,2006-12-31,2007-01-31,2007-01-31,2021-09-07,6975000.0,9359978000.0,,5507279000.0,3852699000.0,,4.747,-46885000.0,1515190000.0,1515190000.0,646259000.0,-60252000.0,0.779,5.117,3854937000.0,3438754000.0,416183000.0,3854937000.0,0.0,38858000.0,1632875000.0,0.021,0.135,-48005000.0,-9147000.0,-0.01,-9147000.0,-48005000.0,-60071000.0,-0.19,-0.18,-0.19,1530174000.0,,1530174000.0,9030698389.0,18.0,13.824,-1614319000.0,-5.008,1.0,284920000.0,0.306,1166888000.0,12066000.0,3462578000.0,,0.0,1069626000.0,0.0,1069626000.0,7829804000.0,7070259000.0,759545000.0,7928671389.0,675483000.0,12606000.0,8543000.0,1885992000.0,-43865000.0,3052353000.0,-809436000.0,-795009000.0,-1567434000.0,0.0,-60252000.0,-60252000.0,-60252000.0,82196000.0,0.0,-0.065,253968000.0,30952000.0,1180559000.0,-0.711,5.182,33.112,35.143,392706000.0,0.0,24.6,2.081,2.081,2801720000.0,3015880000.0,931179000.0,931179000.0,0.0,,,,,11564000.0,253968000.0,1.0,322303715.0,322350000.0,326048000.0,2.889,8193090000.0,0.0,181000.0,71079000.0,25.417,-1562980000.0
59,HRB,MRQ,2006-09-30,2006-10-31,2006-10-31,2021-09-07,21593000.0,6206891000.0,,2768573000.0,3438318000.0,,5.062,-46082000.0,859128000.0,859128000.0,424827000.0,-156460000.0,0.725,2.811,1961155000.0,1549450000.0,411705000.0,1961155000.0,0.0,37337000.0,595769000.0,0.023,0.135,-221991000.0,-184654000.0,-0.466,-184654000.0,-221991000.0,-234082000.0,-0.49,-0.49,-0.49,1628629000.0,,1628629000.0,7412583134.0,13.0,10.693,-741994000.0,-2.306,1.0,-28744000.0,-0.073,1331020000.0,12091000.0,2161427000.0,,0.0,1734112000.0,508350000.0,1225762000.0,4578262000.0,3816471000.0,761791000.0,7031985134.0,56030000.0,-13036000.0,3849000.0,851073000.0,-43740000.0,984950000.0,-233008000.0,-142842000.0,-695912000.0,0.0,-156460000.0,-156460000.0,-156460000.0,35463000.0,0.0,-0.395,162972000.0,-191716000.0,1351829000.0,-0.276,4.318,22.552,23.505,467543000.0,0.0,21.86,1.88,1.881,826557000.0,3119997000.0,396083000.0,396083000.0,0.0,,,,,9083000.0,162972000.0,1.0,321682760.0,321742000.0,321742000.0,1.231,4875871000.0,0.0,-77622000.0,172834000.0,15.155,-1047898000.0
60,HRB,MRQ,2006-06-30,2006-07-31,2006-07-31,2021-09-07,20255000.0,5636268000.0,,2388701000.0,3247567000.0,,5.597,-34358000.0,735797000.0,735797000.0,381732000.0,-131377000.0,0.814,2.111,1116395000.0,704661000.0,411734000.0,1116395000.0,0.0,34627000.0,404030000.0,0.022,0.125,-195377000.0,-160750000.0,-0.469,-160750000.0,-195377000.0,-207512000.0,-0.41,-0.41,-0.41,1811569000.0,,1811569000.0,7159915268.0,11.0,8.914,-510417000.0,-1.577,1.0,-38962000.0,-0.114,1309374000.0,12135000.0,1772911000.0,,0.0,1410259000.0,322225000.0,1088034000.0,3824699000.0,2934581000.0,890118000.0,7323811268.0,-327156000.0,-8498000.0,-174106000.0,189356000.0,-40485000.0,325146000.0,-176243000.0,-135161000.0,-476059000.0,0.0,-131377000.0,-131377000.0,-131377000.0,13538000.0,0.0,-0.383,149071000.0,-188033000.0,1420035000.0,-0.305,4.043,18.923,19.444,452010000.0,0.0,22.75,1.855,1.865,808004000.0,3320197000.0,342770000.0,342770000.0,0.0,,,,,8179000.0,149071000.0,1.0,321925770.0,323671000.0,323671000.0,1.059,4326894000.0,0.0,-76135000.0,259509000.0,13.368,-545880000.0
61,HRB,MRQ,2006-03-31,2006-04-30,2006-04-30,2021-09-07,21948000.0,5989135000.0,,2788436000.0,3200699000.0,,6.54,-58949000.0,1059266000.0,1059266000.0,920305000.0,587538000.0,0.964,1.788,924254000.0,506992000.0,417262000.0,924254000.0,0.0,36925000.0,0.0,0.021,0.125,970898000.0,1007823000.0,0.471,1007823000.0,970898000.0,958870000.0,1.79,1.77,1.79,2147799000.0,,2147799000.0,9133087353.0,12.0,10.14,2229585000.0,6.789,1.0,1220467000.0,0.57,1151649000.0,12028000.0,1809038000.0,,0.0,0.0,0.0,0.0,3841336000.0,2893436000.0,947900000.0,7497733353.0,-752521000.0,-72573000.0,2317000.0,-2595948000.0,-41366000.0,-2606822000.0,-434233000.0,2002000.0,2288534000.0,0.0,587538000.0,587538000.0,587538000.0,-37544000.0,0.0,0.274,295689000.0,924778000.0,1391332000.0,0.07,3.491,15.289,15.322,343706000.0,0.0,22.83,2.097,2.097,971873000.0,3492059000.0,2140772000.0,2140772000.0,0.0,,,,,27215000.0,295689000.0,1.0,328415828.0,328415828.0,,6.518,4837486000.0,0.0,371332000.0,505690000.0,14.73,-105000000.0
62,HRB,MRQ,2005-12-31,2006-01-31,2006-01-31,2021-09-07,33641000.0,7672341000.0,,4832752000.0,2839589000.0,,4.852,-56693000.0,1890893000.0,1890893000.0,599363000.0,12113000.0,1.017,3.832,3526247000.0,2609321000.0,916926000.0,3526247000.0,0.0,21223000.0,0.0,0.019,0.125,9558000.0,30781000.0,0.036,30781000.0,9558000.0,-2653000.0,0.04,0.04,0.04,1587953000.0,,1587953000.0,8590065445.0,13.0,10.48,-1046226000.0,-3.197,1.0,260890000.0,0.303,1339503000.0,12211000.0,3217930000.0,,0.0,717151000.0,0.0,717151000.0,6084388000.0,4750262000.0,1334126000.0,8014030445.0,1062845000.0,62740000.0,52934000.0,2097773000.0,-41284000.0,2136731000.0,-84353000.0,-94874000.0,-989533000.0,0.0,12113000.0,12113000.0,12113000.0,-42361000.0,0.0,0.014,297401000.0,-36511000.0,1634571000.0,3.125,5.047,15.477,15.679,415844000.0,0.0,24.46,2.535,2.532,2380375000.0,2945887000.0,860253000.0,860253000.0,0.0,,,,,5838000.0,297401000.0,1.0,327638203.0,327289000.0,327289000.0,2.628,6332838000.0,0.0,-14766000.0,214559000.0,19.349,82490000.0
63,HRB,MRQ,2005-09-30,2005-10-31,2005-10-31,2021-09-07,44463000.0,5295952000.0,,2705919000.0,2590033000.0,,4.762,-47305000.0,856970000.0,856970000.0,532928000.0,-81249000.0,1.129,2.411,1433005000.0,515121000.0,917884000.0,1433005000.0,0.0,46088000.0,0.0,0.018,0.125,-120744000.0,-74656000.0,-0.123,-74656000.0,-120744000.0,-133129000.0,-0.25,-0.25,-0.25,1552526000.0,,1552526000.0,7970027808.0,9.0,7.95,-441649000.0,-1.355,1.0,72115000.0,0.119,1335436000.0,12385000.0,2139404000.0,,0.0,672224000.0,114136000.0,558088000.0,3743426000.0,2397147000.0,1346279000.0,8070810808.0,-240311000.0,-196857000.0,-112620000.0,498175000.0,-40844000.0,322136000.0,-168103000.0,70843000.0,-394344000.0,0.0,-81249000.0,-81249000.0,-81249000.0,0.0,0.0,-0.134,195702000.0,-123587000.0,1486725000.0,-0.5,5.199,13.464,13.811,362041000.0,0.0,24.86,2.418,2.428,1270808000.0,2975058000.0,605043000.0,605043000.0,0.0,,,,,1430000.0,195702000.0,1.0,324650475.0,326047000.0,326047000.0,1.856,3960516000.0,0.0,-51880000.0,225245000.0,12.147,308772000.0
64,HRB,MRQ,2005-06-30,2005-07-31,2005-07-31,2021-09-07,63731000.0,5015954000.0,,2590413000.0,2425541000.0,,5.431,-30330000.0,1049782000.0,1049782000.0,471045000.0,-27994000.0,1.343,1.793,948999000.0,25854000.0,923145000.0,948999000.0,0.0,44085000.0,0.0,0.015,0.11,-33434000.0,10651000.0,0.017,10651000.0,-33434000.0,-45869000.0,-0.08,-0.08,-0.08,1796222000.0,,1796222000.0,8785164117.0,10.0,8.313,-340845000.0,-1.031,1.0,143948000.0,0.234,1250874000.0,12435000.0,1735738000.0,,0.0,644539000.0,77085000.0,567454000.0,3219732000.0,1928559000.0,1291173000.0,9453668117.0,-467412000.0,-3452000.0,-104462000.0,0.0,-36537000.0,-155081000.0,-1816000.0,24031000.0,-310515000.0,0.0,-27994000.0,-27994000.0,-27994000.0,0.0,0.0,-0.046,184782000.0,-40834000.0,1368930000.0,-1.375,5.263,14.961,14.989,328684000.0,0.0,28.48,2.887,2.876,989715000.0,3097151000.0,614993000.0,614993000.0,0.0,,,,,12699000.0,184782000.0,1.0,331940594.0,330714000.0,330714000.0,1.86,3765080000.0,0.0,-17875000.0,372114000.0,11.385,661854000.0
65,HRB,MRQ,2005-03-31,2005-04-30,2005-04-30,2021-09-07,68718000.0,5538056000.0,,3070634000.0,2467422000.0,,5.898,-4809000.0,1617122000.0,1617122000.0,459818000.0,614930000.0,1.374,1.841,948618000.0,25545000.0,923073000.0,948618000.0,0.0,22305000.0,0.0,0.017,0.11,830581000.0,852886000.0,0.789,852886000.0,830581000.0,817114000.0,1.85,1.82,1.85,1949268000.0,,1949268000.0,9602925900.0,11.0,9.198,2074021000.0,6.275,1.0,621811000.0,0.575,1263039000.0,13467000.0,1371717000.0,,0.0,664999000.0,77082000.0,587917000.0,3588788000.0,2234796000.0,1353992000.0,8231403900.0,524227000.0,98872000.0,9262000.0,-1554546000.0,-36566000.0,-1550222000.0,-4381000.0,-100767000.0,2078830000.0,0.0,614930000.0,614930000.0,614930000.0,-304161000.0,0.0,0.569,99970000.0,521841000.0,1515433000.0,0.059,4.223,13.193,13.247,330150000.0,0.0,24.905,2.616,2.616,931932000.0,3161682000.0,1081629000.0,1081629000.0,0.0,,,,,36853000.0,99970000.0,1.0,330512102.0,330512102.0,,3.273,4275017000.0,0.0,202184000.0,375174000.0,12.935,835838000.0
66,HRB,MRQ,2004-12-31,2005-01-31,2005-01-31,2021-09-07,97625000.0,6141121000.0,,3621186000.0,2519935000.0,,4.403,-82634000.0,1111464000.0,1111464000.0,641550000.0,93736000.0,1.064,3.239,2482986000.0,1554457000.0,928529000.0,2482986000.0,0.0,47364000.0,0.0,0.017,0.11,166304000.0,213668000.0,0.206,213668000.0,166304000.0,153278000.0,0.28,0.28,0.28,1448650000.0,,1448650000.0,8410327126.0,8.0,7.325,-979793000.0,-2.978,1.0,394686000.0,0.381,1271110000.0,13026000.0,2839178000.0,,0.0,532927000.0,0.0,532927000.0,4692471000.0,3402355000.0,1290116000.0,7957538126.0,10519000.0,-20876000.0,65665000.0,962826000.0,-36425000.0,981252000.0,-73574000.0,26867000.0,-897159000.0,0.0,93736000.0,93736000.0,93736000.0,0.0,0.0,0.09,248114000.0,146572000.0,1538851000.0,0.393,5.493,13.701,14.774,327385000.0,0.0,24.155,1.857,1.855,2084322000.0,2670356000.0,1036236000.0,1036236000.0,0.0,,,,,0.0,248114000.0,1.0,329436478.0,329039000.0,334875000.0,3.149,4870011000.0,0.0,59542000.0,78796000.0,14.801,218831000.0
67,HRB,MRQ,2004-09-30,2004-10-31,2004-10-31,2021-09-07,99589000.0,4896858000.0,,2483040000.0,2413818000.0,,3.991,-37884000.0,1072594000.0,1072594000.0,420333000.0,-48802000.0,1.088,2.725,1525383000.0,593602000.0,931781000.0,1525383000.0,0.0,41359000.0,0.0,0.017,0.11,-61737000.0,-20378000.0,-0.038,-20378000.0,-61737000.0,-79818000.0,-0.15,-0.15,-0.15,1314667000.0,,1314667000.0,7940480153.0,8.0,6.614,-189826000.0,-0.576,1.0,121620000.0,0.224,1264399000.0,18081000.0,1803534000.0,,0.0,504189000.0,0.0,504189000.0,3582191000.0,2281714000.0,1300477000.0,7840332153.0,248971000.0,-4666000.0,-140605000.0,606413000.0,-36361000.0,404974000.0,-4061000.0,34651000.0,-151942000.0,0.0,-48802000.0,-48802000.0,-48802000.0,0.0,0.0,-0.09,184867000.0,-63247000.0,1484079000.0,-0.733,5.964,13.204,14.366,275688000.0,0.0,23.775,1.861,1.859,978111000.0,2615089000.0,541953000.0,541953000.0,0.0,,,,,0.0,184867000.0,1.0,329772120.0,329372000.0,329372000.0,1.645,3632459000.0,0.0,-31016000.0,88784000.0,11.028,201326000.0
68,HRB,MRQ,2004-06-30,2004-07-31,2004-07-31,2021-09-07,81466000.0,4614762000.0,,2205221000.0,2409541000.0,,4.492,-22714000.0,826882000.0,826882000.0,369370000.0,-35954000.0,1.025,2.046,927030000.0,380834000.0,546196000.0,927030000.0,0.0,38908000.0,0.0,0.016,0.1,-41007000.0,-2099000.0,-0.004,-2099000.0,-41007000.0,-58800000.0,-0.11,-0.11,-0.11,1515106000.0,,1515106000.0,7472605587.0,6.0,5.68,-538046000.0,-1.595,1.0,117181000.0,0.241,1272781000.0,17793000.0,1291003000.0,,0.0,493545000.0,0.0,493545000.0,3099656000.0,2151126000.0,948530000.0,8268229587.0,-755645000.0,-806000.0,-335020000.0,104864000.0,-33636000.0,-263919000.0,23606000.0,38826000.0,-515332000.0,0.0,-35954000.0,-35954000.0,-35954000.0,0.0,0.0,-0.074,160196000.0,-43015000.0,1423546000.0,-0.909,5.457,12.662,13.387,272111000.0,0.0,24.565,1.95,1.954,987414000.0,2703649000.0,486551000.0,486551000.0,0.0,,,,,0.0,160196000.0,1.0,336585776.0,337270000.0,337270000.0,1.443,3341981000.0,0.0,-22846000.0,238232000.0,9.909,54095000.0
69,HRB,MRQ,2004-03-31,2004-04-30,2004-04-30,2021-09-07,66211000.0,5233827000.0,,2953492000.0,2280335000.0,,5.157,-42648000.0,1618173000.0,1618173000.0,1185797000.0,571831000.0,1.175,1.9,821480000.0,275669000.0,545811000.0,821480000.0,0.0,-700000.0,0.0,0.017,0.1,957653000.0,956953000.0,0.431,956953000.0,957653000.0,950892000.0,1.615,1.585,1.615,1804659000.0,,1804659000.0,8855191758.0,7.0,6.294,1811455000.0,5.176,1.0,1034997000.0,0.466,1286944000.0,6761000.0,636602000.0,,0.0,478612000.0,0.0,478612000.0,3429168000.0,2513588000.0,915580000.0,7892930758.0,363716000.0,-585000.0,-139819000.0,-1419360000.0,-34859000.0,-1560410000.0,70023000.0,122976000.0,1854103000.0,0.0,571831000.0,571831000.0,571831000.0,0.0,0.0,0.257,82723000.0,952274000.0,1527433000.0,0.062,4.374,11.372,11.508,273303000.0,0.0,22.555,1.858,1.858,954295000.0,2680760000.0,2220794000.0,2220794000.0,0.0,,,,,25718000.0,82723000.0,1.0,349941510.0,349941510.0,,6.346,3946883000.0,0.0,379061000.0,430119000.0,11.279,439904000.0
70,HRB,MRQ,2003-12-31,2004-01-31,2004-01-31,2021-09-07,56591000.0,5788187000.0,,3698170000.0,2090017000.0,,4.141,-37587000.0,1277921000.0,1277921000.0,454342000.0,106726000.0,1.07,2.92,2240182000.0,1688776000.0,551406000.0,2240182000.0,0.0,68514000.0,0.0,0.013,0.1,197481000.0,265995000.0,0.276,265995000.0,197481000.0,176120000.0,0.3,0.295,0.3,1476566000.0,,1476566000.0,10452921571.0,11.0,8.458,-575877000.0,-1.615,1.0,508488000.0,0.528,1289278000.0,21361000.0,2004579000.0,,0.0,410327000.0,70280000.0,340047000.0,4311621000.0,3456591000.0,855030000.0,10327661571.0,409759000.0,-156943000.0,-141091000.0,1230727000.0,-35451000.0,1054071000.0,-106022000.0,59147000.0,-538290000.0,0.0,106726000.0,106726000.0,106726000.0,0.0,0.0,0.111,312623000.0,195865000.0,1524353000.0,0.333,6.994,20.075,20.185,284148000.0,0.0,28.965,2.65,2.65,1738408000.0,2240592000.0,962830000.0,962830000.0,0.0,,,,,0.0,312623000.0,1.0,356556588.0,356556588.0,,2.7,4498909000.0,0.0,69394000.0,73419000.0,12.618,241579000.0
71,HRB,MRQ,2003-09-30,2003-10-31,2003-10-31,2021-09-07,62628000.0,4461376000.0,,2396504000.0,2064872000.0,,4.308,-30842000.0,832493000.0,832493000.0,282926000.0,10376000.0,1.318,1.905,957753000.0,150015000.0,807738000.0,957753000.0,0.0,57696000.0,0.0,0.016,0.1,37033000.0,94729000.0,0.167,94729000.0,37033000.0,17134000.0,0.03,0.03,0.03,1535897000.0,,1535897000.0,8069700329.0,8.0,6.336,-386328000.0,-1.084,1.0,285946000.0,0.503,1180241000.0,19899000.0,1588193000.0,,0.0,429564000.0,0.0,429564000.0,2925479000.0,1818202000.0,1107277000.0,8394956329.0,-413349000.0,-114211000.0,-35363000.0,129630000.0,-35725000.0,44454000.0,-102317000.0,41348000.0,-355486000.0,0.0,10376000.0,10376000.0,10376000.0,0.0,0.0,0.018,250077000.0,35869000.0,1454371000.0,3.333,5.466,15.545,15.645,283556000.0,0.0,23.545,2.157,2.157,925515000.0,2169317000.0,568872000.0,568872000.0,0.0,,,,,0.0,250077000.0,1.0,356549430.0,356549430.0,,1.595,3281135000.0,0.0,6758000.0,130614000.0,9.202,578302000.0
72,HRB,MRQ,2003-06-30,2003-07-31,2003-07-31,2021-09-07,62713000.0,4405195000.0,,2523555000.0,1881640000.0,,4.463,-12749000.0,1202979000.0,1202979000.0,238565000.0,5160000.0,1.448,1.747,877723000.0,55218000.0,822505000.0,877723000.0,0.0,53621000.0,0.0,0.017,0.09,35667000.0,89288000.0,0.18,89288000.0,35667000.0,12470000.0,0.015,0.015,0.015,1603651000.0,,1603651000.0,7179539984.0,7.0,6.052,-120613000.0,-0.336,1.0,256819000.0,0.518,1054366000.0,23197000.0,1282978000.0,,0.0,396910000.0,0.0,396910000.0,2801544000.0,1742595000.0,1058949000.0,7615154984.0,-200674000.0,-9126000.0,-83633000.0,0.0,-32362000.0,-103740000.0,10930000.0,27502000.0,-107864000.0,0.0,5160000.0,5160000.0,5160000.0,0.0,0.0,0.01,216488000.0,40331000.0,1380065000.0,6.0,4.749,15.468,15.471,274539000.0,0.0,21.195,2.007,2.007,848489000.0,2200088000.0,495384000.0,495384000.0,0.0,,,,,0.0,216488000.0,1.0,359290162.0,359290162.0,,1.379,3350829000.0,0.0,7310000.0,232443000.0,9.326,780960000.0
73,HRB,MRQ,2003-03-31,2003-04-30,2003-04-30,2021-09-07,36862000.0,4767308000.0,,2625231000.0,2142077000.0,,4.644,-53077000.0,1313595000.0,1313595000.0,911352000.0,392193000.0,1.384,1.865,877980000.0,55678000.0,822302000.0,877980000.0,0.0,68188000.0,0.0,0.018,0.09,717715000.0,785903000.0,0.42,785903000.0,717715000.0,710781000.0,1.09,1.07,1.09,1663709000.0,,1663709000.0,7530723146.0,8.0,6.557,1003407000.0,2.801,1.0,958599000.0,0.513,1056080000.0,6934000.0,1378417000.0,,0.0,485732000.0,0.0,485732000.0,3103599000.0,1897196000.0,1206403000.0,6917290146.0,439307000.0,-2169000.0,13550000.0,-592165000.0,-32253000.0,-611417000.0,-5760000.0,23587000.0,1056484000.0,0.0,392193000.0,392193000.0,392193000.0,0.0,0.0,0.21,247270000.0,711329000.0,1331627000.0,0.083,4.158,14.483,14.519,288594000.0,0.0,19.31,1.854,1.854,920234000.0,2221868000.0,1869951000.0,1869951000.0,0.0,,,,,39383000.0,263757000.0,1.0,358223208.0,358223208.0,,5.22,3711228000.0,0.0,318588000.0,299262000.0,10.36,728035000.0
74,HRB,MRQ,2002-12-31,2003-01-31,2003-01-31,2021-09-07,22718000.0,4249236000.0,,2362235000.0,1887001000.0,,3.267,-38626000.0,855639000.0,855639000.0,439558000.0,132313000.0,1.097,2.64,1469072000.0,640172000.0,828900000.0,1469072000.0,0.0,55856000.0,0.0,0.018,0.09,247751000.0,303607000.0,0.317,303607000.0,247751000.0,222934000.0,0.37,0.365,0.37,1167490000.0,,1167490000.0,7463327737.0,7.0,5.94,-55547000.0,-0.155,1.0,518855000.0,0.541,1076525000.0,24817000.0,1633404000.0,,0.0,309182000.0,18365000.0,290817000.0,3081746000.0,2152740000.0,929006000.0,6769310737.0,176003000.0,-2842000.0,14141000.0,101078000.0,-32171000.0,82561000.0,110363000.0,155022000.0,-16921000.0,0.0,132313000.0,132313000.0,132313000.0,0.0,0.0,0.138,273746000.0,245109000.0,1262906000.0,0.243,5.798,12.33,12.546,294222000.0,0.0,18.945,1.824,1.824,1011446000.0,1759479000.0,958413000.0,958413000.0,0.0,,,,,0.0,231076000.0,1.0,357313842.0,357313842.0,,2.682,3172711000.0,0.0,90621000.0,70117000.0,8.879,209495000.0
75,HRB,MRQ,2002-09-30,2002-10-31,2002-10-31,2021-09-07,79099000.0,3979024000.0,,1979779000.0,1999245000.0,,3.08,-40672000.0,670022000.0,670022000.0,300726000.0,-37347000.0,1.021,2.611,1364039000.0,534436000.0,829603000.0,1364039000.0,0.0,47093000.0,0.0,0.015,0.09,-39547000.0,7546000.0,0.016,7546000.0,-39547000.0,-62245000.0,-0.105,-0.105,-0.105,1101957000.0,,1101957000.0,8484701592.0,10.0,7.947,-209185000.0,-0.585,1.0,170670000.0,0.362,1081718000.0,22698000.0,1652468000.0,,0.0,423943000.0,21713000.0,402230000.0,2877067000.0,1938855000.0,938212000.0,8018966592.0,-117077000.0,-21322000.0,-195042000.0,277126000.0,-32470000.0,48790000.0,2646000.0,65016000.0,-168513000.0,0.0,-37347000.0,-37347000.0,-37347000.0,0.0,0.0,-0.079,210660000.0,-39990000.0,1198426000.0,-0.857,7.277,17.967,18.189,293172000.0,0.0,22.19,2.301,2.278,924956000.0,1659337000.0,471396000.0,471396000.0,0.0,,,,,0.0,168165000.0,1.0,361377494.0,357760000.0,357760000.0,1.318,2897306000.0,0.0,-24898000.0,78729000.0,8.098,40924000.0
76,HRB,MRQ,2002-06-30,2002-07-31,2002-07-31,2021-09-07,77360000.0,3925722000.0,,1938152000.0,1987570000.0,,3.714,-16331000.0,620252000.0,620252000.0,275050000.0,-9544000.0,1.21,1.916,1085987000.0,217285000.0,868702000.0,1085987000.0,0.0,45062000.0,0.0,0.013,0.08,6368000.0,51430000.0,0.119,51430000.0,6368000.0,-15906000.0,-0.025,-0.025,-0.025,1346062000.0,,1346062000.0,9092392151.0,10.0,8.494,-197646000.0,-0.545,1.0,156316000.0,0.362,1077366000.0,22274000.0,1712376000.0,,0.0,440160000.0,24507000.0,415653000.0,2579660000.0,1601715000.0,977945000.0,8752667151.0,-58153000.0,-75000.0,-23894000.0,156492000.0,-29004000.0,102882000.0,20280000.0,39123000.0,-181315000.0,0.0,-9544000.0,-9544000.0,-9544000.0,0.0,0.0,-0.022,151439000.0,4877000.0,1102469000.0,-3.2,6.502,19.209,19.312,277865000.0,0.0,24.14,2.583,2.582,990591000.0,1729154000.0,431366000.0,431366000.0,0.0,,,,,0.0,97866000.0,1.0,362579418.0,362418000.0,362418000.0,1.19,2848356000.0,0.0,-6362000.0,167868000.0,7.859,336437000.0
77,HRB,MRQ,2002-03-31,2002-04-30,2002-04-30,2021-09-07,44128000.0,4230791000.0,,2245143000.0,1985648000.0,,3.731,-40432000.0,588318000.0,588318000.0,711371000.0,463584000.0,1.194,2.089,928043000.0,59656000.0,868387000.0,928043000.0,0.0,82181000.0,0.0,0.016,0.08,811671000.0,893852000.0,0.483,893852000.0,811671000.0,765881000.0,1.27,1.235,1.27,1369420000.0,,1369420000.0,9288604263.0,11.0,9.086,1621862000.0,4.419,1.0,1137921000.0,0.615,1106941000.0,45790000.0,1583873000.0,,0.0,490894000.0,28370000.0,462524000.0,2861371000.0,1879702000.0,981669000.0,7362161263.0,-102163000.0,-2341000.0,-102317000.0,-1639947000.0,-29376000.0,-1772188000.0,7731000.0,33738000.0,1662294000.0,0.0,463584000.0,463584000.0,463584000.0,0.0,0.0,0.251,324469000.0,813452000.0,1313823000.0,0.063,5.376,16.948,16.857,286500000.0,0.0,20.06,2.241,2.241,1212883000.0,1767702000.0,1849292000.0,1849292000.0,0.0,,,,,2805000.0,346344000.0,1.0,367007042.0,367007042.0,,5.039,3123850000.0,0.0,302297000.0,252822000.0,8.512,365441000.0
78,HRB,MRQ,2001-12-31,2002-01-31,2002-01-31,2021-09-07,-25184000.0,5066468000.0,,3143670000.0,1922798000.0,,2.642,-37619000.0,640225000.0,640225000.0,394031000.0,29616000.0,1.006,4.248,2566668000.0,1692024000.0,874644000.0,2566668000.0,0.0,38167000.0,0.0,0.013,0.08,76603000.0,114770000.0,0.156,114770000.0,76603000.0,49774000.0,0.08,0.08,0.08,965412000.0,,965412000.0,9634401365.0,13.0,10.746,-844235000.0,-2.31,1.0,339501000.0,0.463,1116675000.0,26829000.0,2750775000.0,,0.0,302868000.0,21733000.0,281135000.0,4101056000.0,3125461000.0,975595000.0,8451673365.0,-50453000.0,-20929000.0,42194000.0,754835000.0,-29055000.0,768268000.0,-12105000.0,31061000.0,-806616000.0,0.0,29616000.0,29616000.0,29616000.0,0.0,0.0,0.04,263726000.0,75775000.0,1213338000.0,1.0,8.754,24.222,24.347,287812000.0,0.0,23.13,2.709,2.709,2152437000.0,1333494000.0,733532000.0,733532000.0,0.0,,,,,13199000.0,188560000.0,1.0,365398762.0,365398762.0,,2.007,3949793000.0,0.0,20158000.0,48100000.0,10.81,18209000.0
79,HRB,MRQ,2001-09-30,2001-10-31,2001-10-31,2021-09-07,-20890000.0,4199631000.0,,2300477000.0,1899154000.0,,2.506,-19948000.0,599002000.0,599002000.0,262436000.0,-28011000.0,0.981,3.596,1781730000.0,932447000.0,849283000.0,1781730000.0,0.0,34329000.0,0.0,0.018,0.08,-23877000.0,10452000.0,0.028,10452000.0,-23877000.0,-47077000.0,-0.075,-0.075,-0.075,913752000.0,,913752000.0,7297050418.0,10.0,8.015,126423000.0,0.347,1.0,111460000.0,0.298,1073734000.0,23200000.0,1964769000.0,,0.0,338318000.0,37591000.0,300727000.0,3285879000.0,2343856000.0,942023000.0,6252588418.0,353007000.0,-21384000.0,-166914000.0,462952000.0,-29634000.0,266689000.0,-60053000.0,3374000.0,146371000.0,0.0,-28011000.0,-28011000.0,-28011000.0,0.0,0.0,-0.075,136421000.0,-24961000.0,1156871000.0,-1.067,6.843,19.312,19.364,276007000.0,0.0,17.04,2.055,2.042,1248470000.0,1332933000.0,373896000.0,373896000.0,0.0,,,,,41805000.0,89244000.0,1.0,366935940.0,364576000.0,364576000.0,1.026,3125897000.0,0.0,-19066000.0,144561000.0,8.574,-43379000.0
80,HRB,MRQ,2001-06-30,2001-07-31,2001-07-31,2021-09-07,-43654000.0,4034839000.0,,2214338000.0,1820501000.0,,2.92,-13776000.0,251850000.0,251850000.0,235708000.0,-30784000.0,1.109,2.758,1296312000.0,425763000.0,870549000.0,1296312000.0,0.0,34599000.0,0.0,0.017,0.075,-31416000.0,3183000.0,0.01,3183000.0,-31416000.0,-51738000.0,-0.085,-0.085,-0.085,1073742000.0,,1073742000.0,7221541886.0,10.0,7.796,-274379000.0,-0.746,1.0,93273000.0,0.284,1043333000.0,20322000.0,2039393000.0,,0.0,428104000.0,177852000.0,250252000.0,2961097000.0,1996575000.0,964522000.0,6570617886.0,48138000.0,-2084000.0,-40668000.0,371566000.0,-27660000.0,303347000.0,5394000.0,23079000.0,-260603000.0,0.0,-30784000.0,-30784000.0,-30784000.0,0.0,0.0,-0.094,125970000.0,-32697000.0,1256011000.0,-0.882,6.119,21.748,21.759,278601000.0,0.0,17.843,2.186,2.182,1540170000.0,1390578000.0,328981000.0,328981000.0,0.0,,,,,0.0,71052000.0,1.0,368256572.0,367718000.0,367718000.0,0.895,2991506000.0,0.0,-20954000.0,215929000.0,8.135,217763000.0
81,HRB,MRQ,2001-03-31,2001-04-30,2001-04-30,2021-09-07,-42767000.0,4113705000.0,,2263287000.0,1850418000.0,,3.211,-37048000.0,271813000.0,271813000.0,670456000.0,378103000.0,1.143,2.505,922737000.0,51763000.0,870974000.0,922737000.0,0.0,74765000.0,0.0,0.021,0.075,693381000.0,768146000.0,0.456,768146000.0,693381000.0,646049000.0,1.03,1.025,1.03,1173741000.0,,1173741000.0,7191300185.0,10.0,7.62,1187140000.0,3.248,1.0,1013297000.0,0.602,1051826000.0,47332000.0,1732320000.0,,0.0,324583000.0,54424000.0,270159000.0,2939964000.0,1980483000.0,959481000.0,5025744185.0,-165010000.0,-7858000.0,16530000.0,-1627906000.0,-27941000.0,-1638376000.0,249178000.0,340118000.0,1224188000.0,0.0,378103000.0,378103000.0,378103000.0,0.0,0.0,0.225,323931000.0,689366000.0,1411291000.0,0.073,4.282,17.875,17.974,288847000.0,0.0,13.75,1.686,1.686,1676108000.0,1449022000.0,1683753000.0,1683753000.0,0.0,,,,,2235000.0,310761000.0,1.0,365508668.0,365508668.0,,4.607,3061879000.0,0.0,267946000.0,295599000.0,8.377,282804000.0
82,HRB,MRQ,2000-12-31,2001-01-31,2001-01-31,2021-09-07,-24476000.0,5542523000.0,,3599830000.0,1942693000.0,,2.258,-31542000.0,380918000.0,380918000.0,369121000.0,4460000.0,0.96,5.724,2546474000.0,1677225000.0,869249000.0,2546474000.0,0.0,52848000.0,0.0,0.026,0.075,75840000.0,128688000.0,0.196,128688000.0,75840000.0,7792000.0,0.01,0.01,0.01,824290000.0,,824290000.0,5507526442.0,10.0,7.2,-627797000.0,-1.719,1.0,286879000.0,0.437,1069302000.0,68048000.0,2890121000.0,,0.0,278394000.0,50978000.0,227416000.0,4718233000.0,3748656000.0,969577000.0,3957132442.0,138130000.0,-2626000.0,1233000.0,708464000.0,-26669000.0,683870000.0,50515000.0,19304000.0,-596255000.0,0.0,4460000.0,4460000.0,4460000.0,0.0,0.0,0.007,214198000.0,72681000.0,1921542000.0,7.5,4.801,16.228,17.973,245059000.0,0.0,10.838,1.374,1.374,2985785000.0,1101135000.0,656000000.0,656000000.0,0.0,,,,,0.0,132156000.0,1.0,365133328.0,365133328.0,,1.797,4473221000.0,0.0,3332000.0,8145000.0,12.251,-148826000.0
83,HRB,MRQ,2000-09-30,2000-10-31,2000-10-31,2021-09-07,-34029000.0,5308500000.0,,3434177000.0,1874323000.0,,2.283,-12285000.0,247679000.0,247679000.0,229134000.0,-49655000.0,0.971,5.361,1798073000.0,958000000.0,840073000.0,1798073000.0,0.0,48685000.0,0.0,0.031,0.075,-22383000.0,26302000.0,0.078,26302000.0,-22383000.0,-86356000.0,-0.135,-0.135,-0.135,834528000.0,,834528000.0,4627394681.0,9.0,6.522,-98233000.0,-0.269,1.0,108340000.0,0.321,1070051000.0,63973000.0,2251744000.0,,0.0,279636000.0,55082000.0,224554000.0,4473972000.0,3537099000.0,936873000.0,3266523681.0,27961000.0,-9623000.0,-8232000.0,213251000.0,-27459000.0,176634000.0,-62725000.0,2592000.0,-85948000.0,0.0,-49655000.0,-49655000.0,-49655000.0,0.0,0.0,-0.147,133274000.0,-24934000.0,2465726000.0,-0.556,3.914,14.061,15.517,248407000.0,0.0,8.922,1.194,1.192,2994863000.0,1122159000.0,337474000.0,337474000.0,0.0,,,,,0.0,75856000.0,1.0,366099600.0,365612000.0,365612000.0,0.923,4238449000.0,0.0,-36701000.0,37112000.0,11.593,-102922000.0
84,HRB,MRQ,2000-06-30,2000-07-31,2000-07-31,2021-09-07,-23342000.0,5375701000.0,,3511665000.0,1864036000.0,,2.498,-11536000.0,219718000.0,219718000.0,206764000.0,-51746000.0,1.009,4.768,1580589000.0,710658000.0,869931000.0,1580589000.0,0.0,47457000.0,0.0,0.034,0.069,-26795000.0,20662000.0,0.068,20662000.0,-26795000.0,-89993000.0,-0.14,-0.14,-0.14,932048000.0,,932048000.0,3872136112.0,8.0,5.878,-305170000.0,-0.818,1.0,97346000.0,0.32,1071053000.0,63198000.0,2183457000.0,,0.0,291830000.0,64436000.0,227394000.0,4443653000.0,3482062000.0,961591000.0,3027866112.0,-160183000.0,-1036000.0,-212876000.0,353651000.0,-26305000.0,115662000.0,17789000.0,5066000.0,-293634000.0,0.0,-51746000.0,-51746000.0,-51746000.0,0.0,0.0,-0.17,126842000.0,-29496000.0,2592012000.0,-0.493,3.249,12.764,13.445,253109000.0,0.0,8.0,1.161,1.144,3080982000.0,1199273000.0,304110000.0,304110000.0,0.0,,,,,0.0,73864000.0,1.0,378483264.0,373044000.0,373044000.0,0.815,4304648000.0,0.0,-38247000.0,112482000.0,11.539,29603000.0
85,HRB,MRQ,2000-03-31,2000-04-30,2000-04-30,2021-09-07,-26241000.0,5712869000.0,,3880112000.0,1832757000.0,,3.097,-76898000.0,379901000.0,379901000.0,640070000.0,340781000.0,1.098,3.688,1224171000.0,351775000.0,872396000.0,1224171000.0,0.0,67948000.0,0.0,0.026,0.069,521332000.0,589280000.0,0.373,589280000.0,521332000.0,557743000.0,0.868,0.863,0.868,1218589000.0,,1218589000.0,6376292469.0,14.0,10.485,1228966000.0,3.123,1.0,941602000.0,0.595,1095074000.0,-36411000.0,1928097000.0,,0.0,301666000.0,62369000.0,239297000.0,4494280000.0,3533968000.0,960312000.0,4113353469.0,70978000.0,-11284000.0,-21244000.0,-1316794000.0,-26669000.0,-1394951000.0,160065000.0,236610000.0,1305864000.0,0.0,340781000.0,340781000.0,340781000.0,0.0,0.0,0.215,423519000.0,518083000.0,2792562000.0,0.079,3.376,16.33,16.332,299499000.0,0.0,10.453,1.696,1.696,3292101000.0,1277324000.0,1581672000.0,1581672000.0,0.0,,,,,3736000.0,223561000.0,1.0,393528196.0,393528196.0,,4.019,4617795000.0,0.0,216962000.0,216298000.0,11.734,346144000.0
86,HRB,MRQ,1999-12-31,2000-01-31,2000-01-31,2021-09-07,-17229000.0,5921370000.0,,4078535000.0,1842835000.0,,2.352,-47549000.0,248490000.0,248490000.0,294785000.0,-7075000.0,0.9,5.4,2511429000.0,2155146000.0,356283000.0,2511429000.0,0.0,36539000.0,0.0,0.024,0.069,36748000.0,73287000.0,0.143,73287000.0,36748000.0,-13523000.0,-0.018,-0.018,-0.018,925273000.0,,925273000.0,5107673923.0,12.0,9.383,-529587000.0,-1.346,1.0,217722000.0,0.425,1149546000.0,50271000.0,2503291000.0,,0.0,327866000.0,33074000.0,294792000.0,4996097000.0,4531472000.0,464625000.0,4241233923.0,107558000.0,-816341000.0,11853000.0,1468995000.0,-27247000.0,1453821000.0,-864225000.0,8081000.0,-482038000.0,0.0,-7075000.0,-7075000.0,-7075000.0,0.0,0.0,-0.014,182600000.0,35122000.0,2288984000.0,-3.833,4.584,20.343,20.937,219594000.0,0.0,10.783,2.078,2.078,3633850000.0,963212000.0,512507000.0,512507000.0,0.0,,,,,0.0,130124000.0,1.0,393344208.0,393432000.0,393432000.0,1.303,4771824000.0,0.0,-6448000.0,6784000.0,12.129,-452937000.0
87,HRB,MRQ,1999-09-30,1999-10-31,1999-10-31,2021-09-07,-16313000.0,2273515000.0,,1108949000.0,1164566000.0,,2.425,-18624000.0,168182000.0,168182000.0,165866000.0,-44737000.0,1.277,1.397,1034622000.0,682024000.0,352598000.0,1034622000.0,0.0,24331000.0,0.0,0.024,0.069,-48813000.0,-24482000.0,-0.117,-24482000.0,-48813000.0,-72157000.0,-0.115,-0.115,-0.115,948658000.0,,948658000.0,4671899229.0,12.0,9.577,-21365000.0,-0.055,1.0,44080000.0,0.21,659166000.0,23344000.0,1612581000.0,,0.0,261934000.0,43831000.0,218103000.0,1324857000.0,868208000.0,456649000.0,4165795229.0,-332485000.0,-142668000.0,-14763000.0,-134367000.0,-27128000.0,-176039000.0,-153705000.0,2128000.0,-2741000.0,0.0,-44737000.0,-44737000.0,-44737000.0,0.0,0.0,-0.213,95530000.0,-51450000.0,108314000.0,-0.6,4.391,21.644,22.542,135695000.0,0.0,10.64,2.289,2.287,727738000.0,997534000.0,209946000.0,209946000.0,0.0,,,,,0.0,65266000.0,1.0,391522108.0,391256000.0,391256000.0,0.537,1614349000.0,0.0,-27420000.0,53162000.0,4.126,240741000.0
88,HRB,MRQ,1999-06-30,1999-07-31,1999-07-31,2021-09-07,-24115000.0,2322518000.0,,1498312000.0,824206000.0,,2.575,-2682000.0,500667000.0,500667000.0,115986000.0,-37074000.0,1.47,1.308,1006771000.0,757033000.0,249738000.0,1006771000.0,0.0,18400000.0,0.0,0.018,0.062,-48323000.0,-29923000.0,-0.246,-29923000.0,-48323000.0,-59797000.0,-0.095,-0.095,-0.095,1006484000.0,,1006484000.0,5462539047.0,13.0,11.125,-370780000.0,-0.949,1.0,5574000.0,0.046,406604000.0,11474000.0,1402580000.0,,0.0,208412000.0,42355000.0,166057000.0,1316034000.0,1019438000.0,296596000.0,5334115047.0,307427000.0,-1509000.0,6722000.0,685094000.0,-24436000.0,667599000.0,7926000.0,18997000.0,-368098000.0,0.0,-37074000.0,-37074000.0,-37074000.0,0.0,0.0,-0.305,56563000.0,-50989000.0,127231000.0,-0.653,5.3,25.89,26.779,110230000.0,0.0,13.658,3.146,3.148,853352000.0,1069399000.0,121560000.0,121560000.0,0.0,,,,,0.0,33975000.0,1.0,390563064.0,390852000.0,390852000.0,0.311,1915914000.0,0.0,-22723000.0,111011000.0,4.902,478874000.0
89,HRB,MRQ,1999-03-31,1999-04-30,1999-04-30,2021-09-07,-23400000.0,1910176000.0,,1087422000.0,822754000.0,,2.732,-40481000.0,193240000.0,193240000.0,451677000.0,297374000.0,1.963,0.799,326394000.0,76669000.0,249725000.0,326394000.0,0.0,29805000.0,0.0,0.02,0.062,495641000.0,525446000.0,0.439,525446000.0,495641000.0,480192000.0,0.743,0.738,0.743,1061987000.0,,1061987000.0,5545039768.0,13.0,10.979,889496000.0,2.288,1.0,745320000.0,0.623,405534000.0,15449000.0,1083967000.0,,0.0,227409000.0,56881000.0,170528000.0,848189000.0,553829000.0,294360000.0,4677702768.0,4900000.0,-33039000.0,7676000.0,-840576000.0,-24304000.0,-857952000.0,-67125000.0,8300000.0,929977000.0,0.0,297374000.0,297374000.0,297374000.0,961000.0,0.0,0.248,249887000.0,495433000.0,163911000.0,0.083,4.405,21.72,22.282,114222000.0,0.0,12.033,2.844,2.844,743301000.0,1130909000.0,1196997000.0,1196997000.0,0.0,,,,,0.0,121725000.0,1.0,388755684.0,388755684.0,,3.079,1504642000.0,0.0,182818000.0,151659000.0,3.87,533593000.0
90,HRB,MRQ,1998-12-31,1999-01-31,1999-01-31,2021-09-07,-27017000.0,2075499000.0,,1270762000.0,804737000.0,,1.947,-34405000.0,188340000.0,188340000.0,167668000.0,-23096000.0,1.242,1.734,1055677000.0,805985000.0,249692000.0,1055677000.0,0.0,17916000.0,0.0,0.021,0.062,-1150000.0,16766000.0,0.058,16766000.0,-1150000.0,-24839000.0,-0.06,-0.06,-0.06,759282000.0,,759282000.0,5461671866.0,15.0,12.895,325423000.0,0.835,1.0,123814000.0,0.425,355987000.0,23689000.0,1563593000.0,,0.0,312651000.0,91582000.0,221069000.0,1316217000.0,1023256000.0,292961000.0,4283665866.0,-119601000.0,-74105000.0,-14431000.0,-435028000.0,-24452000.0,-473911000.0,-5518000.0,115706000.0,359828000.0,0.0,-23096000.0,-23096000.0,-23096000.0,20251000.0,0.0,-0.079,108475000.0,15339000.0,135394000.0,-1.033,5.642,24.491,26.562,100597000.0,0.0,10.97,3.067,3.063,896363000.0,857837000.0,291482000.0,291482000.0,0.0,,,,,0.0,90370000.0,1.0,390489140.0,389924000.0,389924000.0,0.748,1719512000.0,0.0,-1743000.0,26648000.0,4.41,247506000.0
91,HRB,MRQ,1998-09-30,1998-10-31,1998-10-31,2021-09-07,-31588000.0,2569110000.0,,1967036000.0,602074000.0,,2.06,-10878000.0,307941000.0,307941000.0,90637000.0,-31173000.0,1.343,2.146,1485947000.0,1235989000.0,249958000.0,1485947000.0,0.0,13496000.0,0.0,0.019,0.062,-34759000.0,-21263000.0,-0.248,-21263000.0,-34759000.0,-50267000.0,-0.077,-0.077,-0.077,816689000.0,,816689000.0,4823939204.0,8.0,7.534,-711346000.0,-1.794,1.0,-5024000.0,-0.059,295441000.0,15508000.0,1987553000.0,,0.0,272191000.0,148753000.0,123438000.0,1752421000.0,1464122000.0,288299000.0,4504958204.0,-388269000.0,-4386000.0,-263282000.0,470473000.0,-24973000.0,182218000.0,129981000.0,146283000.0,-700468000.0,0.0,-31173000.0,-31173000.0,-31173000.0,18000.0,0.0,-0.364,39363000.0,-44387000.0,86524000.0,-0.805,5.516,10.919,11.396,75084000.0,0.0,11.203,3.455,3.406,1357029000.0,905384000.0,85613000.0,85613000.0,0.0,,,,,0.0,39363000.0,1.0,402138648.0,396488000.0,396488000.0,0.216,2273669000.0,0.0,-19094000.0,129792000.0,5.735,502914000.0
92,HRB,MRQ,1998-06-30,1998-07-31,1998-07-31,2021-09-07,-30982000.0,2527346000.0,,1772927000.0,754419000.0,,2.707,-4018000.0,696210000.0,696210000.0,83585000.0,-27739000.0,1.608,1.223,1015191000.0,765503000.0,249688000.0,1015191000.0,0.0,13388000.0,0.0,0.019,0.05,-29282000.0,-15894000.0,-0.225,-15894000.0,-29282000.0,-43974000.0,-0.065,-0.065,-0.065,1136723000.0,,1136723000.0,4518724650.0,8.0,7.236,-354081000.0,-0.843,1.0,-13012000.0,-0.184,295803000.0,14692000.0,1447954000.0,,0.0,417026000.0,139657000.0,277369000.0,1390623000.0,1102570000.0,288053000.0,4526903650.0,-204646000.0,-12127000.0,-149427000.0,122514000.0,-21275000.0,-48188000.0,193605000.0,219736000.0,-350063000.0,0.0,-27739000.0,-27739000.0,-27739000.0,1199000.0,0.0,-0.393,28961000.0,-41973000.0,97880000.0,-0.769,3.982,11.246,11.033,72901000.0,0.0,10.625,3.479,3.428,813697000.0,961530000.0,70573000.0,70573000.0,0.0,,,,,0.0,28961000.0,1.0,426061520.0,419904000.0,419904000.0,0.168,2231543000.0,0.0,-16235000.0,222933000.0,5.314,670357000.0
93,HRB,MRQ,1998-03-31,1998-04-30,1998-04-30,2021-09-07,-24517000.0,2904083000.0,,2143277000.0,760806000.0,,3.2,-15693000.0,900856000.0,900856000.0,353694000.0,256918000.0,1.679,1.165,892677000.0,643002000.0,249675000.0,892677000.0,0.0,20335000.0,0.0,0.018,0.05,423620000.0,443955000.0,0.468,443955000.0,423620000.0,418685000.0,0.615,0.593,0.615,1341632000.0,,1341632000.0,5490367740.0,10.0,9.171,440487000.0,1.051,1.0,595309000.0,0.627,288580000.0,4935000.0,1330432000.0,,0.0,689336000.0,400240000.0,289096000.0,1562451000.0,1276892000.0,285559000.0,4716421740.0,793299000.0,-27897000.0,8114000.0,11149000.0,-20959000.0,-1666000.0,338785000.0,409600000.0,456180000.0,0.0,256918000.0,256918000.0,256918000.0,7017000.0,0.0,0.271,180105000.0,415204000.0,114875000.0,0.081,3.515,12.028,12.032,77321000.0,0.0,11.25,3.714,3.714,793237000.0,1010547000.0,949003000.0,949003000.0,0.0,,,,,0.0,71397000.0,1.0,419237488.0,419237488.0,,2.264,2615503000.0,0.0,161767000.0,422847000.0,6.239,866385000.0
94,HRB,MRQ,1997-12-31,1998-01-31,1998-01-31,2021-09-07,0.0,2466519000.0,,2029579000.0,436940000.0,,2.611,-23807000.0,107557000.0,107557000.0,142499000.0,214578000.0,1.882,1.248,881503000.0,631840000.0,249663000.0,881503000.0,0.0,15603000.0,0.0,0.018,0.05,217855000.0,233458000.0,1.174,233458000.0,217855000.0,205484000.0,0.51,0.51,0.51,1097088000.0,,1097088000.0,5208617696.0,12.0,10.625,-160165000.0,-0.381,1.0,56277000.0,0.283,266161000.0,12371000.0,1895968000.0,,0.0,1045265000.0,1031699000.0,13566000.0,1369431000.0,1078336000.0,291095000.0,4606668696.0,-108546000.0,-9999000.0,4722000.0,63451000.0,-21006000.0,47167000.0,-19355000.0,12718000.0,-136358000.0,0.0,214578000.0,214578000.0,214578000.0,2452000.0,0.0,1.079,68927000.0,-12650000.0,132959000.0,0.098,4.199,13.766,13.764,76409000.0,0.0,10.97,3.936,3.938,779169000.0,749646000.0,198776000.0,198776000.0,0.0,,,,,0.0,68927000.0,1.0,419933336.0,420200000.0,420200000.0,0.473,2200358000.0,0.0,-9094000.0,272200000.0,5.236,951243000.0
95,HRB,MRQ,1997-09-30,1997-10-31,1997-10-31,2021-09-07,0.0,1888522000.0,,1460358000.0,428164000.0,,2.163,-2677000.0,216103000.0,216103000.0,79960000.0,-41231000.0,2.107,1.088,818052000.0,568402000.0,249650000.0,818052000.0,0.0,10238000.0,0.0,0.022,0.05,-47256000.0,-37018000.0,-0.446,-37018000.0,-47256000.0,-60611000.0,-0.098,-0.098,-0.098,904377000.0,,904377000.0,4207899161.0,22.0,17.896,-267979000.0,-0.641,1.0,3032000.0,0.037,260872000.0,13355000.0,1536513000.0,,0.0,25919000.0,106000.0,25813000.0,984145000.0,693086000.0,291059000.0,3854610161.0,-87817000.0,-4578000.0,26549000.0,160843000.0,-20854000.0,166538000.0,10947000.0,29080000.0,-265302000.0,0.0,-41231000.0,-41231000.0,-41231000.0,10782000.0,0.0,-0.497,42709000.0,-39677000.0,81146000.0,-0.51,4.262,40.685,40.749,63405000.0,0.0,9.25,3.421,3.433,645566000.0,561657000.0,82992000.0,82992000.0,0.0,,,,,0.0,42709000.0,1.0,416714612.0,418208000.0,418208000.0,0.198,1627650000.0,0.0,-19380000.0,38478000.0,3.892,767272000.0
96,HRB,MRQ,1997-06-30,1997-07-31,1997-07-31,2021-09-07,0.0,1876362000.0,,1445155000.0,431207000.0,,2.261,-4149000.0,303920000.0,303920000.0,65793000.0,-38135000.0,1.615,0.993,657209000.0,657209000.0,0.0,657209000.0,0.0,8796000.0,0.0,0.024,0.05,-50545000.0,-41749000.0,-1.065,-41749000.0,-50545000.0,-58783000.0,-0.092,-0.092,-0.092,941650000.0,,941650000.0,3661008248.0,24.0,19.26,136531000.0,0.328,1.0,-26583000.0,-0.678,260991000.0,8238000.0,1074046000.0,,0.0,55851000.0,20269000.0,35582000.0,934712000.0,894614000.0,40098000.0,3987240248.0,-153159000.0,-223209000.0,1145000.0,-68573000.0,-20816000.0,-88244000.0,-205595000.0,26901000.0,140680000.0,0.0,-38135000.0,-38135000.0,-38135000.0,3274000.0,0.0,-0.973,25878000.0,-52461000.0,152103000.0,-0.543,4.234,64.47,64.713,66082000.0,0.0,9.578,3.675,3.676,518739000.0,625479000.0,39210000.0,39210000.0,0.0,,,,,0.0,25878000.0,1.0,416313260.0,416408000.0,416408000.0,0.094,1615371000.0,0.0,-20648000.0,74640000.0,3.879,550541000.0
97,HRB,MRQ,1997-03-31,1997-04-30,1997-04-30,2021-09-07,0.0,1707058000.0,,1480090000.0,226968000.0,,2.401,-11046000.0,457079000.0,457079000.0,369846000.0,199435000.0,2.212,0.709,269619000.0,269619000.0,0.0,269619000.0,0.0,14441000.0,0.0,0.032,0.05,321096000.0,335537000.0,0.395,335537000.0,321096000.0,326133000.0,0.477,,0.477,999097000.0,,999097000.0,3616840176.0,27.0,21.422,630292000.0,1.515,1.0,479705000.0,0.565,74794000.0,-5037000.0,775795000.0,,0.0,82028000.0,61755000.0,20273000.0,707961000.0,669009000.0,38952000.0,3355359176.0,373246000.0,2045000.0,618000.0,-191401000.0,-20808000.0,-211591000.0,-56501000.0,-40625000.0,641338000.0,0.0,199435000.0,199435000.0,199435000.0,18739000.0,0.0,0.235,143877000.0,335828000.0,164872000.0,0.105,3.358,70.262,70.109,65065000.0,0.0,8.062,3.146,3.146,407441000.0,684071000.0,849551000.0,849551000.0,0.0,,,,,0.0,92574000.0,1.0,416168580.0,416168580.0,,2.041,1632264000.0,0.0,126698000.0,129192000.0,3.922,811081000.0
98,HRB,MRQ,1996-12-31,1997-01-31,1997-01-31,2021-09-07,0.0,1718812000.0,,1047741000.0,671071000.0,,1.979,-25908000.0,199539000.0,199539000.0,115979000.0,-25326000.0,1.523,1.087,461020000.0,461020000.0,0.0,461020000.0,0.0,8562000.0,0.0,0.039,0.05,-30204000.0,-21642000.0,-0.14,-21642000.0,-30204000.0,-33822000.0,-0.06,-0.06,-0.06,823599000.0,,823599000.0,,,,-264747000.0,-0.636,1.0,39158000.0,0.252,89960000.0,3618000.0,1202230000.0,,0.0,102141000.0,70382000.0,31759000.0,895213000.0,688103000.0,207110000.0,3082768756.0,-27622000.0,-9583000.0,509000.0,277660000.0,-20806000.0,257363000.0,-46146000.0,-4564000.0,-238839000.0,0.0,-25326000.0,-25326000.0,-25326000.0,11404000.0,0.0,-0.163,58615000.0,-19457000.0,175107000.0,-0.833,3.743,,,433016000.0,0.0,7.407,,,680087000.0,509191000.0,155137000.0,155137000.0,0.0,,,,,0.0,58615000.0,1.0,416168580.0,416164000.0,416164000.0,0.373,1628852000.0,0.0,-8496000.0,31924000.0,3.914,359638000.0
99,HRB,MRQ,1996-09-30,1996-10-31,1996-10-31,2021-09-07,,,,,,,,-4060000.0,,,57732000.0,-74128000.0,,,,,,,,6894000.0,,0.052,0.08,-88961000.0,-82067000.0,-1.996,-82067000.0,-88961000.0,-90988000.0,-0.177,,-0.177,,,,,,,-137778000.0,-0.331,1.0,-16625000.0,-0.404,,2027000.0,,,,,,,,,,,-99661000.0,-7485000.0,450000.0,71251000.0,-33279000.0,38422000.0,-4365000.0,7416000.0,-133718000.0,0.0,-74128000.0,-74128000.0,-74128000.0,46503000.0,0.0,-1.803,28095000.0,-44720000.0,,-0.452,,,,,0.0,6.188,,,,,41107000.0,41107000.0,0.0,,,,,0.0,28095000.0,1.0,,416068000.0,,0.099,,,-16860000.0,,,
100,HRB,MRQ,1996-06-30,1996-07-31,1996-07-31,2021-09-07,,,,,,,,-3263000.0,,,51553000.0,-52226000.0,,,,,,,,6629000.0,,0.052,0.08,-69617000.0,-62988000.0,-3.055,-62988000.0,-69617000.0,-69617000.0,-0.125,,-0.125,,,,,,,-183613000.0,-0.442,1.0,-30938000.0,-1.501,,0.0,,,,,,,,,,,-193903000.0,-2226000.0,1862000.0,39458000.0,-33095000.0,8225000.0,-21778000.0,-13453000.0,-180350000.0,0.0,-52226000.0,-52226000.0,-52226000.0,23731000.0,0.0,-2.533,18892000.0,-49830000.0,,-0.64,,,,,0.0,6.188,,,,,20615000.0,20615000.0,0.0,,,,,0.0,18892000.0,1.0,,415292000.0,,0.05,,,-17391000.0,,,
101,HRB,MRQ,1996-03-31,1996-04-30,1996-04-30,2021-09-07,0.0,1755891000.0,,1122258000.0,633633000.0,,,143857000.0,685660000.0,685660000.0,,,2.347,0.689,72651000.0,72651000.0,0.0,72651000.0,0.0,-42051000.0,0.0,0.036,0.08,,,,,,,,,,1039593000.0,,1039593000.0,,,,486497000.0,,1.0,,,61141000.0,,603494000.0,,0.0,60033000.0,42952000.0,17081000.0,716298000.0,478247000.0,238051000.0,,344338000.0,35129000.0,2100000.0,-171888000.0,-31450000.0,-201238000.0,202936000.0,5621000.0,342640000.0,0.0,,,,,,,,,201320000.0,,,,21.029,399574000.0,,8.938,,,333734000.0,747212000.0,,,,,,,,0.0,,1.0,,,,,1694750000.0,0.0,,141106000.0,,644011000.0
102,HRB,MRQ,1995-12-31,1996-01-31,1996-01-31,2021-09-07,,,,,,,,,,,203862000.0,-5471000.0,,,,,,,,,,0.036,0.08,-8882000.0,,,,-8882000.0,-8882000.0,-0.013,,-0.013,,,,,,,,,1.0,107983000.0,0.346,,0.0,,,,,,,,,,,,,,,,,,,,,-5471000.0,-5471000.0,-5471000.0,0.0,0.0,-0.018,117092000.0,-9109000.0,,-6.154,,,,,0.0,8.875,,,,,311845000.0,311845000.0,0.0,,,,,,117092000.0,1.0,,413444000.0,,0.754,,,-3411000.0,,,
0,HRB,MRT,2021-06-30,2021-06-30,2021-06-30,2021-09-07,88000.0,4014388000.0,,2080382000.0,1934006000.0,,,,1584164000.0,1584164000.0,,,2.117,9.345,2442841000.0,214190000.0,2228651000.0,2442841000.0,309710000.0,,0.0,,,,,,,,,,,,388058000.0,,388058000.0,5136959750.0,,,,,1.0,,,1105614000.0,,2784965000.0,,0.0,0.0,0.0,0.0,3626330000.0,982486000.0,2643844000.0,4260821750.0,,,,,,,,,,,,,,,,,,,164269000.0,,10.98,,,585123000.0,,23.48,,,88932000.0,286694000.0,,,,,,,,,,1.0,181466003.0,,,,2908774000.0,512868000.0,,540521000.0,,1097896000.0
1,HRB,MRT,2021-03-31,2021-04-30,2021-04-30,2021-09-07,4786000.0,3653646000.0,3593968500.0,1699724000.0,1953922000.0,0.95,1.942,-52792000.0,1062920000.0,1062920000.0,1842092000.0,583791000.0,1.461,9.368,1939058000.0,206393000.0,1732665000.0,1939058000.0,326366000.0,156852000.0,0.0,0.047,1.04,769185000.0,926037000.0,0.271,926037000.0,769185000.0,662315000.0,3.11,3.08,3.11,352401000.0,-81717000.0,352401000.0,6378418115.0,8.0,6.888,573136000.0,3.159,1.0,1571895000.0,0.46,1117807000.0,106870000.0,2248898000.0,3189848750.0,0.0,0.0,0.0,0.0,3301245000.0,1163079000.0,2138166000.0,4038660115.0,-1810100000.0,25639000.0,-189154000.0,-2002035000.0,-195068000.0,-2408823000.0,-45523000.0,-26917000.0,625928000.0,18318000.0,583791000.0,583791000.0,583791000.0,6421000.0,0.0,0.171,802268000.0,769627000.0,198084000.0,0.334,11.46,6.918,7.158,585736000.0,0.0,22.26,1.183,1.183,197876000.0,248506000.0,3413987000.0,3413987000.0,0.0,0.162,-7.144,0.241,0.225,28271000.0,802268000.0,1.0,181431272.0,181431272.0,,18.817,2535839000.0,516214000.0,78524000.0,566755000.0,13.977,536645000.0
2,HRB,MRT,2020-12-31,2021-01-31,2021-01-31,2021-09-07,-11693000.0,3168363000.0,3958568750.0,1220642000.0,1947721000.0,0.731,-2.915,-63171000.0,461408000.0,461408000.0,1707521000.0,94942000.0,1.765,-6.927,2801166000.0,186209000.0,2614957000.0,2801166000.0,303172000.0,161290000.0,0.0,0.06,1.04,350559000.0,511849000.0,0.177,511849000.0,350559000.0,237828000.0,0.34,0.34,0.34,-534580000.0,-152057000.0,-534580000.0,4791493084.0,14.0,9.361,604902000.0,3.298,1.0,1187638000.0,0.41,1126880000.0,112731000.0,3689758000.0,3512538500.0,0.0,0.0,0.0,0.0,3702943000.0,691483000.0,3011460000.0,3160298084.0,99621000.0,30623000.0,-151033000.0,-157035000.0,-197930000.0,-522889000.0,-54641000.0,-27331000.0,668073000.0,9078000.0,94942000.0,94942000.0,94942000.0,7763000.0,0.0,0.033,835971000.0,351667000.0,160880000.0,3.059,-5.912,33.287,50.676,582010000.0,0.0,17.23,1.092,1.092,563089000.0,-616518000.0,2895159000.0,2895159000.0,0.0,0.024,-0.624,0.1,0.121,26090000.0,729971000.0,1.0,183418345.0,183418345.0,,15.784,2041483000.0,179598000.0,142886000.0,319208000.0,11.13,529159000.0
3,HRB,MRT,2020-09-30,2020-10-31,2020-10-31,2021-09-07,-31707000.0,2556429000.0,4029585500.0,592913000.0,1963516000.0,0.771,-1.451,-65415000.0,387324000.0,387324000.0,1789769000.0,198253000.0,1.073,-10.131,2018519000.0,191114000.0,1827405000.0,2018519000.0,284536000.0,165581000.0,0.0,0.06,1.04,460507000.0,626088000.0,0.202,626088000.0,460507000.0,343804000.0,0.94,0.94,0.94,-279966000.0,-98006750.0,-279966000.0,4525834609.0,10.0,7.229,474123000.0,2.458,1.0,1316368000.0,0.424,1117854000.0,116703000.0,2517167000.0,3462078500.0,0.0,0.0,0.0,0.0,2836395000.0,552603000.0,2283792000.0,3329427609.0,-34320000.0,13347000.0,-217006000.0,-67035000.0,-201005000.0,-497336000.0,-76604000.0,-31165000.0,539538000.0,82000.0,198253000.0,198253000.0,198253000.0,8257000.0,0.0,0.064,853771000.0,462597000.0,108805000.0,1.106,-11.892,16.794,18.362,610469000.0,0.0,17.26,1.072,1.072,71253000.0,-335617000.0,3106137000.0,3106137000.0,0.0,0.049,-2.023,0.133,0.148,26886000.0,747771000.0,1.0,192898471.0,192898471.0,,16.102,1438575000.0,172842000.0,145551000.0,362413000.0,7.458,40310000.0
4,HRB,MRT,2020-06-30,2020-07-31,2020-07-31,2021-09-07,-34037000.0,4997436000.0,4079663500.0,2997345000.0,2000091000.0,0.758,0.703,-74815000.0,2806585000.0,2806585000.0,1797920000.0,233980000.0,3.913,35.942,4002992000.0,209556000.0,3793436000.0,4002992000.0,318887000.0,170439000.0,0.0,0.072,1.04,423474000.0,593913000.0,0.192,593913000.0,423474000.0,316326000.0,1.17,1.17,1.17,135277000.0,-46952000.0,135277000.0,3921231966.0,9.0,6.602,497475000.0,2.585,1.0,1292468000.0,0.418,1124313000.0,107148000.0,4303572000.0,3320029250.0,0.0,0.0,0.0,0.0,4862159000.0,765958000.0,4096201000.0,2790891966.0,2041131000.0,-4422000.0,-220655000.0,2000000000.0,-202402000.0,1575321000.0,-107044000.0,-32586000.0,572290000.0,564000.0,233980000.0,233980000.0,233980000.0,11456000.0,0.0,0.076,867263000.0,425205000.0,128690000.0,0.889,20.631,11.928,12.393,661025000.0,0.0,14.5,0.903,0.903,97222000.0,82933000.0,3090388000.0,3090388000.0,0.0,0.057,-4.983,0.128,0.137,28968000.0,761263000.0,1.0,192475308.0,192475308.0,,16.056,3873123000.0,153274000.0,82346000.0,342244000.0,20.123,2231387000.0
5,HRB,MRT,2020-03-31,2020-04-30,2020-04-30,2021-09-07,-51576000.0,5112047000.0,3607804500.0,3086736000.0,2025311000.0,0.732,0.369,-81685000.0,2873020000.0,2873020000.0,1712276000.0,-7526000.0,1.959,70.959,4003360000.0,844921000.0,3158439000.0,4003360000.0,325911000.0,169536000.0,0.0,0.062,1.04,79038000.0,248574000.0,0.094,248574000.0,79038000.0,-17056000.0,-0.04,-0.04,-0.04,71041000.0,-8070250.0,71041000.0,5849726479.0,74.0,23.533,27276000.0,0.142,1.0,927444000.0,0.351,1127114000.0,96094000.0,3539657000.0,2829978750.0,0.0,0.0,0.0,0.0,5041006000.0,1575616000.0,3465390000.0,3204713479.0,1165293000.0,-410323000.0,-254139000.0,2000000000.0,-204870000.0,1531848000.0,-470231000.0,-35264000.0,108961000.0,-5285000.0,-7526000.0,-7526000.0,-7526000.0,13682000.0,0.0,-0.003,850361000.0,77083000.0,203103000.0,-26.0,45.111,-425.819,-416.25,679155000.0,0.0,16.65,1.214,1.214,133197000.0,42965000.0,2639720000.0,2639720000.0,0.0,-0.002,0.933,0.028,0.03,28045000.0,744361000.0,1.0,192475284.0,192475284.0,,13.715,3984933000.0,179672000.0,-9530000.0,392257000.0,20.704,1511120000.0
6,HRB,MRT,2019-12-31,2020-01-31,2020-01-31,2021-09-07,-25391000.0,3452430000.0,3154779000.0,1301962000.0,2150468000.0,1.003,-1.631,-82018000.0,361787000.0,361787000.0,1808640000.0,409980000.0,0.973,-11.844,3006800000.0,836912000.0,2169888000.0,3006800000.0,280588000.0,166091000.0,0.0,0.044,1.03,562163000.0,728254000.0,0.23,728254000.0,562163000.0,471644000.0,1.9,1.89,1.9,-318379000.0,109551250.0,-318379000.0,6226601803.0,11.0,8.55,404185000.0,2.07,1.0,1354171000.0,0.428,1271904000.0,90519000.0,3487918000.0,2269918500.0,0.0,0.0,0.0,0.0,3770809000.0,1337621000.0,2433188000.0,4529707803.0,56658000.0,-419365000.0,-341880000.0,650000000.0,-205422000.0,97834000.0,-525574000.0,-35937000.0,486203000.0,-1805000.0,409980000.0,409980000.0,409980000.0,17485000.0,0.0,0.13,793408000.0,560763000.0,156766000.0,0.542,-14.227,11.049,12.211,661346000.0,0.0,23.2,1.432,1.432,819946000.0,-367218000.0,3162811000.0,3162811000.0,0.0,0.13,3.742,0.248,0.178,28457000.0,793408000.0,1.0,195246026.0,195246026.0,,16.199,2180526000.0,134901000.0,61664000.0,209196000.0,11.168,-35659000.0
7,HRB,MRT,2019-09-30,2019-10-31,2019-10-31,2021-09-07,-21817000.0,2756741000.0,2933873000.0,601412000.0,2155329000.0,1.061,-0.377,-71922000.0,421644000.0,421644000.0,1767145000.0,413209000.0,0.476,-37.394,2118538000.0,811548000.0,1306990000.0,2118538000.0,258422000.0,166032000.0,0.0,0.041,1.02,572039000.0,738071000.0,0.237,738071000.0,572039000.0,484992000.0,1.95,1.94,1.95,-75747000.0,135748250.0,-75747000.0,6223002149.0,11.0,8.431,468991000.0,2.337,1.0,1344845000.0,0.432,1240708000.0,87047000.0,1948970000.0,2066954750.0,0.0,0.0,0.0,0.0,2832488000.0,1263957000.0,1568531000.0,5015994149.0,-301662000.0,-407129000.0,-276184000.0,135000000.0,-206040000.0,-354188000.0,-488986000.0,-27028000.0,540913000.0,599000.0,413209000.0,413209000.0,413209000.0,22503000.0,0.0,0.133,769578000.0,575267000.0,111439000.0,0.523,-66.22,12.139,12.815,682185000.0,0.0,24.99,1.612,1.612,74710000.0,-122535000.0,3111990000.0,3111990000.0,0.0,0.141,3.044,0.277,0.184,28022000.0,769578000.0,1.0,200720054.0,200720054.0,,15.504,1516033000.0,145807000.0,71783000.0,286487000.0,7.553,-662545000.0
8,HRB,MRT,2019-06-30,2019-07-31,2019-07-31,2021-09-07,-22736000.0,3110000000.0,2803011750.0,946705000.0,2163295000.0,1.106,1.44,-98614000.0,765454000.0,765454000.0,1764754000.0,424932000.0,1.292,9.694,1972462000.0,186355000.0,1786107000.0,1972462000.0,293770000.0,164868000.0,0.0,0.036,1.01,600346000.0,765214000.0,0.247,765214000.0,600346000.0,513414000.0,2.04,2.03,2.04,290804000.0,146853750.0,290804000.0,5377181295.0,9.0,7.027,399658000.0,1.979,1.0,1335306000.0,0.431,1240669000.0,86932000.0,2343370000.0,2003182750.0,0.0,0.0,0.0,0.0,2819196000.0,732969000.0,2086227000.0,5592279295.0,-345038000.0,-406385000.0,-122320000.0,0.0,-205869000.0,-333980000.0,-507376000.0,-20923000.0,498272000.0,-1954000.0,424932000.0,424932000.0,424932000.0,23397000.0,0.0,0.137,732563000.0,602743000.0,122156000.0,0.495,19.23,13.16,13.574,685826000.0,0.0,27.69,1.804,1.804,76128000.0,250740000.0,3100060000.0,3100060000.0,0.0,0.152,2.894,0.3,0.194,26082000.0,732563000.0,1.0,201960249.0,201960249.0,,15.35,1869331000.0,142416000.0,88482000.0,382642000.0,9.256,213736000.0
9,HRB,MRT,2019-03-31,2019-04-30,2019-04-30,2021-09-07,-20416000.0,3299945000.0,2676771250.0,1993359000.0,1306586000.0,1.156,2.664,-95490000.0,1707727000.0,1707727000.0,1756922000.0,422509000.0,2.16,5.094,1492629000.0,0.0,1492629000.0,1492629000.0,349858000.0,166695000.0,0.0,0.037,1.0,609464000.0,776159000.0,0.251,776159000.0,609464000.0,522413000.0,2.05,2.04,2.05,541527000.0,122155000.0,541527000.0,7103465741.0,12.0,9.152,511048000.0,2.514,1.0,1337959000.0,0.432,862430000.0,87051000.0,1299416000.0,1808036250.0,0.0,0.0,0.0,0.0,2758418000.0,923001000.0,1835417000.0,5531605741.0,44049000.0,-10966000.0,-187380000.0,0.0,-205461000.0,-403695000.0,-155131000.0,-19922000.0,606538000.0,-3663000.0,422509000.0,422509000.0,422509000.0,22747000.0,0.0,0.137,722167000.0,615792000.0,249525000.0,0.488,10.215,13.092,13.273,212092000.0,0.0,27.21,1.787,1.787,138965000.0,499386000.0,3094881000.0,3094881000.0,0.0,0.158,3.459,0.337,0.197,23767000.0,722167000.0,1.0,203293118.0,203293118.0,,15.224,2437515000.0,141979000.0,99904000.0,469879000.0,11.99,1070358000.0
10,HRB,MRT,2018-12-31,2019-01-31,2019-01-31,2021-09-07,-17642000.0,2568806000.0,2637022250.0,1234652000.0,1334154000.0,1.197,-1.039,-100700000.0,305129000.0,305129000.0,1748795000.0,687527000.0,2.101,-13.027,1876989000.0,0.0,1876989000.0,1876989000.0,299179000.0,172430000.0,0.0,0.042,0.99,710162000.0,882592000.0,0.28,882592000.0,710162000.0,622678000.0,3.25,3.23,3.25,-213591000.0,85201000.0,-213591000.0,5616423156.0,8.0,6.364,759548000.0,3.696,1.0,1406492000.0,0.446,876957000.0,87484000.0,2676063000.0,1795033000.0,0.0,0.0,0.0,0.0,2782397000.0,587646000.0,2194751000.0,4848401156.0,34730000.0,9547000.0,-100954000.0,-405000000.0,-205077000.0,-711623000.0,-108743000.0,-32360000.0,860248000.0,-5152000.0,687527000.0,687527000.0,687527000.0,18924000.0,0.0,0.218,691476000.0,715016000.0,202101000.0,0.305,-22.699,7.052,7.258,220505000.0,0.0,23.59,1.537,1.537,758217000.0,-254277000.0,3155287000.0,3155287000.0,0.0,0.261,8.069,0.396,0.225,22898000.0,691476000.0,1.0,205527815.0,205527815.0,,15.352,1691849000.0,141366000.0,-64849000.0,263226000.0,8.232,647006000.0
11,HRB,MRT,2018-09-30,2018-10-31,2018-10-31,2021-09-07,-18880000.0,2233296000.0,2635145750.0,891002000.0,1342294000.0,1.205,-0.152,-108255000.0,723306000.0,723306000.0,1744370000.0,568336000.0,2.045,-72.294,1491328000.0,0.0,1491328000.0,1491328000.0,285448000.0,176830000.0,0.0,0.037,0.98,753703000.0,930533000.0,0.293,930533000.0,753703000.0,664492000.0,2.69,2.67,2.69,-31325000.0,-35918500.0,-31325000.0,5840074563.0,8.0,6.276,762514000.0,3.71,1.0,1430959000.0,0.451,871715000.0,89211000.0,1693882000.0,1879476500.0,0.0,0.0,0.0,0.0,2264621000.0,435721000.0,1828900000.0,5454522563.0,441644000.0,12091000.0,-101098000.0,0.0,-203871000.0,-310074000.0,-115846000.0,-30618000.0,870769000.0,-3205000.0,568336000.0,568336000.0,568336000.0,14969000.0,0.0,0.179,675116000.0,755843000.0,114393000.0,0.364,-174.127,9.597,9.866,241772000.0,0.0,26.54,1.718,1.718,61286000.0,-64291000.0,3175329000.0,3175329000.0,0.0,0.216,-15.823,0.401,0.237,22166000.0,675116000.0,1.0,205520820.0,205520820.0,,15.45,1361581000.0,130987000.0,96156000.0,330056000.0,6.625,455281000.0
12,HRB,MRT,2018-06-30,2018-07-31,2018-07-31,2021-09-07,-16034000.0,2605038000.0,2505962000.0,1282123000.0,1322915000.0,1.264,0.918,-97546000.0,1110492000.0,1110492000.0,1733574000.0,591046000.0,2.273,12.567,1495006000.0,0.0,1495006000.0,1495006000.0,325479000.0,180129000.0,0.0,0.039,0.97,749587000.0,929716000.0,0.294,929716000.0,749587000.0,660302000.0,2.81,2.79,2.81,192009000.0,-131280500.0,192009000.0,5096820549.0,7.0,5.482,786009000.0,3.756,1.0,1433738000.0,0.453,862772000.0,89285000.0,1562784000.0,1865269750.0,0.0,0.0,0.0,0.0,2413029000.0,563996000.0,1849033000.0,5264863549.0,442332000.0,2524000.0,-101027000.0,0.0,-202668000.0,-333122000.0,-105656000.0,-24325000.0,883555000.0,-2445000.0,591046000.0,591046000.0,591046000.0,14884000.0,0.0,0.187,678643000.0,755095000.0,145471000.0,0.345,27.42,8.908,8.954,227003000.0,0.0,25.16,1.662,1.662,70576000.0,163567000.0,3167312000.0,3167312000.0,0.0,0.236,-4.502,0.402,0.237,21497000.0,678643000.0,1.0,209255308.0,209255308.0,,15.136,1742266000.0,131683000.0,69256000.0,409605000.0,8.326,718127000.0
13,HRB,MRT,2018-03-31,2018-04-30,2018-04-30,2021-09-07,-14303000.0,3140949000.0,2387764500.0,1891713000.0,1249236000.0,1.323,1.882,-98583000.0,1663678000.0,1663678000.0,1739729000.0,613149000.0,2.242,6.978,1495635000.0,1026000.0,1494609000.0,1495635000.0,365649000.0,183295000.0,0.0,0.035,0.96,744344000.0,927639000.0,0.294,927639000.0,744344000.0,654972000.0,2.93,2.91,2.93,393711000.0,-232864750.0,393711000.0,7799288494.0,10.0,8.408,751420000.0,3.592,1.0,1420202000.0,0.449,881852000.0,89372000.0,1247403000.0,1851582000.0,0.0,0.0,0.0,0.0,2747238000.0,843651000.0,1903587000.0,5784441494.0,546139000.0,-2571000.0,19193000.0,0.0,-200469000.0,-190664000.0,-112057000.0,-22320000.0,850003000.0,-1143000.0,613149000.0,613149000.0,613149000.0,13760000.0,0.0,0.194,668152000.0,752050000.0,251975000.0,0.328,14.692,9.434,9.437,231888000.0,0.0,27.65,1.831,1.831,146774000.0,362980000.0,3159931000.0,3159931000.0,0.0,0.257,-2.633,0.402,0.236,21954000.0,668152000.0,1.0,209202224.0,209202224.0,,15.105,2259097000.0,34095000.0,41823000.0,492480000.0,10.799,1048062000.0
14,HRB,MRT,2017-12-31,2018-01-31,2018-01-31,2021-09-07,-9374000.0,2561300000.0,2276054250.0,1284141000.0,1277159000.0,1.36,-3.339,-93196000.0,270399000.0,270399000.0,1703147000.0,253574000.0,1.927,-4.669,2285246000.0,1015000.0,2284231000.0,2285246000.0,309214000.0,186854000.0,0.0,0.035,0.94,725700000.0,912554000.0,0.295,912554000.0,725700000.0,635673000.0,1.12,1.11,1.12,-698069000.0,-346513250.0,-698069000.0,6761859004.0,9.0,7.41,511159000.0,2.445,1.0,1391850000.0,0.45,895782000.0,90027000.0,3013837000.0,1847410250.0,0.0,0.0,0.0,0.0,3259369000.0,666528000.0,2592841000.0,5548689004.0,-20939000.0,20049000.0,20422000.0,-310000000.0,-195836000.0,-537539000.0,-87996000.0,-30336000.0,604355000.0,241000.0,253574000.0,253574000.0,253574000.0,13941000.0,0.0,0.082,656774000.0,735076000.0,163653000.0,0.839,-7.949,21.882,23.696,249911000.0,0.0,26.54,1.793,1.793,791618000.0,-729578000.0,3094997000.0,3094997000.0,0.0,0.111,-0.732,0.393,0.234,19405000.0,656774000.0,1.0,209068915.0,209068915.0,,14.804,1665518000.0,98080000.0,382099000.0,365630000.0,7.966,617613000.0
15,HRB,MRT,2017-09-30,2017-10-31,2017-10-31,2021-09-07,-14222000.0,1716561000.0,2280137000.0,444616000.0,1271945000.0,1.341,-1.974,-101087000.0,281662000.0,281662000.0,1675323000.0,394705000.0,1.131,-5.159,1494832000.0,1004000.0,1493828000.0,1494832000.0,294827000.0,183526000.0,0.0,0.037,0.92,696705000.0,880231000.0,0.288,880231000.0,696705000.0,605298000.0,1.8,1.79,1.8,-412773000.0,-372200000.0,-412773000.0,5998397336.0,9.0,6.815,523029000.0,2.502,1.0,1383130000.0,0.452,899499000.0,91407000.0,1637055000.0,1945746000.0,0.0,0.0,0.0,0.0,2129334000.0,393177000.0,1736157000.0,5172143336.0,-60386000.0,15250000.0,-86657000.0,-475000000.0,-191226000.0,-758696000.0,75695000.0,148983000.0,624116000.0,-1501000.0,394705000.0,394705000.0,394705000.0,14523000.0,0.0,0.129,675573000.0,707557000.0,114875000.0,0.511,-12.53,13.104,13.744,262226000.0,0.0,24.74,1.691,1.691,77750000.0,-433556000.0,3058453000.0,3058453000.0,0.0,0.173,-1.06,0.358,0.228,18440000.0,675573000.0,1.0,209059957.0,209059957.0,,14.63,817062000.0,9205000.0,210593000.0,181903000.0,3.908,51439000.0
16,HRB,MRT,2017-06-30,2017-07-31,2017-07-31,2021-09-07,-12837000.0,2132248000.0,2371541250.0,833940000.0,1298308000.0,1.286,-1.035,-96103000.0,668160000.0,668160000.0,1661006000.0,402051000.0,1.483,-10.949,1494414000.0,992000.0,1493422000.0,1494414000.0,319206000.0,184484000.0,0.0,0.03,0.9,708305000.0,892789000.0,0.293,892789000.0,708305000.0,615543000.0,1.86,1.85,1.86,-214328000.0,-408374500.0,-214328000.0,6695392240.0,9.0,7.499,504943000.0,2.437,1.0,1387925000.0,0.455,887963000.0,92762000.0,1508033000.0,2127204000.0,0.0,0.0,0.0,0.0,2346576000.0,562506000.0,1784070000.0,6318933240.0,239264000.0,6816000.0,-256896000.0,0.0,-188506000.0,-440908000.0,81278000.0,159074000.0,601046000.0,-2152000.0,402051000.0,402051000.0,402051000.0,12074000.0,0.0,0.132,672379000.0,715546000.0,161751000.0,0.484,-29.483,15.717,16.398,253255000.0,0.0,30.5,2.073,2.073,91004000.0,-229647000.0,3048931000.0,3048931000.0,0.0,0.17,-0.985,0.333,0.232,18560000.0,672379000.0,1.0,207178139.0,207178139.0,,14.716,1244285000.0,54348000.0,213492000.0,336142000.0,6.006,271434000.0
17,HRB,MRT,2017-03-31,2017-04-30,2017-04-30,2021-09-07,-15299000.0,2694108000.0,2379364750.0,1346039000.0,1348069000.0,1.276,-0.294,-89255000.0,1117539000.0,1117539000.0,1644377000.0,408945000.0,1.433,-45.251,1493998000.0,981000.0,1493017000.0,1493998000.0,352825000.0,182168000.0,0.0,0.035,0.88,710266000.0,892434000.0,0.294,892434000.0,710266000.0,617315000.0,1.92,1.91,1.92,-60883000.0,-404744250.0,-60883000.0,7437903689.0,10.0,8.334,462942000.0,2.235,1.0,1391937000.0,0.458,900571000.0,92951000.0,1230716000.0,2182018250.0,0.0,0.0,0.0,0.0,2754991000.0,939280000.0,1815711000.0,5135677689.0,116628000.0,6621000.0,-320479000.0,0.0,-187115000.0,-530424000.0,99319000.0,172701000.0,552197000.0,-4464000.0,408945000.0,408945000.0,408945000.0,11972000.0,0.0,0.135,675953000.0,715984000.0,217028000.0,0.458,-84.353,12.558,12.911,263827000.0,0.0,24.79,1.691,1.691,162775000.0,-48206000.0,3036314000.0,3036314000.0,0.0,0.172,-1.01,0.326,0.234,19285000.0,675953000.0,1.0,207167313.0,207167313.0,,14.656,1793537000.0,83728000.0,208370000.0,507284000.0,8.657,406759000.0
18,HRB,MRT,2016-12-31,2017-01-31,2017-01-31,2021-09-07,-15363000.0,2577631000.0,2417644000.0,1202834000.0,1374797000.0,1.243,-3.866,-107429000.0,291338000.0,291338000.0,1678695000.0,326255000.0,2.169,-4.219,2593564000.0,942000.0,2592622000.0,2593564000.0,305247000.0,178044000.0,0.0,0.04,0.86,641533000.0,819577000.0,0.273,819577000.0,641533000.0,548874000.0,1.03,1.02,1.03,-800816000.0,-383747750.0,-800816000.0,6070787807.0,9.0,7.407,454214000.0,2.193,1.0,1327181000.0,0.442,918040000.0,92659000.0,3407180000.0,2222906250.0,0.0,0.0,0.0,0.0,3378447000.0,554637000.0,2823810000.0,4444726807.0,9855000.0,-56272000.0,-450150000.0,-25000000.0,-185695000.0,-635076000.0,80216000.0,238100000.0,561643000.0,3072000.0,326255000.0,326255000.0,326255000.0,9317000.0,0.0,0.109,683870000.0,643311000.0,239085000.0,0.835,-5.55,13.623,20.835,282358000.0,0.0,21.46,1.479,1.479,787865000.0,-785823000.0,3005876000.0,3005876000.0,0.0,0.135,-0.85,0.289,0.213,19379000.0,683870000.0,1.0,207116813.0,207116813.0,,14.513,1659591000.0,109671000.0,222619000.0,117094000.0,8.013,648197000.0
19,HRB,MRT,2016-09-30,2016-10-31,2016-10-31,2021-09-07,-17122000.0,2082178000.0,2488970250.0,703474000.0,1378704000.0,1.217,-2.544,-106062000.0,342048000.0,342048000.0,1682431000.0,349040000.0,1.618,-4.735,1968109000.0,903000.0,1967206000.0,1968109000.0,304593000.0,178187000.0,0.0,0.037,0.84,643486000.0,821673000.0,0.271,821673000.0,643486000.0,553194000.0,1.18,1.17,1.18,-557471000.0,-317727250.0,-557471000.0,6096334501.0,9.0,7.419,320828000.0,1.464,1.0,1346106000.0,0.444,910495000.0,90292000.0,2362887000.0,2299669750.0,0.0,183107000.0,183107000.0,0.0,2639649000.0,434857000.0,2204792000.0,5032576501.0,-110605000.0,-63081000.0,-705533000.0,475000000.0,-187321000.0,-442344000.0,-91356000.0,71781000.0,426890000.0,-3795000.0,349040000.0,349040000.0,349040000.0,9095000.0,0.0,0.115,697845000.0,648261000.0,139808000.0,0.712,-9.028,14.418,19.466,293060000.0,0.0,22.97,1.662,1.662,104764000.0,-538242000.0,3028537000.0,3028537000.0,0.0,0.14,-1.099,0.28,0.212,22136000.0,697845000.0,1.0,219093448.0,219093448.0,,13.823,1171683000.0,81755000.0,204154000.0,186385000.0,5.348,268617000.0
20,HRB,MRT,2016-06-30,2016-07-31,2016-07-31,2021-09-07,-14804000.0,2163542000.0,2538044000.0,608373000.0,1555169000.0,1.192,-0.906,-97480000.0,428896000.0,428896000.0,1683130000.0,350253000.0,0.999,-11.828,1492654000.0,864000.0,1491790000.0,1492654000.0,336995000.0,214880000.0,0.0,0.034,0.82,626113000.0,840993000.0,0.278,840993000.0,626113000.0,544260000.0,1.31,1.3,1.31,-199807000.0,-185170250.0,-199807000.0,5747945544.0,9.0,6.835,367355000.0,1.666,1.0,1342490000.0,0.444,890851000.0,81853000.0,1727290000.0,2181821250.0,0.0,192375000.0,0.0,192375000.0,2363349000.0,609159000.0,1754190000.0,5246105544.0,-962458000.0,-78140000.0,-2031495000.0,996831000.0,-195139000.0,-1727946000.0,302499000.0,471474000.0,464835000.0,-1846000.0,350253000.0,350253000.0,350253000.0,8779000.0,0.0,0.116,720040000.0,622450000.0,157085000.0,0.626,-26.256,14.978,18.16,284114000.0,0.0,23.79,1.734,1.734,103425000.0,-180631000.0,3025620000.0,3025620000.0,0.0,0.138,-1.892,0.287,0.207,29081000.0,720040000.0,1.0,220517257.0,220517257.0,,13.721,1272691000.0,90498000.0,194007000.0,333099000.0,5.771,-786000.0
21,HRB,MRT,2016-03-31,2016-04-30,2016-04-30,2021-09-07,-11233000.0,2847225000.0,2904522000.0,1220601000.0,1626624000.0,1.046,0.103,-99923000.0,1000911000.0,1000911000.0,1685552000.0,374267000.0,1.174,122.24,1492201000.0,826000.0,1491375000.0,1492201000.0,403835000.0,173598000.0,0.0,0.04,0.8,629155000.0,802753000.0,0.264,802753000.0,629155000.0,560193000.0,1.5,1.49,1.5,23103000.0,282138250.0,23103000.0,6910560862.0,11.0,8.609,444630000.0,1.981,1.0,1352601000.0,0.445,904642000.0,68962000.0,1394268000.0,1927532250.0,0.0,202385000.0,0.0,202385000.0,2824122000.0,1039605000.0,1784517000.0,4541970862.0,-1098251000.0,-88776000.0,-1992563000.0,996831000.0,-201688000.0,-1961729000.0,329515000.0,507139000.0,544553000.0,-10590000.0,374267000.0,374267000.0,374267000.0,9286000.0,0.0,0.123,719409000.0,633192000.0,259586000.0,0.533,196.597,12.136,13.493,293565000.0,0.0,20.24,1.495,1.495,153116000.0,40347000.0,3038153000.0,3038153000.0,0.0,0.129,1.327,0.326,0.207,23540000.0,719409000.0,1.0,224405675.0,224405675.0,,13.539,1942583000.0,120123000.0,185926000.0,506714000.0,8.657,180996000.0
22,HRB,MRT,2015-12-31,2016-01-31,2016-01-31,2021-09-07,-20849000.0,2862936000.0,3321570750.0,1218849000.0,1644087000.0,0.916,-2.275,-90700000.0,259160000.0,259160000.0,1648811000.0,412446000.0,2.069,-6.334,2616640000.0,817000.0,2615823000.0,2616640000.0,357284000.0,287550000.0,0.0,0.023,0.8,679605000.0,967155000.0,0.318,967155000.0,679605000.0,624716000.0,1.43,1.42,1.43,-536734000.0,734599750.0,-536734000.0,9133380615.0,13.0,9.444,356159000.0,1.509,1.0,1393235000.0,0.458,917150000.0,54889000.0,3714234000.0,1621486250.0,0.0,212106000.0,0.0,212106000.0,3399670000.0,589032000.0,2810638000.0,8034096615.0,-1131623000.0,-86418000.0,-1862390000.0,1530345000.0,-212585000.0,-1865277000.0,297807000.0,467307000.0,446859000.0,-11012000.0,412446000.0,412446000.0,412446000.0,14015000.0,0.0,0.136,705287000.0,687948000.0,205981000.0,0.559,-14.968,19.479,23.811,290202000.0,0.0,34.05,2.641,2.641,829774000.0,-510000000.0,3042046000.0,3042046000.0,0.0,0.124,0.561,0.419,0.223,47174000.0,705287000.0,1.0,235949974.0,235949974.0,,12.893,1945786000.0,143298000.0,212270000.0,96476000.0,8.247,629817000.0
23,HRB,MRT,2015-09-30,2015-10-31,2015-10-31,2021-09-07,-16208000.0,2278473000.0,3700572000.0,724898000.0,1553575000.0,0.831,-0.099,-91010000.0,403462000.0,403462000.0,1650976000.0,457227000.0,1.279,-84.635,1491322000.0,808000.0,1490514000.0,1491322000.0,427541000.0,242247000.0,0.0,0.021,0.8,722158000.0,964405000.0,0.313,964405000.0,722158000.0,681794000.0,1.65,1.64,1.65,-27243000.0,1155379500.0,-27243000.0,9442744098.0,13.0,9.791,560462000.0,2.028,1.0,1425601000.0,0.463,908292000.0,40364000.0,1891493000.0,879691500.0,0.0,220671000.0,0.0,220671000.0,2305716000.0,566548000.0,1739168000.0,10297170098.0,-266809000.0,-80868000.0,-1499068000.0,996831000.0,-220427000.0,-1198476000.0,296870000.0,458937000.0,651472000.0,-16675000.0,457227000.0,457227000.0,457227000.0,12572000.0,0.0,0.149,692962000.0,732639000.0,141070000.0,0.485,-377.975,22.521,22.582,298602000.0,0.0,37.26,3.347,3.347,94760000.0,3573000.0,3076577000.0,3076577000.0,0.0,0.124,0.396,0.821,0.235,39944000.0,692962000.0,1.0,276359906.0,276359906.0,,11.133,1370181000.0,157176000.0,224567000.0,208271000.0,4.958,158350000.0
24,HRB,MRT,2015-06-30,2015-07-31,2015-07-31,2021-09-07,-8234000.0,3629454000.0,3903776250.0,2110916000.0,1518538000.0,0.79,6.064,-106006000.0,1360422000.0,1360422000.0,1646272000.0,490236000.0,1.774,1.174,502759000.0,799000.0,501960000.0,502759000.0,447090000.0,159804000.0,476732000.0,0.024,0.8,762684000.0,922488000.0,0.299,922488000.0,762684000.0,722658000.0,1.79,1.78,1.79,1669427000.0,1471859250.0,1669427000.0,7571230097.0,10.0,8.207,523941000.0,1.903,1.0,1436518000.0,0.466,871403000.0,40026000.0,710134000.0,646996500.0,0.0,636490000.0,406360000.0,230130000.0,1960027000.0,1190254000.0,769773000.0,9164304097.0,-130107000.0,-84990000.0,-2639000.0,-400000000.0,-220171000.0,-648147000.0,-90504000.0,87810000.0,629947000.0,-21403000.0,490236000.0,490236000.0,490236000.0,8854000.0,0.0,0.159,654494000.0,782024000.0,116855000.0,0.447,5.489,18.694,18.598,297321000.0,0.0,33.29,2.973,2.973,103194000.0,1679234000.0,3082790000.0,3082790000.0,0.0,0.126,0.333,1.179,0.247,26068000.0,654494000.0,1.0,275286996.0,275286996.0,,11.198,2758051000.0,171767000.0,232422000.0,383144000.0,10.019,920662000.0
25,HRB,MRT,2015-03-31,2015-04-30,2015-04-30,2021-09-07,1740000.0,4515420000.0,3969117500.0,2951301000.0,1564119000.0,0.776,6.659,-123158000.0,2099162000.0,2099162000.0,1630490000.0,473663000.0,1.571,1.463,506088000.0,790000.0,505298000.0,506088000.0,478806000.0,159804000.0,744241000.0,0.026,0.8,774970000.0,934774000.0,0.304,934774000.0,774970000.0,729724000.0,1.72,1.71,1.72,1832949000.0,1403802500.0,1832949000.0,8049011965.0,10.0,8.611,503450000.0,1.829,1.0,1448168000.0,0.47,873973000.0,45246000.0,170084000.0,665757500.0,0.0,678963000.0,439625000.0,239338000.0,2682471000.0,1878289000.0,804182000.0,8323503965.0,-178117000.0,-113252000.0,6073000.0,-400000000.0,-219960000.0,-645807000.0,-148932000.0,74328000.0,626608000.0,-9986000.0,473663000.0,473663000.0,473663000.0,13081000.0,0.0,0.154,653502000.0,794666000.0,231322000.0,0.465,4.541,17.573,17.581,311387000.0,0.0,30.24,2.704,2.704,167964000.0,1836442000.0,3078658000.0,3078658000.0,0.0,0.119,0.337,1.164,0.252,26068000.0,653502000.0,1.0,275248147.0,275248147.0,,11.185,3641447000.0,187728000.0,256061000.0,577270000.0,13.23,1073012000.0
26,HRB,MRT,2014-12-31,2015-01-31,2015-01-31,2021-09-07,-1263000.0,4378941000.0,4013644750.0,2778319000.0,1600622000.0,0.832,4.166,-120233000.0,1372219000.0,1372219000.0,1633500000.0,644820000.0,1.124,2.82,1097727000.0,592267000.0,505460000.0,1097727000.0,412118000.0,115604000.0,1286216000.0,0.023,0.8,1035108000.0,1150712000.0,0.344,1150712000.0,1035108000.0,984619000.0,2.36,2.35,2.36,1146385000.0,1334702500.0,1146385000.0,9256091388.0,9.0,8.044,562470000.0,2.044,1.0,1706778000.0,0.511,886290000.0,50489000.0,747055000.0,671867000.0,0.0,613508000.0,367845000.0,245663000.0,3232556000.0,2471104000.0,761452000.0,9432764388.0,883730000.0,-142726000.0,-272000.0,-3498000.0,-219751000.0,268277000.0,-54099000.0,185611000.0,682703000.0,-13151000.0,644820000.0,644820000.0,644820000.0,26924000.0,0.0,0.193,652317000.0,1054461000.0,172328000.0,0.339,8.228,14.629,14.525,308805000.0,0.0,34.28,2.824,2.824,777453000.0,1158376000.0,3340278000.0,3340278000.0,0.0,0.161,0.483,1.541,0.31,20058000.0,652317000.0,1.0,275168156.0,275168156.0,,12.139,3492651000.0,181267000.0,339799000.0,145655000.0,12.693,307215000.0
27,HRB,MRT,2014-09-30,2014-10-31,2014-10-31,2021-09-07,6577000.0,3091290000.0,3797731250.0,1457381000.0,1633909000.0,0.798,4.503,-131012000.0,683033000.0,683033000.0,1588487000.0,467057000.0,1.355,1.496,506360000.0,772000.0,505588000.0,506360000.0,459123000.0,115604000.0,454860000.0,0.025,0.8,782649000.0,898253000.0,0.296,898253000.0,782649000.0,727336000.0,1.71,1.7,1.71,1238676000.0,1219796000.0,1238676000.0,8293118816.0,11.0,9.232,543365000.0,1.975,1.0,1442487000.0,0.476,878227000.0,55313000.0,960713000.0,816082250.0,0.0,632272000.0,381180000.0,251092000.0,1852614000.0,1075677000.0,776937000.0,8888105816.0,-163282000.0,-141731000.0,1834000.0,-400000000.0,-219527000.0,-817696000.0,-6000000.0,242016000.0,674377000.0,-13963000.0,467057000.0,467057000.0,467057000.0,27247000.0,0.0,0.154,637218000.0,805269000.0,97105000.0,0.468,7.175,19.03,18.895,318225000.0,0.0,32.31,2.932,2.932,107705000.0,1250465000.0,3030974000.0,3030974000.0,0.0,0.123,0.383,0.959,0.258,20058000.0,637218000.0,1.0,275088388.0,275088388.0,,11.018,2213063000.0,235130000.0,260279000.0,298951000.0,8.045,381704000.0
28,HRB,MRT,2014-06-30,2014-07-31,2014-07-31,2021-09-07,5483000.0,3890819000.0,3843537000.0,2292161000.0,1598658000.0,0.789,5.095,-138466000.0,1501406000.0,1501406000.0,1573853000.0,474112000.0,1.361,1.785,906419000.0,400705000.0,505714000.0,906419000.0,493365000.0,115604000.0,482975000.0,0.025,0.8,800661000.0,916265000.0,0.302,916265000.0,800661000.0,745390000.0,1.73,1.72,1.73,1397200000.0,1148870750.0,1397200000.0,7417415163.0,9.0,8.095,608272000.0,2.218,1.0,1456833000.0,0.481,826735000.0,55271000.0,785178000.0,840176750.0,0.0,663506000.0,403774000.0,259732000.0,2493619000.0,1683919000.0,809700000.0,8811567163.0,265613000.0,-107658000.0,4158000.0,0.0,-219282000.0,-484084000.0,13446000.0,233625000.0,746738000.0,-10487000.0,474112000.0,474112000.0,474112000.0,30404000.0,0.0,0.156,633931000.0,822902000.0,127912000.0,0.462,6.307,18.585,18.572,314531000.0,0.0,32.13,2.907,2.907,122315000.0,1418124000.0,3030686000.0,3030686000.0,0.0,0.123,0.413,0.953,0.264,20058000.0,633931000.0,1.0,274247344.0,274247344.0,,11.051,3064084000.0,237276000.0,271278000.0,451952000.0,11.173,608242000.0
29,HRB,MRT,2014-03-31,2014-04-30,2014-04-30,2021-09-07,5177000.0,4693529000.0,3811554250.0,3114006000.0,1579523000.0,0.793,5.676,-147011000.0,2300626000.0,2300626000.0,1572377000.0,475157000.0,1.346,2.015,906474000.0,400637000.0,505837000.0,906474000.0,507080000.0,115604000.0,769785000.0,0.028,0.8,797455000.0,913059000.0,0.302,913059000.0,797455000.0,742176000.0,1.73,1.72,1.73,1556549000.0,1075899500.0,1556549000.0,8412513076.0,11.0,9.214,662570000.0,2.416,1.0,1451918000.0,0.48,791739000.0,55279000.0,194522000.0,964772500.0,0.0,691923000.0,423495000.0,268428000.0,3136980000.0,2313116000.0,823864000.0,7793259076.0,437723000.0,-68428000.0,22140000.0,0.0,-218980000.0,-364930000.0,10690000.0,196732000.0,809581000.0,-17618000.0,475157000.0,475157000.0,475157000.0,24940000.0,0.0,0.157,633428000.0,818490000.0,222489000.0,0.462,5.007,16.401,16.428,304911000.0,0.0,28.42,2.577,2.577,191618000.0,1589297000.0,3024295000.0,3024295000.0,0.0,0.125,0.442,0.827,0.264,20058000.0,633428000.0,1.0,274217420.0,274217420.0,,11.029,3901790000.0,182574000.0,267019000.0,564120000.0,14.229,800890000.0
30,HRB,MRT,2013-12-31,2014-01-31,2014-01-31,2021-09-07,-4776000.0,3515287000.0,3772616750.0,1504711000.0,2010576000.0,0.705,2.506,-142830000.0,482259000.0,482259000.0,1514219000.0,229499000.0,0.732,4.119,1101513000.0,595554000.0,505959000.0,1101513000.0,0.0,92407000.0,806887000.0,0.026,0.8,489738000.0,582145000.0,0.219,582145000.0,489738000.0,387768000.0,0.84,0.83,0.84,686759000.0,1002649000.0,686759000.0,8399294699.0,17.0,14.428,545882000.0,1.992,1.0,1147298000.0,0.431,756105000.0,101970000.0,1323916000.0,1128045000.0,0.0,725919000.0,0.0,725919000.0,2828528000.0,2054520000.0,774008000.0,8331006699.0,19019000.0,-37945000.0,41578000.0,-229983000.0,-218643000.0,-653184000.0,1470000.0,80904000.0,688712000.0,-17979000.0,229499000.0,229499000.0,229499000.0,30387000.0,0.0,0.086,616904000.0,530394000.0,520121000.0,0.952,12.131,36.301,36.19,314565000.0,0.0,30.4,3.13,3.13,677221000.0,734233000.0,2661517000.0,2661517000.0,0.0,0.061,0.229,0.434,0.184,15293000.0,616904000.0,1.0,274046273.0,274046273.0,,9.712,2759182000.0,0.0,158269000.0,23375000.0,10.068,-549809000.0
31,HRB,MRT,2013-09-30,2013-10-31,2013-10-31,2021-09-07,1463000.0,3274513000.0,3876919000.0,1195654000.0,2078859000.0,0.757,3.487,-139445000.0,838293000.0,838293000.0,1542172000.0,426502000.0,0.773,2.429,906581000.0,400503000.0,506078000.0,906581000.0,0.0,92407000.0,655129000.0,0.028,0.8,728590000.0,820997000.0,0.28,820997000.0,728590000.0,640492000.0,1.55,1.54,1.55,954975000.0,989681250.0,954975000.0,7475959244.0,10.0,9.106,432326000.0,1.579,1.0,1391554000.0,0.474,739025000.0,88098000.0,1057091000.0,1302355250.0,0.0,761251000.0,0.0,761251000.0,2319538000.0,1546685000.0,772853000.0,7788680244.0,-470129000.0,-31227000.0,47893000.0,-605790000.0,-218097000.0,-925455000.0,-110890000.0,-20396000.0,571771000.0,-5555000.0,426502000.0,426502000.0,426502000.0,29220000.0,0.0,0.145,629453000.0,762101000.0,426994000.0,0.516,8.156,18.262,18.348,311157000.0,0.0,28.44,2.655,2.655,131701000.0,1003842000.0,2933726000.0,2933726000.0,0.0,0.11,0.431,0.559,0.248,15293000.0,629453000.0,1.0,273863581.0,273863581.0,,10.712,2535488000.0,0.0,213990000.0,22475000.0,9.258,-351031000.0
32,HRB,MRT,2013-06-30,2013-07-31,2013-07-31,2021-09-07,-257000.0,3762888000.0,4032473250.0,1704932000.0,2057956000.0,0.728,4.053,-134352000.0,1219353000.0,1219353000.0,1547120000.0,426202000.0,1.175,2.404,906632000.0,730000.0,905902000.0,906632000.0,0.0,92407000.0,757929000.0,0.025,0.8,729747000.0,822154000.0,0.28,822154000.0,729747000.0,655450000.0,1.55,1.54,1.55,1105315000.0,924170750.0,1105315000.0,7612250393.0,10.0,9.259,417154000.0,1.53,1.0,1389529000.0,0.473,716122000.0,74297000.0,1283561000.0,1403727000.0,0.0,796714000.0,0.0,796714000.0,2657573000.0,1450484000.0,1207089000.0,8570991393.0,224005000.0,-22045000.0,45299000.0,-108605000.0,-217550000.0,-190686000.0,-133312000.0,-57863000.0,551506000.0,-3503000.0,426202000.0,426202000.0,426202000.0,31336000.0,0.0,0.145,625688000.0,763841000.0,443065000.0,0.516,7.754,20.11,20.277,286584000.0,0.0,31.43,2.919,2.919,121309000.0,1163651000.0,2936649000.0,2936649000.0,0.0,0.106,0.461,0.52,0.248,15293000.0,625688000.0,1.0,272700967.0,272700967.0,,10.769,3046766000.0,0.0,229248000.0,215834000.0,11.173,254448000.0
33,HRB,MRT,2013-03-31,2013-04-30,2013-04-30,2021-09-07,10550000.0,4537779000.0,3990320500.0,2462343000.0,2075436000.0,0.728,4.64,-113239000.0,1865421000.0,1865421000.0,1530491000.0,433948000.0,1.224,2.591,906680000.0,722000.0,905958000.0,906680000.0,0.0,92407000.0,936464000.0,0.029,0.8,745098000.0,837505000.0,0.288,837505000.0,745098000.0,670801000.0,1.59,1.58,1.59,1263547000.0,859260250.0,1263547000.0,8429482998.0,11.0,10.065,383869000.0,1.41,1.0,1375452000.0,0.473,719221000.0,74297000.0,847612000.0,1318061750.0,0.0,825665000.0,0.0,825665000.0,3274232000.0,2012205000.0,1262027000.0,7554133998.0,-196750000.0,-20742000.0,-315274000.0,-139436000.0,-217201000.0,-584541000.0,-110937000.0,-52097000.0,497108000.0,1620000.0,433948000.0,433948000.0,433948000.0,31210000.0,0.0,0.149,604469000.0,770983000.0,523921000.0,0.503,5.979,17.408,17.447,267880000.0,0.0,27.74,2.6,2.6,206835000.0,1333445000.0,2905943000.0,2905943000.0,0.0,0.109,0.505,0.565,0.256,15293000.0,604469000.0,1.0,272319178.0,272319178.0,,10.671,3818558000.0,0.0,236853000.0,416128000.0,14.022,450138000.0
34,HRB,MRT,2012-12-31,2013-01-31,2013-01-31,2021-09-07,9055000.0,3932496000.0,4018267500.0,1736549000.0,2195947000.0,0.674,2.338,-106971000.0,456343000.0,456343000.0,1589311000.0,355711000.0,0.842,5.194,1331692000.0,425680000.0,906012000.0,1331692000.0,0.0,103576000.0,1036968000.0,0.035,0.8,541573000.0,645149000.0,0.238,645149000.0,541573000.0,541573000.0,1.11,1.11,1.11,634888000.0,874846500.0,634888000.0,6384570667.0,12.0,9.896,325923000.0,1.2,1.0,1117094000.0,0.413,723494000.0,0.0,2021157000.0,1222914750.0,0.0,754199000.0,0.0,754199000.0,3297608000.0,2063194000.0,1234414000.0,6177335667.0,-800599000.0,7546000.0,-316196000.0,29584000.0,-221435000.0,-1082179000.0,-151979000.0,-42647000.0,432894000.0,665000.0,355711000.0,355711000.0,355711000.0,12228000.0,0.0,0.131,566185000.0,550909000.0,479660000.0,0.721,9.73,17.366,20.514,273450000.0,0.0,22.77,2.282,2.285,949160000.0,723676000.0,2706405000.0,2706405000.0,0.0,0.089,0.407,0.443,0.2,14968000.0,563033000.0,1.0,271292739.0,271542000.0,,9.967,3209002000.0,0.0,185862000.0,17348000.0,11.818,-326645000.0
35,HRB,MRT,2012-09-30,2012-10-31,2012-10-31,2021-09-07,8685000.0,3896730000.0,4248340750.0,1706953000.0,2189777000.0,0.682,2.556,-102667000.0,1299568000.0,1299568000.0,1666933000.0,370070000.0,0.884,4.624,1506803000.0,600678000.0,906125000.0,1506803000.0,0.0,103576000.0,790106000.0,0.045,0.8,637826000.0,741402000.0,0.256,741402000.0,637826000.0,637826000.0,1.17,1.17,1.17,692933000.0,917736750.0,692933000.0,4825297956.0,8.0,6.508,274974000.0,1.014,1.0,1230773000.0,0.425,709685000.0,0.0,1462578000.0,955291000.0,0.0,759490000.0,0.0,759490000.0,3203797000.0,1931702000.0,1272095000.0,4798643956.0,688290000.0,505927000.0,-326296000.0,401364000.0,-225783000.0,-107234000.0,414908000.0,-4272000.0,377641000.0,2975000.0,370070000.0,370070000.0,370070000.0,11217000.0,0.0,0.128,590924000.0,639849000.0,406447000.0,0.684,6.925,12.967,15.128,272438000.0,0.0,17.7,1.656,1.656,124511000.0,795707000.0,2897706000.0,2897706000.0,0.0,0.087,0.403,0.668,0.22,14968000.0,587772000.0,1.0,271109828.0,271145000.0,,10.687,3187045000.0,0.0,267756000.0,95126000.0,11.754,-224749000.0
36,HRB,MRT,2012-06-30,2012-07-31,2012-07-31,2021-09-07,7350000.0,3594277000.0,4268286500.0,1417599000.0,2176678000.0,0.677,3.051,-84777000.0,982980000.0,982980000.0,1682535000.0,333589000.0,0.717,3.25,1009634000.0,600642000.0,408992000.0,1009634000.0,0.0,103576000.0,648378000.0,0.046,0.75,581518000.0,685094000.0,0.237,685094000.0,581518000.0,581518000.0,1.09,1.09,1.09,845673000.0,960209000.0,845673000.0,3474326041.0,6.0,5.071,298681000.0,1.078,1.0,1207102000.0,0.418,702634000.0,0.0,940900000.0,1086947000.0,0.0,767524000.0,0.0,767524000.0,2748604000.0,1977397000.0,771207000.0,4426211041.0,-72838000.0,527468000.0,-506697000.0,-55831000.0,-217108000.0,-810877000.0,359405000.0,-86181000.0,383458000.0,-4824000.0,333589000.0,333589000.0,333589000.0,25884000.0,0.0,0.115,608609000.0,598493000.0,414604000.0,0.688,5.234,13.268,14.798,242585000.0,0.0,16.13,1.532,1.547,116357000.0,955873000.0,2889637000.0,2889637000.0,0.0,0.078,0.347,0.535,0.201,14968000.0,601200000.0,1.0,274408620.0,277155000.0,,10.426,2891643000.0,0.0,247929000.0,278539000.0,10.433,-559798000.0
37,HRB,MRT,2012-03-31,2012-04-30,2012-04-30,2021-09-07,12145000.0,4649567000.0,4446730250.0,2500994000.0,2148573000.0,0.651,4.517,-82457000.0,1992434000.0,1992434000.0,1701695000.0,265932000.0,0.99,2.507,1040549000.0,631434000.0,409115000.0,1040549000.0,0.0,103576000.0,827549000.0,0.048,0.7,496034000.0,599610000.0,0.207,599610000.0,496034000.0,496034000.0,0.89,0.89,0.89,1325892000.0,1057260000.0,1325892000.0,4358418669.0,9.0,7.269,279592000.0,0.952,1.0,1192076000.0,0.412,704230000.0,0.0,467024000.0,1256830000.0,0.0,777516000.0,0.0,777516000.0,3323675000.0,2526428000.0,797247000.0,4315386669.0,266490000.0,545241000.0,-168317000.0,-25000000.0,-208801000.0,-445062000.0,351867000.0,-130304000.0,362049000.0,-2364000.0,265932000.0,265932000.0,265932000.0,80036000.0,0.0,0.092,625784000.0,566292000.0,567079000.0,0.787,3.255,16.227,16.517,240772000.0,0.0,14.7,1.491,1.491,193858000.0,2523997000.0,2893771000.0,2893771000.0,0.0,0.06,0.252,0.395,0.171,14968000.0,618375000.0,1.0,293563719.0,293563719.0,,9.857,3945337000.0,0.0,230102000.0,336374000.0,13.439,-25434000.0
38,HRB,MRT,2011-12-31,2012-01-31,2012-01-31,2021-09-07,7409000.0,4852789000.0,4606701750.0,2519666000.0,2333123000.0,0.638,2.753,-83310000.0,1253152000.0,1253152000.0,1719685000.0,338390000.0,0.777,5.017,1296184000.0,886943000.0,409241000.0,1296184000.0,0.0,121633000.0,1587988000.0,0.04,0.65,580074000.0,701707000.0,0.239,701707000.0,580074000.0,580074000.0,1.07,1.07,1.07,806449000.0,1088180500.0,806449000.0,5286679931.0,9.0,7.534,551840000.0,1.884,1.0,1218671000.0,0.415,701743000.0,0.0,950662000.0,1535283250.0,0.0,742372000.0,0.0,742372000.0,4046340000.0,3243416000.0,802924000.0,4791893931.0,-246706000.0,522479000.0,-179640000.0,-451003000.0,-195934000.0,-1129440000.0,249516000.0,-200672000.0,635150000.0,-1932000.0,338390000.0,338390000.0,338390000.0,58708000.0,0.0,0.115,591359000.0,627312000.0,597644000.0,0.607,5.942,14.161,15.29,260755000.0,0.0,16.36,1.631,1.631,1035902000.0,2018252000.0,2938356000.0,2938356000.0,0.0,0.073,0.311,0.378,0.197,14500000.0,587102000.0,1.0,292903052.0,292963000.0,,10.03,4151046000.0,0.0,241684000.0,40596000.0,14.169,-723750000.0
39,HRB,MRT,2011-09-30,2011-10-31,2011-10-31,2021-09-07,4359000.0,3976513000.0,4844188250.0,1685404000.0,2291109000.0,0.61,2.877,-68464000.0,610135000.0,610135000.0,1759329000.0,329018000.0,0.946,3.609,1104921000.0,95725000.0,1009196000.0,1104921000.0,0.0,121633000.0,723318000.0,0.039,0.6,553227000.0,674860000.0,0.228,674860000.0,553227000.0,553227000.0,1.04,1.04,1.04,862822000.0,1093489000.0,862822000.0,4693425015.0,8.0,6.955,409412000.0,1.365,1.0,1196043000.0,0.405,700509000.0,0.0,1989202000.0,1641152250.0,0.0,756447000.0,0.0,756447000.0,3113691000.0,1781588000.0,1332103000.0,4675165015.0,-387135000.0,30260000.0,-181785000.0,-49500000.0,-183180000.0,-641957000.0,-220642000.0,-202277000.0,477876000.0,-2412000.0,329018000.0,329018000.0,329018000.0,60613000.0,0.0,0.111,592962000.0,603081000.0,581069000.0,0.577,5.418,14.209,14.702,257870000.0,0.0,15.29,1.582,1.552,128062000.0,2080162000.0,2955372000.0,2955372000.0,0.0,0.068,0.301,0.337,0.187,14500000.0,566005000.0,1.0,305766188.0,299895000.0,,9.855,3276004000.0,0.0,224209000.0,135858000.0,10.924,-96184000.0
40,HRB,MRT,2011-06-30,2011-07-31,2011-07-31,2021-09-07,12692000.0,4308052000.0,4927005500.0,1667825000.0,2640227000.0,0.598,4.039,-65278000.0,1057111000.0,1057111000.0,1763691000.0,361693000.0,1.04,2.491,1075371000.0,55940000.0,1019431000.0,1075371000.0,0.0,121633000.0,666268000.0,0.04,0.6,594746000.0,716379000.0,0.243,716379000.0,594746000.0,594746000.0,1.15,1.15,1.15,1233877000.0,1097734750.0,1233877000.0,3920503344.0,7.0,5.473,400927000.0,1.312,1.0,1182077000.0,0.401,1102646000.0,0.0,1620432000.0,1472391000.0,0.0,466663000.0,0.0,466663000.0,3074175000.0,1603234000.0,1470941000.0,4568539344.0,-85901000.0,41524000.0,-120481000.0,-50000000.0,-184004000.0,-442737000.0,-118407000.0,-128321000.0,466205000.0,9038000.0,361693000.0,361693000.0,361693000.0,39507000.0,0.0,0.123,559933000.0,622144000.0,522130000.0,0.522,3.703,12.631,13.009,295220000.0,0.0,14.96,1.551,1.551,329388000.0,2437011000.0,2945768000.0,2945768000.0,0.0,0.073,0.329,0.404,0.202,14500000.0,537233000.0,1.0,305383646.0,305491000.0,,9.643,3205406000.0,0.0,233053000.0,275639000.0,10.493,64591000.0
41,HRB,MRT,2011-03-31,2011-04-30,2011-04-30,2021-09-07,11233000.0,5289453000.0,4956033500.0,3048087000.0,2241366000.0,0.594,4.749,-62959000.0,1726227000.0,1726227000.0,1776782000.0,406110000.0,1.304,2.649,1065084000.0,25557000.0,1039527000.0,1065084000.0,0.0,121633000.0,852220000.0,0.035,0.6,641266000.0,762899000.0,0.259,762899000.0,641266000.0,641266000.0,1.31,1.31,1.31,1449574000.0,1045552250.0,1449574000.0,5536480459.0,9.0,7.257,449544000.0,1.473,1.0,1168198000.0,0.397,709493000.0,0.0,1580837000.0,1372067750.0,0.0,648844000.0,0.0,648844000.0,3839879000.0,2337980000.0,1501899000.0,5277776459.0,-126201000.0,16912000.0,-283110000.0,-50000000.0,-186802000.0,-534391000.0,-110157000.0,-98459000.0,512503000.0,5844000.0,406110000.0,406110000.0,406110000.0,-13563000.0,0.0,0.138,551859000.0,616339000.0,550982000.0,0.458,3.641,12.996,13.198,255298000.0,0.0,17.29,1.792,1.792,230172000.0,2658103000.0,2944980000.0,2944980000.0,0.0,0.082,0.388,0.467,0.218,14500000.0,529159000.0,1.0,305250229.0,305250229.0,,9.648,4579960000.0,0.0,235156000.0,458911000.0,15.004,710107000.0
42,HRB,MRT,2010-12-31,2011-01-31,2011-01-31,2021-09-07,7162000.0,5802735000.0,4942249750.0,3274061000.0,2528674000.0,0.517,2.712,-78471000.0,1501803000.0,1501803000.0,1472146000.0,438377000.0,0.946,6.011,1760507000.0,686149000.0,1074358000.0,1760507000.0,0.0,126901000.0,1855195000.0,0.048,0.6,662772000.0,789673000.0,0.309,789673000.0,662772000.0,662772000.0,1.26,1.25,1.26,827683000.0,1043316250.0,827683000.0,3983787641.0,6.0,5.045,1652542000.0,5.416,1.0,1080611000.0,0.423,1224672000.0,0.0,1374138000.0,1221954750.0,0.0,513192000.0,0.0,513192000.0,4975052000.0,3462629000.0,1512423000.0,3819979641.0,-261987000.0,11618000.0,-383405000.0,-1067758000.0,-190508000.0,-2002793000.0,4121000.0,31659000.0,1731013000.0,5672000.0,438377000.0,438377000.0,438377000.0,-29884000.0,0.0,0.172,458392000.0,622219000.0,671682000.0,0.476,4.615,8.714,9.937,321075000.0,0.0,12.52,1.496,1.497,1371152000.0,2045447000.0,2552757000.0,2552757000.0,0.0,0.089,0.42,0.542,0.26,29369000.0,435692000.0,1.0,305110195.0,305144000.0,,8.366,4578063000.0,0.0,224395000.0,95990000.0,15.003,-188568000.0
43,HRB,MRT,2010-09-30,2010-10-31,2010-10-31,2021-09-07,2757000.0,4307782000.0,5344098250.0,1735566000.0,2572216000.0,0.525,2.868,-118240000.0,995219000.0,995219000.0,1623009000.0,501733000.0,0.906,3.896,1159027000.0,92924000.0,1066103000.0,1159027000.0,0.0,126901000.0,929898000.0,0.051,0.6,784910000.0,911811000.0,0.325,911811000.0,784910000.0,784910000.0,1.45,1.44,1.45,879805000.0,1070512250.0,879805000.0,3617897137.0,5.0,3.968,707380000.0,2.306,1.0,1184304000.0,0.422,1240741000.0,0.0,1314157000.0,1431595750.0,0.0,537226000.0,0.0,537226000.0,3427977000.0,1916692000.0,1511285000.0,3634290137.0,-472497000.0,78214000.0,-523978000.0,14444000.0,-195183000.0,-1274233000.0,-28562000.0,-29771000.0,825620000.0,4678000.0,501733000.0,501733000.0,501733000.0,-28603000.0,0.0,0.179,439714000.0,744590000.0,660999000.0,0.414,4.131,7.243,8.124,327881000.0,0.0,11.78,1.295,1.287,416333000.0,2104050000.0,2807313000.0,2807313000.0,0.0,0.094,0.469,0.548,0.28,29369000.0,439714000.0,1.0,308513594.0,306804000.0,,9.15,3067041000.0,0.0,283177000.0,151708000.0,9.997,-181126000.0
44,HRB,MRT,2010-06-30,2010-07-31,2010-07-31,2021-09-07,-2648000.0,4424164000.0,5508992500.0,1838480000.0,2585684000.0,0.547,3.207,-90389000.0,1135619000.0,1135619000.0,1801983000.0,482195000.0,0.948,3.316,1119226000.0,53577000.0,1065649000.0,1119226000.0,0.0,126901000.0,731413000.0,0.038,0.6,751063000.0,877964000.0,0.291,877964000.0,751063000.0,751063000.0,1.43,1.42,1.43,1025147000.0,1118335250.0,1025147000.0,4344875989.0,6.0,4.949,603406000.0,1.887,1.0,1211821000.0,0.402,1249353000.0,0.0,1219139000.0,1354910000.0,0.0,563090000.0,0.0,563090000.0,3399017000.0,1939279000.0,1459738000.0,5069438989.0,92307000.0,50730000.0,-403605000.0,-25046000.0,-199304000.0,-613861000.0,9990000.0,5629000.0,693795000.0,2383000.0,482195000.0,482195000.0,482195000.0,-24093000.0,0.0,0.16,494416000.0,717405000.0,762281000.0,0.42,4.945,10.513,10.965,326641000.0,0.0,15.68,1.682,1.663,376929000.0,2255262000.0,3013804000.0,3013804000.0,0.0,0.088,0.431,0.554,0.249,29369000.0,494416000.0,1.0,323306058.0,319690000.0,,9.427,3174811000.0,0.0,268868000.0,315090000.0,9.931,-100799000.0
45,HRB,MRT,2010-03-31,2010-04-30,2010-04-30,2021-09-07,1678000.0,5234318000.0,5539392000.0,2649036000.0,2585282000.0,0.544,4.376,-90515000.0,1838395000.0,1838395000.0,1820417000.0,479242000.0,1.141,2.633,1113832000.0,53688000.0,1060144000.0,1113832000.0,0.0,126901000.0,852555000.0,0.033,0.6,747533000.0,874434000.0,0.29,874434000.0,747533000.0,747533000.0,1.44,1.43,1.44,1440630000.0,1159727000.0,1440630000.0,7025751263.0,9.0,8.035,496954000.0,1.509,1.0,1194418000.0,0.396,1207879000.0,0.0,980385000.0,1444260750.0,0.0,595405000.0,0.0,595405000.0,3793688000.0,2321491000.0,1472197000.0,6028271263.0,149382000.0,56084000.0,-237568000.0,-25046000.0,-200899000.0,-481118000.0,31353000.0,34271000.0,587469000.0,11678000.0,479242000.0,479242000.0,479242000.0,-24119000.0,0.0,0.159,480604000.0,713814000.0,756577000.0,0.417,4.184,12.579,12.715,345470000.0,0.0,18.31,2.0,2.0,517986000.0,2658586000.0,3014835000.0,3014835000.0,0.0,0.087,0.413,0.518,0.248,29369000.0,480604000.0,1.0,329233821.0,329233821.0,,9.157,4026439000.0,0.0,268291000.0,459175000.0,12.23,327545000.0
46,HRB,MRT,2009-12-31,2010-01-31,2010-01-31,2021-09-07,1086000.0,7410129000.0,5570743000.0,4724742000.0,2685387000.0,0.719,2.812,-87209000.0,1812990000.0,1812990000.0,2549712000.0,495317000.0,0.949,6.913,2810470000.0,1702670000.0,1107800000.0,2810470000.0,0.0,123631000.0,2220501000.0,0.028,0.6,842773000.0,966404000.0,0.241,966404000.0,842773000.0,842773000.0,1.49,1.49,1.49,936467000.0,1151034250.0,936467000.0,6878761506.0,8.0,7.118,711830000.0,2.138,1.0,1453479000.0,0.363,1215005000.0,0.0,2212702000.0,1489114250.0,0.0,641157000.0,0.0,641157000.0,6473662000.0,4979902000.0,1493760000.0,7220847506.0,458474000.0,60304000.0,-235657000.0,9364000.0,-202433000.0,-361276000.0,10375000.0,-3288000.0,799039000.0,10336000.0,495317000.0,495317000.0,495317000.0,9006000.0,0.0,0.124,611999000.0,841480000.0,756501000.0,0.403,7.711,14.578,14.443,362170000.0,0.0,21.52,1.804,1.79,2566830000.0,2162406000.0,4003191000.0,4003191000.0,0.0,0.089,0.43,0.566,0.211,26557000.0,611999000.0,1.0,335541241.0,332999000.0,,12.022,6195124000.0,0.0,347456000.0,118079000.0,18.604,-255160000.0
47,HRB,MRT,2009-09-30,2009-10-31,2009-10-31,2021-09-07,66000.0,4967359000.0,5543683750.0,2300986000.0,2666373000.0,0.733,3.194,-46574000.0,1478315000.0,1478315000.0,2588532000.0,492045000.0,0.966,3.638,1136229000.0,28667000.0,1107562000.0,1136229000.0,0.0,123631000.0,1493726000.0,0.033,0.6,830562000.0,954193000.0,0.235,954193000.0,830562000.0,830562000.0,1.48,1.48,1.48,1071097000.0,1126918750.0,1071097000.0,6235060241.0,8.0,6.534,857644000.0,2.557,1.0,1473253000.0,0.363,1234992000.0,0.0,1007414000.0,1814859000.0,0.0,671049000.0,0.0,671049000.0,3896262000.0,2382867000.0,1513395000.0,6149514241.0,738617000.0,-21771000.0,-87537000.0,-697625000.0,-202914000.0,-272463000.0,97641000.0,85504000.0,904218000.0,9221000.0,492045000.0,492045000.0,492045000.0,25505000.0,0.0,0.121,626152000.0,847101000.0,608149000.0,0.405,5.741,12.498,12.392,351288000.0,0.0,18.34,1.514,1.514,461485000.0,2308153000.0,4061785000.0,4061785000.0,0.0,0.089,0.437,0.458,0.204,26557000.0,626152000.0,1.0,335306120.0,335346000.0,,12.112,3732367000.0,0.0,338517000.0,169004000.0,11.13,-81881000.0
48,HRB,MRT,2009-06-30,2009-07-31,2009-07-31,2021-09-07,-2849000.0,4545762000.0,5658030750.0,1828146000.0,2717616000.0,0.722,3.559,-91992000.0,1052942000.0,1052942000.0,2616348000.0,484758000.0,1.003,2.818,1138488000.0,31093000.0,1107395000.0,1138488000.0,0.0,123631000.0,712008000.0,0.036,0.6,815364000.0,938995000.0,0.23,938995000.0,815364000.0,815364000.0,1.45,1.45,1.45,1190714000.0,1067310000.0,1190714000.0,5011389194.0,6.0,5.337,842793000.0,2.519,1.0,1470825000.0,0.36,1231640000.0,0.0,1576542000.0,2352545250.0,0.0,707712000.0,0.0,707712000.0,3355048000.0,1823126000.0,1531922000.0,5576804194.0,760840000.0,-21359000.0,85597000.0,-4000000.0,-202182000.0,-185858000.0,4850000.0,88957000.0,934785000.0,7063000.0,484758000.0,484758000.0,484758000.0,26103000.0,0.0,0.119,634503000.0,836322000.0,648470000.0,0.414,4.684,11.504,11.51,359408000.0,0.0,16.69,1.364,1.366,379177000.0,2437017000.0,4087173000.0,4087173000.0,0.0,0.086,0.454,0.347,0.199,26557000.0,634503000.0,1.0,334140455.0,334533000.0,,12.218,3314122000.0,0.0,330606000.0,330145000.0,9.907,5020000.0
49,HRB,MRT,2009-03-31,2009-04-30,2009-04-30,2021-09-07,-11639000.0,5359722000.0,5747460750.0,2571080000.0,2788642000.0,0.711,4.139,-97880000.0,1706319000.0,1706319000.0,2596218000.0,485673000.0,1.072,2.812,1140904000.0,33782000.0,1107122000.0,1140904000.0,0.0,123631000.0,854888000.0,0.039,0.592,811988000.0,935619000.0,0.229,935619000.0,811988000.0,811988000.0,1.45,1.45,1.45,1405859000.0,978812000.0,1405859000.0,6603616810.0,8.0,7.058,926559000.0,2.728,1.0,1487359000.0,0.364,1236228000.0,0.0,1159799000.0,2400736750.0,0.0,744899000.0,0.0,744899000.0,3953863000.0,2398280000.0,1555583000.0,5142550810.0,989766000.0,-19874000.0,106820000.0,-29000000.0,-198685000.0,-40233000.0,5560000.0,101312000.0,1024439000.0,0.0,485673000.0,485673000.0,485673000.0,27382000.0,0.0,0.119,648490000.0,838869000.0,705945000.0,0.408,3.658,10.589,10.441,368289000.0,0.0,15.14,1.259,1.259,512814000.0,2671437000.0,4083577000.0,4083577000.0,0.0,0.085,0.496,0.338,0.199,26557000.0,648490000.0,1.0,339666500.0,339666500.0,,12.022,4123494000.0,0.0,326315000.0,543967000.0,12.14,172800000.0
50,HRB,MRT,2008-12-31,2009-01-31,2009-01-31,2021-09-07,-16614000.0,7301892000.0,5813386500.0,4413089000.0,2888803000.0,0.715,2.49,-98241000.0,1345096000.0,1345096000.0,2611854000.0,322332000.0,1.102,7.693,2806162000.0,803515000.0,2002647000.0,2806162000.0,0.0,36804000.0,2115708000.0,0.028,0.585,636419000.0,673223000.0,0.162,673223000.0,636419000.0,636419000.0,1.0,1.0,1.0,840005000.0,874301750.0,840005000.0,8169651916.0,13.0,12.135,1077074000.0,3.193,1.0,1546086000.0,0.372,1242549000.0,0.0,3515681000.0,2618174500.0,0.0,781755000.0,0.0,781755000.0,6461887000.0,4004728000.0,2457159000.0,7026324916.0,-63733000.0,1019707000.0,212706000.0,-1850187000.0,-194148000.0,-2361244000.0,1122196000.0,179416000.0,1175315000.0,0.0,322332000.0,322332000.0,322332000.0,168874000.0,0.0,0.078,744731000.0,801355000.0,734755000.0,0.585,8.365,21.798,20.73,383704000.0,0.0,20.73,1.69,1.682,2642951000.0,2015650000.0,4157940000.0,4157940000.0,0.0,0.055,0.369,0.243,0.153,10242000.0,744731000.0,1.0,338944762.0,337338000.0,,12.326,6059343000.0,0.0,314087000.0,143791000.0,17.962,408361000.0
51,HRB,MRT,2008-09-30,2008-10-31,2008-10-31,2021-09-07,-11236000.0,5424747000.0,6881716250.0,2659549000.0,2765198000.0,0.59,2.525,-113940000.0,694440000.0,694440000.0,2576328000.0,227611000.0,1.089,5.515,1837767000.0,110257000.0,1727510000.0,1837767000.0,0.0,65285000.0,748469000.0,0.029,0.577,500115000.0,565400000.0,0.139,565400000.0,500115000.0,500115000.0,0.71,0.72,0.71,832662000.0,780283500.0,832662000.0,7035530209.0,14.0,12.443,418307000.0,1.268,1.0,1482970000.0,0.365,968836000.0,0.0,3158159000.0,3149417750.0,0.0,811732000.0,0.0,811732000.0,4592085000.0,2441079000.0,2151006000.0,6469910209.0,408925000.0,1028232000.0,207070000.0,-831999000.0,-189688000.0,-1199079000.0,1075757000.0,191599000.0,532247000.0,0.0,227611000.0,227611000.0,227611000.0,203855000.0,0.0,0.056,783237000.0,699733000.0,636050000.0,0.813,7.77,28.425,27.775,377687000.0,0.0,19.72,1.594,1.602,537751000.0,2019301000.0,4059298000.0,4059298000.0,0.0,0.033,0.292,0.159,0.123,24873000.0,783237000.0,1.0,328088753.0,329810000.0,,12.308,4455911000.0,0.0,272504000.0,100857000.0,13.511,218470000.0
52,HRB,MRT,2008-06-30,2008-07-31,2008-07-31,2021-09-07,833000.0,4903482000.0,7302222250.0,1801291000.0,3102191000.0,0.557,2.558,-101705000.0,577336000.0,577336000.0,2574655000.0,-138786000.0,0.706,4.86,1142956000.0,108839000.0,1034117000.0,1142956000.0,0.0,82439000.0,777080000.0,0.023,0.57,141120000.0,223559000.0,0.055,223559000.0,141120000.0,141120000.0,-0.43,-0.42,-0.43,836722000.0,708188000.0,836722000.0,8174290394.0,58.0,36.564,127478000.0,0.39,1.0,1489866000.0,0.367,1148740000.0,0.0,1769308000.0,3383159750.0,0.0,868603000.0,0.0,868603000.0,4066760000.0,2551054000.0,1515706000.0,7952096394.0,-87287000.0,1037937000.0,36017000.0,-1051861000.0,-186481000.0,-1491119000.0,1174649000.0,231279000.0,229183000.0,0.0,-138786000.0,-138786000.0,-138786000.0,568480000.0,0.0,-0.034,796479000.0,693387000.0,1258661000.0,-1.326,9.504,-57.298,-56.581,380804000.0,0.0,24.33,1.956,1.958,785083000.0,2204940000.0,4064521000.0,4064521000.0,0.0,-0.019,-0.196,0.042,0.035,32975000.0,796479000.0,1.0,326843255.0,327141000.0,,12.424,3754742000.0,0.0,279906000.0,263784000.0,11.477,-749763000.0
53,HRB,MRT,2008-03-31,2008-04-30,2008-04-30,2021-09-07,2486000.0,5623425000.0,7793369250.0,2614487000.0,3008938000.0,0.524,3.036,-101554000.0,671928000.0,671928000.0,2588193000.0,-308647000.0,0.84,4.693,1168070000.0,136286000.0,1031784000.0,1168070000.0,0.0,119514000.0,785624000.0,0.026,0.562,-19523000.0,99991000.0,0.024,99991000.0,-19523000.0,-19523000.0,-0.95,-0.95,-0.95,987818000.0,769348000.0,987818000.0,10016765623.0,-513.0,100.177,157206000.0,0.483,1.0,1498437000.0,0.367,978682000.0,0.0,2029550000.0,3548978000.0,0.0,966301000.0,0.0,966301000.0,4635607000.0,3111335000.0,1524272000.0,7115835623.0,-152020000.0,1020118000.0,16042000.0,-942706000.0,-183628000.0,-1558069000.0,1147289000.0,213987000.0,258760000.0,0.0,-308647000.0,-308647000.0,-308647000.0,754594000.0,0.0,-0.076,788898000.0,709539000.0,739887000.0,-0.592,7.204,-23.055,-23.021,363664000.0,0.0,21.87,1.741,1.741,534229000.0,2384449000.0,4086630000.0,4086630000.0,0.0,-0.04,-0.401,-0.006,-0.005,40373000.0,788898000.0,1.0,325369713.0,325369713.0,,12.56,4644743000.0,0.0,289124000.0,439380000.0,14.275,-496848000.0
54,HRB,MRT,2007-12-31,2008-01-31,2008-01-31,2021-09-07,-348000.0,11575211000.0,8273525500.0,8131347000.0,3443864000.0,0.444,1.427,-108361000.0,1736298000.0,1736298000.0,2392453000.0,-937773000.0,1.06,23.95,4637228000.0,1719817000.0,2917411000.0,4637228000.0,0.0,79367000.0,1958490000.0,0.029,0.555,-730009000.0,-650642000.0,-0.177,-650642000.0,-730009000.0,-693717000.0,-2.89,-2.87,-2.89,463932000.0,876018250.0,463932000.0,8285057642.0,-11.0,-12.734,-1266048000.0,-3.895,1.0,1280582000.0,0.349,1164884000.0,-36292000.0,5640654000.0,3543301750.0,0.0,1040854000.0,0.0,1040854000.0,11111279000.0,7670603000.0,3440676000.0,6253656642.0,387422000.0,-72461000.0,5905000.0,788440000.0,-180925000.0,1473431000.0,71678000.0,177060000.0,-1157687000.0,0.0,-937773000.0,-937773000.0,-937773000.0,1286459000.0,0.0,-0.255,705236000.0,575346000.0,1119614000.0,-0.192,13.48,-6.669,-6.657,391265000.0,0.0,19.24,1.703,1.703,3125384000.0,1887466000.0,3673035000.0,3673035000.0,0.0,-0.113,-1.07,-0.206,-0.199,38319000.0,705236000.0,1.0,325034129.0,325074000.0,,11.299,10410327000.0,0.0,244056000.0,78547000.0,32.024,460744000.0
55,HRB,MRT,2007-09-30,2007-10-31,2007-10-31,2021-09-07,1131000.0,7106771000.0,7719717250.0,3981033000.0,3125738000.0,0.481,1.676,-124220000.0,624091000.0,624091000.0,2389671000.0,-950667000.0,1.027,12.057,2655492000.0,511480000.0,2144012000.0,2655492000.0,0.0,89744000.0,886533000.0,0.025,0.547,-723982000.0,-634238000.0,-0.171,-634238000.0,-723982000.0,-699756000.0,-2.93,-2.91,-2.93,544280000.0,1142578750.0,544280000.0,8531944252.0,-12.0,-13.452,-448642000.0,-1.382,1.0,1319739000.0,0.356,1168894000.0,-24226000.0,4093127000.0,2998782750.0,0.0,1082301000.0,0.0,1082301000.0,6562491000.0,3876151000.0,2686340000.0,7076993252.0,14670000.0,-48843000.0,14920000.0,688571000.0,-178236000.0,1065486000.0,-726394000.0,-647781000.0,-324422000.0,0.0,-950667000.0,-950667000.0,-950667000.0,1314207000.0,0.0,-0.256,711884000.0,607855000.0,968860000.0,-0.187,13.002,-7.444,-7.44,383930000.0,0.0,21.8,1.908,1.908,901359000.0,1981378000.0,3709410000.0,3709410000.0,0.0,-0.123,-0.832,-0.241,-0.195,35252000.0,711884000.0,1.0,324632718.0,324694000.0,,11.424,5937877000.0,0.0,250911000.0,22647000.0,18.288,104882000.0
56,HRB,MRT,2007-06-30,2007-07-31,2007-07-31,2021-09-07,2528000.0,6868070000.0,7494747250.0,2888591000.0,3979479000.0,0.5,3.339,-138599000.0,725460000.0,725460000.0,2377406000.0,-604856000.0,0.613,5.351,2180411000.0,1660608000.0,519803000.0,2180411000.0,0.0,109927000.0,1039238000.0,0.027,0.54,-356812000.0,-246885000.0,-0.066,-246885000.0,-356812000.0,-344677000.0,-1.87,-1.85,-1.87,1081362000.0,1413666000.0,1081362000.0,7293678411.0,-20.0,-29.543,-554861000.0,-1.713,1.0,1371395000.0,0.366,1180077000.0,-12135000.0,2432581000.0,2515857750.0,0.0,1241281000.0,0.0,1241281000.0,5786708000.0,4710363000.0,1076345000.0,6451969411.0,118749000.0,-66875000.0,15423000.0,1065881000.0,-175418000.0,1528434000.0,-993423000.0,-853185000.0,-416262000.0,0.0,-604856000.0,-604856000.0,-604856000.0,982332000.0,0.0,-0.161,723578000.0,647817000.0,1014722000.0,-0.289,5.967,-10.667,-10.668,372235000.0,0.0,19.95,1.721,1.724,827870000.0,2530207000.0,3748801000.0,3748801000.0,0.0,-0.081,-0.428,-0.142,-0.095,36233000.0,723578000.0,1.0,323406988.0,323864000.0,,11.575,5687993000.0,0.0,260179000.0,113739000.0,17.563,-1821772000.0
57,HRB,MRT,2007-03-31,2007-04-30,2007-04-30,2021-09-07,-1320000.0,7544050000.0,7186796750.0,3454292000.0,4089758000.0,0.516,4.38,-158460000.0,1254484000.0,1254484000.0,2330494000.0,-433653000.0,0.662,4.333,2113520000.0,1576386000.0,537134000.0,2113520000.0,0.0,107479000.0,1129263000.0,0.023,0.53,-175852000.0,-68373000.0,-0.018,-68373000.0,-175852000.0,-175852000.0,-1.34,-1.33,-1.34,1414499000.0,1596217750.0,1414499000.0,9641116296.0,-55.0,-141.008,-715435000.0,-2.215,1.0,1379868000.0,0.372,1175332000.0,0.0,2006845000.0,2350940250.0,0.0,1358222000.0,0.0,1358222000.0,6129551000.0,5220909000.0,908642000.0,7301369296.0,275760000.0,-57554000.0,-163099000.0,1171082000.0,-171966000.0,1991111000.0,-1158376000.0,-1002673000.0,-556975000.0,0.0,-433653000.0,-433653000.0,-433653000.0,803113000.0,0.0,-0.117,728540000.0,651328000.0,1152561000.0,-0.396,5.162,-16.837,-16.873,379066000.0,0.0,22.61,1.968,1.968,966777000.0,2886440000.0,3710362000.0,3710362000.0,0.0,-0.06,-0.272,-0.075,-0.047,37014000.0,728540000.0,1.0,322926550.0,322926550.0,,11.49,6368718000.0,0.0,257801000.0,439472000.0,19.722,-1766617000.0
58,HRB,MRT,2006-12-31,2007-01-31,2007-01-31,2021-09-07,6975000.0,9359978000.0,6798068000.0,5507279000.0,3852699000.0,0.561,4.747,-186274000.0,1515190000.0,1515190000.0,2373123000.0,239449000.0,0.779,5.117,3854937000.0,3438754000.0,416183000.0,3854937000.0,0.0,147747000.0,1632875000.0,0.021,0.52,505525000.0,653272000.0,0.171,653272000.0,505525000.0,457205000.0,0.7,0.69,0.7,1530174000.0,1779542750.0,1530174000.0,9030698389.0,18.0,13.824,-637145000.0,-1.977,1.0,1437681000.0,0.377,1166888000.0,48320000.0,3462578000.0,2301488500.0,0.0,1069626000.0,0.0,1069626000.0,7829804000.0,7070259000.0,759545000.0,7928671389.0,-348164000.0,-81501000.0,-159397000.0,330473000.0,-169456000.0,1755627000.0,-1652920000.0,-1071010000.0,-450871000.0,0.0,239449000.0,239449000.0,239449000.0,93653000.0,0.0,0.063,861700000.0,575981000.0,1180559000.0,0.743,5.182,33.112,35.143,392706000.0,0.0,24.6,2.081,2.081,2801720000.0,3015880000.0,3810804000.0,3810804000.0,0.0,0.035,0.135,0.22,0.133,56041000.0,861700000.0,1.0,322303715.0,322350000.0,,11.822,8193090000.0,0.0,217756000.0,71079000.0,25.417,-1562980000.0
59,HRB,MRT,2006-09-30,2006-10-31,2006-10-31,2021-09-07,21593000.0,6206891000.0,6376158750.0,2768573000.0,3438318000.0,0.587,5.062,-196082000.0,859128000.0,859128000.0,2326227000.0,311814000.0,0.725,2.811,1961155000.0,1549450000.0,411705000.0,1961155000.0,0.0,130112000.0,595769000.0,0.023,0.51,563088000.0,693200000.0,0.185,693200000.0,563088000.0,514623000.0,0.93,0.91,0.93,1628629000.0,1793987500.0,1628629000.0,7412583134.0,13.0,10.693,-69052000.0,-0.215,1.0,1413651000.0,0.378,1331020000.0,48465000.0,2161427000.0,2240326500.0,0.0,1734112000.0,508350000.0,1225762000.0,4578262000.0,3816471000.0,761791000.0,7031985134.0,39198000.0,-31367000.0,-115006000.0,542254000.0,-166875000.0,840005000.0,-927837000.0,-370875000.0,127030000.0,0.0,311814000.0,311814000.0,311814000.0,-30904000.0,0.0,0.083,905133000.0,508518000.0,1351829000.0,0.548,4.318,22.552,23.505,467543000.0,0.0,21.86,1.88,1.881,826557000.0,3119997000.0,3739878000.0,3739878000.0,0.0,0.049,0.174,0.251,0.151,50315000.0,905133000.0,1.0,321682760.0,321742000.0,,11.624,4875871000.0,0.0,202809000.0,172834000.0,15.155,-1047898000.0
60,HRB,MRT,2006-06-30,2006-07-31,2006-07-31,2021-09-07,20255000.0,5636268000.0,6148424000.0,2388701000.0,3247567000.0,0.642,5.597,-197305000.0,735797000.0,735797000.0,2434328000.0,387025000.0,0.814,2.111,1116395000.0,704661000.0,411734000.0,1116395000.0,0.0,138863000.0,404030000.0,0.022,0.5,664335000.0,803198000.0,0.203,803198000.0,664335000.0,615576000.0,1.17,1.15,1.17,1811569000.0,1774961750.0,1811569000.0,7159915268.0,11.0,8.914,231293000.0,0.715,1.0,1514510000.0,0.384,1309374000.0,48759000.0,1772911000.0,2234820750.0,0.0,1410259000.0,322225000.0,1088034000.0,3824699000.0,2934581000.0,890118000.0,7323811268.0,-257143000.0,-215188000.0,-231475000.0,189356000.0,-163979000.0,177191000.0,-862932000.0,-157190000.0,428598000.0,0.0,387025000.0,387025000.0,387025000.0,-66367000.0,0.0,0.098,937863000.0,576647000.0,1420035000.0,0.427,4.043,18.923,19.444,452010000.0,0.0,22.75,1.855,1.865,808004000.0,3320197000.0,3948838000.0,3948838000.0,0.0,0.063,0.218,0.297,0.168,42662000.0,937863000.0,1.0,321925770.0,323671000.0,,12.2,4326894000.0,0.0,228551000.0,259509000.0,13.368,-545880000.0
61,HRB,MRT,2006-03-31,2006-04-30,2006-04-30,2021-09-07,21948000.0,5989135000.0,5993345500.0,2788436000.0,3200699000.0,0.596,6.54,-193277000.0,1059266000.0,1059266000.0,2155350000.0,490408000.0,0.964,1.788,924254000.0,506992000.0,417262000.0,924254000.0,0.0,148321000.0,0.0,0.021,0.485,752408000.0,900729000.0,0.252,900729000.0,752408000.0,703349000.0,1.49,1.47,1.49,2147799000.0,1771125000.0,2147799000.0,9133087353.0,12.0,10.14,400865000.0,1.221,1.0,1419403000.0,0.397,1151649000.0,49059000.0,1809038000.0,2225527500.0,0.0,0.0,0.0,0.0,3841336000.0,2893436000.0,947900000.0,7497733353.0,-397399000.0,-210142000.0,-161831000.0,0.0,-160031000.0,-303036000.0,-688505000.0,2002000.0,594142000.0,0.0,490408000.0,490408000.0,490408000.0,-192867000.0,0.0,0.137,882389000.0,537014000.0,1391332000.0,0.326,3.491,15.289,15.322,343706000.0,0.0,22.83,2.097,2.097,971873000.0,3492059000.0,3574753000.0,3574753000.0,0.0,0.082,0.277,0.338,0.21,47182000.0,882389000.0,1.0,328415828.0,328415828.0,,10.885,4837486000.0,0.0,212941000.0,505690000.0,14.73,-105000000.0
62,HRB,MRT,2005-12-31,2006-01-31,2006-01-31,2021-09-07,33641000.0,7672341000.0,5880575750.0,4832752000.0,2839589000.0,0.538,4.852,-139137000.0,1890893000.0,1890893000.0,2063154000.0,517800000.0,1.017,3.832,3526247000.0,2609321000.0,916926000.0,3526247000.0,0.0,133701000.0,0.0,0.019,0.47,685961000.0,819662000.0,0.259,819662000.0,685961000.0,635463000.0,1.56,1.53,1.56,1587953000.0,1721492250.0,1587953000.0,8590065445.0,13.0,10.48,245301000.0,0.749,1.0,1098764000.0,0.347,1339503000.0,50498000.0,3217930000.0,2116197250.0,0.0,717151000.0,0.0,717151000.0,6084388000.0,4750262000.0,1334126000.0,8014030445.0,879349000.0,-38697000.0,-154886000.0,1041402000.0,-155231000.0,753564000.0,-258653000.0,-100767000.0,384438000.0,0.0,517800000.0,517800000.0,517800000.0,-346522000.0,0.0,0.164,777855000.0,320909000.0,1634571000.0,0.301,5.047,15.477,15.679,415844000.0,0.0,24.46,2.535,2.532,2380375000.0,2945887000.0,3161918000.0,3161918000.0,0.0,0.088,0.301,0.324,0.217,56820000.0,777855000.0,1.0,327638203.0,327289000.0,,9.661,6332838000.0,0.0,117663000.0,214559000.0,19.349,82490000.0
63,HRB,MRT,2005-09-30,2005-10-31,2005-10-31,2021-09-07,44463000.0,5295952000.0,5497770750.0,2705919000.0,2590033000.0,0.607,4.762,-165078000.0,856970000.0,856970000.0,2105341000.0,599423000.0,1.129,2.411,1433005000.0,515121000.0,917884000.0,1433005000.0,0.0,159842000.0,0.0,0.018,0.455,842707000.0,1002549000.0,0.3,1002549000.0,842707000.0,791394000.0,1.8,1.77,1.8,1552526000.0,1686666500.0,1552526000.0,7970027808.0,9.0,7.95,311734000.0,0.956,1.0,1232560000.0,0.369,1335436000.0,51313000.0,2139404000.0,2021509250.0,0.0,672224000.0,114136000.0,558088000.0,3743426000.0,2397147000.0,1346279000.0,8070810808.0,-172977000.0,-122313000.0,-142155000.0,-93545000.0,-150372000.0,-401915000.0,-247874000.0,20974000.0,476812000.0,0.0,599423000.0,599423000.0,599423000.0,-304161000.0,0.0,0.18,728568000.0,503992000.0,1486725000.0,0.253,5.199,13.464,13.811,362041000.0,0.0,24.86,2.418,2.428,1270808000.0,2975058000.0,3337901000.0,3337901000.0,0.0,0.109,0.355,0.417,0.252,50982000.0,728568000.0,1.0,324650475.0,326047000.0,,10.237,3960516000.0,0.0,191971000.0,225245000.0,12.147,308772000.0
64,HRB,MRT,2005-06-30,2005-07-31,2005-07-31,2021-09-07,63731000.0,5015954000.0,5397997250.0,2590413000.0,2425541000.0,0.607,5.431,-155657000.0,1049782000.0,1049782000.0,1992746000.0,631870000.0,1.343,1.793,948999000.0,25854000.0,923145000.0,948999000.0,0.0,155113000.0,0.0,0.015,0.44,901714000.0,1056827000.0,0.323,1056827000.0,901714000.0,844705000.0,1.9,1.87,1.9,1796222000.0,1627201750.0,1796222000.0,8785164117.0,10.0,8.313,563557000.0,1.704,1.0,1282065000.0,0.391,1250874000.0,57009000.0,1735738000.0,1937541750.0,0.0,644539000.0,77085000.0,567454000.0,3219732000.0,1928559000.0,1291173000.0,9453668117.0,316305000.0,69878000.0,-170140000.0,14693000.0,-145889000.0,-319077000.0,-83832000.0,-15218000.0,719214000.0,0.0,631870000.0,631870000.0,631870000.0,-304161000.0,0.0,0.193,717733000.0,564332000.0,1368930000.0,0.232,5.263,14.961,14.989,328684000.0,0.0,28.48,2.887,2.876,989715000.0,3097151000.0,3274811000.0,3274811000.0,0.0,0.117,0.388,0.465,0.275,49552000.0,717733000.0,1.0,331940594.0,330714000.0,,9.902,3765080000.0,0.0,212835000.0,372114000.0,11.385,661854000.0
65,HRB,MRT,2005-03-31,2005-04-30,2005-04-30,2021-09-07,68718000.0,5538056000.0,5297699250.0,3070634000.0,2467422000.0,0.594,5.898,-148041000.0,1617122000.0,1617122000.0,1891071000.0,623910000.0,1.374,1.841,948618000.0,25545000.0,923073000.0,948618000.0,0.0,149936000.0,0.0,0.017,0.43,894141000.0,1044077000.0,0.332,1044077000.0,894141000.0,831774000.0,1.88,1.85,1.88,1949268000.0,1556922750.0,1949268000.0,9602925900.0,11.0,9.198,366356000.0,1.108,1.0,1255298000.0,0.399,1263039000.0,62367000.0,1371717000.0,1826358000.0,0.0,664999000.0,77082000.0,587917000.0,3588788000.0,2234796000.0,1353992000.0,8231403900.0,28072000.0,72524000.0,-400698000.0,119557000.0,-142988000.0,-427915000.0,-58410000.0,-423000.0,514397000.0,0.0,623910000.0,623910000.0,623910000.0,-304161000.0,0.0,0.198,693147000.0,562151000.0,1515433000.0,0.229,4.223,13.193,13.247,330150000.0,0.0,24.905,2.616,2.616,931932000.0,3161682000.0,3146369000.0,3146369000.0,0.0,0.118,0.401,0.49,0.284,36853000.0,693147000.0,1.0,330512102.0,330512102.0,,9.52,4275017000.0,0.0,207864000.0,375174000.0,12.935,835838000.0
66,HRB,MRT,2004-12-31,2005-01-31,2005-01-31,2021-09-07,97625000.0,6141121000.0,5221642000.0,3621186000.0,2519935000.0,0.821,4.403,-185880000.0,1111464000.0,1111464000.0,2617050000.0,580811000.0,1.064,3.239,2482986000.0,1554457000.0,928529000.0,2482986000.0,0.0,126931000.0,0.0,0.017,0.42,1021213000.0,1148144000.0,0.268,1148144000.0,1021213000.0,965552000.0,1.635,1.605,1.635,1448650000.0,1520770500.0,1448650000.0,8410327126.0,8.0,7.325,103790000.0,0.315,1.0,1668484000.0,0.389,1271110000.0,55661000.0,2839178000.0,1642579250.0,0.0,532927000.0,0.0,532927000.0,4692471000.0,3402355000.0,1290116000.0,7957538126.0,-132439000.0,-26933000.0,-549779000.0,254743000.0,-141281000.0,-438103000.0,15994000.0,223320000.0,289670000.0,0.0,580811000.0,580811000.0,580811000.0,0.0,0.0,0.136,675900000.0,992584000.0,1538851000.0,0.257,5.493,13.701,14.774,327385000.0,0.0,24.155,1.857,1.855,2084322000.0,2670356000.0,4285534000.0,4285534000.0,0.0,0.111,0.382,0.622,0.238,25718000.0,675900000.0,1.0,329436478.0,329039000.0,,13.024,4870011000.0,0.0,384741000.0,78796000.0,14.801,218831000.0
67,HRB,MRT,2004-09-30,2004-10-31,2004-10-31,2021-09-07,99589000.0,4896858000.0,5133408500.0,2483040000.0,2413818000.0,0.821,3.991,-140833000.0,1072594000.0,1072594000.0,2429842000.0,593801000.0,1.088,2.725,1525383000.0,593602000.0,931781000.0,1525383000.0,0.0,148081000.0,0.0,0.017,0.41,1052390000.0,1200471000.0,0.285,1200471000.0,1052390000.0,988394000.0,1.655,1.62,1.655,1314667000.0,1527749500.0,1314667000.0,7940480153.0,8.0,6.614,507706000.0,1.541,1.0,1782286000.0,0.423,1264399000.0,63996000.0,1803534000.0,1433929500.0,0.0,504189000.0,0.0,504189000.0,3582191000.0,2281714000.0,1300477000.0,7840332153.0,266801000.0,-163000000.0,-756535000.0,522644000.0,-140307000.0,-365284000.0,-16454000.0,255600000.0,648539000.0,0.0,593801000.0,593801000.0,593801000.0,0.0,0.0,0.141,740409000.0,1041877000.0,1484079000.0,0.248,5.964,13.204,14.366,275688000.0,0.0,23.775,1.861,1.859,978111000.0,2615089000.0,4212128000.0,4212128000.0,0.0,0.116,0.389,0.734,0.25,25718000.0,740409000.0,1.0,329772120.0,329372000.0,,12.788,3632459000.0,0.0,394593000.0,88784000.0,11.028,201326000.0
68,HRB,MRT,2004-06-30,2004-07-31,2004-07-31,2021-09-07,81466000.0,4614762000.0,5024538000.0,2205221000.0,2409541000.0,0.844,4.492,-133791000.0,826882000.0,826882000.0,2292435000.0,652979000.0,1.025,2.046,927030000.0,380834000.0,546196000.0,927030000.0,0.0,164418000.0,0.0,0.016,0.4,1151160000.0,1315578000.0,0.31,1315578000.0,1151160000.0,1085346000.0,1.835,1.8,1.835,1515106000.0,1583057000.0,1515106000.0,7472605587.0,6.0,5.68,311204000.0,0.923,1.0,1946612000.0,0.459,1272781000.0,65814000.0,1291003000.0,1380094250.0,0.0,493545000.0,0.0,493545000.0,3099656000.0,2151126000.0,948530000.0,8268229587.0,-395519000.0,-272545000.0,-651293000.0,45861000.0,-139671000.0,-725804000.0,-114710000.0,262297000.0,444995000.0,0.0,652979000.0,652979000.0,652979000.0,0.0,0.0,0.154,805619000.0,1140993000.0,1423546000.0,0.218,5.457,12.662,13.387,272111000.0,0.0,24.565,1.95,1.954,987414000.0,2703649000.0,4239047000.0,4239047000.0,0.0,0.13,0.412,0.834,0.272,25718000.0,805619000.0,1.0,336585776.0,337270000.0,,12.569,3341981000.0,0.0,432367000.0,238232000.0,9.909,54095000.0
69,HRB,MRT,2004-03-31,2004-04-30,2004-04-30,2021-09-07,66211000.0,5233827000.0,4972146250.0,2953492000.0,2280335000.0,0.854,5.157,-123826000.0,1618173000.0,1618173000.0,2177384000.0,694093000.0,1.175,1.9,821480000.0,275669000.0,545811000.0,821480000.0,0.0,179131000.0,0.0,0.017,0.39,1227834000.0,1406965000.0,0.331,1406965000.0,1227834000.0,1156616000.0,1.96,1.92,1.96,1804659000.0,1605193250.0,1804659000.0,8855191758.0,7.0,6.294,728637000.0,2.082,1.0,2070496000.0,0.487,1286944000.0,71218000.0,636602000.0,1378088000.0,0.0,478612000.0,0.0,478612000.0,3429168000.0,2513588000.0,915580000.0,7892930758.0,159452000.0,-280865000.0,-399906000.0,-59003000.0,-138397000.0,-565625000.0,-127386000.0,250973000.0,852463000.0,0.0,694093000.0,694093000.0,694093000.0,0.0,0.0,0.163,846157000.0,1224339000.0,1527433000.0,0.199,4.374,11.372,11.508,273303000.0,0.0,22.555,1.858,1.858,954295000.0,2680760000.0,4247880000.0,4247880000.0,0.0,0.14,0.432,0.891,0.289,25718000.0,846157000.0,1.0,349941510.0,349941510.0,,12.139,3946883000.0,0.0,462523000.0,430119000.0,11.279,439904000.0
70,HRB,MRT,2003-12-31,2004-01-31,2004-01-31,2021-09-07,56591000.0,5788187000.0,4855516500.0,3698170000.0,2090017000.0,0.803,4.141,-134255000.0,1277921000.0,1277921000.0,1887185000.0,514455000.0,1.07,2.92,2240182000.0,1688776000.0,551406000.0,2240182000.0,0.0,248019000.0,0.0,0.013,0.38,987896000.0,1235915000.0,0.317,1235915000.0,987896000.0,916505000.0,1.435,1.41,1.435,1476566000.0,1569955750.0,1476566000.0,10452921571.0,11.0,8.458,-79411000.0,-0.223,1.0,2009852000.0,0.516,1289278000.0,71391000.0,2004579000.0,1563541750.0,0.0,410327000.0,70280000.0,340047000.0,4311621000.0,3456591000.0,855030000.0,10327661571.0,235043000.0,-282449000.0,-246537000.0,768192000.0,-135791000.0,383368000.0,-203169000.0,151584000.0,54844000.0,0.0,514455000.0,514455000.0,514455000.0,0.0,0.0,0.132,1026458000.0,983394000.0,1524353000.0,0.265,6.994,20.075,20.185,284148000.0,0.0,28.965,2.65,2.65,1738408000.0,2240592000.0,3897037000.0,3897037000.0,0.0,0.106,0.328,0.632,0.253,39383000.0,1042945000.0,1.0,356556588.0,356556588.0,,10.93,4498909000.0,0.0,402050000.0,73419000.0,12.618,241579000.0
71,HRB,MRT,2003-09-30,2003-10-31,2003-10-31,2021-09-07,62628000.0,4461376000.0,4470778750.0,2396504000.0,2064872000.0,0.871,4.308,-135294000.0,832493000.0,832493000.0,1872401000.0,540042000.0,1.318,1.905,957753000.0,150015000.0,807738000.0,957753000.0,0.0,235361000.0,0.0,0.016,0.37,1038166000.0,1273527000.0,0.327,1273527000.0,1038166000.0,963319000.0,1.505,1.48,1.505,1535897000.0,1492686750.0,1535897000.0,8069700329.0,8.0,6.336,440919000.0,1.237,1.0,2020219000.0,0.519,1180241000.0,74847000.0,1588193000.0,1470748000.0,0.0,429564000.0,0.0,429564000.0,2925479000.0,1818202000.0,1107277000.0,8394956329.0,1287000.0,-128348000.0,-91305000.0,-361457000.0,-132511000.0,-588142000.0,13216000.0,247459000.0,576213000.0,0.0,540042000.0,540042000.0,540042000.0,0.0,0.0,0.139,987581000.0,1032638000.0,1454371000.0,0.246,5.466,15.545,15.645,283556000.0,0.0,23.545,2.157,2.157,925515000.0,2169317000.0,3892620000.0,3892620000.0,0.0,0.121,0.362,0.706,0.267,39383000.0,961398000.0,1.0,356549430.0,356549430.0,,10.917,3281135000.0,0.0,423277000.0,130614000.0,9.202,578302000.0
72,HRB,MRT,2003-06-30,2003-07-31,2003-07-31,2021-09-07,62713000.0,4405195000.0,4350190750.0,2523555000.0,1881640000.0,0.872,4.463,-145124000.0,1202979000.0,1202979000.0,1890201000.0,492319000.0,1.448,1.747,877723000.0,55218000.0,822505000.0,877723000.0,0.0,224758000.0,0.0,0.017,0.36,961586000.0,1186344000.0,0.313,1186344000.0,961586000.0,883940000.0,1.37,1.345,1.37,1603651000.0,1384201750.0,1603651000.0,7179539984.0,7.0,6.052,618062000.0,1.72,1.0,1904943000.0,0.502,1054366000.0,77646000.0,1282978000.0,1486816750.0,0.0,396910000.0,0.0,396910000.0,2801544000.0,1742595000.0,1058949000.0,7615154984.0,297559000.0,-35459000.0,-250984000.0,-213961000.0,-129256000.0,-583806000.0,118179000.0,271127000.0,763186000.0,0.0,492319000.0,492319000.0,492319000.0,0.0,0.0,0.13,948164000.0,956779000.0,1380065000.0,0.263,4.749,15.468,15.471,274539000.0,0.0,21.195,2.007,2.007,848489000.0,2200088000.0,3795144000.0,3795144000.0,0.0,0.113,0.356,0.647,0.253,39383000.0,879486000.0,1.0,359290162.0,359290162.0,,10.563,3350829000.0,0.0,391621000.0,232443000.0,9.326,780960000.0
73,HRB,MRT,2003-03-31,2003-04-30,2003-04-30,2021-09-07,36862000.0,4767308000.0,4230322500.0,2625231000.0,2142077000.0,0.882,4.644,-148706000.0,1313595000.0,1313595000.0,1926686000.0,477615000.0,1.384,1.865,877980000.0,55678000.0,822302000.0,877980000.0,0.0,216199000.0,0.0,0.018,0.35,932287000.0,1148486000.0,0.308,1148486000.0,932287000.0,855564000.0,1.33,1.3,1.33,1663709000.0,1319804500.0,1663709000.0,7530723146.0,8.0,6.557,541029000.0,1.51,1.0,1804440000.0,0.484,1056080000.0,76723000.0,1378417000.0,1594166250.0,0.0,485732000.0,0.0,485732000.0,3103599000.0,1897196000.0,1206403000.0,6917290146.0,440080000.0,-26408000.0,-191245000.0,-57469000.0,-125898000.0,-377184000.0,127529000.0,282748000.0,689735000.0,0.0,477615000.0,477615000.0,477615000.0,0.0,0.0,0.128,883115000.0,921325000.0,1331627000.0,0.263,4.158,14.483,14.519,288594000.0,0.0,19.31,1.854,1.854,920234000.0,2221868000.0,3731126000.0,3731126000.0,0.0,0.113,0.362,0.585,0.25,39383000.0,760864000.0,1.0,358223208.0,358223208.0,,10.416,3711228000.0,0.0,377949000.0,299262000.0,10.36,728035000.0
74,HRB,MRT,2002-12-31,2003-01-31,2003-01-31,2021-09-07,22718000.0,4249236000.0,4096193250.0,2362235000.0,1887001000.0,0.906,3.267,-136061000.0,855639000.0,855639000.0,1726705000.0,549006000.0,1.097,2.64,1469072000.0,640172000.0,828900000.0,1469072000.0,0.0,230192000.0,0.0,0.018,0.34,1026243000.0,1256435000.0,0.339,1256435000.0,1026243000.0,910664000.0,1.51,1.47,1.51,1167490000.0,1246232250.0,1167490000.0,7463327737.0,7.0,5.94,1159484000.0,3.245,1.0,1983762000.0,0.535,1076525000.0,115579000.0,1633404000.0,1645530250.0,0.0,309182000.0,18365000.0,290817000.0,3081746000.0,2152740000.0,929006000.0,6769310737.0,-101390000.0,-26580000.0,-307112000.0,-1105251000.0,-123021000.0,-1537955000.0,141020000.0,292899000.0,1295545000.0,0.0,549006000.0,549006000.0,549006000.0,0.0,0.0,0.148,960314000.0,1023448000.0,1262906000.0,0.225,5.798,12.33,12.546,294222000.0,0.0,18.945,1.824,1.824,1011446000.0,1759479000.0,3710467000.0,3710467000.0,0.0,0.134,0.441,0.624,0.277,2805000.0,843451000.0,1.0,357313842.0,357313842.0,,10.384,3172711000.0,0.0,361658000.0,70117000.0,8.879,209495000.0
75,HRB,MRT,2002-09-30,2002-10-31,2002-10-31,2021-09-07,79099000.0,3979024000.0,4300501250.0,1979779000.0,1999245000.0,0.811,3.08,-135054000.0,670022000.0,670022000.0,1681178000.0,446309000.0,1.021,2.611,1364039000.0,534436000.0,829603000.0,1364039000.0,0.0,212503000.0,0.0,0.015,0.33,855095000.0,1067598000.0,0.306,1067598000.0,855095000.0,737504000.0,1.22,1.185,1.22,1101957000.0,1195712750.0,1101957000.0,8484701592.0,10.0,7.947,370796000.0,1.036,1.0,1804408000.0,0.518,1081718000.0,117591000.0,1652468000.0,1924873000.0,0.0,423943000.0,21713000.0,402230000.0,2877067000.0,1938855000.0,938212000.0,8018966592.0,-327846000.0,-44667000.0,-279059000.0,-451494000.0,-119905000.0,-852248000.0,18552000.0,168938000.0,505850000.0,0.0,446309000.0,446309000.0,446309000.0,0.0,0.0,0.128,950294000.0,854114000.0,1198426000.0,0.27,7.277,17.967,18.189,293172000.0,0.0,22.19,2.301,2.278,924956000.0,1659337000.0,3485586000.0,3485586000.0,0.0,0.104,0.373,0.444,0.245,16004000.0,800935000.0,1.0,361377494.0,357760000.0,,9.743,2897306000.0,0.0,291195000.0,78729000.0,8.098,40924000.0
76,HRB,MRT,2002-06-30,2002-07-31,2002-07-31,2021-09-07,77360000.0,3925722000.0,4355653000.0,1938152000.0,1987570000.0,0.778,3.714,-114330000.0,620252000.0,620252000.0,1642888000.0,455645000.0,1.21,1.916,1085987000.0,217285000.0,868702000.0,1085987000.0,0.0,199739000.0,0.0,0.013,0.32,870765000.0,1070504000.0,0.316,1070504000.0,870765000.0,752672000.0,1.25,1.215,1.25,1346062000.0,1148661500.0,1346062000.0,9092392151.0,10.0,8.494,706404000.0,1.949,1.0,1745198000.0,0.515,1077366000.0,118093000.0,1712376000.0,2002948250.0,0.0,440160000.0,24507000.0,415653000.0,2579660000.0,1601715000.0,977945000.0,8752667151.0,142238000.0,-44729000.0,-250931000.0,-265668000.0,-117069000.0,-634349000.0,-44147000.0,107296000.0,820734000.0,0.0,455645000.0,455645000.0,455645000.0,0.0,0.0,0.134,876055000.0,869143000.0,1102469000.0,0.256,6.502,19.209,19.312,277865000.0,0.0,24.14,2.583,2.582,990591000.0,1729154000.0,3388086000.0,3388086000.0,0.0,0.105,0.397,0.435,0.257,57809000.0,722014000.0,1.0,362579418.0,362418000.0,,9.349,2848356000.0,0.0,297027000.0,167868000.0,7.859,336437000.0
77,HRB,MRT,2002-03-31,2002-04-30,2002-04-30,2021-09-07,44128000.0,4230791000.0,4382932250.0,2245143000.0,1985648000.0,0.75,3.731,-111775000.0,588318000.0,588318000.0,1603546000.0,434405000.0,1.194,2.089,928043000.0,59656000.0,868387000.0,928043000.0,0.0,189276000.0,0.0,0.016,0.315,832981000.0,1022257000.0,0.311,1022257000.0,832981000.0,716840000.0,1.19,1.155,1.19,1369420000.0,1080581500.0,1369420000.0,9288604263.0,11.0,9.086,629671000.0,1.716,1.0,1682155000.0,0.512,1106941000.0,116141000.0,1583873000.0,2084702500.0,0.0,490894000.0,28370000.0,462524000.0,2861371000.0,1879702000.0,981669000.0,7362161263.0,248529000.0,-46738000.0,-267705000.0,-50594000.0,-115725000.0,-433884000.0,-59033000.0,91252000.0,741446000.0,0.0,434405000.0,434405000.0,434405000.0,0.0,0.0,0.132,850586000.0,831569000.0,1313823000.0,0.265,5.376,16.948,16.857,286500000.0,0.0,20.06,2.241,2.241,1212883000.0,1767702000.0,3285701000.0,3285701000.0,0.0,0.099,0.402,0.4,0.254,57809000.0,695200000.0,1.0,367007042.0,367007042.0,,8.953,3123850000.0,0.0,282435000.0,252822000.0,8.512,365441000.0
78,HRB,MRT,2001-12-31,2002-01-31,2002-01-31,2021-09-07,-25184000.0,5066468000.0,4353660750.0,3143670000.0,1922798000.0,0.717,2.642,-108391000.0,640225000.0,640225000.0,1562631000.0,348924000.0,1.006,4.248,2566668000.0,1692024000.0,874644000.0,2566668000.0,0.0,181860000.0,0.0,0.013,0.31,714691000.0,896551000.0,0.287,896551000.0,714691000.0,597008000.0,0.95,0.945,0.95,965412000.0,1031661750.0,965412000.0,9634401365.0,13.0,10.746,194949000.0,0.534,1.0,1557531000.0,0.499,1116675000.0,117683000.0,2750775000.0,2121814250.0,0.0,302868000.0,21733000.0,281135000.0,4101056000.0,3125461000.0,975595000.0,8451673365.0,185682000.0,-52255000.0,-148858000.0,-38553000.0,-114290000.0,-300072000.0,182414000.0,397632000.0,303340000.0,0.0,348924000.0,348924000.0,348924000.0,0.0,0.0,0.112,850048000.0,707483000.0,1213338000.0,0.326,8.754,24.222,24.347,287812000.0,0.0,23.13,2.709,2.709,2152437000.0,1333494000.0,3120162000.0,3120162000.0,0.0,0.08,0.338,0.337,0.229,57239000.0,659617000.0,1.0,365398762.0,365398762.0,,8.539,3949793000.0,0.0,248084000.0,48100000.0,10.81,18209000.0
79,HRB,MRT,2001-09-30,2001-10-31,2001-10-31,2021-09-07,-20890000.0,4199631000.0,4472674500.0,2300477000.0,1899154000.0,0.68,2.506,-102314000.0,599002000.0,599002000.0,1537721000.0,323768000.0,0.981,3.596,1781730000.0,932447000.0,849283000.0,1781730000.0,0.0,196541000.0,0.0,0.018,0.305,713928000.0,910469000.0,0.299,910469000.0,713928000.0,555026000.0,0.88,0.875,0.88,913752000.0,996381250.0,913752000.0,7297050418.0,10.0,8.015,411387000.0,1.128,1.0,1504909000.0,0.495,1073734000.0,158902000.0,1964769000.0,2156650750.0,0.0,338318000.0,37591000.0,300727000.0,3285879000.0,2343856000.0,942023000.0,6252588418.0,374265000.0,-33952000.0,-189819000.0,-84924000.0,-111904000.0,-384470000.0,245034000.0,385875000.0,513701000.0,0.0,323768000.0,323768000.0,323768000.0,0.0,0.0,0.106,800520000.0,704389000.0,1156871000.0,0.347,6.843,19.312,19.364,276007000.0,0.0,17.04,2.055,2.042,1248470000.0,1332933000.0,3042630000.0,3042630000.0,0.0,0.072,0.325,0.331,0.235,44040000.0,603213000.0,1.0,366935940.0,364576000.0,,8.346,3125897000.0,0.0,231258000.0,144561000.0,8.574,-43379000.0
80,HRB,MRT,2001-06-30,2001-07-31,2001-07-31,2021-09-07,-43654000.0,4034839000.0,4749891750.0,2214338000.0,1820501000.0,0.633,2.92,-94651000.0,251850000.0,251850000.0,1504419000.0,302124000.0,1.109,2.758,1296312000.0,425763000.0,870549000.0,1296312000.0,0.0,210897000.0,0.0,0.017,0.3,715422000.0,926319000.0,0.308,926319000.0,715422000.0,515747000.0,0.82,0.815,0.82,1073742000.0,976575250.0,1073742000.0,7221541886.0,10.0,7.796,186731000.0,0.508,1.0,1501789000.0,0.5,1043333000.0,199675000.0,2039393000.0,2228394500.0,0.0,428104000.0,177852000.0,250252000.0,2961097000.0,1996575000.0,964522000.0,6570617886.0,49219000.0,-22191000.0,-31137000.0,-334625000.0,-109729000.0,-474525000.0,242362000.0,385093000.0,281382000.0,0.0,302124000.0,302124000.0,302124000.0,0.0,0.0,0.101,797373000.0,704416000.0,1256011000.0,0.366,6.119,21.748,21.759,278601000.0,0.0,17.843,2.186,2.182,1540170000.0,1390578000.0,3006208000.0,3006208000.0,0.0,0.064,0.309,0.321,0.238,2235000.0,589825000.0,1.0,368256572.0,367718000.0,,8.175,2991506000.0,0.0,213623000.0,215929000.0,8.135,217763000.0
81,HRB,MRT,2001-03-31,2001-04-30,2001-04-30,2021-09-07,-42767000.0,4113705000.0,5085107250.0,2263287000.0,1850418000.0,0.586,3.211,-92411000.0,271813000.0,271813000.0,1475475000.0,281162000.0,1.143,2.505,922737000.0,51763000.0,870974000.0,922737000.0,0.0,223755000.0,0.0,0.021,0.294,720043000.0,943798000.0,0.317,943798000.0,720043000.0,477492000.0,0.765,0.76,0.765,1173741000.0,941151750.0,1173741000.0,7191300185.0,10.0,7.62,155940000.0,0.427,1.0,1505862000.0,0.505,1051826000.0,242551000.0,1732320000.0,2264410500.0,0.0,324583000.0,54424000.0,270159000.0,2939964000.0,1980483000.0,959481000.0,5025744185.0,-159102000.0,-21143000.0,-203345000.0,-352540000.0,-108374000.0,-662210000.0,254757000.0,367080000.0,248351000.0,0.0,281162000.0,281162000.0,281162000.0,0.0,0.0,0.094,798245000.0,707617000.0,1411291000.0,0.384,4.282,17.875,17.974,288847000.0,0.0,13.75,1.686,1.686,1676108000.0,1449022000.0,2981337000.0,2981337000.0,0.0,0.055,0.299,0.318,0.242,2235000.0,592637000.0,1.0,365508668.0,365508668.0,,8.157,3061879000.0,0.0,196330000.0,295599000.0,8.377,282804000.0
82,HRB,MRT,2000-12-31,2001-01-31,2001-01-31,2021-09-07,-24476000.0,5542523000.0,5484898250.0,3599830000.0,1942693000.0,0.525,2.258,-132261000.0,380918000.0,380918000.0,1445089000.0,243840000.0,0.96,5.724,2546474000.0,1677225000.0,869249000.0,2546474000.0,0.0,216938000.0,0.0,0.026,0.287,547994000.0,764932000.0,0.266,764932000.0,547994000.0,389186000.0,0.603,0.598,0.603,824290000.0,952363750.0,824290000.0,5507526442.0,10.0,7.2,197766000.0,0.542,1.0,1434167000.0,0.498,1069302000.0,158808000.0,2890121000.0,2313354750.0,0.0,278394000.0,50978000.0,227416000.0,4718233000.0,3748656000.0,969577000.0,3957132442.0,76886000.0,-24569000.0,-241119000.0,-41428000.0,-107102000.0,-418785000.0,165644000.0,263572000.0,330027000.0,0.0,243840000.0,243840000.0,243840000.0,0.0,0.0,0.085,897833000.0,536334000.0,1921542000.0,0.476,4.801,16.228,17.973,245059000.0,0.0,10.838,1.374,1.374,2985785000.0,1101135000.0,2879256000.0,2879256000.0,0.0,0.044,0.256,0.237,0.19,3736000.0,505437000.0,1.0,365133328.0,365133328.0,,7.885,4473221000.0,0.0,145346000.0,8145000.0,12.251,-148826000.0
83,HRB,MRT,2000-09-30,2000-10-31,2000-10-31,2021-09-07,-34029000.0,5308500000.0,5579610000.0,3434177000.0,1874323000.0,0.49,2.283,-148268000.0,247679000.0,247679000.0,1370753000.0,232305000.0,0.971,5.361,1798073000.0,958000000.0,840073000.0,1798073000.0,0.0,200629000.0,0.0,0.031,0.281,508902000.0,709531000.0,0.259,709531000.0,508902000.0,367871000.0,0.575,0.57,0.575,834528000.0,977609500.0,834528000.0,4627394681.0,9.0,6.522,295976000.0,0.81,1.0,1365010000.0,0.499,1070051000.0,141031000.0,2251744000.0,2216647250.0,0.0,279636000.0,55082000.0,224554000.0,4473972000.0,3537099000.0,936873000.0,3266523681.0,46314000.0,-838284000.0,-230499000.0,719103000.0,-107680000.0,351166000.0,-749096000.0,252349000.0,444244000.0,0.0,232305000.0,232305000.0,232305000.0,0.0,0.0,0.085,866235000.0,498775000.0,2465726000.0,0.489,3.914,14.061,15.517,248407000.0,0.0,8.922,1.194,1.192,2994863000.0,1122159000.0,2735763000.0,2735763000.0,0.0,0.042,0.238,0.23,0.186,3736000.0,503405000.0,1.0,366099600.0,365612000.0,,7.483,4238449000.0,0.0,135566000.0,37112000.0,11.593,-102922000.0
84,HRB,MRT,2000-06-30,2000-07-31,2000-07-31,2021-09-07,-23342000.0,5375701000.0,4820863750.0,3511665000.0,1864036000.0,0.541,2.498,-154607000.0,219718000.0,219718000.0,1307485000.0,237223000.0,1.009,4.768,1580589000.0,710658000.0,869931000.0,1580589000.0,0.0,176275000.0,0.0,0.034,0.275,482472000.0,658747000.0,0.253,658747000.0,482472000.0,382070000.0,0.595,0.59,0.595,932048000.0,1006142000.0,932048000.0,3872136112.0,8.0,5.878,372844000.0,0.999,1.0,1300750000.0,0.499,1071053000.0,100402000.0,2183457000.0,2056856500.0,0.0,291830000.0,64436000.0,227394000.0,4443653000.0,3482062000.0,961591000.0,3027866112.0,-314132000.0,-971329000.0,-237030000.0,371485000.0,-107349000.0,-1507000.0,-840076000.0,251885000.0,527451000.0,0.0,237223000.0,237223000.0,237223000.0,0.0,0.0,0.091,828491000.0,472259000.0,2592012000.0,0.462,3.249,12.764,13.445,253109000.0,0.0,8.0,1.161,1.144,3080982000.0,1199273000.0,2608235000.0,2608235000.0,0.0,0.049,0.236,0.235,0.185,3736000.0,492815000.0,1.0,378483264.0,373044000.0,,6.992,4304648000.0,0.0,144847000.0,112482000.0,11.539,29603000.0
85,HRB,MRT,2000-03-31,2000-04-30,2000-04-30,2021-09-07,-26241000.0,5712869000.0,4057568000.0,3880112000.0,1832757000.0,0.598,3.097,-145753000.0,379901000.0,379901000.0,1216707000.0,251895000.0,1.098,3.688,1224171000.0,351775000.0,872396000.0,1224171000.0,0.0,147218000.0,0.0,0.026,0.269,460944000.0,608162000.0,0.251,608162000.0,460944000.0,412266000.0,0.64,0.635,0.64,1218589000.0,1024751000.0,1218589000.0,6376292469.0,14.0,10.485,307234000.0,0.781,1.0,1208978000.0,0.498,1095074000.0,48678000.0,1928097000.0,1861637250.0,0.0,301666000.0,62369000.0,239297000.0,4494280000.0,3533968000.0,960312000.0,4113353469.0,153478000.0,-971802000.0,-17432000.0,702928000.0,-105480000.0,550430000.0,-849939000.0,265816000.0,452987000.0,0.0,251895000.0,251895000.0,251895000.0,0.0,0.0,0.104,758212000.0,450766000.0,2792562000.0,0.42,3.376,16.33,16.332,299499000.0,0.0,10.453,1.696,1.696,3292101000.0,1277324000.0,2425685000.0,2425685000.0,0.0,0.062,0.246,0.248,0.19,3736000.0,452926000.0,1.0,393528196.0,393528196.0,,6.164,4617795000.0,0.0,160371000.0,216298000.0,11.734,346144000.0
86,HRB,MRT,1999-12-31,2000-01-31,2000-01-31,2021-09-07,-17229000.0,5921370000.0,3106894750.0,4078535000.0,1842835000.0,0.657,2.352,-109336000.0,248490000.0,248490000.0,1028314000.0,208488000.0,0.9,5.4,2511429000.0,2155146000.0,356283000.0,2511429000.0,0.0,109075000.0,0.0,0.024,0.263,435253000.0,544328000.0,0.267,544328000.0,435253000.0,334715000.0,0.515,0.51,0.515,925273000.0,985600500.0,925273000.0,5107673923.0,12.0,9.383,-32236000.0,-0.082,1.0,1012696000.0,0.496,1149546000.0,100538000.0,2503291000.0,1650604750.0,0.0,327866000.0,33074000.0,294792000.0,4996097000.0,4531472000.0,464625000.0,4241233923.0,87400000.0,-993557000.0,11488000.0,1179146000.0,-103115000.0,1087429000.0,-1077129000.0,37506000.0,77100000.0,0.0,208488000.0,208488000.0,208488000.0,961000.0,0.0,0.102,584580000.0,428116000.0,2288984000.0,0.511,4.584,20.343,20.937,219594000.0,0.0,10.783,2.078,2.078,3633850000.0,963212000.0,2041010000.0,2041010000.0,0.0,0.067,0.212,0.264,0.213,0.0,351090000.0,1.0,393344208.0,393432000.0,,5.188,4771824000.0,0.0,126227000.0,6784000.0,12.129,-452937000.0
87,HRB,MRT,1999-09-30,1999-10-31,1999-10-31,2021-09-07,-16313000.0,2273515000.0,2145427000.0,1108949000.0,1164566000.0,0.848,2.425,-96192000.0,168182000.0,168182000.0,901197000.0,192467000.0,1.277,1.397,1034622000.0,682024000.0,352598000.0,1034622000.0,0.0,90452000.0,0.0,0.024,0.256,397355000.0,487807000.0,0.268,487807000.0,397355000.0,323399000.0,0.472,0.468,0.472,948658000.0,944102750.0,948658000.0,4671899229.0,12.0,9.577,822774000.0,2.103,1.0,918788000.0,0.505,659166000.0,73956000.0,1612581000.0,1415680250.0,0.0,261934000.0,43831000.0,218103000.0,1324857000.0,868208000.0,456649000.0,4165795229.0,-139759000.0,-251321000.0,-14796000.0,-724877000.0,-100320000.0,-840303000.0,-218422000.0,145131000.0,918966000.0,0.0,192467000.0,192467000.0,192467000.0,21212000.0,0.0,0.106,510455000.0,408333000.0,108314000.0,0.542,4.391,21.644,22.542,135695000.0,0.0,10.64,2.289,2.287,727738000.0,997534000.0,1819985000.0,1819985000.0,0.0,0.09,0.204,0.281,0.218,0.0,311336000.0,1.0,391522108.0,391256000.0,,4.652,1614349000.0,0.0,130932000.0,53162000.0,4.126,240741000.0
88,HRB,MRT,1999-06-30,1999-07-31,1999-07-31,2021-09-07,-24115000.0,2322518000.0,2219325750.0,1498312000.0,824206000.0,0.764,2.575,-88446000.0,500667000.0,500667000.0,825968000.0,206031000.0,1.47,1.308,1006771000.0,757033000.0,249738000.0,1006771000.0,0.0,79617000.0,0.0,0.018,0.25,411409000.0,491026000.0,0.29,491026000.0,411409000.0,345289000.0,0.51,0.505,0.51,1006484000.0,911110500.0,1006484000.0,5462539047.0,13.0,11.125,132793000.0,0.34,1.0,869684000.0,0.513,406604000.0,66120000.0,1402580000.0,1509423250.0,0.0,208412000.0,42355000.0,166057000.0,1316034000.0,1019438000.0,296596000.0,5334115047.0,-195543000.0,-113039000.0,-263315000.0,-120037000.0,-98165000.0,-482046000.0,65264000.0,289286000.0,221239000.0,0.0,206031000.0,206031000.0,206031000.0,21230000.0,0.0,0.122,454288000.0,415396000.0,127231000.0,0.49,5.3,25.89,26.779,110230000.0,0.0,13.658,3.146,3.148,853352000.0,1069399000.0,1695652000.0,1695652000.0,0.0,0.093,0.226,0.273,0.243,0.0,285433000.0,1.0,390563064.0,390852000.0,,4.338,1915914000.0,0.0,139258000.0,111011000.0,4.902,478874000.0
89,HRB,MRT,1999-03-31,1999-04-30,1999-04-30,2021-09-07,-23400000.0,1910176000.0,2270532750.0,1087422000.0,822754000.0,0.724,2.732,-89782000.0,193240000.0,193240000.0,793567000.0,215366000.0,1.963,0.799,326394000.0,76669000.0,249725000.0,326394000.0,0.0,74605000.0,0.0,0.02,0.237,430450000.0,505055000.0,0.307,505055000.0,430450000.0,361112000.0,0.54,0.535,0.54,1061987000.0,943670250.0,1061987000.0,5545039768.0,13.0,10.979,149492000.0,0.385,1.0,851098000.0,0.517,405534000.0,69338000.0,1083967000.0,1520766750.0,0.0,227409000.0,56881000.0,170528000.0,848189000.0,553829000.0,294360000.0,4677702768.0,-707616000.0,-123657000.0,-419464000.0,-682617000.0,-95004000.0,-1197833000.0,250943000.0,490025000.0,239274000.0,0.0,215366000.0,215366000.0,215366000.0,22429000.0,0.0,0.131,426686000.0,424412000.0,163911000.0,0.439,4.405,21.72,22.282,114222000.0,0.0,12.033,2.844,2.844,743301000.0,1130909000.0,1644665000.0,1644665000.0,0.0,0.095,0.228,0.283,0.262,0.0,280419000.0,1.0,388755684.0,388755684.0,,4.231,1504642000.0,0.0,145746000.0,151659000.0,3.87,533593000.0
90,HRB,MRT,1998-12-31,1999-01-31,1999-01-31,2021-09-07,-27017000.0,2075499000.0,2519009500.0,1270762000.0,804737000.0,0.554,1.947,-64994000.0,188340000.0,188340000.0,695584000.0,174910000.0,1.242,1.734,1055677000.0,805985000.0,249692000.0,1055677000.0,0.0,65135000.0,0.0,0.021,0.225,358429000.0,423564000.0,0.303,423564000.0,358429000.0,299605000.0,0.413,0.39,0.413,759282000.0,1013581500.0,759282000.0,5461671866.0,15.0,12.895,-299517000.0,-0.768,1.0,701087000.0,0.502,355987000.0,58824000.0,1563593000.0,1582383000.0,0.0,312651000.0,91582000.0,221069000.0,1316217000.0,1023256000.0,292961000.0,4283665866.0,80783000.0,-118515000.0,-419026000.0,169108000.0,-91659000.0,-341547000.0,656853000.0,891325000.0,-234523000.0,0.0,174910000.0,174910000.0,174910000.0,28485000.0,0.0,0.125,356904000.0,344183000.0,135394000.0,0.545,5.642,24.491,26.562,100597000.0,0.0,10.97,3.067,3.063,896363000.0,857837000.0,1396671000.0,1396671000.0,0.0,0.069,0.173,0.227,0.257,0.0,230091000.0,1.0,390489140.0,389924000.0,,3.582,1719512000.0,0.0,124695000.0,26648000.0,4.41,247506000.0
91,HRB,MRT,1998-09-30,1998-10-31,1998-10-31,2021-09-07,-31588000.0,2569110000.0,2616764500.0,1967036000.0,602074000.0,0.498,2.06,-54396000.0,307941000.0,307941000.0,670415000.0,412584000.0,1.343,2.146,1485947000.0,1235989000.0,249958000.0,1485947000.0,0.0,62822000.0,0.0,0.019,0.213,577434000.0,640256000.0,0.491,640256000.0,577434000.0,529928000.0,0.983,0.96,0.983,816689000.0,1098033000.0,816689000.0,4823939204.0,8.0,7.534,-785105000.0,-1.98,1.0,633550000.0,0.486,295441000.0,47506000.0,1987553000.0,1665476750.0,0.0,272191000.0,148753000.0,123438000.0,1752421000.0,1464122000.0,288299000.0,4504958204.0,91838000.0,-54409000.0,-399873000.0,667587000.0,-88213000.0,179531000.0,643016000.0,788337000.0,-730709000.0,0.0,412584000.0,412584000.0,412584000.0,10686000.0,0.0,0.316,317356000.0,316194000.0,86524000.0,0.217,5.516,10.919,11.396,75084000.0,0.0,11.203,3.455,3.406,1357029000.0,905384000.0,1303965000.0,1303965000.0,0.0,0.158,0.376,0.347,0.443,0.0,208648000.0,1.0,402138648.0,396488000.0,,3.289,2273669000.0,0.0,117344000.0,129792000.0,5.735,502914000.0
92,HRB,MRT,1998-06-30,1998-07-31,1998-07-31,2021-09-07,-30982000.0,2527346000.0,2446617500.0,1772927000.0,754419000.0,0.532,2.707,-46195000.0,696210000.0,696210000.0,659738000.0,402526000.0,1.608,1.223,1015191000.0,765503000.0,249688000.0,1015191000.0,0.0,59564000.0,0.0,0.019,0.2,564937000.0,624501000.0,0.48,624501000.0,564937000.0,519584000.0,0.963,0.94,0.963,1136723000.0,1119955000.0,1136723000.0,4518724650.0,8.0,7.236,-341738000.0,-0.814,1.0,641606000.0,0.493,295803000.0,45353000.0,1447954000.0,1552716750.0,0.0,417026000.0,139657000.0,277369000.0,1390623000.0,1102570000.0,288053000.0,4526903650.0,392290000.0,-54601000.0,-110042000.0,357957000.0,-84094000.0,163851000.0,523982000.0,671134000.0,-295543000.0,0.0,402526000.0,402526000.0,402526000.0,21450000.0,0.0,0.309,320702000.0,320904000.0,97880000.0,0.208,3.982,11.246,11.033,72901000.0,0.0,10.625,3.479,3.428,813697000.0,961530000.0,1301344000.0,1301344000.0,0.0,0.165,0.359,0.364,0.434,0.0,211994000.0,1.0,426061520.0,419904000.0,,3.099,2231543000.0,0.0,117058000.0,222933000.0,5.314,670357000.0
93,HRB,MRT,1998-03-31,1998-04-30,1998-04-30,2021-09-07,-24517000.0,2904083000.0,2283871500.0,2143277000.0,760806000.0,0.556,3.2,-46326000.0,900856000.0,900856000.0,641946000.0,392130000.0,1.679,1.165,892677000.0,643002000.0,249675000.0,892677000.0,0.0,54972000.0,0.0,0.018,0.2,543674000.0,598646000.0,0.471,598646000.0,543674000.0,504775000.0,0.935,0.912,0.935,1341632000.0,1071186750.0,1341632000.0,5490367740.0,10.0,9.171,148874000.0,0.355,1.0,628035000.0,0.495,288580000.0,38899000.0,1330432000.0,1459239750.0,0.0,689336000.0,400240000.0,289096000.0,1562451000.0,1276892000.0,285559000.0,4716421740.0,443777000.0,-265683000.0,40530000.0,166870000.0,-83635000.0,123795000.0,124782000.0,478299000.0,195200000.0,0.0,392130000.0,392130000.0,392130000.0,23525000.0,0.0,0.309,317619000.0,310416000.0,114875000.0,0.214,3.515,12.028,12.032,77321000.0,0.0,11.25,3.714,3.714,793237000.0,1010547000.0,1269981000.0,1269981000.0,0.0,0.172,0.366,0.373,0.428,0.0,208911000.0,1.0,419237488.0,419237488.0,,3.029,2615503000.0,0.0,112645000.0,422847000.0,6.239,866385000.0
94,HRB,MRT,1997-12-31,1998-01-31,1998-01-31,2021-09-07,0.0,2466519000.0,1984615250.0,2029579000.0,436940000.0,0.59,2.611,-41679000.0,107557000.0,107557000.0,658098000.0,334647000.0,1.882,1.248,881503000.0,631840000.0,249663000.0,881503000.0,0.0,49078000.0,0.0,0.018,0.2,441150000.0,490228000.0,0.419,490228000.0,441150000.0,412223000.0,0.797,,0.797,1097088000.0,985553000.0,1097088000.0,5208617696.0,12.0,10.625,338679000.0,0.806,1.0,512431000.0,0.438,266161000.0,28927000.0,1895968000.0,1320580500.0,0.0,1045265000.0,1031699000.0,13566000.0,1369431000.0,1078336000.0,291095000.0,4606668696.0,23724000.0,-235741000.0,33034000.0,-35680000.0,-83484000.0,-86130000.0,-270504000.0,28074000.0,380358000.0,0.0,334647000.0,334647000.0,334647000.0,35247000.0,0.0,0.286,281391000.0,231040000.0,132959000.0,0.251,4.199,13.766,13.764,76409000.0,0.0,10.97,3.936,3.938,779169000.0,749646000.0,1170529000.0,1170529000.0,0.0,0.169,0.34,0.334,0.377,0.0,230088000.0,1.0,419933336.0,420200000.0,,2.786,2200358000.0,0.0,77576000.0,272200000.0,5.236,951243000.0
95,HRB,MRT,1997-09-30,1997-10-31,1997-10-31,2021-09-07,0.0,1888522000.0,1797688500.0,1460358000.0,428164000.0,0.627,2.163,-43780000.0,216103000.0,216103000.0,631578000.0,94743000.0,2.107,1.088,818052000.0,568402000.0,249650000.0,818052000.0,0.0,42037000.0,0.0,0.022,0.2,193091000.0,235128000.0,0.209,235128000.0,193091000.0,172917000.0,0.227,,0.227,904377000.0,917180750.0,904377000.0,4207899161.0,22.0,17.896,234097000.0,0.56,1.0,495312000.0,0.44,260872000.0,20174000.0,1536513000.0,1147146000.0,0.0,25919000.0,106000.0,25813000.0,984145000.0,693086000.0,291059000.0,3854610161.0,104648000.0,-235325000.0,28821000.0,178529000.0,-83284000.0,124066000.0,-297295000.0,10792000.0,277877000.0,0.0,94743000.0,94743000.0,94743000.0,44199000.0,0.0,0.084,271079000.0,224233000.0,81146000.0,0.881,4.262,40.685,40.749,63405000.0,0.0,9.25,3.421,3.433,645566000.0,561657000.0,1126890000.0,1126890000.0,0.0,0.053,0.103,0.168,0.171,0.0,219776000.0,1.0,416714612.0,418208000.0,,2.695,1627650000.0,0.0,78174000.0,38478000.0,3.892,767272000.0
96,HRB,MRT,1997-06-30,1997-07-31,1997-07-31,2021-09-07,0.0,1876362000.0,,1445155000.0,431207000.0,,2.261,-45163000.0,303920000.0,303920000.0,609350000.0,61846000.0,1.615,0.993,657209000.0,657209000.0,0.0,657209000.0,0.0,38693000.0,0.0,0.024,0.23,151386000.0,190079000.0,0.175,190079000.0,151386000.0,142540000.0,0.148,,0.148,941650000.0,,941650000.0,3661008248.0,24.0,19.26,364298000.0,0.875,1.0,475655000.0,0.438,260991000.0,8846000.0,1074046000.0,,0.0,55851000.0,20269000.0,35582000.0,934712000.0,894614000.0,40098000.0,3987240248.0,92804000.0,-238232000.0,2722000.0,88937000.0,-95709000.0,-4050000.0,-312607000.0,-10872000.0,409461000.0,0.0,61846000.0,61846000.0,61846000.0,79920000.0,0.0,0.057,256465000.0,219190000.0,152103000.0,1.554,4.234,64.47,64.713,66082000.0,0.0,9.578,3.675,3.676,518739000.0,625479000.0,1085005000.0,1085005000.0,0.0,,,,0.14,0.0,205162000.0,1.0,416313260.0,416408000.0,,2.606,1615371000.0,0.0,80694000.0,74640000.0,3.879,550541000.0
97,HRB,MRT,1997-03-31,1997-04-30,1997-04-30,2021-09-07,0.0,1707058000.0,1731474500.0,1480090000.0,226968000.0,0.616,2.401,-44277000.0,457079000.0,457079000.0,595110000.0,47755000.0,2.212,0.709,269619000.0,269619000.0,0.0,269619000.0,0.0,36526000.0,0.0,0.032,0.26,132314000.0,168840000.0,0.158,168840000.0,132314000.0,131706000.0,0.115,0.113,0.115,999097000.0,1019345000.0,999097000.0,3616840176.0,27.0,21.422,44154000.0,0.106,1.0,471300000.0,0.442,74794000.0,608000.0,775795000.0,689644500.0,0.0,82028000.0,61755000.0,20273000.0,707961000.0,669009000.0,38952000.0,3355359176.0,52060000.0,-17249000.0,3439000.0,196968000.0,-107988000.0,92419000.0,-128790000.0,-51226000.0,88431000.0,0.0,47755000.0,47755000.0,47755000.0,100377000.0,0.0,0.045,249479000.0,221821000.0,164872000.0,2.261,3.358,70.262,70.109,65065000.0,0.0,8.062,3.146,3.146,407441000.0,684071000.0,1066410000.0,1066410000.0,0.0,0.028,0.047,0.192,0.124,0.0,198176000.0,1.0,416168580.0,416168580.0,,2.562,1632264000.0,0.0,83951000.0,129192000.0,3.922,811081000.0
98,HRB,MRT,1996-12-31,1997-01-31,1997-01-31,2021-09-07,0.0,1718812000.0,,1047741000.0,671071000.0,,1.979,110626000.0,199539000.0,199539000.0,,,1.523,1.087,461020000.0,461020000.0,0.0,461020000.0,0.0,-19966000.0,0.0,0.039,0.29,,,,,,,,,,823599000.0,,823599000.0,,,,-99641000.0,-0.239,1.0,,,89960000.0,,1202230000.0,,0.0,102141000.0,70382000.0,31759000.0,895213000.0,688103000.0,207110000.0,3082768756.0,23152000.0,15835000.0,4921000.0,216481000.0,-118630000.0,102772000.0,130647000.0,-4980000.0,-210267000.0,0.0,,,,,,,,,175107000.0,,3.743,,,433016000.0,,7.407,,,680087000.0,509191000.0,,,,,,,,0.0,,1.0,416168580.0,416164000.0,,,1628852000.0,0.0,,31924000.0,3.914,359638000.0
99,HRB,MRT,1996-09-30,1996-10-31,1996-10-31,2021-09-07,,,,,,,,,,,,,,,,,,,,,,0.052,0.32,,,,,,,,,,,,,,,,,,1.0,,,,,,,,,,,,,,,,,,,,,,,,,,,,,,,,,,,,,,,,6.188,,,,,,,,,,,,,,1.0,,416068000.0,,,,,,,,
100,HRB,MRT,1996-06-30,1996-07-31,1996-07-31,2021-09-07,,,,,,,,,,,,,,,,,,,,,,0.052,0.32,,,,,,,,,,,,,,,,,,1.0,,,,,,,,,,,,,,,,,,,,,,,,,,,,,,,,,,,,,,,,6.188,,,,,,,,,,,,,,1.0,,415292000.0,,,,,,,,
101,HRB,MRT,1996-03-31,1996-04-30,1996-04-30,2021-09-07,0.0,1755891000.0,,1122258000.0,633633000.0,,,-36972000.0,685660000.0,685660000.0,507763000.0,177168000.0,2.347,0.689,72651000.0,72651000.0,0.0,72651000.0,0.0,32477000.0,0.0,0.036,0.318,253505000.0,285982000.0,0.328,285982000.0,253505000.0,249536000.0,0.425,0.417,0.425,1039593000.0,,1039593000.0,,,,100832000.0,,1.0,363770000.0,0.417,61141000.0,3969000.0,603494000.0,,0.0,60033000.0,42952000.0,17081000.0,716298000.0,478247000.0,238051000.0,,314771000.0,58865000.0,-58725000.0,23230000.0,-131263000.0,-166758000.0,343725000.0,325661000.0,137804000.0,0.0,177168000.0,177168000.0,177168000.0,-52079000.0,0.0,0.203,183279000.0,180491000.0,201320000.0,0.748,,,21.029,399574000.0,0.0,8.938,,,333734000.0,747212000.0,871533000.0,871533000.0,0.0,,,,0.291,0.0,163018000.0,1.0,,,,,1694750000.0,0.0,72368000.0,141106000.0,,644011000.0
102,HRB,MRT,1995-12-31,1996-01-31,1996-01-31,2021-09-07,,,,,,,,,,,,,,,,,,,,,,0.036,0.317,,,,,,,,,,,,,,,,,,1.0,,,,,,,,,,,,,,,,,,,,,,,,,,,,,,,,,,,,,,,,8.875,,,,,,,,,,,,,,1.0,,413444000.0,,,,,,,,
103,HRB,MRT,1995-03-31,1995-04-30,1995-04-30,2021-09-07,,,,,,,,-123337000.0,,,473517000.0,107259000.0,,,,,,,,67684000.0,,0.029,0.305,162665000.0,230349000.0,0.301,230349000.0,162665000.0,162665000.0,0.253,,0.253,,,,,,,1026000.0,,1.0,292806000.0,0.382,,0.0,,,,,,,,,,,48905000.0,-42578000.0,-56903000.0,49421000.0,-128838000.0,-136320000.0,60862000.0,232633000.0,124363000.0,0.0,107259000.0,107259000.0,107259000.0,-9270000.0,0.0,0.14,163114000.0,129692000.0,,1.206,,,41.63,,0.0,10.533,,,,,766323000.0,766323000.0,0.0,,,,0.212,0.0,163114000.0,1.0,,,,,,,55406000.0,,,
