None,ticker,dimension,calendardate,datekey,reportperiod,lastupdated,accoci,assets,assetsavg,assetsc,assetsnc,assetturnover,bvps,capex,cashneq,cashnequsd,cor,consolinc,currentratio,de,debt,debtc,debtnc,debtusd,deferredrev,depamor,deposits,divyield,dps,ebit,ebitda,ebitdamargin,ebitdausd,ebitusd,ebt,eps,epsdil,epsusd,equity,equityavg,equityusd,ev,evebit,evebitda,fcf,fcfps,fxusd,gp,grossmargin,intangibles,intexp,invcap,invcapavg,inventory,investments,investmentsc,investmentsnc,liabilities,liabilitiesc,liabilitiesnc,marketcap,ncf,ncfbus,ncfcommon,ncfdebt,ncfdiv,ncff,ncfi,ncfinv,ncfo,ncfx,netinc,netinccmn,netinccmnusd,netincdis,netincnci,netmargin,opex,opinc,payables,payoutratio,pb,pe,pe1,ppnenet,prefdivis,price,ps,ps1,receivables,retearn,revenue,revenueusd,rnd,roa,roe,roic,ros,sbcomp,sgna,sharefactor,sharesbas,shareswa,shareswadil,sps,tangibles,taxassets,taxexp,taxliabilities,tbvps,workingcapital
0,HRB,ARY,2021-12-31,2021-06-15,2021-04-30,2021-09-07,4786000,3653646000,3593968500.0,1699724000,1953922000,0.95,1.942,-52792000.0,1062920000,1062920000,1842092000.0,583791000.0,1.461,9.368,1939058000,206393000,1732665000,1939058000,326366000,156852000.0,0,0.041,1.04,769185000.0,926037000.0,0.271,926037000.0,769185000.0,662315000.0,3.11,3.08,3.11,352401000,-81717000.0,352401000,5459969236,7.0,5.896,573136000.0,3.158,1.0,1571895000.0,0.46,1117807000,106870000.0,2248898000,3189848750.0,0,0,0,0,3301245000,1163079000,2138166000,4583831236,-1810100000.0,25639000.0,-189154000.0,-2002035000.0,-195068000.0,-2408823000.0,-45523000.0,-26917000.0,625928000.0,18318000.0,583791000.0,583791000.0,583791000.0,6421000.0,0.0,0.171,802268000.0,769627000.0,198084000,0.334,13.007,7.852,8.122,585736000,0.0,25.26,1.343,1.343,197876000,248506000,3413987000.0,3413987000.0,0.0,0.162,-7.144,0.241,0.225,28271000.0,802268000.0,1.0,181466003,181466003.0,,18.813,2535839000,516214000,78524000.0,566755000,13.974,536645000
1,HRB,ARY,2020-12-31,2020-06-17,2020-04-30,2021-09-07,-51576000,5112047000,3607804500.0,3086736000,2025311000,0.732,0.369,-81685000.0,2873020000,2873020000,1712276000.0,-7526000.0,1.959,70.959,4003360000,844921000,3158439000,4003360000,325911000,169536000.0,0,0.064,1.04,79038000.0,248574000.0,0.094,248574000.0,79038000.0,-17056000.0,-0.04,-0.04,-0.04,71041000,-8070250.0,71041000,4271537027,54.0,17.184,27276000.0,0.142,1.0,927444000.0,0.351,1127114000,96094000.0,3539657000,2829978750.0,0,0,0,0,5041006000,1575616000,3465390000,3141197027,1165293000.0,-410323000.0,-254139000.0,2000000000.0,-204870000.0,1531848000.0,-470231000.0,-35264000.0,108961000.0,-5285000.0,-7526000.0,-7526000.0,-7526000.0,13682000.0,0.0,-0.003,850361000.0,77083000.0,203103000,-26.0,44.217,-417.379,-408.0,679155000,0.0,16.32,1.19,1.19,133197000,42965000,2639720000.0,2639720000.0,0.0,-0.002,0.933,0.028,0.03,28045000.0,744361000.0,1.0,192475308,192475308.0,,13.715,3984933000,151195000,-9530000.0,392257000,20.704,1511120000
2,HRB,ARY,2019-12-31,2019-06-14,2019-04-30,2021-09-07,-20416000,3299945000,2676771250.0,1993359000,1306586000,1.156,2.681,-95490000.0,1707727000,1707727000,1756922000.0,422509000.0,2.16,5.094,1492629000,0,1492629000,1492629000,349858000,166695000.0,0,0.035,1.0,609464000.0,776159000.0,0.251,776159000.0,609464000.0,522413000.0,2.05,2.04,2.05,541527000,122155000.0,541527000,5579141544,9.0,7.188,511048000.0,2.53,1.0,1337959000.0,0.432,862430000,87051000.0,1299416000,1808295750.0,0,0,0,0,2758418000,923001000,1835417000,5794239544,44049000.0,-10966000.0,-187380000.0,0.0,-205461000.0,-403695000.0,-155131000.0,-19922000.0,606538000.0,-3663000.0,422509000.0,422509000.0,422509000.0,22747000.0,0.0,0.137,722167000.0,615792000.0,249525000,0.488,10.7,13.714,13.995,212092000,0.0,28.69,1.872,1.872,138965000,499386000,3094881000.0,3094881000.0,0.0,0.158,3.459,0.337,0.197,23767000.0,722167000.0,1.0,201960249,201960249.0,,15.324,2437515000,141979000,99904000.0,469879000,12.069,1070358000
3,HRB,ARY,2018-12-31,2018-06-15,2018-04-30,2021-09-07,-14303000,3140949000,2387764500.0,1891713000,1249236000,1.323,1.881,-98583000.0,1663678000,1663678000,1739729000.0,613149000.0,2.242,6.978,1495635000,1026000,1494609000,1495635000,365649000,183295000.0,0,0.041,0.96,744344000.0,927639000.0,0.294,927639000.0,744344000.0,654972000.0,2.93,2.91,2.93,393711000,-232864750.0,393711000,4782937587,6.0,5.156,751420000.0,3.591,1.0,1420202000.0,0.449,881852000,89372000.0,1247403000,1851582000.0,0,0,0,0,2747238000,843651000,1903587000,4950980587,546139000.0,-42539000.0,19193000.0,0.0,-200469000.0,-190664000.0,-112057000.0,17648000.0,850003000.0,-1143000.0,613149000.0,613149000.0,613149000.0,13760000.0,0.0,0.194,668152000.0,752050000.0,251975000,0.328,12.575,8.075,8.075,231888000,0.0,23.66,1.567,1.567,146774000,362980000,3159931000.0,3159931000.0,0.0,0.257,-2.633,0.402,0.236,21954000.0,668152000.0,1.0,209255308,209255308.0,,15.101,2259097000,46405000,41823000.0,492480000,10.796,1048062000
4,HRB,ARY,2017-12-31,2017-06-16,2017-04-30,2021-09-07,-15299000,2694108000,2379364750.0,1346039000,1348069000,1.276,-0.294,-89255000.0,1117539000,1117539000,1644377000.0,408945000.0,1.433,-45.251,1493998000,981000,1493017000,1493998000,352825000,182168000.0,0,0.022,0.66,710266000.0,892434000.0,0.294,892434000.0,710266000.0,617315000.0,1.92,1.91,1.92,-60883000,-404744250.0,-60883000,6575228919,9.0,7.368,460838000.0,2.224,1.0,1391937000.0,0.458,900571000,92951000.0,1230716000,2182018250.0,0,0,0,0,2754991000,939280000,1815711000,6198769919,114530000.0,-54816000.0,-320479000.0,0.0,-187115000.0,-530424000.0,99319000.0,235282000.0,550093000.0,-4458000.0,408945000.0,408945000.0,408945000.0,11972000.0,0.0,0.135,675953000.0,715984000.0,217028000,0.344,-101.814,15.158,15.583,263827000,0.0,29.92,2.042,2.042,162775000,-48206000,3036314000.0,3036314000.0,0.0,0.172,-1.01,0.326,0.234,19285000.0,675953000.0,1.0,207178139,207178139.0,,14.656,1793537000,83728000,208370000.0,507284000,8.657,406759000
5,HRB,ARY,2016-12-31,2016-06-17,2016-04-30,2021-09-07,-11233000,2857775000,2913602250.0,1222298000,1635477000,1.043,0.105,-99923000.0,1000911000,1000911000,1685552000.0,374267000.0,1.176,122.697,1502751000,826000,1501925000,1502751000,403835000,173598000.0,0,0.035,0.82,629155000.0,802753000.0,0.264,802753000.0,629155000.0,560193000.0,1.5,1.49,1.5,23103000,282138250.0,23103000,5622250708,9.0,7.004,432471000.0,1.961,1.0,1352601000.0,0.445,904642000,68962000.0,1415368000,1945692750.0,0,203518000,1133000,202385000,2834672000,1039605000,1795067000,5120410708,-1110389000.0,-88776000.0,-1992563000.0,996831000.0,-201688000.0,-1961729000.0,329515000.0,502379000.0,532394000.0,-10569000.0,374267000.0,374267000.0,374267000.0,9286000.0,0.0,0.123,719409000.0,633192000.0,259586000,0.547,221.634,13.681,15.48,293565000,0.0,23.22,1.685,1.685,153116000,40347000,3038153000.0,3038153000.0,0.0,0.128,1.327,0.323,0.207,23540000.0,719409000.0,1.0,220517257,220517257.0,,13.777,1953133000,120123000,185926000.0,506714000,8.857,182693000
6,HRB,ARY,2015-12-31,2015-06-17,2015-04-30,2021-09-07,1740000,4515420000,3969117500.0,2951301000,1564119000,0.776,6.658,-123158000.0,2099162000,2099162000,1630490000.0,473663000.0,1.571,1.463,506088000,790000,505298000,506088000,478806000,159804000.0,744241000,0.026,0.8,774970000.0,934774000.0,0.304,934774000.0,774970000.0,729724000.0,1.72,1.71,1.72,1832949000,1403802500.0,1832949000,6734357629,9.0,7.204,503450000.0,1.829,1.0,1448168000.0,0.47,873973000,45246000.0,170084000,665757500.0,0,678963000,439625000,239338000,2682471000,1878289000,804182000,8327431629,-178117000.0,-113252000.0,6073000.0,-400000000.0,-219960000.0,-645807000.0,-148932000.0,66124000.0,626608000.0,-9986000.0,473663000.0,473663000.0,473663000.0,13081000.0,0.0,0.154,653502000.0,794666000.0,231322000,0.465,4.543,17.581,17.587,311387000,0.0,30.25,2.705,2.705,167964000,1836442000,3078658000.0,3078658000.0,0.0,0.119,0.337,1.164,0.252,26068000.0,653502000.0,1.0,275286996,275286996.0,,11.183,3641447000,187728000,256061000.0,577270000,13.228,1073012000
7,HRB,ARY,2014-12-31,2014-06-19,2014-04-30,2021-09-07,5177000,4693529000,3811554250.0,3114006000,1579523000,0.793,5.676,-147011000.0,2300626000,2300626000,1627656000.0,475157000.0,1.346,2.015,906474000,400637000,505837000,906474000,0,115604000.0,769785000,0.024,0.8,742176000.0,857780000.0,0.284,857780000.0,742176000.0,742176000.0,1.73,1.72,1.73,1556549000,1075899500.0,1556549000,7735542082,10.0,9.018,662570000.0,2.416,1.0,1396639000.0,0.462,791739000,0.0,194522000,964772500.0,0,696252000,423495000,272757000,3136980000,2313116000,823864000,9129694082,437723000.0,-67486000.0,22140000.0,0.0,-218980000.0,-364930000.0,10690000.0,196732000.0,809581000.0,-17618000.0,475157000.0,475157000.0,475157000.0,24940000.0,0.0,0.157,633428000.0,763211000.0,569007000,0.462,5.865,19.214,19.243,304911000,0.0,33.29,3.019,3.019,191618000,1589297000,3024295000.0,3024295000.0,0.0,0.125,0.442,0.769,0.245,20058000.0,633428000.0,1.0,274247344,274247344.0,,11.028,3901790000,0,267019000.0,406655000,14.227,800890000
8,HRB,ARY,2013-12-31,2013-06-26,2013-04-30,2021-09-07,10550000,4537779000,3990320500.0,2462343000,2075436000,0.728,4.633,-113239000.0,1865421000,1865421000,1604788000.0,433948000.0,1.224,2.591,906680000,722000,905958000,906680000,0,92407000.0,936464000,0.028,0.8,670801000.0,763208000.0,0.263,763208000.0,670801000.0,670801000.0,1.59,1.58,1.59,1263547000,859260250.0,1263547000,6775058424,10.0,8.877,383869000.0,1.408,1.0,1301155000.0,0.448,719221000,0.0,847612000,1328316750.0,0,825665000,0,825665000,3274232000,2012205000,1262027000,7733799424,-196750000.0,-16957000.0,-315274000.0,-139436000.0,-217201000.0,-584541000.0,-110937000.0,-52097000.0,497108000.0,1620000.0,433948000.0,433948000.0,433948000.0,31210000.0,0.0,0.149,604469000.0,696686000.0,523921000,0.503,6.121,17.822,17.836,267880000,0.0,28.36,2.661,2.661,206835000,1333445000,2905943000.0,2905943000.0,0.0,0.109,0.505,0.505,0.231,15293000.0,604469000.0,1.0,272700967,272700967.0,,10.656,3818558000,0,236853000.0,416128000,14.003,450138000
9,HRB,ARY,2012-12-31,2012-06-26,2012-04-30,2021-09-07,12145000,4649567000,4446730250.0,2500994000,2148573000,0.651,4.832,-82457000.0,1992434000,1992434000,1701695000.0,265932000.0,0.99,2.507,1040549000,631434000,409115000,1040549000,0,103576000.0,827549000,0.05,0.75,496034000.0,599610000.0,0.207,599610000.0,496034000.0,496034000.0,0.89,0.89,0.89,1325892000,1057260000.0,1325892000,3188941076,6.0,5.318,279592000.0,1.019,1.0,1192076000.0,0.412,692017000,0.0,479237000,1259883250.0,0,777516000,0,777516000,3323675000,2526428000,797247000,4140826076,266490000.0,545241000.0,-168317000.0,-25000000.0,-208801000.0,-445062000.0,351867000.0,-130304000.0,362049000.0,-2364000.0,265932000.0,265932000.0,265932000.0,80036000.0,0.0,0.092,625784000.0,566292000.0,567079000,0.843,3.123,15.571,16.955,252985000,0.0,15.09,1.431,1.431,193858000,2523997000,2893771000.0,2893771000.0,0.0,0.06,0.252,0.394,0.171,14968000.0,618375000.0,1.0,274408620,274408620.0,,10.545,3957550000,0,230102000.0,336374000,14.422,-25434000
10,HRB,ARY,2011-12-31,2011-06-23,2011-04-30,2021-09-07,11233000,5207961000,4935660500.0,2477731000,2730230000,0.765,4.747,-62959000.0,1726227000,1726227000,2414590000.0,406110000.0,1.119,2.593,1078191000,28437000,1049754000,1078191000,0,121633000.0,852220000,0.037,0.6,663730000.0,785363000.0,0.208,785363000.0,663730000.0,663730000.0,1.31,1.31,1.31,1449574000,1045552250.0,1449574000,4259479191,6.0,5.424,449544000.0,1.472,1.0,1359706000.0,0.36,1214164000,0.0,1131086000,1259630000.0,0,485008000,0,485008000,3758387000,2214675000,1543712000,4907515191,-126201000.0,16912000.0,-283110000.0,-50000000.0,-186802000.0,-534391000.0,-110157000.0,-98459000.0,512503000.0,5844000.0,406110000.0,406110000.0,406110000.0,13295000.0,0.0,0.108,694136000.0,665570000.0,618070000,0.458,3.385,12.084,12.267,307320000,0.0,16.07,1.3,1.3,492290000,2658103000,3774296000.0,3774296000.0,0.0,0.082,0.388,0.527,0.176,14500000.0,694136000.0,1.0,305383646,305383646.0,,12.359,3993797000,0,257620000.0,458910000,13.078,263056000
11,HRB,ARY,2010-12-31,2010-06-29,2010-04-30,2021-09-07,1678000,5234318000,5539392000.0,2649036000,2585282000,0.699,4.456,-90515000.0,1838395000,1838395000,2467996000.0,479242000.0,1.141,2.633,1113832000,53688000,1060144000,1113832000,0,126901000.0,852555000,0.038,0.6,774431000.0,901332000.0,0.233,901332000.0,774431000.0,774431000.0,1.44,1.43,1.44,1440630000,1159727000.0,1440630000,4354575171,6.0,4.831,496954000.0,1.537,1.0,1406336000.0,0.363,1207879000,0.0,980385000,1444260750.0,0,595405000,0,595405000,3793688000,2321491000,1472197000,5079138171,149382000.0,-10539000.0,-237568000.0,-25046000.0,-200899000.0,-481118000.0,31353000.0,83225000.0,587469000.0,11678000.0,479242000.0,479242000.0,479242000.0,9704000.0,0.0,0.124,631499000.0,774837000.0,756577000,0.417,3.526,10.598,10.91,345470000,0.0,15.71,1.311,1.311,517986000,2658586000,3874332000.0,3874332000.0,0.0,0.087,0.413,0.536,0.2,29369000.0,631499000.0,1.0,323306058,323306058.0,,11.983,4026439000,0,295189000.0,459175000,12.454,327545000
12,HRB,ARY,2009-12-31,2009-06-29,2009-04-30,2021-09-07,-11639000,5359722000,5747460750.0,2571080000,2788642000,0.711,4.207,-97880000.0,1706319000,1706319000,2596218000.0,485673000.0,1.072,2.812,1140904000,33782000,1107122000,1140904000,0,123631000.0,854888000,0.038,0.6,811988000.0,935619000.0,0.229,935619000.0,811988000.0,811988000.0,1.46,1.45,1.46,1405859000,978812000.0,1405859000,4670565930,6.0,4.992,926559000.0,2.773,1.0,1487359000.0,0.364,1236228000,0.0,1159799000,2400736750.0,0,744899000,0,744899000,3953863000,2398280000,1555583000,5235980930,989766000.0,10178000.0,106820000.0,-29000000.0,-198685000.0,-40233000.0,5560000.0,101312000.0,1024439000.0,0.0,485673000.0,485673000.0,485673000.0,27382000.0,0.0,0.119,648490000.0,838869000.0,705945000,0.411,3.724,10.781,10.733,368289000,0.0,15.67,1.282,1.282,512814000,2671437000,4083577000.0,4083577000.0,0.0,0.085,0.496,0.338,0.199,26557000.0,648490000.0,1.0,334140455,334140455.0,,12.221,4123494000,0,326315000.0,543967000,12.341,172800000
13,HRB,ARY,2008-12-31,2008-06-30,2008-04-30,2021-09-07,2486000,5623425000,7793369250.0,2381580000,3241845000,0.565,3.022,-105910000.0,945876000,945876000,2802552000.0,-308647000.0,0.769,4.693,1168070000,136286000,1031784000,1168070000,0,146011000.0,785624000,0.027,0.57,-15883000.0,130128000.0,0.03,130128000.0,-15883000.0,-17902000.0,-0.95,-0.94,-0.95,987818000,769348000.0,987818000,7216639657,-454.0,55.458,109877000.0,0.336,1.0,1601325000.0,0.364,1152636000,2019000.0,1596607000,3440742250.0,0,966301000,0,966301000,4635607000,3096376000,1539231000,6994445657,-194993000.0,1089663000.0,16042000.0,-942706000.0,-183628000.0,-1558069000.0,1147289000.0,213987000.0,215787000.0,0.0,-308647000.0,-308647000.0,-308647000.0,763123000.0,0.0,-0.07,881886000.0,719439000.0,1341938000,-0.6,7.081,-22.662,-22.526,380738000,0.0,21.4,1.588,1.588,991770000,2384449000,4403877000.0,4403877000.0,0.0,-0.04,-0.401,-0.005,-0.004,44118000.0,881886000.0,1.0,326843255,326843255.0,,13.474,4470789000,0,290745000.0,439380000,13.679,-714796000
14,HRB,ARY,2007-12-31,2007-06-29,2007-04-30,2021-09-07,-1320000,7499493000,7175657500.0,3454292000,4045201000,0.56,4.374,-161091000.0,1254484000,1254484000,2508458000.0,-433653000.0,0.667,4.302,2096193000,1576386000,519807000,2096193000,0,150215000.0,1129263000,0.023,0.54,-125272000.0,24943000.0,0.006,24943000.0,-125272000.0,-172192000.0,-1.34,-1.33,-1.34,1414499000,1596217750.0,1414499000,8399730310,-67.0,336.757,-745815000.0,-2.306,1.0,1512816000.0,0.376,1175332000,46920000.0,1989518000,2346608500.0,0,1358222000,0,1358222000,6084994000,5176352000,908642000,7558021310,248011000.0,-42192000.0,-163099000.0,1161572000.0,-171966000.0,1991111000.0,-1158376000.0,-1002673000.0,-584724000.0,0.0,-433653000.0,-433653000.0,-433653000.0,807990000.0,0.0,-0.108,852954000.0,659862000.0,1152561000,-0.403,5.343,-17.429,-17.44,379066000,0.0,23.37,1.88,1.88,966777000,2886440000,4021274000.0,4021274000.0,0.0,-0.06,-0.272,-0.053,-0.031,38102000.0,852954000.0,1.0,323406988,323406988.0,,12.434,6324161000,0,261461000.0,394915000,19.555,-1722060000
15,HRB,ARY,2006-12-31,2006-06-30,2006-04-30,2021-09-07,21948000,5989135000,5993959000.0,2823947000,3165188000,0.813,6.672,-250510000.0,1088427000,1088427000,2906291000.0,490408000.0,0.976,1.788,924531000,506992000,417539000,924531000,0,191703000.0,0,0.021,0.5,876452000.0,1068155000.0,0.219,1068155000.0,876452000.0,827393000.0,1.49,1.47,1.49,2147799000,1783255000.0,2147799000,7517252872,9.0,7.038,335176000.0,1.041,1.0,1966510000.0,0.404,1319946000,49059000.0,1611857000,2188362250.0,0,1263481000,236399000,1027082000,3841336000,2893436000,947900000,7681148872,-405855000.0,-212543000.0,-151805000.0,-26819000.0,-160031000.0,-303036000.0,-688505000.0,-262601000.0,585686000.0,0.0,490408000.0,490408000.0,490408000.0,0.0,0.0,0.101,1112585000.0,853925000.0,1549808000,0.336,3.576,15.663,16.013,443785000,0.0,23.86,1.576,1.576,999765000,3492059000,4872801000.0,4872801000.0,0.0,0.082,0.275,0.401,0.18,57020000.0,1112585000.0,1.0,321925770,321925770.0,,15.136,4669189000,0,336985000.0,505690000,14.504,-69489000
16,HRB,ARY,2005-12-31,2005-08-05,2005-04-30,2021-09-07,68718000,5539283000,5298006000.0,3070634000,2468649000,0.834,5.954,-209458000.0,1617122000,1617122000,2415641000.0,635857000.0,1.39,1.803,948618000,25545000,923073000,948618000,0,268058000.0,0,0.016,0.44,1080082000.0,1348140000.0,0.305,1348140000.0,1080082000.0,1017715000.0,1.92,1.88,1.92,1976371000,1563698500.0,1976371000,8522931048,8.0,6.322,304335000.0,0.917,1.0,2004378000.0,0.453,1263039000,62367000.0,1398820000,1833133750.0,0,587917000,0,587917000,3562912000,2208920000,1353992000,9191435048,27468000.0,-37621000.0,-393920000.0,119557000.0,-142988000.0,-427915000.0,-58410000.0,152107000.0,513793000.0,0.0,635857000.0,635857000.0,635857000.0,0.0,0.0,0.144,952125000.0,1052253000.0,1515433000,0.229,4.651,14.455,14.422,330150000,0.0,27.69,2.08,2.08,1009014000,3188785000,4420019000.0,4420019000.0,0.0,0.12,0.407,0.589,0.244,55100000.0,952125000.0,1.0,331940594,331940594.0,,13.316,4276244000,0,381858000.0,349298000,12.883,861714000
17,HRB,ARY,2005-12-31,2005-07-29,2005-04-30,2021-09-07,68718000,5539283000,5298006000.0,3070634000,2468649000,0.834,5.954,-209458000.0,1617122000,1617122000,2415641000.0,635857000.0,1.39,1.803,948618000,25545000,923073000,948618000,0,268058000.0,0,0.015,0.44,1080082000.0,1348140000.0,0.305,1348140000.0,1080082000.0,1017715000.0,1.915,1.885,1.915,1976371000,1563698500.0,1976371000,8785164117,8.0,6.517,304335000.0,0.917,1.0,2004378000.0,0.453,1263039000,62367000.0,1398820000,1833133750.0,0,587917000,0,587917000,3562912000,2208920000,1353992000,9453668117,27468000.0,-37621000.0,-393920000.0,119557000.0,-142988000.0,-427915000.0,-58410000.0,152107000.0,513793000.0,0.0,635857000.0,635857000.0,635857000.0,0.0,0.0,0.144,952125000.0,1052253000.0,1515433000,0.23,4.783,14.868,14.872,330150000,0.0,28.48,2.139,2.139,1009014000,3188785000,4420019000.0,4420019000.0,0.0,0.12,0.407,0.589,0.244,55100000.0,952125000.0,1.0,331940594,331940594.0,,13.316,4276244000,0,381858000.0,349298000,12.883,861714000
18,HRB,ARY,2004-12-31,2004-07-02,2004-04-30,2021-09-07,57953000,5380026000,5008696000.0,2961299000,2418727000,0.84,5.636,-127573000.0,1617104000,1617104000,1994725000.0,697897000.0,1.198,1.836,821480000,275669000,545811000,821480000,0,241756000.0,0,0.017,0.4,1242354000.0,1484110000.0,0.353,1484110000.0,1242354000.0,1157798000.0,1.97,1.93,1.97,1897009000,1628280750.0,1897009000,7279068766,6.0,4.905,799234000.0,2.375,1.0,2210845000.0,0.526,1285247000,84556000.0,827112000,1425715500.0,0,462551000,0,462551000,3483017000,2472043000,1010974000,8074692766,196323000.0,-280865000.0,-399906000.0,-59003000.0,-138397000.0,-599351000.0,-131133000.0,250973000.0,926807000.0,0.0,697897000.0,697897000.0,697897000.0,0.0,0.0,0.166,971986000.0,1238859000.0,1521960000,0.203,4.257,11.57,12.178,279220000,0.0,23.99,1.92,1.92,972986000,2781368000,4205570000.0,4205570000.0,0.0,0.139,0.429,0.871,0.295,49675000.0,799948000.0,1.0,336585776,336585776.0,,12.495,4094779000,0,459901000.0,405667000,12.166,489256000
19,HRB,ARY,2003-12-31,2003-07-16,2003-04-30,2021-09-07,36862000,4603905000,4189471750.0,2747361000,1856544000,0.902,4.631,-150897000.0,1313595000,1313595000,1747394000.0,580064000.0,1.448,1.767,877980000,55678000,822302000,877980000,0,208928000.0,0,0.016,0.36,1079721000.0,1288649000.0,0.341,1288649000.0,1079721000.0,987077000.0,1.615,1.575,1.615,1663709000,1319804500.0,1663709000,7438228900,7.0,5.772,539928000.0,1.503,1.0,2032373000.0,0.538,1056080000,92644000.0,1215014000,1553315500.0,0,404491000,23859000,380632000,2940196000,1897196000,1043000000,7873843900,439208000.0,-26408000.0,-191245000.0,-57469000.0,-125898000.0,-376956000.0,125339000.0,282748000.0,690825000.0,0.0,580064000.0,580064000.0,580064000.0,0.0,0.0,0.153,959487000.0,1072886000.0,1331627000,0.223,4.733,13.574,13.57,288594000,0.0,21.915,2.083,2.083,920234000,2221868000,3779767000.0,3779767000.0,0.0,0.138,0.44,0.695,0.286,37304000.0,720217000.0,1.0,359290162,359290162.0,,10.52,3547825000,0,407013000.0,299262000,9.875,850165000
20,HRB,ARY,2002-12-31,2002-07-29,2002-04-30,2021-09-07,44128000,4230791000,4382932250.0,2245143000,1985648000,0.757,3.777,-111775000.0,588318000,588318000,1614092000.0,434405000.0,1.194,2.089,928043000,59656000,868387000,928043000,0,155386000.0,0,0.014,0.32,808352000.0,963738000.0,0.29,963738000.0,808352000.0,716840000.0,1.19,1.155,1.19,1369420000,1080581500.0,1369420000,8824083381,11.0,9.156,629671000.0,1.737,1.0,1703644000.0,0.513,1106941000,91512000.0,1583873000,2084702500.0,0,409001000,28370000,380631000,2861371000,1879702000,981669000,8484358381,248529000.0,-46738000.0,-267705000.0,-50594000.0,-115725000.0,-433884000.0,-59033000.0,91252000.0,741446000.0,0.0,434405000.0,434405000.0,434405000.0,0.0,0.0,0.131,896704000.0,806940000.0,1313823000,0.269,6.196,19.531,19.664,286500000,0.0,23.4,2.557,2.557,1212883000,1767702000,3317736000.0,3317736000.0,0.0,0.099,0.402,0.388,0.244,57809000.0,639885000.0,1.0,362579418,362579418.0,,9.15,3123850000,0,282435000.0,252822000,8.616,365441000
21,HRB,ARY,2001-12-31,2001-07-30,2001-04-30,2021-09-07,-42767000,4121624000,5087087000.0,2271206000,1850418000,0.59,3.187,-90033000.0,271813000,271813000,1475475000.0,281162000.0,1.142,2.512,922737000,51763000,870974000,922737000,0,205608000.0,0,0.017,0.3,720043000.0,925651000.0,0.308,925651000.0,720043000.0,477492000.0,0.765,0.76,0.765,1173741000,941151750.0,1173741000,7216938679,10.0,7.797,205482000.0,0.558,1.0,1526100000.0,0.508,1051826000,242551000.0,1732320000,2264410500.0,0,324583000,54424000,270159000,2947883000,1988402000,959481000,6566014679,-108088000.0,2057000.0,-203345000.0,-352540000.0,-108374000.0,-662210000.0,258607000.0,367080000.0,295515000.0,0.0,281162000.0,281162000.0,281162000.0,0.0,0.0,0.094,818483000.0,707617000.0,1419210000,0.392,5.594,23.353,23.307,288847000,0.0,17.83,2.188,2.188,1684027000,1450112000,3001575000.0,3001575000.0,0.0,0.055,0.299,0.318,0.24,0.0,528453000.0,1.0,368256572,368256572.0,,8.151,3069798000,0,196330000.0,295599000,8.336,282804000
22,HRB,ARY,2000-12-31,2000-07-28,2000-04-30,2021-09-07,-26241000,5699350000,4054188250.0,3863543000,1835807000,0.605,3.22,-113032000.0,379901000,379901000,1216707000.0,251895000.0,1.097,3.677,1224171000,351775000,872396000,1224171000,0,147218000.0,0,0.035,0.275,565766000.0,712984000.0,0.291,712984000.0,565766000.0,412266000.0,0.642,0.637,0.642,1218589000,1024751000.0,1218589000,3806847749,7.0,5.339,392244000.0,1.036,1.0,1235236000.0,0.504,1095074000,153500000.0,1928097000,1861637250.0,0,238764000,62369000,176395000,4480761000,3520449000,960312000,2962577749,186661000.0,-971802000.0,-13696000.0,707658000.0,-105480000.0,554166000.0,-872781000.0,254971000.0,505276000.0,0.0,251895000.0,251895000.0,251895000.0,0.0,0.0,0.103,678121000.0,557115000.0,2792562000,0.428,2.431,11.761,12.192,260666000,0.0,7.827,1.208,1.208,3292101000,1277324000,2451943000.0,2451943000.0,0.0,0.062,0.246,0.304,0.231,0.0,479184000.0,1.0,378483264,378483264.0,,6.478,4604276000,0,160371000.0,202779000,12.165,343094000
23,HRB,ARY,1999-12-31,1999-07-29,1999-04-30,2021-09-07,-23400000,1910176000,2270532750.0,1087422000,822754000,0.724,2.719,-78823000.0,193240000,193240000,842869000.0,215366000.0,1.963,0.799,321664000,71939000,249725000,321664000,0,74605000.0,0,0.018,0.25,430450000.0,505055000.0,0.307,505055000.0,430450000.0,361112000.0,0.54,0.535,0.54,1061987000,943670250.0,1061987000,5504524576,13.0,10.899,141953000.0,0.363,1.0,801796000.0,0.488,405534000,69338000.0,1079237000,1519584250.0,0,227409000,56881000,170528000,848189000,553829000,294360000,5376100576,-707616000.0,-123657000.0,-412984000.0,-682617000.0,-95004000.0,-1190605000.0,262213000.0,481864000.0,220776000.0,0.0,215366000.0,215366000.0,215366000.0,1490000.0,0.0,0.131,377384000.0,424412000.0,168641000,0.463,5.062,24.963,25.491,114222000,0.0,13.765,3.269,3.269,743301000,1130909000,1644665000.0,1644665000.0,0.0,0.095,0.228,0.283,0.262,0.0,305722000.0,1.0,390563064,390563064.0,,4.211,1504642000,0,145746000.0,151659000,3.852,533593000
24,HRB,ARY,1998-12-31,1998-07-29,1998-04-30,2021-09-07,0,2904083000,2283871500.0,2143277000,760806000,0.572,3.149,-46803000.0,900856000,900856000,683505000.0,392130000.0,1.679,1.165,892677000,643002000,249675000,892677000,0,55787000.0,0,0.019,0.2,551121000.0,606908000.0,0.464,606908000.0,551121000.0,498869000.0,0.935,0.912,0.935,1341632000,1071186750.0,1341632000,4492095805,8.0,7.402,138200000.0,0.324,1.0,623280000.0,0.477,288580000,52252000.0,1330432000,1459239750.0,0,635254000,346158000,289096000,1562451000,1276892000,285559000,4500274805,443777000.0,-265700000.0,40530000.0,166895000.0,-83635000.0,123790000.0,134984000.0,478299000.0,185003000.0,0.0,392130000.0,392130000.0,392130000.0,13889000.0,0.0,0.3,315053000.0,308227000.0,114875000,0.214,3.354,11.476,11.297,77321000,0.0,10.562,3.444,3.444,793237000,986030000,1306785000.0,1306785000.0,0.0,0.172,0.366,0.378,0.422,0.0,239882000.0,1.0,426061520,426061520.0,,3.067,2615503000,0,106739000.0,422847000,6.139,866385000
25,HRB,ARY,1997-12-31,1997-08-14,1997-04-30,2021-09-07,0,1906258000,,1269998000,636260000,,2.4,-164500000.0,595851000,595851000,1187756000.0,47755000.0,1.781,0.908,269619000,269619000,0,269619000,0,166811000.0,0,0.023,0.23,62368000.0,229179000.0,0.119,229179000.0,62368000.0,62368000.0,0.113,,0.113,999097000,,999097000,3758841864,60.0,16.401,-86526000.0,-0.208,1.0,741907000.0,0.384,80133000,0.0,786751000,,0,105249000,84362000,20887000,907161000,713142000,194019000,4085073864,-89809000.0,-27068000.0,3439000.0,196968000.0,-107988000.0,92419000.0,-260202000.0,-44523000.0,77974000.0,0.0,47755000.0,47755000.0,47755000.0,0.0,0.0,0.025,724081000.0,17826000.0,193628000,2.035,4.089,85.542,86.836,420278000,0.0,9.812,2.117,2.117,525777000,684071000,1929663000.0,1929663000.0,0.0,,,,0.032,0.0,724081000.0,1.0,416313260,416313260.0,,4.635,1826125000,0,14613000.0,154936000,4.386,556856000
26,HRB,ARY,1997-12-31,1997-07-29,1997-04-30,2021-09-07,0,1906258000,,1269998000,636260000,,2.4,-164500000.0,595851000,595851000,1187756000.0,47755000.0,1.781,0.908,269619000,269619000,0,269619000,0,166811000.0,0,0.025,0.23,62368000.0,229179000.0,0.119,229179000.0,62368000.0,62368000.0,0.113,,0.113,999097000,,999097000,3538195836,57.0,15.439,-86526000.0,-0.208,1.0,741907000.0,0.384,80133000,0.0,786751000,,0,105249000,84362000,20887000,907161000,713142000,194019000,3864427836,-89809000.0,-27068000.0,3439000.0,196968000.0,-107988000.0,92419000.0,-260202000.0,-44523000.0,77974000.0,0.0,47755000.0,47755000.0,47755000.0,0.0,0.0,0.025,724081000.0,17826000.0,193628000,2.035,3.868,80.922,82.146,420278000,0.0,9.283,2.003,2.003,525777000,684071000,1929663000.0,1929663000.0,0.0,,,,0.032,0.0,724081000.0,1.0,416313260,416313260.0,,4.635,1826125000,0,14613000.0,154936000,4.386,556856000
0,HRB,ARQ,2021-06-30,2021-08-09,2021-06-30,2021-09-07,88000,4014388000,,2080382000,1934006000,,2.179,,1584164000,1584164000,,,2.117,9.345,2442841000,214190000,2228651000,2442841000,309710000,,0,,0.27,,,,,,,,,,388058000,,388058000,5306492998,,,,,1.0,,,1105614000,,2784965000,,0,0,0,0,3626330000,982486000,2643844000,4447815998,,,,,,,,,,,,,,,,,,,164269000,,11.462,,,585123000,,24.98,,,88932000,286694000,,,,,,,,,,1.0,178055084,178055084.0,,,2908774000,512868000,,540521000,16.336,1097896000
1,HRB,ARQ,2021-03-31,2021-06-15,2021-04-30,2021-09-07,4786000,3653646000,,1699724000,1953922000,,1.942,-4796000.0,1062920000,1062920000,901728000.0,949252000.0,1.461,9.368,1939058000,206393000,1732665000,1939058000,326366000,39689000.0,0,0.041,0.26,1085057000.0,1124746000.0,0.483,1124746000.0,1085057000.0,1063506000.0,5.05,5.02,5.05,352401000,,352401000,5459969236,7.0,5.896,1529811000.0,8.43,1.0,1426452000.0,0.613,1117807000,21551000.0,2248898000,,0,0,0,0,3301245000,1163079000,2138166000,4583831236,601512000.0,20371000.0,-38135000.0,-880000000.0,-47181000.0,-965998000.0,28589000.0,-1960000.0,1534607000.0,4314000.0,949252000.0,949252000.0,949252000.0,1715000.0,0.0,0.408,340900000.0,1085552000.0,198084000,0.051,13.007,7.852,8.122,585736000,0.0,25.26,1.343,1.343,197876000,248506000,2328180000.0,2328180000.0,0.0,,,,,7527000.0,340900000.0,1.0,181466003,181466003.0,,12.83,2535839000,516214000,114254000.0,566755000,13.974,536645000
2,HRB,ARQ,2020-12-31,2021-03-09,2021-01-31,2021-09-07,-11693000,3168363000,,1220642000,1947721000,,-2.946,-21412000.0,461408000,461408000,380273000.0,-232994000.0,1.765,-6.927,2801166000,186209000,2614957000,2801166000,303172000,39856000.0,0,0.053,0.0,-262330000.0,-222474000.0,-0.722,-222474000.0,-262330000.0,-284663000.0,-1.27,-1.27,-1.27,-534580000,,-534580000,5924839935,17.0,11.575,-667352000.0,-3.678,1.0,-72046000.0,-0.234,1126880000,22333000.0,3689758000,,0,0,0,0,3702943000,691483000,3011460000,3585081935,74084000.0,-9379000.0,1002000.0,810000000.0,-47689000.0,763120000.0,-50680000.0,-13035000.0,-645940000.0,7584000.0,-232994000.0,-232994000.0,-232994000.0,1163000.0,0.0,-0.756,191488000.0,-263534000.0,160880000,0.0,-6.706,37.761,58.118,582010000,0.0,19.76,1.238,1.238,563089000,-616518000,308227000.0,308227000.0,0.0,,,,,5809000.0,191488000.0,1.0,181431272,181431272.0,,1.699,2041483000,179598000,-51669000.0,319208000,11.252,529159000
3,HRB,ARQ,2020-09-30,2020-12-08,2020-10-31,2021-09-07,-31707000,2556429000,,592913000,1963516000,,-1.526,-18273000.0,387324000,387324000,245055000.0,-223726000.0,1.073,-10.131,2018519000,191114000,1827405000,2018519000,284536000,37799000.0,0,0.064,0.52,-207412000.0,-169613000.0,-0.961,-169613000.0,-207412000.0,-238273000.0,-1.18,-1.18,-1.18,-279966000,,-279966000,4620914024,10.0,7.381,-260512000.0,-1.42,1.0,-68505000.0,-0.388,1117854000,30861000.0,2517167000,,0,0,0,0,2836395000,552603000,2283792000,2989719024,-2419261000.0,510000.0,-150255000.0,-1932035000.0,-50154000.0,-2149225000.0,-27812000.0,-11794000.0,-242239000.0,15000.0,-223726000.0,-223726000.0,-223726000.0,1246000.0,0.0,-1.267,136842000.0,-205347000.0,108805000,-0.441,-10.679,15.08,17.34,610469000,0.0,16.3,0.963,0.963,71253000,-335617000,176550000.0,176550000.0,0.0,,,,,7338000.0,136842000.0,1.0,183418345,183418345.0,,0.963,1438575000,172842000,-14547000.0,362413000,7.843,40310000
4,HRB,ARQ,2020-06-30,2020-09-03,2020-07-31,2021-09-07,-34037000,4997436000,,2997345000,2000091000,,0.701,-8311000.0,2806585000,2806585000,315036000.0,91259000.0,3.913,35.942,4002992000,209556000,3793436000,4002992000,318887000,39508000.0,0,0.069,0.26,153870000.0,193378000.0,0.322,193378000.0,153870000.0,121745000.0,0.47,0.47,0.47,135277000,,135277000,4097600004,10.0,6.899,-28811000.0,-0.149,1.0,285994000.0,0.476,1124313000,32125000.0,4303572000,,0,0,0,0,4862159000,765958000,4096201000,2901193004,-66435000.0,14137000.0,-1766000.0,0.0,-50044000.0,-56720000.0,4380000.0,-128000.0,-20500000.0,6405000.0,91259000.0,91259000.0,91259000.0,2297000.0,0.0,0.152,133038000.0,152956000.0,128690000,0.553,21.446,12.399,12.855,661025000,0.0,15.04,0.939,0.939,97222000,82933000,601030000.0,601030000.0,0.0,,,,,7597000.0,133038000.0,1.0,192898471,192898471.0,,3.116,3873123000,153274000,30486000.0,342244000,20.079,2231387000
5,HRB,ARQ,2020-03-31,2020-06-17,2020-04-30,2021-09-07,-51576000,5112047000,,3086736000,2025311000,,0.369,-15175000.0,2873020000,2873020000,767157000.0,460403000.0,1.959,70.959,4003360000,844921000,3158439000,4003360000,325911000,44127000.0,0,0.064,0.26,666431000.0,710558000.0,0.393,710558000.0,666431000.0,639019000.0,2.32,2.32,2.32,71041000,,71041000,4271537027,54.0,17.184,1561577000.0,8.113,1.0,1042195000.0,0.576,1127114000,27412000.0,3539657000,,0,0,0,0,5041006000,1575616000,3465390000,3141197027,2511233000.0,25355000.0,-14000.0,965000000.0,-50043000.0,919936000.0,19471000.0,-2374000.0,1576752000.0,-4926000.0,460403000.0,460403000.0,460403000.0,3057000.0,0.0,0.254,374603000.0,667592000.0,203103000,0.112,44.217,-417.379,-408.0,679155000,0.0,16.32,1.19,1.19,133197000,42965000,1809352000.0,1809352000.0,0.0,,,,,5346000.0,268603000.0,1.0,192475308,192475308.0,,9.4,3984933000,151195000,178616000.0,392257000,20.704,1511120000
6,HRB,ARQ,2019-12-31,2020-03-09,2020-01-31,2021-09-07,-25391000,3452430000,,1301962000,2150468000,,-1.654,-23656000.0,361787000,361787000,462521000.0,-129683000.0,0.973,-11.844,3006800000,836912000,2169888000,3006800000,280588000,44147000.0,0,0.051,0.0,-152382000.0,-108235000.0,-0.208,-108235000.0,-152382000.0,-178687000.0,-0.67,-0.67,-0.67,-318379000,,-318379000,6517615714,12.0,8.95,-798131000.0,-4.147,1.0,56684000.0,0.109,1271904000,26305000.0,3487918000,,0,0,0,0,3770809000,1337621000,2433188000,3872602714,-59857000.0,-26655000.0,-64971000.0,900000000.0,-50764000.0,788673000.0,-72643000.0,-16869000.0,-774475000.0,-1412000.0,-129683000.0,-129683000.0,-129683000.0,1657000.0,0.0,-0.25,209288000.0,-152604000.0,156766000,0.0,-12.163,9.446,10.589,661346000,0.0,20.12,1.224,1.224,819946000,-367218000,519205000.0,519205000.0,0.0,,,,,6605000.0,209288000.0,1.0,192475284,192475284.0,,2.698,2180526000,134901000,-49004000.0,209196000,11.329,-35659000
7,HRB,ARQ,2019-09-30,2019-12-06,2019-10-31,2021-09-07,-21817000,2756741000,,601412000,2155329000,,-0.388,-27673000.0,421644000,421644000,253206000.0,-187999000.0,0.476,-37.394,2118538000,811548000,1306990000,2118538000,258422000,42657000.0,0,0.044,0.52,-244445000.0,-201788000.0,-1.255,-201788000.0,-244445000.0,-265751000.0,-0.95,-0.95,-0.95,-75747000,,-75747000,6285175611,11.0,8.516,-237160000.0,-1.215,1.0,-92405000.0,-0.575,1240708000,21306000.0,1948970000,,0,0,0,0,2832488000,1263957000,1568531000,4588281611,-343810000.0,-17259000.0,-153904000.0,135000000.0,-51551000.0,-76568000.0,-58252000.0,-13215000.0,-209487000.0,497000.0,-187999000.0,-187999000.0,-187999000.0,4445000.0,0.0,-1.169,150334000.0,-242739000.0,111439000,-0.547,-60.574,11.104,12.051,682185000,0.0,23.5,1.474,1.474,74710000,-122535000,160801000.0,160801000.0,0.0,,,,,9420000.0,150334000.0,1.0,195246026,195246026.0,,0.824,1516033000,145807000,-77752000.0,286487000,7.765,-662545000
8,HRB,ARQ,2019-06-30,2019-09-06,2019-07-31,2021-09-07,-22736000,3110000000,,946705000,2163295000,,1.449,-15181000.0,765454000,765454000,229392000.0,-150247000.0,1.292,9.694,1972462000,186355000,1786107000,1972462000,293770000,38605000.0,0,0.042,0.26,-190566000.0,-151961000.0,-1.011,-151961000.0,-190566000.0,-211637000.0,-0.74,-0.74,-0.74,290804000,,290804000,6052390104,10.0,7.909,-499010000.0,-2.486,1.0,-79030000.0,-0.526,1240669000,21071000.0,2343370000,,0,0,0,0,2819196000,732969000,2086227000,4845382104,-942273000.0,-391764000.0,-35250000.0,0.0,-52512000.0,-100193000.0,-358807000.0,-2806000.0,-483829000.0,556000.0,-150247000.0,-150247000.0,-150247000.0,4523000.0,0.0,-0.999,116136000.0,-195166000.0,122156000,-0.351,16.662,11.403,11.833,685826000,0.0,24.14,1.563,1.563,76128000,250740000,150362000.0,150362000.0,0.0,,,,,6674000.0,116136000.0,1.0,200720054,200720054.0,,0.749,1869331000,142416000,-61390000.0,382642000,9.313,213736000
9,HRB,ARQ,2019-03-31,2019-06-14,2019-04-30,2021-09-07,-20416000,3299945000,,1993359000,1306586000,,2.681,-15508000.0,1707727000,1707727000,863521000.0,877909000.0,2.16,5.094,1492629000,0,1492629000,1492629000,349858000,40682000.0,0,0.035,0.25,1149556000.0,1190238000.0,0.51,1190238000.0,1149556000.0,1127719000.0,4.26,4.25,4.26,541527000,,541527000,5579141544,9.0,7.188,1938486000.0,9.598,1.0,1468922000.0,0.63,862430000,21837000.0,1299416000,,0,0,0,0,2758418000,923001000,1835417000,5794239544,1402598000.0,31462000.0,-87755000.0,-385000000.0,-50595000.0,-514078000.0,-35872000.0,-18196000.0,1953994000.0,-1446000.0,877909000.0,877909000.0,877909000.0,6860000.0,0.0,0.376,317650000.0,1151272000.0,249525000,0.059,10.7,13.714,13.995,212092000,0.0,28.69,1.872,1.872,138965000,499386000,2332443000.0,2332443000.0,0.0,,,,,5758000.0,317650000.0,1.0,201960249,201960249.0,,11.549,2437515000,141979000,249810000.0,469879000,12.069,1070358000
10,HRB,ARQ,2018-12-31,2019-03-08,2019-01-31,2021-09-07,-17642000,2568806000,,1234652000,1334154000,,-1.051,-13560000.0,305129000,305129000,421026000.0,-126454000.0,2.101,-13.027,1876989000,0,1876989000,1876989000,299179000,44088000.0,0,0.04,0.0,-142506000.0,-98418000.0,-0.21,-98418000.0,-142506000.0,-165339000.0,-0.62,-0.62,-0.62,-213591000,,-213591000,6644023294,9.0,7.528,-733325000.0,-3.607,1.0,47358000.0,0.101,876957000,22833000.0,2676063000,,0,0,0,0,2782397000,587646000,2194751000,5072163294,-418177000.0,-17879000.0,725000.0,385000000.0,-51382000.0,336651000.0,-36055000.0,-4500000.0,-719765000.0,992000.0,-126454000.0,-126454000.0,-126454000.0,6675000.0,0.0,-0.27,185458000.0,-138100000.0,202101000,0.0,-23.747,7.377,7.677,220505000,0.0,24.95,1.608,1.608,758217000,-254277000,468384000.0,468384000.0,0.0,,,,,6170000.0,185458000.0,1.0,203293118,203293118.0,,2.304,1691849000,177852000,-38885000.0,263226000,8.322,647006000
11,HRB,ARQ,2018-09-30,2018-12-07,2018-10-31,2021-09-07,-18880000,2233296000,,891002000,1342294000,,-0.152,-54365000.0,723306000,723306000,250815000.0,-176276000.0,2.045,-72.294,1491328000,0,1491328000,1491328000,285448000,41493000.0,0,0.037,0.5,-216138000.0,-174645000.0,-1.173,-174645000.0,-216138000.0,-237329000.0,-0.86,-0.86,-0.86,-31325000,,-31325000,6325494118,8.0,6.798,-306493000.0,-1.491,1.0,-101944000.0,-0.685,871715000,21191000.0,1693882000,,0,0,0,0,2264621000,435721000,1828900000,5557472118,-387186000.0,-23100000.0,-40000.0,0.0,-51380000.0,-56360000.0,-76642000.0,-525000.0,-252128000.0,-2056000.0,-176276000.0,-176276000.0,-176276000.0,5339000.0,0.0,-1.184,113319000.0,-215263000.0,114393000,-0.581,-177.413,9.778,10.052,241772000,0.0,27.04,1.75,1.75,61286000,-64291000,148871000.0,148871000.0,0.0,,,,,7480000.0,113319000.0,1.0,205527815,205527815.0,,0.724,1361581000,149732000,-61053000.0,330056000,6.625,455281000
12,HRB,ARQ,2018-06-30,2018-09-07,2018-07-31,2021-09-07,-16034000,2605038000,,1282123000,1322915000,,0.934,-12057000.0,1110492000,1110492000,221560000.0,-152670000.0,2.273,12.567,1496044000,1038000,1495006000,1496044000,324441000,40432000.0,0,0.037,0.25,-181448000.0,-141016000.0,-0.971,-141016000.0,-181448000.0,-202638000.0,-0.74,-0.74,-0.74,192009000,,192009000,5764031859,8.0,6.2,-387620000.0,-1.886,1.0,-76377000.0,-0.526,862772000,21190000.0,1563822000,,0,0,0,0,2413029000,563996000,1849033000,5378479859,-553186000.0,-1449000.0,-100310000.0,0.0,-52104000.0,-169908000.0,-6562000.0,3299000.0,-375563000.0,-1153000.0,-152670000.0,-152670000.0,-152670000.0,3873000.0,0.0,-1.052,105740000.0,-182117000.0,145471000,-0.338,28.012,9.1,9.313,227003000,0.0,26.17,1.698,1.698,70576000,163567000,145183000.0,145183000.0,0.0,,,,,4359000.0,105740000.0,1.0,205520820,205520820.0,,0.706,1742266000,147459000,-49968000.0,409605000,8.477,718127000
13,HRB,ARQ,2018-03-31,2018-06-15,2018-04-30,2021-09-07,-14303000,3140949000,,1891713000,1249236000,,1.881,-20718000.0,1663678000,1663678000,855394000.0,1142927000.0,2.242,6.978,1495635000,1026000,1494609000,1495635000,365649000,46417000.0,0,0.041,0.24,1250254000.0,1296671000.0,0.542,1296671000.0,1250254000.0,1227984000.0,5.47,5.45,5.47,393711000,,393711000,4782937587,6.0,5.156,2186986000.0,10.451,1.0,1537455000.0,0.643,881852000,22270000.0,1247403000,,0,0,0,0,2747238000,843651000,1903587000,4950980587,1393279000.0,-3142000.0,-1329000.0,-790000000.0,-50211000.0,-822006000.0,10516000.0,24483000.0,2207704000.0,-2935000.0,1142927000.0,1142927000.0,1142927000.0,3037000.0,0.0,0.478,286959000.0,1250496000.0,251975000,0.044,12.575,8.075,8.075,231888000,0.0,23.66,1.567,1.567,146774000,362980000,2392849000.0,2392849000.0,0.0,,,,,4889000.0,286959000.0,1.0,209255308,209255308.0,,11.435,2259097000,46405000,85057000.0,492480000,10.796,1048062000
14,HRB,ARQ,2017-12-31,2018-03-08,2018-01-31,2021-09-07,-9374000,2561300000,,1284141000,1277159000,,-3.337,-21115000.0,270399000,270399000,416601000.0,-245645000.0,1.927,-4.669,2285246000,1015000,2284231000,2285246000,309214000,48488000.0,0,0.034,0.0,-98965000.0,-50477000.0,-0.103,-50477000.0,-98965000.0,-123525000.0,-1.18,-1.18,-1.18,-698069000,,-698069000,7803472538,11.0,8.551,-730359000.0,-3.491,1.0,71825000.0,0.147,895782000,24560000.0,3013837000,,0,0,0,0,3259369000,666528000,2592841000,5788625538,-11263000.0,-11875000.0,581000.0,790000000.0,-50176000.0,738200000.0,-43158000.0,-6218000.0,-709244000.0,2939000.0,-245645000.0,-245645000.0,-245645000.0,2720000.0,0.0,-0.503,169098000.0,-97273000.0,163653000,0.0,-8.292,22.828,24.705,249911000,0.0,27.67,1.87,1.87,791618000,-729578000,488426000.0,488426000.0,0.0,,,,,5438000.0,169098000.0,1.0,209202224,209202224.0,,2.335,1665518000,98080000,122120000.0,365630000,7.961,617613000
15,HRB,ARQ,2017-09-30,2017-12-07,2017-10-31,2021-09-07,-14222000,1716561000,,444616000,1271945000,,-1.974,-43656000.0,281662000,281662000,240019000.0,-153566000.0,1.131,-5.159,1494832000,1004000,1493828000,1494832000,294827000,44792000.0,0,0.034,0.48,-220254000.0,-175462000.0,-1.246,-175462000.0,-220254000.0,-241519000.0,-0.74,-0.74,-0.74,-412773000,,-412773000,6939567582,10.0,7.884,-282998000.0,-1.354,1.0,-99165000.0,-0.704,899499000,21265000.0,1637055000,,0,0,0,0,2129334000,393177000,1736157000,5726397582,-386498000.0,-26082000.0,31000.0,0.0,-50177000.0,-79408000.0,-66452000.0,-817000.0,-239342000.0,-1296000.0,-153566000.0,-153566000.0,-153566000.0,5254000.0,0.0,-1.09,116846000.0,-216011000.0,114875000,-0.649,-13.873,14.508,15.217,262226000,0.0,27.39,1.872,1.872,77750000,-433556000,140854000.0,140854000.0,0.0,,,,,6811000.0,116846000.0,1.0,209068915,209068915.0,,0.674,817062000,9205000,-87953000.0,181903000,3.908,51439000
16,HRB,ARQ,2017-06-30,2017-09-01,2017-07-31,2021-09-07,-12837000,2132248000,,833940000,1298308000,,-1.025,-13094000.0,668160000,668160000,227715000.0,-130567000.0,1.483,-10.949,1494414000,992000,1493422000,1494414000,319206000,43598000.0,0,0.034,0.24,-186691000.0,-143093000.0,-1.038,-143093000.0,-186691000.0,-207968000.0,-0.63,-0.63,-0.63,-214328000,,-214328000,6422789049,9.0,6.876,-422209000.0,-2.02,1.0,-89913000.0,-0.652,887963000,21277000.0,1508033000,,0,0,0,0,2346576000,562506000,1784070000,5596535049,-449379000.0,-1440000.0,19910000.0,0.0,-49905000.0,-27450000.0,-12963000.0,200000.0,-409115000.0,149000.0,-130567000.0,-130567000.0,-130567000.0,2749000.0,0.0,-0.947,95249000.0,-185162000.0,161751000,-0.381,-26.112,13.92,14.392,253255000,0.0,26.77,1.836,1.836,91004000,-229647000,137802000.0,137802000.0,0.0,,,,,4816000.0,95249000.0,1.0,209059957,209059957.0,,0.659,1244285000,54348000,-77401000.0,336142000,5.952,271434000
17,HRB,ARQ,2017-03-31,2017-06-16,2017-04-30,2021-09-07,-15299000,2694108000,,1346039000,1348069000,,-0.294,-15331000.0,1117539000,1117539000,818812000.0,783352000.0,1.433,-45.251,1493998000,981000,1493017000,1493998000,352825000,49976000.0,0,0.022,0.22,1231610000.0,1281586000.0,0.551,1281586000.0,1231610000.0,1208685000.0,3.67,3.66,3.67,-60883000,,-60883000,6575228919,9.0,7.368,1910679000.0,9.222,1.0,1509103000.0,0.648,900571000,22925000.0,1230716000,,0,0,0,0,2754991000,939280000,1815711000,6198769919,790159000.0,-1991000.0,-100000.0,-1100000000.0,-45578000.0,-1168881000.0,34577000.0,38936000.0,1926010000.0,-1547000.0,783352000.0,783352000.0,783352000.0,3218000.0,0.0,0.337,275581000.0,1233522000.0,217028000,0.06,-101.814,15.158,15.583,263827000,0.0,29.92,2.042,2.042,162775000,-48206000,2327915000.0,2327915000.0,0.0,,,,,2340000.0,275581000.0,1.0,207178139,207178139.0,,11.236,1793537000,83728000,425333000.0,507284000,8.657,406759000
18,HRB,ARQ,2016-12-31,2017-03-08,2017-01-31,2021-09-07,-15363000,2577631000,,1202834000,1374797000,,-3.866,-29006000.0,291338000,291338000,388777000.0,-104514000.0,2.169,-4.219,2593564000,942000,2592622000,2593564000,305247000,45160000.0,0,0.036,0.0,-127960000.0,-82800000.0,-0.183,-82800000.0,-127960000.0,-153900000.0,-0.5,-0.5,-0.5,-800816000,,-800816000,7261811473,11.0,7.666,-679126000.0,-3.278,1.0,63105000.0,0.14,918040000,25940000.0,3407180000,,0,0,0,0,3378447000,554637000,2823810000,4959585473,-11338000.0,-16674000.0,-106498000.0,625000000.0,-45566000.0,517043000.0,120533000.0,175404000.0,-650120000.0,1206000.0,-104514000.0,-104514000.0,-104514000.0,3302000.0,0.0,-0.231,187897000.0,-124792000.0,239085000,0.0,-6.193,15.202,23.243,282358000,0.0,23.94,1.65,1.65,787865000,-785823000,451882000.0,451882000.0,0.0,,,,,4473000.0,187897000.0,1.0,207167313,207167313.0,,2.181,1659591000,109671000,-49386000.0,117094000,8.011,648197000
19,HRB,ARQ,2016-09-30,2016-12-08,2016-10-31,2021-09-07,-17122000,2082178000,,703474000,1378704000,,-2.692,-38672000.0,342048000,342048000,225702000.0,-146220000.0,1.618,-4.735,1968109000,903000,1967206000,1968109000,304593000,87032000.0,0,0.038,0.44,-208654000.0,-121622000.0,-0.926,-121622000.0,-208654000.0,-231274000.0,-0.68,-0.68,-0.68,-557471000,,-557471000,6346253168,10.0,7.019,-288794000.0,-1.394,1.0,-94370000.0,-0.719,910495000,22620000.0,2362887000,,0,183107000,183107000,0,2639649000,434857000,2204792000,4720192168,-74361000.0,-34516000.0,-170208000.0,475000000.0,-47457000.0,238380000.0,-60869000.0,8203000.0,-250122000.0,-1750000.0,-146220000.0,-146220000.0,-146220000.0,2805000.0,0.0,-1.113,113652000.0,-208022000.0,139808000,-0.647,-8.467,13.523,19.314,293060000,0.0,22.79,1.559,1.559,104764000,-538242000,131332000.0,131332000.0,0.0,,,,,12472000.0,113652000.0,1.0,207116813,207116813.0,,0.634,1171683000,81755000,-85054000.0,186385000,5.657,268617000
20,HRB,ARQ,2016-06-30,2016-09-01,2016-07-31,2021-09-07,-14804000,2163542000,,608373000,1555169000,,-0.912,-6246000.0,428896000,428896000,211086000.0,-123673000.0,0.999,-11.828,1492654000,864000,1491790000,1492654000,336995000,0.0,0,0.038,0.0,-184730000.0,-184730000.0,-1.476,-184730000.0,-184730000.0,-206196000.0,-0.56,-0.56,-0.56,-199807000,,-199807000,5789603673,9.0,7.24,-481921000.0,-2.2,1.0,-85901000.0,-0.686,890851000,21466000.0,1727290000,,0,193498000,1123000,192375000,2363349000,609159000,1754190000,4725845673,-589930000.0,-1635000.0,-43673000.0,0.0,-48514000.0,-116966000.0,5078000.0,12739000.0,-475675000.0,-2367000.0,-123673000.0,-123673000.0,-123673000.0,2647000.0,0.0,-0.988,98823000.0,-184724000.0,157085000,0.0,-23.652,13.493,16.466,284114000,0.0,21.57,1.562,1.562,103425000,-180631000,125185000.0,125185000.0,0.0,,,,,0.0,98823000.0,1.0,219093448,219093448.0,,0.571,1272691000,90498000,-82523000.0,333099000,5.809,-786000
21,HRB,ARQ,2016-03-31,2016-06-17,2016-04-30,2021-09-07,-11233000,2857775000,,1222298000,1635477000,,0.105,-33505000.0,1000911000,1000911000,853130000.0,700662000.0,1.176,122.697,1502751000,826000,1501925000,1502751000,403835000,173598000.0,0,0.035,0.22,1162877000.0,1336475000.0,0.582,1336475000.0,1162877000.0,1140244000.0,2.77,2.76,2.77,23103000,,23103000,5622250708,9.0,7.004,1925838000.0,8.733,1.0,1444347000.0,0.629,904642000,22633000.0,1415368000,,0,203518000,1133000,202385000,2834672000,1039605000,1795067000,5120410708,707290000.0,-3447000.0,-129771000.0,-1125000000.0,-44158000.0,-1273533000.0,15474000.0,40478000.0,1959343000.0,6006000.0,700662000.0,700662000.0,700662000.0,563000.0,0.0,0.305,283498000.0,1160849000.0,259586000,0.079,221.634,13.681,15.48,293565000,0.0,23.22,1.685,1.685,153116000,40347000,2297477000.0,2297477000.0,0.0,,,,,23540000.0,283498000.0,1.0,220517257,220517257.0,,10.419,1953133000,120123000,439582000.0,506714000,8.857,182693000
22,HRB,ARQ,2015-12-31,2016-03-11,2016-01-31,2021-09-07,-20849000,2874046000,,1220659000,1653387000,,-2.392,-27639000.0,259160000,259160000,392513000.0,-81729000.0,2.072,-6.355,2627750000,817000,2626933000,2627750000,357284000,0.0,0,0.028,0.2,-126007000.0,-126007000.0,-0.266,-126007000.0,-126007000.0,-149580000.0,-0.35,-0.35,-0.35,-536734000,,-536734000,8690097865,13.0,10.353,-851875000.0,-3.796,1.0,82030000.0,0.173,917150000,23573000.0,3736454000,,0,213251000,1145000,212106000,3410780000,589032000,2821748000,6321507865,-171170000.0,-23483000.0,-361881000.0,1125000000.0,-47192000.0,709775000.0,-51039000.0,3442000.0,-824236000.0,-5670000.0,-81729000.0,-81729000.0,-81729000.0,3080000.0,0.0,-0.172,201872000.0,-119842000.0,205981000,-0.571,-11.778,15.327,19.699,290202000,0.0,28.17,2.078,2.078,829774000,-510000000,474543000.0,474543000.0,0.0,,,,,0.0,201872000.0,1.0,224405675,224405675.0,,2.115,1956896000,143298000,-67851000.0,96476000,8.72,631627000
23,HRB,ARQ,2015-09-30,2015-12-09,2015-10-31,2021-09-07,-16208000,2289897000,,726708000,1563189000,,-0.115,-30090000.0,403462000,403462000,226401000.0,-145007000.0,1.283,-85.055,1502746000,808000,1501938000,1502746000,427541000,0.0,0,0.024,0.2,-226027000.0,-226027000.0,-1.76,-226027000.0,-226027000.0,-240208000.0,-0.55,-0.55,-0.55,-27243000,,-27243000,8805410151,12.0,9.984,-254557000.0,-1.079,1.0,-97986000.0,-0.763,908292000,14181000.0,1914341000,,0,222787000,2116000,220671000,2317140000,566548000,1750592000,7706126151,-938701000.0,-49575000.0,-1496170000.0,996831000.0,-55275000.0,-1047222000.0,332986000.0,408967000.0,-224467000.0,2000.0,-145007000.0,-145007000.0,-145007000.0,2489000.0,0.0,-1.129,135847000.0,-233833000.0,141070000,-0.364,-282.866,16.854,19.794,298602000,0.0,32.66,2.505,2.505,94760000,3573000,128415000.0,128415000.0,0.0,,,,,0.0,135847000.0,1.0,235949974,235949974.0,,0.544,1381605000,157176000,-95201000.0,208271000,5.855,160160000
24,HRB,ARQ,2015-06-30,2015-09-04,2015-07-31,2021-09-07,-8234000,3632691000,,2111359000,1521332000,,6.041,-8689000.0,1360422000,1360422000,213508000.0,-99659000.0,1.774,1.176,505996000,799000,505197000,505996000,447090000,0.0,476732000,0.028,0.2,-181688000.0,-181688000.0,-1.319,-181688000.0,-181688000.0,-190263000.0,-0.36,-0.36,-0.36,1669427000,,1669427000,8901078682,12.0,9.649,-386935000.0,-1.4,1.0,-75790000.0,-0.55,871403000,8575000.0,716608000,,0,636490000,406360000,230130000,1963264000,1190254000,773010000,9755504682,-707808000.0,-12271000.0,-4741000.0,0.0,-55063000.0,-350749000.0,32094000.0,49492000.0,-378246000.0,-10907000.0,-99659000.0,-99659000.0,-99659000.0,3154000.0,0.0,-0.724,98192000.0,-173982000.0,116855000,-0.556,5.844,19.9,19.721,297321000,0.0,35.3,3.165,3.165,103194000,1679234000,137718000.0,137718000.0,0.0,,,,,0.0,98192000.0,1.0,276359906,276359906.0,,0.498,2761288000,171767000,-90604000.0,383144000,9.992,921105000
25,HRB,ARQ,2015-03-31,2015-06-17,2015-04-30,2021-09-07,1740000,4515420000,,2951301000,1564119000,,6.658,-24282000.0,2099162000,2099162000,816389000.0,738841000.0,1.571,1.463,506088000,790000,505298000,506088000,478806000,159804000.0,744241000,0.026,0.4,1213327000.0,1373131000.0,0.597,1373131000.0,1213327000.0,1204767000.0,2.69,2.68,2.69,1832949000,,1832949000,6734357629,9.0,7.204,1849526000.0,6.719,1.0,1484981000.0,0.645,873973000,8560000.0,170084000,,0,678963000,439625000,239338000,2682471000,1878289000,804182000,8327431629,686056000.0,-1089000.0,-9953000.0,-591486000.0,-55055000.0,-1177081000.0,-16234000.0,-6038000.0,1873808000.0,5563000.0,738841000.0,738841000.0,738841000.0,5292000.0,0.0,0.321,269376000.0,1215605000.0,231322000,0.149,4.543,17.581,17.587,311387000,0.0,30.25,2.705,2.705,167964000,1836442000,2301370000.0,2301370000.0,0.0,,,,,26068000.0,269376000.0,1.0,275286996,275286996.0,,8.36,3641447000,187728000,465926000.0,577270000,13.228,1073012000
26,HRB,ARQ,2014-12-31,2015-03-05,2015-01-31,2021-09-07,-1263000,4378941000,,2778319000,1600622000,,4.165,-27949000.0,1372219000,1372219000,394678000.0,-36948000.0,1.124,2.82,1097727000,592267000,505460000,1097727000,0,0.0,1286216000,0.025,0.0,-83454000.0,-83454000.0,-0.164,-83454000.0,-83454000.0,-92502000.0,-0.13,-0.13,-0.13,1146385000,,1146385000,8536201185,8.0,7.6,-647572000.0,-2.353,1.0,114396000.0,0.225,886290000,9048000.0,747055000,,0,621391000,367845000,253546000,3232556000,2471104000,761452000,8810693185,693644000.0,-17933000.0,1549000.0,591486000.0,-55034000.0,1376576000.0,-51976000.0,-1588000.0,-619623000.0,-11333000.0,-36948000.0,-36948000.0,-36948000.0,1637000.0,0.0,-0.073,189547000.0,-75151000.0,472490000,0.0,7.686,13.664,13.564,308805000,0.0,32.01,2.638,2.638,777453000,1158376000,509074000.0,509074000.0,0.0,,,,,0.0,189547000.0,1.0,275248147,275248147.0,,1.85,3492651000,0,-55554000.0,1619000,12.689,307215000
27,HRB,ARQ,2014-09-30,2014-12-09,2014-10-31,2021-09-07,6577000,3091290000,,1457381000,1633909000,,4.502,-45086000.0,683033000,683033000,221697000.0,-111998000.0,1.355,1.496,506360000,772000,505588000,506360000,0,0.0,454860000,0.025,0.4,-185501000.0,-185501000.0,-1.378,-185501000.0,-185501000.0,-199344000.0,-0.41,-0.41,-0.41,1238676000,,1238676000,8722265165,12.0,10.18,-291078000.0,-1.058,1.0,-87069000.0,-0.647,878227000,13843000.0,960713000,,0,642046000,381180000,260866000,1852614000,1075677000,776937000,8898938165,-801999000.0,-53697000.0,1109000.0,-400000000.0,-55019000.0,-496893000.0,-54388000.0,37840000.0,-245992000.0,-4726000.0,-111998000.0,-111998000.0,-111998000.0,-1229000.0,0.0,-0.832,97379000.0,-184448000.0,436830000,-0.976,7.184,19.053,18.912,318225000,0.0,32.34,2.936,2.936,107705000,1250465000,134628000.0,134628000.0,0.0,,,,,0.0,97379000.0,1.0,275168156,275168156.0,,0.489,2213063000,0,-87346000.0,147000000,8.043,381704000
28,HRB,ARQ,2014-06-30,2014-09-04,2014-07-31,2021-09-07,5483000,3890819000,,2292161000,1598658000,,5.079,-25841000.0,1501406000,1501406000,211521000.0,-116232000.0,1.361,1.785,906419000,400705000,505714000,906419000,0,0.0,482975000,0.024,0.0,-183197000.0,-183197000.0,-1.371,-183197000.0,-183197000.0,-183197000.0,-0.42,-0.42,-0.42,1397200000,,1397200000,8430663010,11.0,9.792,-407426000.0,-1.481,1.0,-77935000.0,-0.583,826735000,0.0,785178000,,0,667795000,403774000,264021000,2493619000,1683919000,809700000,9025650010,-755818000.0,-40533000.0,13368000.0,0.0,-54852000.0,-348409000.0,-26334000.0,35910000.0,-381585000.0,510000.0,-116232000.0,-116232000.0,-116232000.0,7381000.0,0.0,-0.87,97200000.0,-175135000.0,485205000,0.0,6.46,19.037,18.965,314531000,0.0,32.81,2.978,2.978,122315000,1418124000,133586000.0,133586000.0,0.0,,,,,0.0,97200000.0,1.0,275088388,275088388.0,,0.486,3064084000,0,-66965000.0,284038000,11.139,608242000
29,HRB,ARQ,2014-03-31,2014-06-19,2014-04-30,2021-09-07,5177000,4693529000,,3114006000,1579523000,,5.676,-21357000.0,2300626000,2300626000,833202000.0,909998000.0,1.346,2.015,906474000,400637000,505837000,906474000,0,115604000.0,769785000,0.024,0.4,1459662000.0,1575266000.0,0.615,1575266000.0,1459662000.0,1459662000.0,3.32,3.31,3.32,1556549000,,1556549000,7735542082,10.0,9.018,1908546000.0,6.959,1.0,1729788000.0,0.675,791739000,0.0,194522000,,0,696252000,423495000,272757000,3136980000,2313116000,823864000,9129694082,1747903000.0,-29621000.0,104000.0,-194984000.0,-54846000.0,-262997000.0,78599000.0,113349000.0,1929903000.0,2398000.0,909998000.0,909998000.0,909998000.0,19135000.0,0.0,0.355,268191000.0,1461597000.0,569007000,0.12,5.865,19.214,19.243,304911000,0.0,33.29,3.019,3.019,191618000,1589297000,2562990000.0,2562990000.0,0.0,,,,,20058000.0,268191000.0,1.0,274247344,274247344.0,,9.346,3901790000,0,549664000.0,406655000,14.227,800890000
30,HRB,ARQ,2013-12-31,2014-03-06,2014-01-31,2021-09-07,-4776000,3515287000,,1504711000,2010576000,,2.504,-38728000.0,482259000,482259000,363537000.0,-214711000.0,0.732,4.119,1101513000,595554000,505959000,1101513000,0,0.0,806887000,0.026,0.0,-349785000.0,-349785000.0,-1.751,-349785000.0,-349785000.0,-349785000.0,-0.78,-0.78,-0.78,686759000,,686759000,9109025323,23.0,18.97,-666677000.0,-2.431,1.0,-163767000.0,-0.82,756105000,0.0,1323916000,,0,725919000,0,725919000,2828528000,2054520000,774008000,8489771323,-353368000.0,-16938000.0,2829000.0,194984000.0,-54810000.0,290603000.0,-3877000.0,54817000.0,-627949000.0,-12145000.0,-214711000.0,-214711000.0,-214711000.0,1960000.0,0.0,-1.075,174448000.0,-338215000.0,520121000,0.0,12.362,36.993,36.857,314565000,0.0,30.96,3.19,3.19,677221000,734233000,199770000.0,199770000.0,0.0,,,,,0.0,174448000.0,1.0,274217420,274217420.0,,0.729,2759182000,0,-135074000.0,23375000,10.062,-549809000
31,HRB,ARQ,2013-09-30,2013-12-10,2013-10-31,2021-09-07,1463000,3274513000,,1195654000,2078859000,,3.485,-52540000.0,838293000,838293000,220864000.0,-104943000.0,0.773,2.429,906581000,400503000,506078000,906581000,0,0.0,655129000,0.028,0.4,-181290000.0,-181290000.0,-1.349,-181290000.0,-181290000.0,-181290000.0,-0.39,-0.39,-0.39,954975000,,954975000,7960820662,12.0,10.862,-226171000.0,-0.825,1.0,-86524000.0,-0.644,739025000,0.0,1057091000,,0,761251000,0,761251000,2319538000,1546685000,772853000,7892532662,-373104000.0,-20927000.0,1455000.0,0.0,-54774000.0,-163281000.0,-34942000.0,29449000.0,-173631000.0,-1250000.0,-104943000.0,-104943000.0,-104943000.0,1928000.0,0.0,-0.781,94092000.0,-180616000.0,426994000,-1.026,8.265,18.505,18.581,311157000,0.0,28.8,2.69,2.69,131701000,1003842000,134340000.0,134340000.0,0.0,,,,,0.0,94092000.0,1.0,274046273,274046273.0,,0.49,2535488000,0,-76347000.0,22475000,9.252,-351031000
32,HRB,ARQ,2013-06-30,2013-09-05,2013-07-31,2021-09-07,-257000,3762888000,,1704932000,2057956000,,4.036,-34386000.0,1219353000,1219353000,210053000.0,-115187000.0,1.175,2.404,906632000,730000,905902000,906632000,0,0.0,757929000,0.03,0.0,-186411000.0,-186411000.0,-1.466,-186411000.0,-186411000.0,-186411000.0,-0.42,-0.42,-0.42,1105315000,,1105315000,7092550230,11.0,9.484,-353128000.0,-1.289,1.0,-82858000.0,-0.651,716122000,0.0,1283561000,,0,804322000,7608000,796714000,2657573000,1450484000,1207089000,7405271230,-583708000.0,0.0,17752000.0,0.0,-54550000.0,-229255000.0,-29090000.0,-883000.0,-318742000.0,-6621000.0,-115187000.0,-115187000.0,-115187000.0,1917000.0,0.0,-0.906,96697000.0,-179555000.0,443065000,0.0,6.7,17.375,17.445,286584000,0.0,27.04,2.522,2.522,121309000,1163651000,127195000.0,127195000.0,0.0,,,,,0.0,96697000.0,1.0,273863581,273863581.0,,0.464,3046766000,0,-71224000.0,215834000,11.125,254448000
33,HRB,ARQ,2013-03-31,2013-06-26,2013-04-30,2021-09-07,10550000,4537779000,,2462343000,2075436000,,4.633,-17176000.0,1865421000,1865421000,821735000.0,664340000.0,1.224,2.591,906680000,722000,905958000,906680000,0,92407000.0,936464000,0.028,0.4,1105254000.0,1197661000.0,0.544,1197661000.0,1105254000.0,1105254000.0,2.43,2.42,2.43,1263547000,,1263547000,6775058424,10.0,8.877,1791858000.0,6.571,1.0,1378477000.0,0.627,719221000,0.0,847612000,,0,825665000,0,825665000,3274232000,2012205000,1262027000,7733799424,1329199000.0,2493000.0,13495000.0,-424967000.0,-54509000.0,-551251000.0,69379000.0,-2479000.0,1809034000.0,2037000.0,664340000.0,664340000.0,664340000.0,24582000.0,0.0,0.302,251667000.0,1126810000.0,523921000,0.165,6.121,17.822,17.836,267880000,0.0,28.36,2.661,2.661,206835000,1333445000,2200212000.0,2200212000.0,0.0,,,,,15293000.0,251667000.0,1.0,272700967,272700967.0,,8.068,3818558000,0,440914000.0,416128000,14.003,450138000
34,HRB,ARQ,2012-12-31,2013-03-07,2013-01-31,2021-09-07,9055000,3932496000,,1736549000,2195947000,,2.338,-35343000.0,456343000,456343000,377618000.0,-17708000.0,0.842,5.194,1331692000,425680000,906012000,1331692000,0,0.0,1036968000,0.032,0.0,-97061000.0,-97061000.0,-0.206,-97061000.0,-97061000.0,-97061000.0,-0.07,-0.07,-0.07,634888000,,634888000,7677882066,14.0,11.901,-780233000.0,-2.873,1.0,94361000.0,0.2,706779000,0.0,2037872000,,0,754199000,0,754199000,3297608000,2063194000,1234414000,6802533066,-842516000.0,-9951000.0,9862000.0,-180823000.0,-54264000.0,18332000.0,-116237000.0,-46483000.0,-744890000.0,279000.0,-17708000.0,-17708000.0,-17708000.0,793000.0,0.0,-0.038,186997000.0,-92636000.0,479660000,0.0,10.715,19.124,22.505,290165000,0.0,24.98,2.513,2.506,949160000,723676000,471979000.0,471979000.0,0.0,,,,,0.0,186997000.0,1.0,272319178,271542000.0,271542000.0,1.738,3225717000,0,-79353000.0,17348000,11.879,-326645000
35,HRB,ARQ,2012-09-30,2012-12-06,2012-10-31,2021-09-07,8685000,3896730000,,1706953000,2189777000,,2.556,-47447000.0,1299568000,1299568000,212011000.0,-105243000.0,0.884,4.624,1506803000,600678000,906125000,1506803000,0,0.0,790106000,0.055,0.4,-166332000.0,-166332000.0,-1.212,-166332000.0,-166332000.0,-166332000.0,-0.39,-0.39,-0.39,692933000,,692933000,5161040414,8.0,6.961,-241343000.0,-0.89,1.0,-74748000.0,-0.545,696788000,0.0,1475475000,,0,759490000,0,759490000,3203797000,1931702000,1272095000,4953805414,321030000.0,-6527000.0,-11000.0,497185000.0,-54227000.0,571488000.0,-57364000.0,13111000.0,-193896000.0,802000.0,-105243000.0,-105243000.0,-105243000.0,4044000.0,0.0,-0.767,90327000.0,-165075000.0,406447000,-1.026,7.149,13.386,15.607,285335000,0.0,18.26,1.71,1.709,124511000,795707000,137263000.0,137263000.0,0.0,,,,,0.0,90327000.0,1.0,271292739,271145000.0,271145000.0,0.506,3199942000,0,-61089000.0,95126000,11.802,-224749000
36,HRB,ARQ,2012-06-30,2012-09-05,2012-07-31,2021-09-07,7350000,3594277000,,1417599000,2176678000,,3.051,-13273000.0,982980000,982980000,193424000.0,-107441000.0,0.717,3.25,1009634000,600642000,408992000,1009634000,0,0.0,648378000,0.046,0.0,-171060000.0,-171060000.0,-1.773,-171060000.0,-171060000.0,-171060000.0,-0.39,-0.39,-0.39,845673000,,845673000,4426766508,8.0,6.462,-386413000.0,-1.394,1.0,-96935000.0,-1.005,691226000,0.0,952308000,,0,767524000,0,767524000,2748604000,1977397000,771207000,4400112508,-1004463000.0,-2972000.0,-338620000.0,-30831000.0,-54201000.0,-623110000.0,-6715000.0,-16246000.0,-373140000.0,-1498000.0,-107441000.0,-107441000.0,-107441000.0,1791000.0,0.0,-1.114,75478000.0,-172413000.0,414604000,0.0,5.203,13.19,14.89,253993000,0.0,16.23,1.523,1.557,116357000,955873000,96489000.0,96489000.0,0.0,,,,,0.0,75478000.0,1.0,271109828,277155000.0,277155000.0,0.348,2903051000,0,-63619000.0,278539000,10.474,-559798000
37,HRB,ARQ,2012-03-31,2012-06-26,2012-04-30,2021-09-07,12145000,4649567000,,2500994000,2148573000,,4.832,-10908000.0,1992434000,1992434000,806258000.0,586103000.0,0.99,2.507,1040549000,631434000,409115000,1040549000,0,103576000.0,827549000,0.05,0.4,976026000.0,1079602000.0,0.54,1079602000.0,976026000.0,976026000.0,1.96,1.96,1.96,1325892000,,1325892000,3188941076,6.0,5.318,1733912000.0,6.319,1.0,1194416000.0,0.597,692017000,0.0,479237000,,0,777516000,0,777516000,3323675000,2526428000,797247000,4140826076,725350000.0,28208000.0,12573000.0,-255947000.0,-58743000.0,-1048889000.0,28337000.0,47444000.0,1744820000.0,1082000.0,586103000.0,586103000.0,586103000.0,5600000.0,0.0,0.293,213383000.0,981033000.0,567079000,0.204,3.123,15.571,16.955,252985000,0.0,15.09,1.431,1.431,193858000,2523997000,2000674000.0,2000674000.0,0.0,,,,,14968000.0,210231000.0,1.0,274408620,274408620.0,,7.291,3957550000,0,389923000.0,336374000,14.422,-25434000
38,HRB,ARQ,2011-12-31,2012-03-07,2012-01-31,2021-09-07,7409000,4852789000,,2519666000,2333123000,,2.753,-31039000.0,1253152000,1253152000,455240000.0,-3349000.0,0.777,5.017,1296184000,886943000,409241000,1296184000,0,0.0,1587988000,0.032,0.2,-808000.0,-808000.0,-0.001,-808000.0,-808000.0,-808000.0,-0.01,-0.01,-0.01,806449000,,806449000,4701888221,8.0,6.908,-831182000.0,-2.837,1.0,208040000.0,0.314,701743000,0.0,950662000,,0,742372000,0,742372000,4046340000,3243416000,802924000,4658856221,646373000.0,488161000.0,-238000.0,190957000.0,-58612000.0,993277000.0,450650000.0,-25332000.0,-800143000.0,2589000.0,-3349000.0,-3349000.0,-3349000.0,-218000.0,0.0,-0.005,211736000.0,-3696000.0,597644000,-20.0,5.777,13.768,14.832,260755000,0.0,15.87,1.376,1.373,1035902000,2018252000,663280000.0,663280000.0,0.0,,,,,0.0,211736000.0,1.0,293563719,292963000.0,292963000.0,2.264,4151046000,0,2541000.0,40596000,14.169,-723750000
39,HRB,ARQ,2011-09-30,2011-12-05,2011-10-31,2021-09-07,4359000,3976513000,,1685404000,2291109000,,2.877,-29557000.0,610135000,610135000,227613000.0,-141724000.0,0.946,3.609,1104921000,95725000,1009196000,1104921000,0,0.0,723318000,0.04,0.15,-222640000.0,-222640000.0,-1.723,-222640000.0,-222640000.0,-222640000.0,-0.47,-0.47,-0.47,862822000,,862822000,4856112444,9.0,7.407,-217636000.0,-0.726,1.0,-98419000.0,-0.762,700509000,0.0,1989202000,,0,756447000,0,756447000,3113691000,1781588000,1332103000,4361326444,-440098000.0,11099000.0,-180412000.0,39990000.0,-45552000.0,-132155000.0,-112867000.0,-113176000.0,-188079000.0,-6997000.0,-141724000.0,-141724000.0,-141724000.0,18711000.0,0.0,-1.097,108012000.0,-206431000.0,581069000,-0.319,5.055,13.256,14.317,257870000,0.0,14.89,1.22,1.25,128062000,2080162000,129194000.0,129194000.0,0.0,,,,,0.0,103755000.0,1.0,292903052,299895000.0,299895000.0,0.431,3276004000,0,-80916000.0,135858000,10.924,-96184000
40,HRB,ARQ,2011-06-30,2011-09-01,2011-07-31,2021-09-07,12692000,4308052000,,1667825000,2640227000,,4.039,-10953000.0,1057111000,1057111000,357000000.0,-175098000.0,1.04,2.491,1075371000,55940000,1019431000,1075371000,0,0.0,666268000,0.04,0.0,-294797000.0,-294797000.0,-1.101,-294797000.0,-294797000.0,-294797000.0,-0.57,-0.57,-0.57,1233877000,,1233877000,4659790734,8.0,6.648,-405502000.0,-1.327,1.0,-89366000.0,-0.334,1102646000,0.0,1620432000,,0,466663000,0,466663000,3074175000,1603234000,1470941000,4641530734,-665135000.0,17773000.0,-240000.0,0.0,-45894000.0,-257295000.0,-14253000.0,-39240000.0,-394549000.0,962000.0,-175098000.0,-175098000.0,-175098000.0,1655000.0,0.0,-0.654,207863000.0,-297229000.0,522130000,0.0,3.762,12.833,13.2,295220000,0.0,15.18,1.232,1.231,329388000,2437011000,267634000.0,267634000.0,0.0,,,,,0.0,108166000.0,1.0,305766188,305491000.0,305491000.0,0.876,3205406000,0,-119699000.0,275639000,10.493,64591000
41,HRB,ARQ,2011-03-31,2011-06-23,2011-04-30,2021-09-07,11233000,5207961000,,2477731000,2730230000,,4.747,-11761000.0,1726227000,1726227000,1018461000.0,658561000.0,1.119,2.593,1078191000,28437000,1049754000,1078191000,0,121633000.0,852220000,0.037,0.15,1077241000.0,1198874000.0,0.516,1198874000.0,1077241000.0,1077241000.0,2.12,2.12,2.12,1449574000,,1449574000,4259479191,6.0,5.424,2006160000.0,6.569,1.0,1306990000.0,0.562,1214164000,0.0,1131086000,,0,485008000,0,485008000,3758387000,2214675000,1543712000,4907515191,212154000.0,5446000.0,1250000.0,-681950000.0,-45876000.0,-1733267000.0,-74014000.0,-53471000.0,2017921000.0,1514000.0,658561000.0,658561000.0,658561000.0,-331000.0,0.0,0.283,232365000.0,1074625000.0,618070000,0.071,3.385,12.084,12.267,307320000,0.0,16.07,1.3,1.3,492290000,2658103000,2325451000.0,2325451000.0,0.0,,,,,14500000.0,232365000.0,1.0,305383646,305383646.0,,7.615,3993797000,0,418680000.0,458910000,13.078,263056000
42,HRB,ARQ,2010-12-31,2011-03-09,2011-01-31,2021-09-07,7162000,5802735000,,3274061000,2528674000,,2.712,-16193000.0,1501803000,1501803000,635163000.0,-12721000.0,0.946,6.011,1760507000,686149000,1074358000,1760507000,0,0.0,1855195000,0.039,0.3,-25795000.0,-25795000.0,-0.03,-25795000.0,-25795000.0,-25795000.0,-0.04,-0.04,-0.04,827683000,,827683000,4895454979,7.0,5.954,-973610000.0,-3.191,1.0,216319000.0,0.254,1224672000,0.0,1374138000,,0,513192000,0,513192000,4975052000,3462629000,1512423000,4636750979,505944000.0,54776000.0,-2383000.0,592460000.0,-45858000.0,1480760000.0,-19508000.0,-75817000.0,-957417000.0,2109000.0,-12721000.0,-12721000.0,-12721000.0,8346000.0,0.0,-0.015,235799000.0,-19480000.0,671682000,-7.5,5.602,10.577,12.056,321075000,0.0,15.19,1.224,1.224,1371152000,2045447000,851482000.0,851482000.0,0.0,,,,,0.0,235799000.0,1.0,305250229,305144000.0,305144000.0,2.79,4578063000,0,-13074000.0,95990000,15.003,-188568000
43,HRB,ARQ,2010-09-30,2010-12-08,2010-10-31,2021-09-07,2757000,4307782000,,1735566000,2572216000,,2.868,-26371000.0,995219000,995219000,392950000.0,-109049000.0,0.906,3.896,1159027000,92924000,1066103000,1159027000,0,0.0,929898000,0.047,0.15,-177356000.0,-177356000.0,-0.549,-177356000.0,-177356000.0,-177356000.0,-0.36,-0.36,-0.36,879805000,,879805000,4044809680,5.0,4.292,-226121000.0,-0.737,1.0,-70061000.0,-0.217,1240741000,0.0,1314157000,,0,537226000,0,537226000,3427977000,1916692000,1511285000,3881001680,-138864000.0,-10084000.0,-119108000.0,39490000.0,-46376000.0,67065000.0,-10632000.0,13211000.0,-199750000.0,4453000.0,-109049000.0,-109049000.0,-109049000.0,2237000.0,0.0,-0.338,108943000.0,-179004000.0,660999000,-0.417,4.411,7.735,8.772,327881000,0.0,12.72,1.003,1.008,416333000,2104050000,322889000.0,322889000.0,0.0,,,,,0.0,108943000.0,1.0,305110195,306804000.0,306804000.0,1.052,3067041000,0,-68307000.0,151708000,9.997,-181126000
44,HRB,ARQ,2010-06-30,2010-09-03,2010-07-31,2021-09-07,-2648000,4424164000,,1838480000,2585684000,,3.207,-8634000.0,1135619000,1135619000,368016000.0,-130681000.0,0.948,3.316,1119226000,53577000,1065649000,1119226000,0,0.0,731413000,0.045,0.0,-210360000.0,-210360000.0,-0.766,-210360000.0,-210360000.0,-210360000.0,-0.41,-0.41,-0.41,1025147000,,1025147000,4086837800,5.0,4.517,-356885000.0,-1.116,1.0,-93542000.0,-0.341,1249353000,0.0,1219139000,,0,563090000,0,563090000,3399017000,1939279000,1459738000,4103230800,-705435000.0,-33226000.0,-162869000.0,0.0,-48692000.0,-348949000.0,-6003000.0,17618000.0,-348251000.0,-2232000.0,-130681000.0,-130681000.0,-130681000.0,3043000.0,0.0,-0.476,117029000.0,-210571000.0,762281000,0.0,4.003,8.509,9.301,326641000,0.0,13.3,1.059,1.098,376929000,2255262000,274474000.0,274474000.0,0.0,,,,,0.0,117029000.0,1.0,308513594,319690000.0,319690000.0,0.859,3174811000,0,-79679000.0,315090000,9.931,-100799000
45,HRB,ARQ,2010-03-31,2010-06-29,2010-04-30,2021-09-07,1678000,5234318000,,2649036000,2585282000,,4.456,-27273000.0,1838395000,1838395000,1024850000.0,690828000.0,1.141,2.633,1113832000,53688000,1060144000,1113832000,0,126901000.0,852555000,0.038,0.3,1108806000.0,1235707000.0,0.529,1235707000.0,1108806000.0,1108806000.0,2.07,2.06,2.07,1440630000,,1440630000,4354575171,6.0,4.831,3289243000.0,10.174,1.0,1313044000.0,0.562,1207879000,0.0,980385000,,0,595405000,0,595405000,3793688000,2321491000,1472197000,5079138171,76368000.0,-66471000.0,-99045000.0,-1699708000.0,-49582000.0,-3201669000.0,-39821000.0,27111000.0,3316516000.0,1342000.0,690828000.0,690828000.0,690828000.0,1604000.0,0.0,0.295,203936000.0,1109108000.0,756577000,0.145,3.526,10.598,10.91,345470000,0.0,15.71,1.311,1.311,517986000,2658586000,2337894000.0,2337894000.0,0.0,,,,,29369000.0,203936000.0,1.0,323306058,323306058.0,,7.231,4026439000,0,417978000.0,459175000,12.454,327545000
46,HRB,ARQ,2009-12-31,2010-03-08,2010-01-31,2021-09-07,1086000,7410129000,,4724742000,2685387000,,2.812,-55962000.0,1812990000,1812990000,645747000.0,50635000.0,0.949,6.913,2810470000,1702670000,1107800000,2810470000,0,0.0,2220501000,0.036,0.0,94483000.0,94483000.0,0.101,94483000.0,94483000.0,94483000.0,0.15,0.15,0.15,936467000,,936467000,6508854164,8.0,7.431,-1998857000.0,-6.003,1.0,289105000.0,0.309,1215005000,0.0,2212702000,,0,641157000,0,641157000,6473662000,4979902000,1493760000,5511374164,295434000.0,62538000.0,-142956000.0,1674662000.0,-50533000.0,2209320000.0,27894000.0,17421000.0,-1942895000.0,1115000.0,50635000.0,50635000.0,50635000.0,2968000.0,0.0,0.054,194661000.0,94444000.0,756501000,0.0,5.885,11.127,11.16,362170000,0.0,16.74,1.377,1.392,2566830000,2162406000,934852000.0,934852000.0,0.0,,,,,0.0,194661000.0,1.0,329233821,332999000.0,334297000.0,2.807,6195124000,0,43848000.0,118079000,18.604,-255160000
47,HRB,ARQ,2009-09-30,2009-12-09,2009-10-31,2021-09-07,66000,4967359000,,2300986000,2666373000,,3.194,1480000.0,1478315000,1478315000,410949000.0,-128587000.0,0.966,3.638,1136229000,28667000,1107562000,1136229000,0,0.0,1493726000,0.038,0.3,-214968000.0,-214968000.0,-0.659,-214968000.0,-214968000.0,-214968000.0,-0.38,-0.38,-0.38,1071097000,,1071097000,6278142685,8.0,7.016,-330095000.0,-0.984,1.0,-84868000.0,-0.26,1234992000,0.0,1007414000,,0,671049000,0,671049000,3896262000,2382867000,1513395000,6620228685,425940000.0,-6606000.0,1265000.0,0.0,-50497000.0,727437000.0,27920000.0,19429000.0,-331575000.0,2158000.0,-128587000.0,-128587000.0,-128587000.0,2115000.0,0.0,-0.394,129685000.0,-214553000.0,608149000,-0.789,6.181,13.455,13.242,351288000,0.0,19.73,1.63,1.629,461485000,2308153000,326081000.0,326081000.0,0.0,,,,,0.0,129685000.0,1.0,335541241,335346000.0,335346000.0,0.972,3732367000,0,-86381000.0,169004000,11.13,-81881000
48,HRB,ARQ,2009-06-30,2009-09-04,2009-07-31,2021-09-07,-2849000,4545762000,,1828146000,2717616000,,3.559,-8760000.0,1052942000,1052942000,386450000.0,-133634000.0,1.003,2.818,1138488000,31093000,1107395000,1138488000,0,0.0,712008000,0.036,0.0,-213890000.0,-213890000.0,-0.776,-213890000.0,-213890000.0,-213890000.0,-0.4,-0.4,-0.4,1190714000,,1190714000,5658333714,7.0,6.222,-463337000.0,-1.385,1.0,-110945000.0,-0.403,1231640000,0.0,1576542000,,0,707712000,0,707712000,3355048000,1823126000,1531922000,5572787714,-648360000.0,0.0,3168000.0,0.0,-50287000.0,-216206000.0,15360000.0,19264000.0,-454577000.0,7063000.0,-133634000.0,-133634000.0,-133634000.0,3017000.0,0.0,-0.485,103217000.0,-214162000.0,648470000,0.0,4.68,11.496,11.384,359408000,0.0,16.62,1.363,1.36,379177000,2437017000,275505000.0,275505000.0,0.0,,,,,0.0,103217000.0,1.0,335306120,334533000.0,334533000.0,0.824,3314122000,0,-80256000.0,330145000,9.907,5020000
49,HRB,ARQ,2009-03-31,2009-06-29,2009-04-30,2021-09-07,-11639000,5359722000,,2571080000,2788642000,,4.207,-23967000.0,1706319000,1706319000,1106566000.0,706903000.0,1.072,2.812,1140904000,33782000,1107122000,1140904000,0,33176000.0,854888000,0.038,0.3,1177148000.0,1210324000.0,0.491,1210324000.0,1177148000.0,1177148000.0,2.13,2.12,2.13,1405859000,,1405859000,4670565930,6.0,4.992,3424034000.0,10.247,1.0,1360187000.0,0.551,1236228000,0.0,1159799000,,0,744899000,0,744899000,3953863000,2398280000,1555583000,5235980930,385460000.0,-2937000.0,-97134000.0,-1665298000.0,-51116000.0,-3081827000.0,19286000.0,29162000.0,3448001000.0,0.0,706903000.0,706903000.0,706903000.0,906000.0,0.0,0.287,184436000.0,1175751000.0,705945000,0.141,3.724,10.781,10.733,368289000,0.0,15.67,1.282,1.282,512814000,2671437000,2466753000.0,2466753000.0,0.0,,,,,6193000.0,184436000.0,1.0,334140455,334140455.0,,7.382,4123494000,0,470245000.0,543967000,12.341,172800000
50,HRB,ARQ,2008-12-31,2009-03-06,2009-01-31,2021-09-07,-16614000,7301892000,,4413089000,2888803000,,2.49,-15327000.0,1345096000,1345096000,684567000.0,47363000.0,1.102,7.693,2806162000,803515000,2002647000,2806162000,0,31141000.0,2115708000,0.031,0.15,82272000.0,113413000.0,0.114,113413000.0,82272000.0,82272000.0,0.14,0.14,0.14,840005000,,840005000,7806036220,12.0,10.222,-1772958000.0,-5.256,1.0,308879000.0,0.311,1242549000,0.0,3515681000,,0,781755000,0,781755000,6461887000,4004728000,2457159000,6344970220,575577000.0,66741000.0,5164000.0,967673000.0,-51014000.0,2298133000.0,35075000.0,17649000.0,-1757631000.0,0.0,47363000.0,47363000.0,47363000.0,19467000.0,0.0,0.048,208814000.0,100065000.0,734755000,1.071,7.553,19.685,18.68,383704000,0.0,18.68,1.476,1.466,2642951000,2015650000,993446000.0,993446000.0,0.0,,,,,6859000.0,208814000.0,1.0,339666500,337338000.0,338687000.0,2.945,6059343000,0,34909000.0,143791000,17.962,408361000
51,HRB,ARQ,2008-09-30,2008-12-08,2008-10-31,2021-09-07,-11236000,5424747000,,2659549000,2765198000,,2.525,-42397000.0,694440000,694440000,438765000.0,-135874000.0,1.089,5.515,1837767000,110257000,1727510000,1837767000,0,29758000.0,748469000,0.028,0.15,-230166000.0,-200408000.0,-0.57,-200408000.0,-230166000.0,-230166000.0,-0.41,-0.41,-0.41,832662000,,832662000,8040852907,16.0,12.742,-391992000.0,-1.189,1.0,-87296000.0,-0.248,968836000,0.0,3158159000,,0,811732000,0,811732000,4592085000,2441079000,2151006000,6897525907,399576000.0,-51375000.0,182386000.0,693625000.0,-49765000.0,814042000.0,-64871000.0,22882000.0,-349595000.0,0.0,-135874000.0,-135874000.0,-135874000.0,2713000.0,0.0,-0.387,138036000.0,-225332000.0,636050000,-0.366,8.284,30.304,28.662,377687000,0.0,20.35,1.612,1.569,537751000,2019301000,351469000.0,351469000.0,0.0,,,,,8018000.0,138036000.0,1.0,338944762,329810000.0,329810000.0,1.066,4455911000,0,-94292000.0,100857000,13.511,218470000
52,HRB,ARQ,2008-06-30,2008-09-03,2008-07-31,2021-09-07,833000,4903482000,,1801291000,3102191000,,2.558,-16189000.0,577336000,577336000,412429000.0,-132719000.0,0.706,4.86,1142956000,108839000,1034117000,1142956000,0,29556000.0,777080000,0.022,0.0,-217966000.0,-188410000.0,-0.555,-188410000.0,-217966000.0,-217966000.0,-0.41,-0.41,-0.41,836722000,,836722000,9259971954,65.0,33.026,-332525000.0,-1.016,1.0,-72791000.0,-0.214,1148740000,0.0,1769308000,,0,868603000,0,868603000,4066760000,2551054000,1515706000,8694351954,-370847000.0,-2251000.0,16404000.0,-25000000.0,-46790000.0,-70581000.0,16070000.0,31619000.0,-316336000.0,0.0,-132719000.0,-132719000.0,-132719000.0,3350000.0,0.0,-0.391,140470000.0,-213261000.0,1258661000,0.0,10.391,-62.646,-61.628,380804000,0.0,26.5,1.993,1.987,785083000,2204940000,339638000.0,339638000.0,0.0,,,,,5487000.0,140470000.0,1.0,328088753,327141000.0,327141000.0,1.038,3754742000,0,-85247000.0,263784000,11.477,-749763000
53,HRB,ARQ,2008-03-31,2008-06-30,2008-04-30,2021-09-07,2486000,5623425000,,2381580000,3241845000,,3.022,-25198000.0,945876000,945876000,1186638000.0,543562000.0,0.769,4.693,1168070000,136286000,1031784000,1168070000,0,38022000.0,785624000,0.027,0.285,1001008000.0,1039030000.0,0.397,1039030000.0,1001008000.0,1000860000.0,1.68,1.69,1.68,987818000,,987818000,7216639657,-454.0,55.458,3558554000.0,10.888,1.0,1428595000.0,0.546,1152636000,148000.0,1596607000,,0,966301000,0,966301000,4635607000,3096376000,1539231000,6994445657,-683164000.0,1112585000.0,1515000.0,-3486485000.0,-46579000.0,-5402838000.0,1135922000.0,107266000.0,3583752000.0,0.0,543562000.0,543562000.0,543562000.0,147558000.0,0.0,0.208,286167000.0,1142428000.0,1341938000,0.17,7.081,-22.662,-22.526,380738000,0.0,21.4,1.588,1.588,991770000,2384449000,2615233000.0,2615233000.0,0.0,,,,,11130000.0,286167000.0,1.0,326843255,326843255.0,,8.001,4470789000,0,457298000.0,439380000,13.679,-714796000
54,HRB,ARQ,2007-12-31,2008-03-06,2008-01-31,2021-09-07,-348000,11575211000,,8131347000,3443864000,,1.427,-32232000.0,1736298000,1736298000,701446000.0,-47358000.0,1.06,23.95,4637228000,1719817000,2917411000,4637228000,0,32743000.0,1958490000,0.031,0.0,-51899000.0,-19156000.0,-0.02,-19156000.0,-51899000.0,-52523000.0,-0.15,-0.14,-0.15,463932000,,463932000,8702271983,-13.0,-16.756,-2458072000.0,-7.562,1.0,271165000.0,0.279,1164884000,624000.0,5640654000,,0,1040854000,0,1040854000,11111279000,7670603000,3440676000,5801341983,1023094000.0,-11481000.0,1093000.0,1985861000.0,-46554000.0,3460298000.0,-11364000.0,29832000.0,-2425840000.0,0.0,-47358000.0,-47358000.0,-47358000.0,56642000.0,0.0,-0.049,269019000.0,2146000.0,1119614000,0.0,12.505,-6.186,-6.17,391265000,0.0,17.83,1.413,1.412,3125384000,1887466000,972611000.0,972611000.0,0.0,,,,,15438000.0,269019000.0,1.0,325369713,325074000.0,327202000.0,2.992,10410327000,0,-5165000.0,78547000,32.024,460744000
55,HRB,ARQ,2007-09-30,2007-12-13,2007-10-31,2021-09-07,1131000,7106771000,,3981033000,3125738000,,1.676,-33983000.0,624091000,624091000,487539000.0,-502271000.0,1.027,12.057,2655492000,511480000,2144012000,2655492000,0,38171000.0,886533000,0.03,0.142,-589250000.0,-551079000.0,-1.267,-551079000.0,-589250000.0,-589902000.0,-1.55,-1.55,-1.55,544280000,,544280000,8018529656,-12.0,-15.102,-543925000.0,-1.675,1.0,-52715000.0,-0.121,1168894000,652000.0,4093127000,,0,1082301000,0,1082301000,6562491000,3876151000,2686340000,5987128656,-50756000.0,6378000.0,3646000.0,473763000.0,-46558000.0,522002000.0,-62816000.0,-34275000.0,-509942000.0,0.0,-502271000.0,-502271000.0,-502271000.0,366166000.0,0.0,-1.155,180876000.0,-233591000.0,968860000,-0.092,11.0,-6.298,-6.287,383930000,0.0,18.42,1.465,1.463,901359000,1981378000,434824000.0,434824000.0,0.0,,,,,10152000.0,180876000.0,1.0,325034129,324694000.0,324694000.0,1.339,5937877000,0,-87631000.0,22647000,18.288,104882000
56,HRB,ARQ,2007-06-30,2007-09-06,2007-07-31,2021-09-07,2528000,6868070000,,2888591000,3979479000,,3.339,-14497000.0,725460000,725460000,426929000.0,-302580000.0,0.613,5.351,2180411000,1660608000,519803000,2180411000,0,37075000.0,1039238000,0.034,0.142,-375742000.0,-338667000.0,-0.888,-338667000.0,-375742000.0,-376337000.0,-0.93,-0.93,-0.93,1081362000,,1081362000,7944359033,-25.0,-43.99,-446680000.0,-1.379,1.0,-45720000.0,-0.12,1180077000,595000.0,2432581000,,0,1241281000,0,1241281000,5786708000,4710363000,1076345000,6489408033,-484167000.0,-17819000.0,9788000.0,84155000.0,-43937000.0,-137531000.0,85547000.0,111164000.0,-432183000.0,0.0,-302580000.0,-302580000.0,-302580000.0,192757000.0,0.0,-0.794,145824000.0,-191544000.0,1014722000,-0.153,6.001,-10.729,-10.69,372235000,0.0,19.99,1.539,1.535,827870000,2530207000,381209000.0,381209000.0,0.0,,,,,7398000.0,145824000.0,1.0,324632718,323864000.0,323864000.0,1.177,5687993000,0,-73757000.0,113739000,17.563,-1821772000
57,HRB,ARQ,2007-03-31,2007-06-29,2007-04-30,2021-09-07,-1320000,7499493000,,3454292000,4045201000,,4.374,-31186000.0,1254484000,1254484000,1015537000.0,-85564000.0,0.667,4.302,2096193000,1576386000,519807000,2096193000,0,30306000.0,1129263000,0.023,0.135,359251000.0,389557000.0,0.168,389557000.0,359251000.0,348623000.0,-0.26,-0.25,-0.26,1414499000,,1414499000,8399730310,-67.0,336.757,2162354000.0,6.686,1.0,1301215000.0,0.562,1175332000,10628000.0,1989518000,,0,1358222000,0,1358222000,6084994000,5176352000,908642000,7558021310,-157451000.0,-35844000.0,6280000.0,-1764849000.0,-43878000.0,-2371338000.0,20347000.0,70339000.0,2193540000.0,0.0,-85564000.0,-85564000.0,-85564000.0,688924000.0,0.0,-0.037,260799000.0,1040416000.0,1152561000,-0.519,5.343,-17.429,-17.44,379066000,0.0,23.37,1.88,1.88,966777000,2886440000,2316752000.0,2316752000.0,0.0,,,,,52795000.0,260799000.0,1.0,323406988,323406988.0,,7.164,6324161000,0,434187000.0,394915000,19.555,-1722060000
58,HRB,ARQ,2006-12-31,2007-03-14,2007-01-31,2021-09-07,6975000,9359978000,,5507279000,3852699000,,4.747,-35118000.0,1515190000,1515190000,657835000.0,-60252000.0,0.779,5.117,3854937000,3438754000,416183000,3854937000,0,23525000.0,1632875000,0.026,0.135,-54298000.0,-30773000.0,-0.032,-30773000.0,-54298000.0,-66364000.0,-0.19,-0.18,-0.19,1530174000,,1530174000,8843487717,18.0,13.518,-1623090000.0,-5.035,1.0,297281000.0,0.311,1166888000,12066000.0,3462578000,,0,1069626000,0,1069626000,7829804000,7070259000,759545000,6503740717,657547000.0,7261000.0,6541000.0,1885992000.0,-43863000.0,3052353000.0,-806834000.0,-801431000.0,-1587972000.0,0.0,-60252000.0,-60252000.0,-60252000.0,85217000.0,0.0,-0.063,269393000.0,27888000.0,1180559000,-0.711,4.25,27.161,28.771,392706000,0.0,20.14,1.428,1.425,2801720000,3015880000,955116000.0,955116000.0,0.0,,,,,-22014000.0,269393000.0,1.0,322926550,322350000.0,326048000.0,2.963,8193090000,0,-6112000.0,71079000,25.417,-1562980000
59,HRB,ARQ,2006-09-30,2006-12-11,2006-10-31,2021-09-07,21593000,6206891000,,2768573000,3438318000,,5.062,-51919000.0,859128000,859128000,590097000.0,-156460000.0,0.725,2.811,1961155000,1549450000,411705000,1961155000,0,49990000.0,595769000,0.022,0.135,-250701000.0,-200711000.0,-0.356,-200711000.0,-250701000.0,-262792000.0,-0.49,-0.49,-0.49,1628629000,,1628629000,8708394674,15.0,11.29,-783796000.0,-2.436,1.0,-26856000.0,-0.048,1331020000,12091000.0,2161427000,,0,1734112000,508350000,1225762000,4578262000,3816471000,761791000,7606367674,52205000.0,-8982000.0,3628000.0,851073000.0,-43740000.0,984950000.0,-200868000.0,-140987000.0,-731877000.0,0.0,-156460000.0,-156460000.0,-156460000.0,0.0,0.0,-0.278,229116000.0,-255972000.0,1351829000,-0.276,4.67,24.394,25.376,467543000,0.0,23.6,1.599,1.596,826557000,3119997000,563241000.0,563241000.0,0.0,,,,,360000.0,229116000.0,1.0,322303715,321742000.0,321742000.0,1.751,4875871000,0,-106332000.0,172834000,15.155,-1047898000
60,HRB,ARQ,2006-06-30,2006-09-11,2006-07-31,2021-09-07,20255000,5636268000,,2388701000,3247567000,,5.597,-42868000.0,735797000,735797000,538103000.0,-131377000.0,0.814,2.111,1116395000,704661000,411734000,1116395000,0,46394000.0,404030000,0.024,0.135,-206524000.0,-160130000.0,-0.296,-160130000.0,-206524000.0,-218659000.0,-0.41,-0.41,-0.41,1811569000,,1811569000,7261392236,10.0,8.092,-501283000.0,-1.549,1.0,2676000.0,0.005,1309374000,12135000.0,1772911000,,0,1410259000,322225000,1088034000,3824699000,2934581000,890118000,6880794236,-304290000.0,-4627000.0,-179548000.0,189356000.0,-40485000.0,325146000.0,-171021000.0,-130594000.0,-458415000.0,0.0,-131377000.0,-131377000.0,-131377000.0,0.0,0.0,-0.243,215998000.0,-213322000.0,1420035000,-0.329,3.798,17.779,18.282,452010000,0.0,21.39,1.434,1.443,808004000,3320197000,540779000.0,540779000.0,0.0,,,,,6961000.0,215998000.0,1.0,321682760,323671000.0,323671000.0,1.671,4326894000,0,-87282000.0,259509000,13.368,-545880000
61,HRB,ARQ,2006-03-31,2006-06-30,2006-04-30,2021-09-07,21948000,5989135000,,2823947000,3165188000,,6.672,-83329000.0,1088427000,1088427000,1139045000.0,587538000.0,0.976,1.788,924531000,506992000,417539000,924531000,0,52821000.0,0,0.021,0.125,993011000.0,1045832000.0,0.419,1045832000.0,993011000.0,980983000.0,1.79,1.77,1.79,2147799000,,2147799000,7517252872,9.0,7.038,2191904000.0,6.809,1.0,1356973000.0,0.544,1319946000,12028000.0,1611857000,,0,1263481000,236399000,1027082000,3841336000,2893436000,947900000,7681148872,-765822000.0,-2727000.0,2513000.0,-2622767000.0,-41366000.0,-2606822000.0,-434233000.0,-368029000.0,2275233000.0,0.0,587538000.0,587538000.0,587538000.0,0.0,0.0,0.235,372538000.0,984435000.0,1549808000,0.07,3.576,15.663,16.013,443785000,0.0,23.86,1.576,1.576,999765000,3492059000,2496018000.0,2496018000.0,0.0,,,,,57020000.0,372538000.0,1.0,321925770,321925770.0,,7.753,4669189000,0,393445000.0,505690000,14.504,-69489000
62,HRB,ARQ,2005-12-31,2006-03-31,2006-01-31,2021-09-07,33641000,7672341000,,4832752000,2839589000,,4.852,-89546000.0,1890893000,1890893000,778590000.0,12113000.0,1.017,3.832,3526247000,2609321000,916926000,3526247000,0,48709000.0,0,0.022,0.125,37619000.0,86328000.0,0.075,86328000.0,37619000.0,25408000.0,0.04,0.04,0.04,1587953000,,1587953000,8745556676,10.0,7.416,-1074234000.0,-3.282,1.0,378157000.0,0.327,1339503000,12211000.0,3217930000,,0,717151000,0,717151000,6084388000,4750262000,1334126000,7110202676,1067690000.0,-9507000.0,57426000.0,2097773000.0,-41284000.0,2136731000.0,-84353000.0,10554000.0,-984688000.0,0.0,12113000.0,12113000.0,12113000.0,0.0,0.0,0.01,344246000.0,33911000.0,1634571000,3.125,4.478,13.732,13.878,415844000,0.0,21.65,1.503,1.497,2380375000,2945887000,1156747000.0,1156747000.0,0.0,,,,,0.0,344246000.0,1.0,328415828,327289000.0,331935000.0,3.534,6332838000,0,13295000.0,214559000,19.349,82490000
63,HRB,ARQ,2005-09-30,2005-12-12,2005-10-31,2021-09-07,44463000,5297179000,,2705919000,2591260000,,4.828,-47305000.0,856970000,856970000,522081000.0,-86275000.0,1.139,2.365,1433005000,515121000,917884000,1433005000,0,46088000.0,0,0.019,0.125,-120744000.0,-74656000.0,-0.123,-74656000.0,-120744000.0,-133129000.0,-0.26,-0.26,-0.26,1574273000,,1574273000,8596618209,8.0,6.679,-441649000.0,-1.355,1.0,82962000.0,0.137,1335436000,12385000.0,2161151000,,0,672224000,114136000,558088000,3722906000,2376627000,1346279000,8020583209,-240311000.0,-196857000.0,-112420000.0,498175000.0,-40844000.0,322136000.0,-168103000.0,70843000.0,-394344000.0,0.0,-86275000.0,-86275000.0,-86275000.0,0.0,0.0,-0.143,206549000.0,-123587000.0,1486725000,-0.481,5.095,12.988,13.126,362041000,0.0,24.48,1.737,1.728,1270808000,2996805000,605043000.0,605043000.0,0.0,,,,,0.0,206549000.0,1.0,327638203,326047000.0,326047000.0,1.856,3961743000,0,-46854000.0,204725000,12.151,329292000
64,HRB,ARQ,2005-06-30,2005-09-08,2005-07-31,2021-09-07,63731000,5017181000,,2590413000,2426768000,,5.615,-30330000.0,1049782000,1049782000,466575000.0,-28324000.0,1.361,1.752,948999000,25854000,923145000,948999000,0,44085000.0,0,0.018,0.125,-33434000.0,10651000.0,0.017,10651000.0,-33434000.0,-45869000.0,-0.09,-0.09,-0.09,1822995000,,1822995000,8015478875,7.0,5.908,-340845000.0,-1.05,1.0,148418000.0,0.241,1250874000,12435000.0,1762511000,,0,644539000,77085000,567454000,3194186000,1903013000,1291173000,8116261875,-467412000.0,-3452000.0,-99324000.0,0.0,-36537000.0,-155081000.0,-1816000.0,24031000.0,-310515000.0,0.0,-28324000.0,-28324000.0,-28324000.0,0.0,0.0,-0.046,189252000.0,-40834000.0,1368930000,-1.389,4.452,12.456,12.723,328684000,0.0,25.0,1.783,1.783,989715000,3123924000,614993000.0,614993000.0,0.0,,,,,0.0,189252000.0,1.0,324650475,324650475.0,,1.894,3766307000,0,-17545000.0,346568000,11.601,687400000
65,HRB,ARQ,2005-03-31,2005-08-05,2005-04-30,2021-09-07,68718000,5539283000,,3070634000,2468649000,,5.954,-71975000.0,1617122000,1617122000,1290747000.0,640447000.0,1.39,1.803,948618000,25545000,923073000,948618000,0,84874000.0,0,0.016,0.11,1021807000.0,1106681000.0,0.468,1106681000.0,1021807000.0,1024520000.0,1.935,1.895,1.935,1976371000,,1976371000,8522931048,8.0,6.322,2027069000.0,6.107,1.0,1075299000.0,0.454,1263039000,-2713000.0,1398820000,,0,587917000,0,587917000,3562912000,2208920000,1353992000,9191435048,522998000.0,-11273000.0,16040000.0,-1535084000.0,-36566000.0,-1565916000.0,-10130000.0,51763000.0,2099044000.0,0.0,640447000.0,640447000.0,640447000.0,0.0,0.0,0.271,58071000.0,1017228000.0,1515433000,0.057,4.651,14.455,14.422,330150000,0.0,27.69,2.08,2.08,1009014000,3188785000,2366046000.0,2366046000.0,0.0,,,,,55100000.0,58071000.0,1.0,331940594,331940594.0,,7.128,4276244000,0,384073000.0,349298000,12.883,861714000
66,HRB,ARQ,2005-03-31,2005-07-29,2005-04-30,2021-09-07,68718000,5539283000,,3070634000,2468649000,,5.954,-71975000.0,1617122000,1617122000,1290747000.0,640447000.0,1.39,1.803,948618000,25545000,923073000,948618000,0,84874000.0,0,0.015,0.11,1021807000.0,1106681000.0,0.468,1106681000.0,1021807000.0,1024520000.0,1.93,1.9,1.93,1976371000,,1976371000,8785164117,8.0,6.517,2027069000.0,6.107,1.0,1075299000.0,0.454,1263039000,-2713000.0,1398820000,,0,587917000,0,587917000,3562912000,2208920000,1353992000,9453668117,522998000.0,-11273000.0,16040000.0,-1535084000.0,-36566000.0,-1565916000.0,-10130000.0,51763000.0,2099044000.0,0.0,640447000.0,640447000.0,640447000.0,0.0,0.0,0.271,58071000.0,1017228000.0,1515433000,0.057,4.783,14.868,14.872,330150000,0.0,28.48,2.139,2.139,1009014000,3188785000,2366046000.0,2366046000.0,0.0,,,,,55100000.0,58071000.0,1.0,331940594,331940594.0,,7.128,4276244000,0,384073000.0,349298000,12.883,861714000
67,HRB,ARQ,2004-12-31,2005-03-09,2005-01-31,2021-09-07,97625000,6141121000,,3621186000,2519935000,,4.383,-82234000.0,1111464000,1111464000,509104000.0,91692000.0,1.064,3.239,2482986000,1554457000,928529000,2482986000,0,67763000.0,0,0.016,0.22,176610000.0,244373000.0,0.237,244373000.0,176610000.0,151683000.0,0.28,0.275,0.28,1448650000,,1448650000,10001192983,10.0,7.841,-992398000.0,-3.003,1.0,522903000.0,0.507,1271110000,24927000.0,2839178000,,0,532927000,0,532927000,4692471000,3402355000,1290116000,8629670983,350000.0,-20876000.0,65665000.0,954969000.0,-36425000.0,983688000.0,-73174000.0,26867000.0,-910164000.0,0.0,91692000.0,91692000.0,91692000.0,0.0,0.0,0.089,366025000.0,156878000.0,1538851000,0.786,5.957,15.112,16.167,327385000,0.0,26.11,2.056,2.056,2084322000,2670356000,1032007000.0,1032007000.0,0.0,,,,,0.0,366025000.0,1.0,330512102,330512102.0,,3.122,4870011000,0,59991000.0,78796000,14.735,218831000
68,HRB,ARQ,2004-09-30,2004-12-08,2004-10-31,2021-09-07,99589000,4896858000,,2483040000,2413818000,,3.991,-32336000.0,1072594000,1072594000,318833000.0,-52199000.0,1.088,2.725,1525383000,593602000,931781000,1525383000,0,59950000.0,0,0.017,0.0,-64861000.0,-4911000.0,-0.009,-4911000.0,-64861000.0,-85924000.0,-0.16,-0.16,-0.16,1314667000,,1314667000,8387266573,8.0,6.466,-193359000.0,-0.587,1.0,220422000.0,0.409,1264399000,21063000.0,1803534000,,0,504189000,0,504189000,3582191000,2281714000,1300477000,7934477573,258696000.0,-4666000.0,-128230000.0,594808000.0,-36361000.0,418232000.0,1487000.0,34651000.0,-161023000.0,0.0,-52199000.0,-52199000.0,-52199000.0,0.0,0.0,-0.097,286793000.0,-66371000.0,1484079000,0.0,6.035,13.538,14.731,275688000,0.0,24.085,1.916,1.916,978111000,2615089000,539255000.0,539255000.0,0.0,,,,,0.0,286793000.0,1.0,329436478,329436478.0,,1.637,3632459000,0,-33725000.0,88784000,11.026,201326000
69,HRB,ARQ,2004-06-30,2004-09-08,2004-07-31,2021-09-07,81466000,4614762000,,2205221000,2409541000,,4.594,-22913000.0,826882000,826882000,271439000.0,-44083000.0,1.025,2.046,927030000,380834000,546196000,927030000,0,55471000.0,0,0.017,0.11,-53474000.0,1997000.0,0.004,1997000.0,-53474000.0,-72564000.0,-0.13,-0.13,-0.13,1515106000,,1515106000,8077335583,7.0,5.783,-536977000.0,-1.628,1.0,211272000.0,0.438,1272781000,19090000.0,1291003000,,0,493545000,0,493545000,3099656000,2151126000,948530000,7977187583,-754576000.0,-806000.0,-347395000.0,104864000.0,-33636000.0,-263919000.0,23407000.0,38826000.0,-514064000.0,0.0,-44083000.0,-44083000.0,-44083000.0,0.0,0.0,-0.091,266754000.0,-55482000.0,1423546000,-0.846,5.265,12.298,13.255,272111000,0.0,24.19,1.907,1.907,987414000,2703649000,482711000.0,482711000.0,0.0,,,,,0.0,266754000.0,1.0,329772120,329772120.0,,1.464,3341981000,0,-28481000.0,238232000,10.134,54095000
70,HRB,ARQ,2004-03-31,2004-07-02,2004-04-30,2021-09-07,57953000,5380026000,,2961299000,2418727000,,5.636,-46395000.0,1617104000,1617104000,867692000.0,575635000.0,1.198,1.836,821480000,275669000,545811000,821480000,0,61925000.0,0,0.017,0.1,972173000.0,1034098000.0,0.483,1034098000.0,972173000.0,952074000.0,1.625,1.595,1.625,1897009000,,1897009000,7279068766,6.0,4.905,1882052000.0,5.592,1.0,1275176000.0,0.595,1285247000,20099000.0,827112000,,0,462551000,0,462551000,3483017000,2472043000,1010974000,8074692766,400587000.0,-585000.0,-139819000.0,-1419360000.0,-34859000.0,-1594136000.0,66276000.0,98867000.0,1928447000.0,0.0,575635000.0,575635000.0,575635000.0,0.0,0.0,0.269,308382000.0,966794000.0,1521960000,0.062,4.257,11.57,12.178,279220000,0.0,23.99,1.92,1.92,972986000,2781368000,2142868000.0,2142868000.0,0.0,,,,,49675000.0,258841000.0,1.0,336585776,336585776.0,,6.366,4094779000,0,376439000.0,405667000,12.166,489256000
71,HRB,ARQ,2003-12-31,2004-03-16,2004-01-31,2021-09-07,56591000,5788187000,,3698170000,2090017000,,4.219,-37587000.0,1277921000,1277921000,487599000.0,106726000.0,1.07,2.92,2240182000,1688776000,551406000,2240182000,0,68514000.0,0,0.015,0.1,197481000.0,265995000.0,0.272,265995000.0,197481000.0,176120000.0,0.3,0.295,0.3,1476566000,,1476566000,9990751958,9.0,7.016,-575877000.0,-1.646,1.0,489558000.0,0.501,1289278000,21361000.0,2004579000,,0,410327000,70280000,340047000,4311621000,3456591000,855030000,9028490958,409759000.0,-156943000.0,-141091000.0,1230727000.0,-35451000.0,1054071000.0,-106022000.0,79092000.0,-538290000.0,0.0,106726000.0,106726000.0,106726000.0,0.0,0.0,0.109,293693000.0,195865000.0,1524353000,0.333,6.115,14.508,14.87,284148000,0.0,25.8,2.274,2.274,1738408000,2240592000,977157000.0,977157000.0,0.0,,,,,0.0,247206000.0,1.0,349941510,349941510.0,,2.792,4498909000,0,69394000.0,73419000,12.856,241579000
72,HRB,ARQ,2003-09-30,2003-12-10,2003-10-31,2021-09-07,62628000,4461376000,,2396504000,2064872000,,4.308,-30842000.0,832493000,832493000,338078000.0,10376000.0,1.318,1.905,957753000,150015000,807738000,957753000,0,57696000.0,0,0.015,0.1,37034000.0,94730000.0,0.163,94730000.0,37034000.0,17134000.0,0.03,0.03,0.03,1535897000,,1535897000,9155055591,8.0,6.332,-386328000.0,-1.083,1.0,241777000.0,0.417,1180241000,19900000.0,1588193000,,0,429564000,0,429564000,2925479000,1818202000,1107277000,9029795591,-413349000.0,-114211000.0,-49455000.0,129630000.0,-35725000.0,44454000.0,-102317000.0,42519000.0,-355486000.0,0.0,10376000.0,10376000.0,10376000.0,0.0,0.0,0.018,205907000.0,35870000.0,1454371000,3.333,5.879,13.937,14.03,283556000,0.0,25.325,2.285,2.285,925515000,2169317000,579855000.0,579855000.0,0.0,,,,,0.0,165827000.0,1.0,356556588,356556588.0,,1.626,3281135000,0,6758000.0,130614000,9.202,578302000
73,HRB,ARQ,2003-06-30,2003-09-15,2003-07-31,2021-09-07,62713000,4405195000,,2523555000,1881640000,,4.498,-12749000.0,1202979000,1202979000,298307000.0,10582000.0,1.448,1.747,877723000,55218000,822505000,877723000,0,53621000.0,0,0.018,0.1,40493000.0,94114000.0,0.19,94114000.0,40493000.0,17297000.0,0.03,0.03,0.03,1603651000,,1603651000,6982224568,6.0,5.193,-120613000.0,-0.338,1.0,196536000.0,0.397,1054366000,23196000.0,1282978000,,0,396910000,0,396910000,2801544000,1742595000,1058949000,7307480568,-200674000.0,-9126000.0,-69541000.0,0.0,-32362000.0,-103740000.0,10930000.0,30495000.0,-107864000.0,0.0,10582000.0,10582000.0,10582000.0,0.0,0.0,0.021,157738000.0,38798000.0,1380065000,3.333,4.557,12.175,12.272,274539000,0.0,20.495,1.901,1.901,848489000,2200088000,494843000.0,494843000.0,0.0,,,,,0.0,121808000.0,1.0,356549430,356549430.0,,1.388,3350829000,0,6715000.0,232443000,9.398,780960000
74,HRB,ARQ,2003-03-31,2003-07-16,2003-04-30,2021-09-07,36862000,4603905000,,2747361000,1856544000,,4.631,-55268000.0,1313595000,1313595000,732060000.0,494642000.0,1.448,1.767,877980000,55678000,822302000,877980000,0,94190000.0,0,0.016,0.09,874888000.0,969078000.0,0.505,969078000.0,874888000.0,842294000.0,1.375,1.345,1.375,1663709000,,1663709000,7438228900,7.0,5.772,1002306000.0,2.79,1.0,1186532000.0,0.618,1056080000,32594000.0,1215014000,,0,404491000,23859000,380632000,2940196000,1897196000,1043000000,7873843900,438435000.0,-2169000.0,13550000.0,-592165000.0,-32253000.0,-611189000.0,-7950000.0,23587000.0,1057574000.0,0.0,494642000.0,494642000.0,494642000.0,0.0,0.0,0.258,313903000.0,872629000.0,1331627000,0.065,4.733,13.574,13.57,288594000,0.0,21.915,2.083,2.083,920234000,2221868000,1918592000.0,1918592000.0,0.0,,,,,6136000.0,305254000.0,1.0,359290162,359290162.0,,5.34,3547825000,0,347652000.0,299262000,9.875,850165000
75,HRB,ARQ,2002-12-31,2003-03-17,2003-01-31,2021-09-07,22718000,4249236000,,2362235000,1887001000,,3.259,-38626000.0,855639000,855639000,439558000.0,132313000.0,1.097,2.64,1469072000,640172000,828900000,1469072000,0,42670000.0,0,0.017,0.09,245166000.0,287836000.0,0.3,287836000.0,245166000.0,222934000.0,0.37,0.365,0.37,1167490000,,1167490000,8150449296,8.0,7.181,-55547000.0,-0.155,1.0,518855000.0,0.541,1076525000,22232000.0,1633404000,,0,309182000,18365000,290817000,3081746000,2152740000,929006000,7537016296,176003000.0,-2842000.0,14141000.0,101078000.0,-32171000.0,82561000.0,110363000.0,155022000.0,-16921000.0,0.0,132313000.0,132313000.0,132313000.0,0.0,0.0,0.138,276331000.0,242524000.0,1262906000,0.243,6.456,13.728,13.934,294222000,0.0,21.04,2.011,2.011,1011446000,1759479000,958413000.0,958413000.0,0.0,,,,,7631000.0,205619000.0,1.0,358223208,358223208.0,,2.675,3172711000,0,90621000.0,70117000,8.857,209495000
76,HRB,ARQ,2002-09-30,2002-12-16,2002-10-31,2021-09-07,79099000,3979024000,,1979779000,1999245000,,3.08,-40672000.0,670022000,670022000,300726000.0,-37347000.0,1.021,2.611,1364039000,534436000,829603000,1364039000,0,36495000.0,0,0.017,0.09,-43055000.0,-6560000.0,-0.014,-6560000.0,-43055000.0,-62245000.0,-0.105,-0.105,-0.105,1101957000,,1101957000,7720593703,10.0,7.994,-209185000.0,-0.585,1.0,170670000.0,0.362,1081718000,19190000.0,1652468000,,0,423943000,21713000,402230000,2877067000,1938855000,938212000,7026576703,-117077000.0,-21322000.0,-195042000.0,277148000.0,-32470000.0,48790000.0,2646000.0,65016000.0,-168513000.0,0.0,-37347000.0,-37347000.0,-37347000.0,0.0,0.0,-0.079,214168000.0,-43498000.0,1198426000,-0.857,6.376,15.744,16.119,293172000,0.0,19.665,1.998,2.0,924956000,1659337000,471396000.0,471396000.0,0.0,,,,,23537000.0,119471000.0,1.0,357313842,357760000.0,357760000.0,1.318,2897306000,0,-24898000.0,78729000,8.098,40924000
77,HRB,ARQ,2002-06-30,2002-09-13,2002-07-31,2021-09-07,77360000,3925722000,,1938152000,1987570000,,3.714,-16331000.0,620252000,620252000,275050000.0,-9544000.0,1.21,1.916,1085987000,217285000,868702000,1085987000,0,35573000.0,0,0.013,0.09,2722000.0,38295000.0,0.089,38295000.0,2722000.0,-15906000.0,-0.025,-0.025,-0.025,1346062000,,1346062000,9724226396,12.0,9.829,-197646000.0,-0.545,1.0,156316000.0,0.362,1077366000,18628000.0,1712376000,,0,440160000,24507000,415653000,2579660000,1601715000,977945000,9258491396,-58153000.0,-75000.0,-23894000.0,156470000.0,-29004000.0,102882000.0,20280000.0,39123000.0,-181315000.0,0.0,-9544000.0,-9544000.0,-9544000.0,0.0,0.0,-0.022,155085000.0,1231000.0,1102469000,-3.6,6.878,20.32,20.496,277865000,0.0,25.62,2.703,2.711,990591000,1729154000,431366000.0,431366000.0,0.0,,,,,0.0,89873000.0,1.0,361377494,362418000.0,362418000.0,1.19,2848356000,0,-6362000.0,167868000,7.859,336437000
78,HRB,ARQ,2002-03-31,2002-07-29,2002-04-30,2021-09-07,44128000,4230791000,,2245143000,1985648000,,3.777,-40432000.0,588318000,588318000,721917000.0,463584000.0,1.194,2.089,928043000,59656000,868387000,928043000,0,48291000.0,0,0.014,0.08,767070000.0,815361000.0,0.432,815361000.0,767070000.0,765881000.0,1.27,1.235,1.27,1369420000,,1369420000,8824083381,11.0,9.156,1695192000.0,4.675,1.0,1164927000.0,0.617,1106941000,1189000.0,1583873000,,0,409001000,28370000,380631000,2861371000,1879702000,981669000,8484358381,-33965000.0,-2341000.0,-102317000.0,-1639947000.0,-29376000.0,-1772188000.0,2599000.0,33738000.0,1735624000.0,0.0,463584000.0,463584000.0,463584000.0,0.0,0.0,0.246,396076000.0,768851000.0,1313823000,0.063,6.196,19.531,19.664,286500000,0.0,23.4,2.557,2.557,1212883000,1767702000,1886844000.0,1886844000.0,0.0,,,,,2805000.0,296546000.0,1.0,362579418,362579418.0,,5.204,3123850000,0,302297000.0,252822000,8.616,365441000
79,HRB,ARQ,2001-12-31,2002-03-18,2002-01-31,2021-09-07,-25184000,5066468000,,3143670000,1922798000,,2.63,-37619000.0,640225000,640225000,394031000.0,29616000.0,1.006,4.248,2566668000,1692024000,874644000,2566668000,0,38167000.0,0,0.014,0.08,80507000.0,118674000.0,0.163,118674000.0,80507000.0,49774000.0,0.08,0.08,0.08,965412000,,965412000,10073999332,14.0,11.239,-832717000.0,-2.269,1.0,334007000.0,0.459,1116675000,30733000.0,2750775000,,0,302868000,21733000,281135000,4101056000,3125461000,975595000,8147556332,-44695000.0,-20929000.0,42194000.0,754835000.0,-29055000.0,768268000.0,-17865000.0,31061000.0,-795098000.0,0.0,29616000.0,29616000.0,29616000.0,0.0,0.0,0.041,254328000.0,79679000.0,1213338000,1.0,8.439,23.43,23.542,287812000,0.0,22.2,2.603,2.603,2152437000,1333494000,728038000.0,728038000.0,0.0,,,,,13199000.0,183066000.0,1.0,367007042,367007042.0,,1.984,3949793000,0,20158000.0,48100000,10.762,18209000
80,HRB,ARQ,2001-09-30,2001-12-14,2001-10-31,2021-09-07,-20890000,4199631000,,2300477000,1899154000,,2.506,-19948000.0,599002000,599002000,262436000.0,-28011000.0,0.981,3.596,1781730000,932447000,849283000,1781730000,0,34329000.0,0,0.016,0.08,-17292000.0,17037000.0,0.045,17037000.0,-17292000.0,-47077000.0,-0.075,-0.075,-0.075,913752000,,913752000,8472433302,12.0,9.327,110770000.0,0.304,1.0,116293000.0,0.307,1073734000,29785000.0,1964769000,,0,338318000,37591000,300727000,3285879000,2343856000,942023000,7289705302,347152000.0,-21384000.0,-166914000.0,462952000.0,-29634000.0,266689000.0,-50255000.0,3374000.0,130718000.0,0.0,-28011000.0,-28011000.0,-28011000.0,0.0,0.0,-0.074,134669000.0,-18376000.0,1156871000,-1.067,7.978,22.515,22.748,276007000,0.0,19.95,2.38,2.375,1248470000,1332933000,378729000.0,378729000.0,0.0,,,,,41805000.0,94077000.0,1.0,365398762,364576000.0,364576000.0,1.039,3125897000,0,-19066000.0,144561000,8.574,-43379000
81,HRB,ARQ,2001-06-30,2001-09-14,2001-07-31,2021-09-07,-43654000,4034839000,,2214338000,1820501000,,2.92,-13776000.0,251850000,251850000,235708000.0,-30784000.0,1.109,2.758,1296312000,425763000,870549000,1296312000,0,34599000.0,0,0.017,0.08,-21933000.0,12666000.0,0.039,12666000.0,-21933000.0,-51738000.0,-0.085,-0.085,-0.085,1073742000,,1073742000,7814430093,11.0,8.516,-343574000.0,-0.934,1.0,88417000.0,0.273,1043333000,29805000.0,2039393000,,0,428104000,177852000,250252000,2961097000,1996575000,964522000,6769968093,-19963000.0,-2084000.0,-40668000.0,371566000.0,-27660000.0,303347000.0,6488000.0,23079000.0,-329798000.0,0.0,-30784000.0,-30784000.0,-30784000.0,0.0,0.0,-0.095,111631000.0,-23214000.0,1256011000,-0.941,6.305,22.408,22.555,278601000,0.0,18.45,2.241,2.245,1540170000,1390578000,324125000.0,324125000.0,0.0,,,,,0.0,66196000.0,1.0,366935940,367718000.0,367718000.0,0.881,2991506000,0,-20954000.0,215929000,8.135,217763000
82,HRB,ARQ,2001-03-31,2001-07-30,2001-04-30,2021-09-07,-42767000,4121624000,,2271206000,1850418000,,3.187,-45364000.0,271813000,271813000,670456000.0,376918000.0,1.142,2.512,922737000,51763000,870974000,922737000,0,56618000.0,0,0.017,0.075,691357000.0,747975000.0,0.44,747975000.0,691357000.0,644025000.0,1.022,1.018,1.022,1173741000,,1173741000,7216938679,10.0,7.797,1200823000.0,3.261,1.0,1028181000.0,0.605,1051826000,47332000.0,1732320000,,0,324583000,54424000,270159000,2947883000,1988402000,959481000,6566014679,-109105000.0,-7858000.0,16530000.0,-1627906000.0,-27941000.0,-1638376000.0,283084000.0,340118000.0,1246187000.0,0.0,376918000.0,376918000.0,376918000.0,0.0,0.0,0.222,340839000.0,687342000.0,1419210000,0.073,5.594,23.353,23.307,288847000,0.0,17.83,2.188,2.188,1684027000,1450112000,1698637000.0,1698637000.0,0.0,,,,,0.0,243247000.0,1.0,368256572,368256572.0,,4.613,3069798000,0,267107000.0,295599000,8.336,282804000
83,HRB,ARQ,2000-12-31,2001-03-19,2001-01-31,2021-09-07,-24476000,5542523000,,3599830000,1942693000,,2.255,-19022000.0,380918000,380918000,369121000.0,5645000.0,0.96,5.724,2546474000,1677225000,869249000,2546474000,0,52848000.0,0,0.024,0.075,77864000.0,130712000.0,0.198,130712000.0,77864000.0,9816000.0,0.015,0.015,0.015,824290000,,824290000,6729845492,10.0,7.707,-608219000.0,-1.664,1.0,292233000.0,0.442,1069302000,68048000.0,2890121000,,0,278394000,50978000,227416000,4718233000,3748656000,969577000,4564289492,133239000.0,20574000.0,1233000.0,708464000.0,-26669000.0,683870000.0,38566000.0,19304000.0,-589197000.0,0.0,5645000.0,5645000.0,5645000.0,0.0,0.0,0.009,217528000.0,74705000.0,1921542000,5.0,5.537,18.628,20.371,245059000,0.0,12.488,1.568,1.568,2985785000,1101135000,661354000.0,661354000.0,0.0,,,,,0.0,135486000.0,1.0,365508668,365508668.0,,1.809,4473221000,0,4171000.0,8145000,12.238,-148826000
84,HRB,ARQ,2000-09-30,2000-12-15,2000-10-31,2021-09-07,-34029000,5308500000,,3434177000,1874323000,,2.283,-14118000.0,247679000,247679000,229134000.0,-49655000.0,0.971,5.361,1798073000,958000000,840073000,1798073000,0,48685000.0,0,0.031,0.075,-22383000.0,26302000.0,0.078,26302000.0,-22383000.0,-86356000.0,-0.135,-0.135,-0.135,834528000,,834528000,4927877284,8.0,6.051,-115265000.0,-0.315,1.0,108340000.0,0.321,1070051000,63973000.0,2251744000,,0,279636000,55082000,224554000,4473972000,3537099000,936873000,3377483284,27961000.0,-9623000.0,-8232000.0,213251000.0,-27459000.0,176634000.0,-47526000.0,2592000.0,-101147000.0,0.0,-49655000.0,-49655000.0,-49655000.0,0.0,0.0,-0.147,133274000.0,-24934000.0,2465726000,-0.556,4.047,14.539,15.948,248407000,0.0,9.25,1.223,1.224,2994863000,1122159000,337474000.0,337474000.0,0.0,,,,,0.0,75856000.0,1.0,365133328,365612000.0,365612000.0,0.923,4238449000,0,-36701000.0,37112000,11.593,-102922000
85,HRB,ARQ,2000-06-30,2000-09-13,2000-07-31,2021-09-07,-23342000,5375701000,,3511665000,1864036000,,2.498,-11529000.0,219718000,219718000,206764000.0,-51746000.0,1.009,4.768,1580589000,710658000,869931000,1580589000,0,47457000.0,0,0.032,0.075,-10292000.0,37165000.0,0.116,37165000.0,-10292000.0,-89993000.0,-0.138,-0.138,-0.138,932048000,,932048000,4535869781,8.0,5.815,-271857000.0,-0.729,1.0,113849000.0,0.355,1071053000,79701000.0,2183457000,,0,291830000,64436000,227394000,4443653000,3482062000,961591000,3174998781,-160183000.0,-1036000.0,-212876000.0,353651000.0,-26305000.0,115662000.0,-15517000.0,5066000.0,-260328000.0,0.0,-51746000.0,-51746000.0,-51746000.0,0.0,0.0,-0.161,126842000.0,-12993000.0,2592012000,-0.543,3.406,13.384,14.454,253109000,0.0,8.672,1.198,1.22,3080982000,1199273000,320613000.0,320613000.0,0.0,,,,,0.0,73864000.0,1.0,366099600,373044000.0,373044000.0,0.859,4304648000,0,-38247000.0,112482000,11.539,29603000
86,HRB,ARQ,2000-03-31,2000-07-28,2000-04-30,2021-09-07,-26241000,5699350000,,3863543000,1835807000,,3.22,-44177000.0,379901000,379901000,617665000.0,340781000.0,1.097,3.677,1224171000,351775000,872396000,1224171000,0,67948000.0,0,0.035,0.069,627599000.0,695547000.0,0.433,695547000.0,627599000.0,557743000.0,0.87,0.865,0.87,1218589000,,1218589000,3806847749,7.0,5.339,1308339000.0,3.457,1.0,990265000.0,0.616,1095074000,69856000.0,1928097000,,0,238764000,62369000,176395000,4480761000,3520449000,960312000,2962577749,131411000.0,14754000.0,-17508000.0,-1315342000.0,-26669000.0,-1393835000.0,172730000.0,226977000.0,1352516000.0,0.0,340781000.0,340781000.0,340781000.0,0.0,0.0,0.212,365833000.0,624432000.0,2792562000,0.079,2.431,11.761,12.192,260666000,0.0,7.827,1.208,1.208,3292101000,1277324000,1607930000.0,1607930000.0,0.0,,,,,0.0,203435000.0,1.0,378483264,378483264.0,,4.248,4604276000,0,216962000.0,202779000,12.165,343094000
87,HRB,ARQ,1999-12-31,2000-03-16,2000-01-31,2021-09-07,-17229000,5921370000,,4078535000,1842835000,,2.352,-47549000.0,248490000,248490000,294785000.0,-7075000.0,0.9,5.4,2511429000,2155146000,356283000,2511429000,0,36539000.0,0,0.024,0.069,35303000.0,71842000.0,0.14,71842000.0,35303000.0,-13523000.0,-0.018,-0.018,-0.018,925273000,,925273000,6702920871,16.0,12.464,-533925000.0,-1.357,1.0,217722000.0,0.425,1149546000,48826000.0,2503291000,,0,327866000,33074000,294792000,4996097000,4531472000,464625000,4439981871,80308000.0,-842379000.0,11853000.0,1469273000.0,-27247000.0,1453879000.0,-887195000.0,6869000.0,-486376000.0,0.0,-7075000.0,-7075000.0,-7075000.0,0.0,0.0,-0.014,182600000.0,35122000.0,2288984000,-3.833,4.799,21.296,21.908,219594000,0.0,11.283,2.193,2.192,3633850000,963212000,512507000.0,512507000.0,0.0,,,,,0.0,146061000.0,1.0,393528196,393432000.0,393432000.0,1.303,4771824000,0,-6448000.0,6784000,12.129,-452937000
88,HRB,ARQ,1999-09-30,1999-12-15,1999-10-31,2021-09-07,-16313000,2273515000,,1108949000,1164566000,,2.425,-18624000.0,168182000,168182000,177859000.0,-44737000.0,1.277,1.397,1034622000,682024000,352598000,1034622000,0,24331000.0,0,0.025,0.069,-48813000.0,-24482000.0,-0.117,-24482000.0,-48813000.0,-72157000.0,-0.115,-0.115,-0.115,948658000,,948658000,4960169845,13.0,10.27,-25433000.0,-0.065,1.0,32087000.0,0.153,659166000,23344000.0,1612581000,,0,261934000,43831000,218103000,1324857000,868208000,456649000,4093729845,-332485000.0,-131870000.0,-14763000.0,-131367000.0,-27128000.0,-173258000.0,-152418000.0,2128000.0,-6809000.0,0.0,-44737000.0,-44737000.0,-44737000.0,0.0,0.0,-0.213,83537000.0,-51450000.0,108314000,-0.6,4.315,21.27,22.05,135695000,0.0,10.408,2.27,2.258,727738000,997534000,209946000.0,209946000.0,0.0,,,,,0.0,83537000.0,1.0,393344208,391256000.0,391256000.0,0.537,1614349000,0,-27420000.0,53162000,4.126,240741000
89,HRB,ARQ,1999-06-30,1999-09-13,1999-07-31,2021-09-07,-24115000,2322518000,,1498312000,824206000,,2.575,-2682000.0,500667000,500667000,126398000.0,-37074000.0,1.47,1.308,1006771000,757033000,249738000,1006771000,0,18400000.0,0,0.022,0.069,-48323000.0,-29923000.0,-0.246,-29923000.0,-48323000.0,-59797000.0,-0.095,-0.095,-0.095,1006484000,,1006484000,5143683369,13.0,10.52,-356737000.0,-0.913,1.0,-4838000.0,-0.04,406604000,11474000.0,1402580000,,0,208412000,42355000,166057000,1316034000,1019438000,296596000,4637579369,307427000.0,-12307000.0,6722000.0,685094000.0,-24436000.0,667380000.0,-5898000.0,18997000.0,-354055000.0,0.0,-37074000.0,-37074000.0,-37074000.0,0.0,0.0,-0.305,46151000.0,-50989000.0,127231000,-0.726,4.608,22.509,23.225,110230000,0.0,11.845,2.748,2.744,853352000,1069399000,121560000.0,121560000.0,0.0,,,,,0.0,46151000.0,1.0,391522108,390852000.0,390852000.0,0.311,1915914000,0,-22723000.0,111011000,4.902,478874000
90,HRB,ARQ,1999-03-31,1999-07-29,1999-04-30,2021-09-07,-23400000,1910176000,,1087422000,822754000,,2.719,-26458000.0,193240000,193240000,488057000.0,297374000.0,1.963,0.799,321664000,71939000,249725000,321664000,0,29539000.0,0,0.018,0.062,490788000.0,520327000.0,0.441,520327000.0,490788000.0,480970000.0,0.743,0.738,0.743,1061987000,,1061987000,5504524576,13.0,10.899,890249000.0,2.279,1.0,692611000.0,0.587,405534000,9818000.0,1079237000,,0,227409000,56881000,170528000,848189000,553829000,294360000,5376100576,4900000.0,-40609000.0,14156000.0,-845600000.0,-24304000.0,-855748000.0,-56059000.0,139000.0,916707000.0,0.0,297374000.0,297374000.0,297374000.0,1217000.0,0.0,0.252,199708000.0,492903000.0,168641000,0.083,5.062,24.963,25.491,114222000,0.0,13.765,3.269,3.269,743301000,1130909000,1180668000.0,1180668000.0,0.0,,,,,0.0,128046000.0,1.0,390563064,390563064.0,,3.023,1504642000,0,183596000.0,151659000,3.852,533593000
91,HRB,ARQ,1998-12-31,1999-03-16,1999-01-31,2021-09-07,-27017000,2075499000,,1270762000,804737000,,1.947,-37469000.0,188340000,188340000,179547000.0,-23096000.0,1.242,1.734,1055677000,805985000,249692000,1055677000,0,18182000.0,0,0.019,0.062,-1150000.0,17032000.0,0.058,17032000.0,-1150000.0,-24839000.0,-0.06,-0.06,-0.06,759282000,,759282000,5623762794,15.0,12.681,317131000.0,0.813,1.0,111935000.0,0.384,355987000,23689000.0,1563593000,,0,312651000,91582000,221069000,1316217000,1023256000,292961000,4756425794,-119601000.0,-66535000.0,-14431000.0,-430004000.0,-24452000.0,-468887000.0,-5314000.0,115706000.0,354600000.0,0.0,-23096000.0,-23096000.0,-23096000.0,273000.0,0.0,-0.079,96596000.0,15339000.0,135394000,-1.033,6.264,27.194,29.625,100597000,0.0,12.235,3.314,3.324,896363000,857837000,291482000.0,291482000.0,0.0,,,,,0.0,96596000.0,1.0,388755684,389924000.0,389924000.0,0.748,1719512000,0,-1743000.0,26648000,4.41,247506000
92,HRB,ARQ,1998-09-30,1998-12-15,1998-10-31,2021-09-07,-31588000,2569110000,,1967036000,602074000,,2.06,-10878000.0,307941000,307941000,91069000.0,-31173000.0,1.343,2.146,1485947000,1235989000,249958000,1485947000,0,13496000.0,0,0.021,0.062,-31998000.0,-18502000.0,-0.198,-18502000.0,-31998000.0,-50278000.0,-0.077,-0.077,-0.077,816689000,,816689000,5302547541,9.0,8.015,-711346000.0,-1.794,1.0,2559000.0,0.027,295441000,18280000.0,1987553000,,0,272191000,148753000,123438000,1752421000,1464122000,288299000,4124541541,-388269000.0,-4386000.0,-263282000.0,470473000.0,-24973000.0,182218000.0,129981000.0,146283000.0,-700468000.0,0.0,-31173000.0,-31173000.0,-31173000.0,0.0,0.0,-0.333,45309000.0,-42750000.0,86524000,-0.805,5.05,9.997,10.745,75084000,0.0,10.562,3.05,3.097,1357029000,905384000,93628000.0,93628000.0,0.0,,,,,0.0,45309000.0,1.0,390489140,396488000.0,396488000.0,0.236,2273669000,0,-19105000.0,129792000,5.735,502914000
93,HRB,ARQ,1998-06-30,1998-09-14,1998-07-31,2021-09-07,-30982000,2527346000,,1772927000,754419000,,2.707,-4018000.0,696210000,696210000,84196000.0,-27739000.0,1.608,1.223,1015191000,765503000,249688000,1015191000,0,13388000.0,0,0.02,0.062,-27190000.0,-13802000.0,-0.175,-13802000.0,-27190000.0,-44741000.0,-0.065,-0.065,-0.065,1136723000,,1136723000,4698270877,8.0,7.306,-354081000.0,-0.843,1.0,-5309000.0,-0.067,295803000,17551000.0,1447954000,,0,417026000,139657000,277369000,1390623000,1102570000,288053000,4379289877,-204646000.0,-12127000.0,-149427000.0,122514000.0,-21275000.0,-48188000.0,193605000.0,219736000.0,-350063000.0,0.0,-27739000.0,-27739000.0,-27739000.0,0.0,0.0,-0.352,35771000.0,-41080000.0,97880000,-0.954,3.853,10.88,11.308,72901000,0.0,10.89,3.264,3.408,813697000,961530000,78887000.0,78887000.0,0.0,,,,,0.0,35771000.0,1.0,402138648,419904000.0,419904000.0,0.188,2231543000,0,-17002000.0,222933000,5.314,670357000
94,HRB,ARQ,1998-03-31,1998-07-29,1998-04-30,2021-09-07,0,2904083000,,2143277000,760806000,,3.149,-16170000.0,900856000,900856000,394544000.0,256918000.0,1.679,1.165,892677000,643002000,249675000,892677000,0,21150000.0,0,0.019,0.05,437600000.0,458750000.0,0.472,458750000.0,437600000.0,414384000.0,0.615,,0.615,1341632000,,1341632000,4492095805,8.0,7.402,429813000.0,1.009,1.0,576599000.0,0.594,288580000,23216000.0,1330432000,,0,635254000,346158000,289096000,1562451000,1276892000,285559000,4500274805,793299000.0,-27914000.0,8114000.0,11174000.0,-20959000.0,-1671000.0,348987000.0,409600000.0,445983000.0,0.0,256918000.0,256918000.0,256918000.0,0.0,0.0,0.265,154432000.0,422167000.0,114875000,0.081,3.354,11.476,11.297,77321000,0.0,10.562,3.444,3.444,793237000,986030000,971143000.0,971143000.0,0.0,,,,,0.0,79261000.0,1.0,426061520,426061520.0,,2.279,2615503000,0,157466000.0,422847000,6.139,866385000
95,HRB,ARQ,1997-12-31,1998-03-16,1998-01-31,2021-09-07,0,2466519000,,2029579000,436940000,,2.611,-23807000.0,107557000,107557000,143208000.0,214578000.0,1.882,1.248,881503000,631840000,249663000,881503000,0,15603000.0,0,0.016,0.05,219560000.0,235163000.0,1.127,235163000.0,219560000.0,203879000.0,0.51,0.51,0.51,1097088000,,1097088000,5883402885,,,-160165000.0,-0.381,1.0,65475000.0,0.314,266161000,15681000.0,1895968000,,0,1045265000,1031699000,13566000,1369431000,1078336000,291095000,5109456885,-108546000.0,-9999000.0,4722000.0,63451000.0,-21006000.0,47167000.0,-19355000.0,12718000.0,-136358000.0,0.0,214578000.0,214578000.0,214578000.0,-167000.0,0.0,1.028,79039000.0,-13564000.0,132959000,0.098,4.657,,,76409000,0.0,12.188,,,779169000,749646000,208683000.0,208683000.0,0.0,,,,,0.0,79039000.0,1.0,419237488,420200000.0,420200000.0,0.497,2200358000,0,-10699000.0,272200000,5.236,951243000
96,HRB,ARQ,1997-09-30,1997-12-12,1997-10-31,2021-09-07,0,1888522000,,1460358000,428164000,,2.163,-2677000.0,216103000,216103000,79960000.0,-41231000.0,2.107,1.088,818052000,568402000,249650000,818052000,0,10238000.0,0,0.018,0.05,-47256000.0,-37018000.0,-0.446,-37018000.0,-47256000.0,-60611000.0,-0.098,,-0.098,904377000,,904377000,5168724029,,,-267979000.0,-0.641,1.0,3032000.0,0.037,260872000,13355000.0,1536513000,,0,25919000,106000,25813000,984145000,693086000,291059000,4566775029,-87817000.0,-4578000.0,26549000.0,160843000.0,-20854000.0,166538000.0,10947000.0,29080000.0,-265302000.0,0.0,-41231000.0,-41231000.0,-41231000.0,10782000.0,0.0,-0.497,42709000.0,-39677000.0,81146000,-0.51,5.05,,,63405000,0.0,10.875,,,645566000,561657000,82992000.0,82992000.0,0.0,,,,,0.0,42709000.0,1.0,419933336,418208000.0,,0.198,1627650000,0,-19380000.0,38478000,3.892,767272000
97,HRB,ARQ,1997-06-30,1997-09-15,1997-07-31,2021-09-07,0,1876362000,,1445155000,431207000,,2.261,-4149000.0,303920000,303920000,65793000.0,-38135000.0,1.615,0.993,657209000,657209000,0,657209000,0,8796000.0,0,0.021,0.05,-58783000.0,-49987000.0,-1.137,-49987000.0,-58783000.0,-58783000.0,-0.092,,-0.092,941650000,,941650000,4403755029,,,136531000.0,0.328,1.0,-21826000.0,-0.496,260991000,0.0,1074046000,,0,55851000,20269000,35582000,934712000,894614000,40098000,4050466029,-153159000.0,-223209000.0,1145000.0,-68573000.0,-20816000.0,-88244000.0,-205595000.0,26901000.0,140680000.0,0.0,-38135000.0,-38135000.0,-38135000.0,3274000.0,0.0,-0.867,38873000.0,-60699000.0,152103000,-0.543,4.301,,,66082000,0.0,9.72,,,518739000,625479000,43967000.0,43967000.0,0.0,,,,,0.0,38873000.0,1.0,416714612,416408000.0,,0.106,1615371000,0,-20648000.0,74640000,3.879,550541000
98,HRB,ARQ,1997-03-31,1997-08-14,1997-04-30,2021-09-07,0,1906258000,,1269998000,636260000,,2.4,-34616000.0,595851000,595851000,,,1.781,0.908,269619000,269619000,0,269619000,0,56183000.0,0,0.023,0.05,,,,,,,,,,999097000,,999097000,3758841864,60.0,16.401,628789000.0,1.51,1.0,,,80133000,,786751000,,0,105249000,84362000,20887000,907161000,713142000,194019000,4085073864,49707000.0,-7544000.0,618000.0,-191401000.0,-20808000.0,-211591000.0,-402107000.0,-349471000.0,663405000.0,0.0,,,,,,,,,193628000,,4.089,85.542,86.836,420278000,,9.812,2.117,2.117,525777000,684071000,,,,,,,,0.0,,1.0,416313260,416313260.0,,,1826125000,0,,154936000,4.386,556856000
99,HRB,ARQ,1997-03-31,1997-07-29,1997-04-30,2021-09-07,0,1906258000,,1269998000,636260000,,2.4,-34616000.0,595851000,595851000,,,1.781,0.908,269619000,269619000,0,269619000,0,56183000.0,0,0.025,0.05,,,,,,,,,,999097000,,999097000,3538195836,57.0,15.439,628789000.0,1.51,1.0,,,80133000,,786751000,,0,105249000,84362000,20887000,907161000,713142000,194019000,3864427836,49707000.0,-7544000.0,618000.0,-191401000.0,-20808000.0,-211591000.0,-402107000.0,-349471000.0,663405000.0,0.0,,,,,,,,,193628000,,3.868,80.922,82.146,420278000,,9.283,2.003,2.003,525777000,684071000,,,,,,,,0.0,,1.0,416313260,416313260.0,,,1826125000,0,,154936000,4.386,556856000
100,HRB,ARQ,1996-12-31,1997-03-17,1997-01-31,2021-09-07,0,1718812000,,1047741000,671071000,,1.979,,199539000,199539000,265653000.0,-25326000.0,1.523,1.087,461020000,461020000,0,461020000,0,,0,0.035,0.05,-41256000.0,,,,-41256000.0,-41256000.0,-0.06,,-0.06,823599000,,823599000,3356734814,,,,,1.0,97411000.0,0.268,89960000,0.0,1202230000,,0,102141000,70382000,31759000,895213000,688103000,207110000,3095253814,,,,,,,,,,,-25326000.0,-25326000.0,-25326000.0,0.0,0.0,-0.07,144504000.0,-47093000.0,175107000,-0.833,3.758,,,433016000,0.0,7.438,,,680087000,509191000,363064000.0,363064000.0,0.0,,,,,,144504000.0,1.0,416168580,416164000.0,,0.872,1628852000,0,-15930000.0,31924000,3.914,359638000
0,HRB,ART,2021-06-30,2021-08-09,2021-06-30,2021-09-07,88000,4014388000,,2080382000,1934006000,,,,1584164000,1584164000,,,2.117,9.345,2442841000,214190000,2228651000,2442841000,309710000,,0,,,,,,,,,,,,388058000,,388058000,5306492998,,,,,1.0,,,1105614000,,2784965000,,0,0,0,0,3626330000,982486000,2643844000,4447815998,,,,,,,,,,,,,,,,,,,164269000,,11.462,,,585123000,,24.98,,,88932000,286694000,,,,,,,,,,1.0,178055084,,,,2908774000,512868000,,540521000,,1097896000
1,HRB,ART,2021-03-31,2021-06-15,2021-04-30,2021-09-07,4786000,3653646000,3593968500.0,1699724000,1953922000,0.95,1.942,-52792000.0,1062920000,1062920000,1842092000.0,583791000.0,1.461,9.368,1939058000,206393000,1732665000,1939058000,326366000,156852000.0,0,0.041,1.04,769185000.0,926037000.0,0.271,926037000.0,769185000.0,662315000.0,3.11,3.08,3.11,352401000,-81717000.0,352401000,5459969236,7.0,5.896,573136000.0,3.158,1.0,1571895000.0,0.46,1117807000,106870000.0,2248898000,3189848750.0,0,0,0,0,3301245000,1163079000,2138166000,4583831236,-1810100000.0,25639000.0,-189154000.0,-2002035000.0,-195068000.0,-2408823000.0,-45523000.0,-26917000.0,625928000.0,18318000.0,583791000.0,583791000.0,583791000.0,6421000.0,0.0,0.171,802268000.0,769627000.0,198084000,0.334,13.007,7.852,8.122,585736000,0.0,25.26,1.343,1.343,197876000,248506000,3413987000.0,3413987000.0,0.0,0.162,-7.144,0.241,0.225,28271000.0,802268000.0,1.0,181466003,181466003.0,,18.813,2535839000,516214000,78524000.0,566755000,13.974,536645000
2,HRB,ART,2020-12-31,2021-03-09,2021-01-31,2021-09-07,-11693000,3168363000,3958568750.0,1220642000,1947721000,0.731,-2.946,-63171000.0,461408000,461408000,1707521000.0,94942000.0,1.765,-6.927,2801166000,186209000,2614957000,2801166000,303172000,161290000.0,0,0.053,1.04,350559000.0,511849000.0,0.177,511849000.0,350559000.0,237828000.0,0.34,0.34,0.34,-534580000,-152057000.0,-534580000,5924839935,17.0,11.575,604902000.0,3.334,1.0,1187638000.0,0.41,1126880000,112731000.0,3689758000,3512538500.0,0,0,0,0,3702943000,691483000,3011460000,3585081935,99621000.0,30623000.0,-151033000.0,-157035000.0,-197930000.0,-522889000.0,-54641000.0,-27331000.0,668073000.0,9078000.0,94942000.0,94942000.0,94942000.0,7763000.0,0.0,0.033,835971000.0,351667000.0,160880000,3.059,-6.706,37.761,58.118,582010000,0.0,19.76,1.238,1.238,563089000,-616518000,2895159000.0,2895159000.0,0.0,0.024,-0.624,0.1,0.121,26090000.0,729971000.0,1.0,181431272,181431272.0,,15.957,2041483000,179598000,142886000.0,319208000,11.252,529159000
3,HRB,ART,2020-09-30,2020-12-08,2020-10-31,2021-09-07,-31707000,2556429000,4029585500.0,592913000,1963516000,0.771,-1.526,-65415000.0,387324000,387324000,1789769000.0,198253000.0,1.073,-10.131,2018519000,191114000,1827405000,2018519000,284536000,165581000.0,0,0.064,1.04,460507000.0,626088000.0,0.202,626088000.0,460507000.0,343804000.0,0.94,0.94,0.94,-279966000,-98006750.0,-279966000,4620914024,10.0,7.381,474123000.0,2.585,1.0,1316368000.0,0.424,1117854000,116703000.0,2517167000,3462078500.0,0,0,0,0,2836395000,552603000,2283792000,2989719024,-34320000.0,13347000.0,-217006000.0,-67035000.0,-201005000.0,-497336000.0,-76604000.0,-31165000.0,539538000.0,82000.0,198253000.0,198253000.0,198253000.0,8257000.0,0.0,0.064,853771000.0,462597000.0,108805000,1.106,-10.679,15.08,17.34,610469000,0.0,16.3,0.963,0.963,71253000,-335617000,3106137000.0,3106137000.0,0.0,0.049,-2.023,0.133,0.148,26886000.0,747771000.0,1.0,183418345,183418345.0,,16.935,1438575000,172842000,145551000.0,362413000,7.843,40310000
4,HRB,ART,2020-06-30,2020-09-03,2020-07-31,2021-09-07,-34037000,4997436000,4079663500.0,2997345000,2000091000,0.758,0.701,-74815000.0,2806585000,2806585000,1797920000.0,233980000.0,3.913,35.942,4002992000,209556000,3793436000,4002992000,318887000,170439000.0,0,0.069,1.04,423474000.0,593913000.0,0.192,593913000.0,423474000.0,316326000.0,1.17,1.17,1.17,135277000,-46952000.0,135277000,4097600004,10.0,6.899,497475000.0,2.579,1.0,1292468000.0,0.418,1124313000,107148000.0,4303572000,3320029250.0,0,0,0,0,4862159000,765958000,4096201000,2901193004,2041131000.0,-4422000.0,-220655000.0,2000000000.0,-202402000.0,1575321000.0,-107044000.0,-32586000.0,572290000.0,564000.0,233980000.0,233980000.0,233980000.0,11456000.0,0.0,0.076,867263000.0,425205000.0,128690000,0.889,21.446,12.399,12.855,661025000,0.0,15.04,0.939,0.939,97222000,82933000,3090388000.0,3090388000.0,0.0,0.057,-4.983,0.128,0.137,28968000.0,761263000.0,1.0,192898471,192898471.0,,16.021,3873123000,153274000,82346000.0,342244000,20.079,2231387000
5,HRB,ART,2020-03-31,2020-06-17,2020-04-30,2021-09-07,-51576000,5112047000,3607804500.0,3086736000,2025311000,0.732,0.369,-81685000.0,2873020000,2873020000,1712276000.0,-7526000.0,1.959,70.959,4003360000,844921000,3158439000,4003360000,325911000,169536000.0,0,0.064,1.04,79038000.0,248574000.0,0.094,248574000.0,79038000.0,-17056000.0,-0.04,-0.04,-0.04,71041000,-8070250.0,71041000,4271537027,54.0,17.184,27276000.0,0.142,1.0,927444000.0,0.351,1127114000,96094000.0,3539657000,2829978750.0,0,0,0,0,5041006000,1575616000,3465390000,3141197027,1165293000.0,-410323000.0,-254139000.0,2000000000.0,-204870000.0,1531848000.0,-470231000.0,-35264000.0,108961000.0,-5285000.0,-7526000.0,-7526000.0,-7526000.0,13682000.0,0.0,-0.003,850361000.0,77083000.0,203103000,-26.0,44.217,-417.379,-408.0,679155000,0.0,16.32,1.19,1.19,133197000,42965000,2639720000.0,2639720000.0,0.0,-0.002,0.933,0.028,0.03,28045000.0,744361000.0,1.0,192475308,192475308.0,,13.715,3984933000,151195000,-9530000.0,392257000,20.704,1511120000
6,HRB,ART,2019-12-31,2020-03-09,2020-01-31,2021-09-07,-25391000,3452430000,3154779000.0,1301962000,2150468000,1.003,-1.654,-82018000.0,361787000,361787000,1808640000.0,409980000.0,0.973,-11.844,3006800000,836912000,2169888000,3006800000,280588000,166091000.0,0,0.051,1.03,562163000.0,728254000.0,0.23,728254000.0,562163000.0,471644000.0,1.9,1.89,1.9,-318379000,109551250.0,-318379000,6517615714,12.0,8.95,404185000.0,2.1,1.0,1354171000.0,0.428,1271904000,90519000.0,3487918000,2269918500.0,0,0,0,0,3770809000,1337621000,2433188000,3872602714,56658000.0,-404216000.0,-341880000.0,650000000.0,-205422000.0,97834000.0,-525574000.0,-51086000.0,486203000.0,-1805000.0,409980000.0,409980000.0,409980000.0,17485000.0,0.0,0.13,793408000.0,560763000.0,156766000,0.542,-12.163,9.446,10.589,661346000,0.0,20.12,1.224,1.224,819946000,-367218000,3162811000.0,3162811000.0,0.0,0.13,3.742,0.248,0.178,28457000.0,793408000.0,1.0,192475284,192475284.0,,16.432,2180526000,134901000,61664000.0,209196000,11.329,-35659000
7,HRB,ART,2019-09-30,2019-12-06,2019-10-31,2021-09-07,-21817000,2756741000,2933873000.0,601412000,2155329000,1.061,-0.388,-71922000.0,421644000,421644000,1767145000.0,413209000.0,0.476,-37.394,2118538000,811548000,1306990000,2118538000,258422000,166032000.0,0,0.044,1.03,572039000.0,738071000.0,0.237,738071000.0,572039000.0,484992000.0,1.95,1.94,1.95,-75747000,135748250.0,-75747000,6285175611,11.0,8.516,468991000.0,2.402,1.0,1344845000.0,0.432,1240708000,87047000.0,1948970000,2066954750.0,0,0,0,0,2832488000,1263957000,1568531000,4588281611,-301662000.0,-395440000.0,-276184000.0,135000000.0,-206040000.0,-354188000.0,-488986000.0,-38717000.0,540913000.0,599000.0,413209000.0,413209000.0,413209000.0,22503000.0,0.0,0.133,769578000.0,575267000.0,111439000,0.528,-60.574,11.104,12.051,682185000,0.0,23.5,1.474,1.474,74710000,-122535000,3111990000.0,3111990000.0,0.0,0.141,3.044,0.277,0.184,28022000.0,769578000.0,1.0,195246026,195246026.0,,15.939,1516033000,145807000,71783000.0,286487000,7.765,-662545000
8,HRB,ART,2019-06-30,2019-09-06,2019-07-31,2021-09-07,-22736000,3110000000,2803011750.0,946705000,2163295000,1.106,1.449,-98614000.0,765454000,765454000,1764754000.0,424932000.0,1.292,9.694,1972462000,186355000,1786107000,1972462000,293770000,164868000.0,0,0.042,1.01,600346000.0,765214000.0,0.247,765214000.0,600346000.0,513414000.0,2.04,2.03,2.04,290804000,146853750.0,290804000,6052390104,10.0,7.909,399658000.0,1.991,1.0,1335306000.0,0.431,1240669000,86932000.0,2343370000,2003182750.0,0,0,0,0,2819196000,732969000,2086227000,4845382104,-345038000.0,-401281000.0,-122320000.0,0.0,-205869000.0,-333980000.0,-507376000.0,-26027000.0,498272000.0,-1954000.0,424932000.0,424932000.0,424932000.0,23397000.0,0.0,0.137,732563000.0,602743000.0,122156000,0.495,16.662,11.403,11.833,685826000,0.0,24.14,1.563,1.563,76128000,250740000,3100060000.0,3100060000.0,0.0,0.152,2.894,0.3,0.194,26082000.0,732563000.0,1.0,200720054,200720054.0,,15.445,1869331000,142416000,88482000.0,382642000,9.313,213736000
9,HRB,ART,2019-03-31,2019-06-14,2019-04-30,2021-09-07,-20416000,3299945000,2676771250.0,1993359000,1306586000,1.156,2.681,-95490000.0,1707727000,1707727000,1756922000.0,422509000.0,2.16,5.094,1492629000,0,1492629000,1492629000,349858000,166695000.0,0,0.035,1.0,609464000.0,776159000.0,0.251,776159000.0,609464000.0,522413000.0,2.05,2.04,2.05,541527000,122155000.0,541527000,5579141544,9.0,7.188,511048000.0,2.53,1.0,1337959000.0,0.432,862430000,87051000.0,1299416000,1808295750.0,0,0,0,0,2758418000,923001000,1835417000,5794239544,44049000.0,-10966000.0,-187380000.0,0.0,-205461000.0,-403695000.0,-155131000.0,-19922000.0,606538000.0,-3663000.0,422509000.0,422509000.0,422509000.0,22747000.0,0.0,0.137,722167000.0,615792000.0,249525000,0.488,10.7,13.714,13.995,212092000,0.0,28.69,1.872,1.872,138965000,499386000,3094881000.0,3094881000.0,0.0,0.158,3.459,0.337,0.197,23767000.0,722167000.0,1.0,201960249,201960249.0,,15.324,2437515000,141979000,99904000.0,469879000,12.069,1070358000
10,HRB,ART,2018-12-31,2019-03-08,2019-01-31,2021-09-07,-17642000,2568806000,2637022250.0,1234652000,1334154000,1.197,-1.051,-100700000.0,305129000,305129000,1748795000.0,687527000.0,2.101,-13.027,1876989000,0,1876989000,1876989000,299179000,172430000.0,0,0.04,0.99,710162000.0,882592000.0,0.28,882592000.0,710162000.0,622678000.0,3.25,3.23,3.25,-213591000,85201000.0,-213591000,6644023294,9.0,7.528,759548000.0,3.736,1.0,1406492000.0,0.446,876957000,87484000.0,2676063000,1795292500.0,0,0,0,0,2782397000,587646000,2194751000,5072163294,34730000.0,-45570000.0,-100954000.0,-405000000.0,-205077000.0,-711623000.0,-108743000.0,22757000.0,860248000.0,-5152000.0,687527000.0,687527000.0,687527000.0,18924000.0,0.0,0.218,691476000.0,715016000.0,202101000,0.305,-23.747,7.377,7.677,220505000,0.0,24.95,1.608,1.608,758217000,-254277000,3155287000.0,3155287000.0,0.0,0.261,8.069,0.396,0.225,22898000.0,691476000.0,1.0,203293118,203293118.0,,15.521,1691849000,177852000,-64849000.0,263226000,8.322,647006000
11,HRB,ART,2018-09-30,2018-12-07,2018-10-31,2021-09-07,-18880000,2233296000,2635145750.0,891002000,1342294000,1.205,-0.152,-108255000.0,723306000,723306000,1744370000.0,568336000.0,2.045,-72.294,1491328000,0,1491328000,1491328000,285448000,176830000.0,0,0.037,0.99,753703000.0,930533000.0,0.293,930533000.0,753703000.0,664492000.0,2.69,2.67,2.69,-31325000,-35918500.0,-31325000,6325494118,8.0,6.798,762514000.0,3.71,1.0,1430959000.0,0.451,871715000,89211000.0,1693882000,1879736000.0,0,0,0,0,2264621000,435721000,1828900000,5557472118,441644000.0,-39566000.0,-101098000.0,0.0,-203871000.0,-310074000.0,-115846000.0,21039000.0,870769000.0,-3205000.0,568336000.0,568336000.0,568336000.0,14969000.0,0.0,0.179,675116000.0,755843000.0,114393000,0.368,-177.413,9.778,10.052,241772000,0.0,27.04,1.75,1.75,61286000,-64291000,3175329000.0,3175329000.0,0.0,0.216,-15.823,0.401,0.237,22166000.0,675116000.0,1.0,205527815,205527815.0,,15.45,1361581000,149732000,96156000.0,330056000,6.625,455281000
12,HRB,ART,2018-06-30,2018-09-07,2018-07-31,2021-09-07,-16034000,2605038000,2505962000.0,1282123000,1322915000,1.264,0.934,-97546000.0,1110492000,1110492000,1733574000.0,591046000.0,2.273,12.567,1496044000,1038000,1495006000,1496044000,324441000,180129000.0,0,0.037,0.97,749587000.0,929716000.0,0.294,929716000.0,749587000.0,660302000.0,2.81,2.79,2.81,192009000,-131280500.0,192009000,5764031859,8.0,6.2,786009000.0,3.824,1.0,1433738000.0,0.453,862772000,89285000.0,1563822000,1865529250.0,0,0,0,0,2413029000,563996000,1849033000,5378479859,442332000.0,-42548000.0,-101027000.0,0.0,-202668000.0,-333122000.0,-105656000.0,20747000.0,883555000.0,-2445000.0,591046000.0,591046000.0,591046000.0,14884000.0,0.0,0.187,678643000.0,755095000.0,145471000,0.345,28.012,9.1,9.313,227003000,0.0,26.17,1.698,1.698,70576000,163567000,3167312000.0,3167312000.0,0.0,0.236,-4.502,0.402,0.237,21497000.0,678643000.0,1.0,205520820,205520820.0,,15.411,1742266000,147459000,69256000.0,409605000,8.477,718127000
13,HRB,ART,2018-03-31,2018-06-15,2018-04-30,2021-09-07,-14303000,3140949000,2387764500.0,1891713000,1249236000,1.323,1.881,-98583000.0,1663678000,1663678000,1739729000.0,613149000.0,2.242,6.978,1495635000,1026000,1494609000,1495635000,365649000,183295000.0,0,0.041,0.96,744344000.0,927639000.0,0.294,927639000.0,744344000.0,654972000.0,2.93,2.91,2.93,393711000,-232864750.0,393711000,4782937587,6.0,5.156,751420000.0,3.591,1.0,1420202000.0,0.449,881852000,89372000.0,1247403000,1851582000.0,0,0,0,0,2747238000,843651000,1903587000,4950980587,546139000.0,-42539000.0,19193000.0,0.0,-200469000.0,-190664000.0,-112057000.0,17648000.0,850003000.0,-1143000.0,613149000.0,613149000.0,613149000.0,13760000.0,0.0,0.194,668152000.0,752050000.0,251975000,0.328,12.575,8.075,8.075,231888000,0.0,23.66,1.567,1.567,146774000,362980000,3159931000.0,3159931000.0,0.0,0.257,-2.633,0.402,0.236,21954000.0,668152000.0,1.0,209255308,209255308.0,,15.101,2259097000,46405000,41823000.0,492480000,10.796,1048062000
14,HRB,ART,2017-12-31,2018-03-08,2018-01-31,2021-09-07,-9374000,2561300000,2276054250.0,1284141000,1277159000,1.36,-3.337,-93196000.0,270399000,270399000,1703147000.0,253574000.0,1.927,-4.669,2285246000,1015000,2284231000,2285246000,309214000,186854000.0,0,0.034,0.94,725700000.0,912554000.0,0.295,912554000.0,725700000.0,635673000.0,1.12,1.11,1.12,-698069000,-346513250.0,-698069000,7803472538,11.0,8.551,475113000.0,2.271,1.0,1391850000.0,0.45,895782000,90027000.0,3013837000,1847410250.0,0,0,0,0,3259369000,666528000,2592841000,5788625538,-56981000.0,-41388000.0,20422000.0,-310000000.0,-195836000.0,-537539000.0,-87996000.0,32101000.0,568309000.0,245000.0,253574000.0,253574000.0,253574000.0,13941000.0,0.0,0.082,656774000.0,735076000.0,163653000,0.839,-8.292,22.828,24.705,249911000,0.0,27.67,1.87,1.87,791618000,-729578000,3094997000.0,3094997000.0,0.0,0.111,-0.732,0.393,0.234,19405000.0,656774000.0,1.0,209202224,209202224.0,,14.794,1665518000,98080000,382099000.0,365630000,7.961,617613000
15,HRB,ART,2017-09-30,2017-12-07,2017-10-31,2021-09-07,-14222000,1716561000,2280137000.0,444616000,1271945000,1.341,-1.974,-101087000.0,281662000,281662000,1675323000.0,394705000.0,1.131,-5.159,1494832000,1004000,1493828000,1494832000,294827000,183526000.0,0,0.034,0.94,696705000.0,880231000.0,0.288,880231000.0,696705000.0,605298000.0,1.8,1.79,1.8,-412773000,-372200000.0,-412773000,6939567582,10.0,7.884,526346000.0,2.518,1.0,1383130000.0,0.452,899499000,91407000.0,1637055000,1945746000.0,0,0,0,0,2129334000,393177000,1736157000,5726397582,-57056000.0,-46187000.0,-86657000.0,-475000000.0,-191226000.0,-758696000.0,75695000.0,213723000.0,627433000.0,-1488000.0,394705000.0,394705000.0,394705000.0,14523000.0,0.0,0.129,675573000.0,707557000.0,114875000,0.522,-13.873,14.508,15.217,262226000,0.0,27.39,1.872,1.872,77750000,-433556000,3058453000.0,3058453000.0,0.0,0.173,-1.06,0.358,0.228,18440000.0,675573000.0,1.0,209068915,209068915.0,,14.629,817062000,9205000,210593000.0,181903000,3.908,51439000
16,HRB,ART,2017-06-30,2017-09-01,2017-07-31,2021-09-07,-12837000,2132248000,2371541250.0,833940000,1298308000,1.286,-1.025,-96103000.0,668160000,668160000,1661006000.0,402051000.0,1.483,-10.949,1494414000,992000,1493422000,1494414000,319206000,225766000.0,0,0.034,0.9,708305000.0,934071000.0,0.306,934071000.0,708305000.0,615543000.0,1.86,1.85,1.86,-214328000,-408374500.0,-214328000,6422789049,9.0,6.876,520550000.0,2.49,1.0,1387925000.0,0.455,887963000,92762000.0,1508033000,2127204000.0,0,0,0,0,2346576000,562506000,1784070000,5596535049,255081000.0,-54621000.0,-256896000.0,0.0,-188506000.0,-440908000.0,81278000.0,222743000.0,616653000.0,-1942000.0,402051000.0,402051000.0,402051000.0,12074000.0,0.0,0.132,672379000.0,715546000.0,161751000,0.484,-26.112,13.92,14.392,253255000,0.0,26.77,1.836,1.836,91004000,-229647000,3048931000.0,3048931000.0,0.0,0.17,-0.985,0.333,0.232,24101000.0,672379000.0,1.0,209059957,209059957.0,,14.584,1244285000,54348000,213492000.0,336142000,5.952,271434000
17,HRB,ART,2017-03-31,2017-06-16,2017-04-30,2021-09-07,-15299000,2694108000,2379364750.0,1346039000,1348069000,1.276,-0.294,-89255000.0,1117539000,1117539000,1644377000.0,408945000.0,1.433,-45.251,1493998000,981000,1493017000,1493998000,352825000,182168000.0,0,0.022,0.66,710266000.0,892434000.0,0.294,892434000.0,710266000.0,617315000.0,1.92,1.91,1.92,-60883000,-404744250.0,-60883000,6575228919,9.0,7.368,460838000.0,2.224,1.0,1391937000.0,0.458,900571000,92951000.0,1230716000,2182018250.0,0,0,0,0,2754991000,939280000,1815711000,6198769919,114530000.0,-54816000.0,-320479000.0,0.0,-187115000.0,-530424000.0,99319000.0,235282000.0,550093000.0,-4458000.0,408945000.0,408945000.0,408945000.0,11972000.0,0.0,0.135,675953000.0,715984000.0,217028000,0.344,-101.814,15.158,15.583,263827000,0.0,29.92,2.042,2.042,162775000,-48206000,3036314000.0,3036314000.0,0.0,0.172,-1.01,0.326,0.234,19285000.0,675953000.0,1.0,207178139,207178139.0,,14.656,1793537000,83728000,208370000.0,507284000,8.657,406759000
18,HRB,ART,2016-12-31,2017-03-08,2017-01-31,2021-09-07,-15363000,2577631000,2420281500.0,1202834000,1374797000,1.242,-3.866,-107429000.0,291338000,291338000,1678695000.0,326255000.0,2.169,-4.219,2593564000,942000,2592622000,2593564000,305247000,305790000.0,0,0.036,0.86,641533000.0,947323000.0,0.315,947323000.0,641533000.0,548874000.0,1.03,1.02,1.03,-800816000,-383747750.0,-800816000,7261811473,11.0,7.666,475997000.0,2.298,1.0,1327181000.0,0.442,918040000,92659000.0,3407180000,2228181250.0,0,0,0,0,3378447000,554637000,2823810000,4959585473,31661000.0,-56272000.0,-450150000.0,-25000000.0,-185695000.0,-635076000.0,80216000.0,236824000.0,583426000.0,3095000.0,326255000.0,326255000.0,326255000.0,9317000.0,0.0,0.109,683870000.0,643311000.0,239085000,0.835,-6.193,15.202,23.243,282358000,0.0,23.94,1.65,1.65,787865000,-785823000,3005876000.0,3005876000.0,0.0,0.135,-0.85,0.288,0.213,40485000.0,683870000.0,1.0,207167313,207167313.0,,14.509,1659591000,109671000,222619000.0,117094000,8.011,648197000
19,HRB,ART,2016-09-30,2016-12-08,2016-10-31,2021-09-07,-17122000,2082178000,2494385250.0,703474000,1378704000,1.214,-2.692,-106062000.0,342048000,342048000,1682431000.0,349040000.0,1.618,-4.735,1968109000,903000,1967206000,1968109000,304593000,260630000.0,0,0.038,0.86,643486000.0,904116000.0,0.299,904116000.0,643486000.0,553194000.0,1.18,1.17,1.18,-557471000,-317727250.0,-557471000,6346253168,10.0,7.019,303248000.0,1.464,1.0,1346106000.0,0.444,910495000,90292000.0,2362887000,2310499750.0,0,183107000,183107000,0,2639649000,434857000,2204792000,4720192168,-128171000.0,-63081000.0,-705533000.0,475000000.0,-187321000.0,-442344000.0,-91356000.0,64862000.0,409310000.0,-3781000.0,349040000.0,349040000.0,349040000.0,9095000.0,0.0,0.115,697845000.0,648261000.0,139808000,0.729,-8.467,13.523,19.314,293060000,0.0,22.79,1.559,1.559,104764000,-538242000,3028537000.0,3028537000.0,0.0,0.14,-1.099,0.279,0.212,36012000.0,697845000.0,1.0,207116813,207116813.0,,14.622,1171683000,81755000,204154000.0,186385000,5.657,268617000
20,HRB,ART,2016-06-30,2016-09-01,2016-07-31,2021-09-07,-14804000,2163542000,2546315000.0,608373000,1555169000,1.188,-0.912,-97480000.0,428896000,428896000,1683130000.0,350253000.0,0.999,-11.828,1492654000,864000,1491790000,1492654000,336995000,173598000.0,0,0.038,0.82,626113000.0,799711000.0,0.264,799711000.0,626113000.0,544260000.0,1.31,1.3,1.31,-199807000,-185170250.0,-199807000,5789603673,9.0,7.24,337485000.0,1.54,1.0,1342490000.0,0.444,890851000,81853000.0,1727290000,2198363250.0,0,193498000,1123000,192375000,2363349000,609159000,1754190000,4725845673,-992511000.0,-78140000.0,-2031495000.0,996831000.0,-195139000.0,-1727946000.0,302499000.0,465626000.0,434965000.0,-2029000.0,350253000.0,350253000.0,350253000.0,8779000.0,0.0,0.116,720040000.0,622450000.0,157085000,0.626,-23.652,13.493,16.466,284114000,0.0,21.57,1.562,1.562,103425000,-180631000,3025620000.0,3025620000.0,0.0,0.138,-1.892,0.285,0.207,23540000.0,720040000.0,1.0,219093448,219093448.0,,13.81,1272691000,90498000,194007000.0,333099000,5.809,-786000
21,HRB,ART,2016-03-31,2016-06-17,2016-04-30,2021-09-07,-11233000,2857775000,2913602250.0,1222298000,1635477000,1.043,0.105,-99923000.0,1000911000,1000911000,1685552000.0,374267000.0,1.176,122.697,1502751000,826000,1501925000,1502751000,403835000,173598000.0,0,0.035,0.82,629155000.0,802753000.0,0.264,802753000.0,629155000.0,560193000.0,1.5,1.49,1.5,23103000,282138250.0,23103000,5622250708,9.0,7.004,432471000.0,1.961,1.0,1352601000.0,0.445,904642000,68962000.0,1415368000,1945692750.0,0,203518000,1133000,202385000,2834672000,1039605000,1795067000,5120410708,-1110389000.0,-88776000.0,-1992563000.0,996831000.0,-201688000.0,-1961729000.0,329515000.0,502379000.0,532394000.0,-10569000.0,374267000.0,374267000.0,374267000.0,9286000.0,0.0,0.123,719409000.0,633192000.0,259586000,0.547,221.634,13.681,15.48,293565000,0.0,23.22,1.685,1.685,153116000,40347000,3038153000.0,3038153000.0,0.0,0.128,1.327,0.323,0.207,23540000.0,719409000.0,1.0,220517257,220517257.0,,13.777,1953133000,120123000,185926000.0,506714000,8.857,182693000
22,HRB,ART,2015-12-31,2016-03-11,2016-01-31,2021-09-07,-20849000,2874046000,3328013500.0,1220659000,1653387000,0.914,-2.392,-90700000.0,259160000,259160000,1648811000.0,412446000.0,2.072,-6.355,2627750000,817000,2626933000,2627750000,357284000,159804000.0,0,0.028,0.8,679605000.0,839409000.0,0.276,839409000.0,679605000.0,624716000.0,1.43,1.42,1.43,-536734000,734599750.0,-536734000,8690097865,13.0,10.353,356159000.0,1.587,1.0,1393235000.0,0.458,917150000,54889000.0,3736454000,1634371750.0,0,213251000,1145000,212106000,3410780000,589032000,2821748000,6321507865,-1131623000.0,-86418000.0,-1872745000.0,1530345000.0,-212585000.0,-1865277000.0,297807000.0,455863000.0,446859000.0,-11012000.0,412446000.0,412446000.0,412446000.0,14015000.0,0.0,0.136,705287000.0,687948000.0,205981000,0.559,-11.778,15.327,19.699,290202000,0.0,28.17,2.078,2.078,829774000,-510000000,3042046000.0,3042046000.0,0.0,0.124,0.561,0.416,0.223,26068000.0,705287000.0,1.0,224405675,224405675.0,,13.556,1956896000,143298000,212270000.0,96476000,8.72,631627000
23,HRB,ART,2015-09-30,2015-12-09,2015-10-31,2021-09-07,-16208000,2289897000,3704237250.0,726708000,1563189000,0.831,-0.115,-91010000.0,403462000,403462000,1650976000.0,457227000.0,1.283,-85.055,1502746000,808000,1501938000,1502746000,427541000,159804000.0,0,0.024,0.8,722158000.0,881962000.0,0.287,881962000.0,722158000.0,681794000.0,1.65,1.64,1.65,-27243000,1155379500.0,-27243000,8805410151,12.0,9.984,560462000.0,2.375,1.0,1425601000.0,0.463,908292000,40364000.0,1914341000,887022000.0,0,222787000,2116000,220671000,2317140000,566548000,1750592000,7706126151,-266809000.0,-80868000.0,-1509315000.0,996831000.0,-220427000.0,-1198476000.0,296870000.0,450833000.0,651472000.0,-16675000.0,457227000.0,457227000.0,457227000.0,12572000.0,0.0,0.149,692962000.0,732639000.0,141070000,0.485,-282.866,16.854,19.794,298602000,0.0,32.66,2.505,2.505,94760000,3573000,3076577000.0,3076577000.0,0.0,0.123,0.396,0.814,0.235,26068000.0,692962000.0,1.0,235949974,235949974.0,,13.039,1381605000,157176000,224567000.0,208271000,5.855,160160000
24,HRB,ART,2015-06-30,2015-09-04,2015-07-31,2021-09-07,-8234000,3632691000,3904585500.0,2111359000,1521332000,0.79,6.041,-106006000.0,1360422000,1360422000,1646272000.0,490236000.0,1.774,1.176,505996000,799000,505197000,505996000,447090000,159804000.0,476732000,0.028,1.0,762684000.0,922488000.0,0.299,922488000.0,762684000.0,722658000.0,1.79,1.78,1.79,1669427000,1471859250.0,1669427000,8901078682,12.0,9.649,523941000.0,1.896,1.0,1436518000.0,0.466,871403000,40026000.0,716608000,648615000.0,0,636490000,406360000,230130000,1963264000,1190254000,773010000,9755504682,-130107000.0,-84990000.0,-12036000.0,-400000000.0,-220171000.0,-648147000.0,-90504000.0,79706000.0,629947000.0,-21403000.0,490236000.0,490236000.0,490236000.0,8854000.0,0.0,0.159,654494000.0,782024000.0,116855000,0.559,5.844,19.9,19.721,297321000,0.0,35.3,3.165,3.165,103194000,1679234000,3082790000.0,3082790000.0,0.0,0.126,0.333,1.176,0.247,26068000.0,654494000.0,1.0,276359906,276359906.0,,11.155,2761288000,171767000,232422000.0,383144000,9.992,921105000
25,HRB,ART,2015-03-31,2015-06-17,2015-04-30,2021-09-07,1740000,4515420000,3969117500.0,2951301000,1564119000,0.776,6.658,-123158000.0,2099162000,2099162000,1630490000.0,473663000.0,1.571,1.463,506088000,790000,505298000,506088000,478806000,159804000.0,744241000,0.026,0.8,774970000.0,934774000.0,0.304,934774000.0,774970000.0,729724000.0,1.72,1.71,1.72,1832949000,1403802500.0,1832949000,6734357629,9.0,7.204,503450000.0,1.829,1.0,1448168000.0,0.47,873973000,45246000.0,170084000,665757500.0,0,678963000,439625000,239338000,2682471000,1878289000,804182000,8327431629,-178117000.0,-113252000.0,6073000.0,-400000000.0,-219960000.0,-645807000.0,-148932000.0,66124000.0,626608000.0,-9986000.0,473663000.0,473663000.0,473663000.0,13081000.0,0.0,0.154,653502000.0,794666000.0,231322000,0.465,4.543,17.581,17.587,311387000,0.0,30.25,2.705,2.705,167964000,1836442000,3078658000.0,3078658000.0,0.0,0.119,0.337,1.164,0.252,26068000.0,653502000.0,1.0,275286996,275286996.0,,11.183,3641447000,187728000,256061000.0,577270000,13.228,1073012000
26,HRB,ART,2014-12-31,2015-03-05,2015-01-31,2021-09-07,-1263000,4378941000,4013644750.0,2778319000,1600622000,0.832,4.165,-120233000.0,1372219000,1372219000,1661098000.0,644820000.0,1.124,2.82,1097727000,592267000,505460000,1097727000,0,115604000.0,1286216000,0.025,0.8,1007510000.0,1123114000.0,0.336,1123114000.0,1007510000.0,984619000.0,2.36,2.35,2.36,1146385000,1334702500.0,1146385000,8536201185,8.0,7.6,562470000.0,2.044,1.0,1679180000.0,0.503,886290000,22891000.0,747055000,671867000.0,0,621391000,367845000,253546000,3232556000,2471104000,761452000,8810693185,883730000.0,-141784000.0,16130000.0,-3498000.0,-219751000.0,268277000.0,-54099000.0,185511000.0,682703000.0,-13151000.0,644820000.0,644820000.0,644820000.0,26924000.0,0.0,0.193,652317000.0,1026863000.0,472490000,0.339,7.686,13.664,13.564,308805000,0.0,32.01,2.638,2.638,777453000,1158376000,3340278000.0,3340278000.0,0.0,0.161,0.483,1.5,0.302,20058000.0,652317000.0,1.0,275248147,275248147.0,,12.136,3492651000,0,339799000.0,1619000,12.689,307215000
27,HRB,ART,2014-09-30,2014-12-09,2014-10-31,2021-09-07,6577000,3091290000,3797731250.0,1457381000,1633909000,0.798,4.502,-131012000.0,683033000,683033000,1629957000.0,467057000.0,1.355,1.496,506360000,772000,505588000,506360000,0,115604000.0,454860000,0.025,0.8,741179000.0,856783000.0,0.283,856783000.0,741179000.0,727336000.0,1.71,1.7,1.71,1238676000,1219796000.0,1238676000,8722265165,12.0,10.18,543365000.0,1.975,1.0,1401017000.0,0.462,878227000,13843000.0,960713000,816082250.0,0,642046000,381180000,260866000,1852614000,1075677000,776937000,8898938165,-163282000.0,-140789000.0,17410000.0,-400000000.0,-219527000.0,-817696000.0,-6000000.0,241916000.0,674377000.0,-13963000.0,467057000.0,467057000.0,467057000.0,27247000.0,0.0,0.154,637218000.0,763799000.0,436830000,0.468,7.184,19.053,18.912,318225000,0.0,32.34,2.936,2.936,107705000,1250465000,3030974000.0,3030974000.0,0.0,0.123,0.383,0.908,0.245,20058000.0,637218000.0,1.0,275168156,275168156.0,,11.015,2213063000,0,260279000.0,147000000,8.043,381704000
28,HRB,ART,2014-06-30,2014-09-04,2014-07-31,2021-09-07,5483000,3890819000,3843537000.0,2292161000,1598658000,0.789,5.079,-138466000.0,1501406000,1501406000,1629124000.0,474112000.0,1.361,1.785,906419000,400705000,505714000,906419000,0,115604000.0,482975000,0.024,0.8,745390000.0,860994000.0,0.284,860994000.0,745390000.0,745390000.0,1.73,1.72,1.73,1397200000,1148870750.0,1397200000,8430663010,11.0,9.792,608272000.0,2.211,1.0,1401562000.0,0.462,826735000,0.0,785178000,840176750.0,0,667795000,403774000,264021000,2493619000,1683919000,809700000,9025650010,265613000.0,-108019000.0,17756000.0,0.0,-219282000.0,-484084000.0,13446000.0,233525000.0,746738000.0,-10487000.0,474112000.0,474112000.0,474112000.0,30404000.0,0.0,0.156,633931000.0,767631000.0,485205000,0.462,6.46,19.037,18.965,314531000,0.0,32.81,2.978,2.978,122315000,1418124000,3030686000.0,3030686000.0,0.0,0.123,0.413,0.887,0.246,20058000.0,633931000.0,1.0,275088388,275088388.0,,11.017,3064084000,0,271278000.0,284038000,11.139,608242000
29,HRB,ART,2014-03-31,2014-06-19,2014-04-30,2021-09-07,5177000,4693529000,3811554250.0,3114006000,1579523000,0.793,5.676,-147011000.0,2300626000,2300626000,1627656000.0,475157000.0,1.346,2.015,906474000,400637000,505837000,906474000,0,115604000.0,769785000,0.024,0.8,742176000.0,857780000.0,0.284,857780000.0,742176000.0,742176000.0,1.73,1.72,1.73,1556549000,1075899500.0,1556549000,7735542082,10.0,9.018,662570000.0,2.416,1.0,1396639000.0,0.462,791739000,0.0,194522000,964772500.0,0,696252000,423495000,272757000,3136980000,2313116000,823864000,9129694082,437723000.0,-67486000.0,22140000.0,0.0,-218980000.0,-364930000.0,10690000.0,196732000.0,809581000.0,-17618000.0,475157000.0,475157000.0,475157000.0,24940000.0,0.0,0.157,633428000.0,763211000.0,569007000,0.462,5.865,19.214,19.243,304911000,0.0,33.29,3.019,3.019,191618000,1589297000,3024295000.0,3024295000.0,0.0,0.125,0.442,0.769,0.245,20058000.0,633428000.0,1.0,274247344,274247344.0,,11.028,3901790000,0,267019000.0,406655000,14.227,800890000
30,HRB,ART,2013-12-31,2014-03-06,2014-01-31,2021-09-07,-4776000,3515287000,3772616750.0,1504711000,2010576000,0.705,2.504,-142830000.0,482259000,482259000,1616189000.0,229499000.0,0.732,4.119,1101513000,595554000,505959000,1101513000,0,92407000.0,806887000,0.026,0.8,387768000.0,480175000.0,0.18,480175000.0,387768000.0,387768000.0,0.84,0.83,0.84,686759000,1002649000.0,686759000,9109025323,23.0,18.97,545882000.0,1.991,1.0,1045328000.0,0.393,756105000,0.0,1323916000,1128045000.0,0,725919000,0,725919000,2828528000,2054520000,774008000,8489771323,19019000.0,-35372000.0,35531000.0,-229983000.0,-218643000.0,-653184000.0,1470000.0,80904000.0,688712000.0,-17979000.0,229499000.0,229499000.0,229499000.0,30387000.0,0.0,0.086,616904000.0,428424000.0,520121000,0.952,12.362,36.993,36.857,314565000,0.0,30.96,3.19,3.19,677221000,734233000,2661517000.0,2661517000.0,0.0,0.061,0.229,0.344,0.146,15293000.0,616904000.0,1.0,274217420,274217420.0,,9.706,2759182000,0,158269000.0,23375000,10.062,-549809000
31,HRB,ART,2013-09-30,2013-12-10,2013-10-31,2021-09-07,1463000,3274513000,3876919000.0,1195654000,2078859000,0.757,3.485,-139445000.0,838293000,838293000,1630270000.0,426502000.0,0.773,2.429,906581000,400503000,506078000,906581000,0,92407000.0,655129000,0.028,0.8,640492000.0,732899000.0,0.25,732899000.0,640492000.0,640492000.0,1.55,1.54,1.55,954975000,989681250.0,954975000,7960820662,12.0,10.862,432326000.0,1.578,1.0,1303456000.0,0.444,739025000,0.0,1057091000,1306534000.0,0,761251000,0,761251000,2319538000,1546685000,772853000,7892532662,-470129000.0,-28385000.0,42564000.0,-605790000.0,-218097000.0,-925455000.0,-110890000.0,-20396000.0,571771000.0,-5555000.0,426502000.0,426502000.0,426502000.0,29220000.0,0.0,0.145,629453000.0,674003000.0,426994000,0.516,8.265,18.505,18.581,311157000,0.0,28.8,2.69,2.69,131701000,1003842000,2933726000.0,2933726000.0,0.0,0.11,0.431,0.49,0.218,15293000.0,629453000.0,1.0,274046273,274046273.0,,10.705,2535488000,0,213990000.0,22475000,9.252,-351031000
32,HRB,ART,2013-06-30,2013-09-05,2013-07-31,2021-09-07,-257000,3762888000,4032473250.0,1704932000,2057956000,0.728,4.036,-134352000.0,1219353000,1219353000,1621417000.0,426202000.0,1.175,2.404,906632000,730000,905902000,906632000,0,92407000.0,757929000,0.03,0.8,655450000.0,747857000.0,0.255,747857000.0,655450000.0,655450000.0,1.55,1.54,1.55,1105315000,924170750.0,1105315000,7092550230,11.0,9.484,417154000.0,1.523,1.0,1315232000.0,0.448,716122000,0.0,1283561000,1411130000.0,0,804322000,7608000,796714000,2657573000,1450484000,1207089000,7405271230,224005000.0,-13985000.0,41098000.0,-108605000.0,-217550000.0,-190686000.0,-133312000.0,-36734000.0,551506000.0,-3503000.0,426202000.0,426202000.0,426202000.0,31336000.0,0.0,0.145,625688000.0,689544000.0,443065000,0.516,6.7,17.375,17.445,286584000,0.0,27.04,2.522,2.522,121309000,1163651000,2936649000.0,2936649000.0,0.0,0.106,0.461,0.464,0.223,15293000.0,625688000.0,1.0,273863581,273863581.0,,10.723,3046766000,0,229248000.0,215834000,11.125,254448000
33,HRB,ART,2013-03-31,2013-06-26,2013-04-30,2021-09-07,10550000,4537779000,3990320500.0,2462343000,2075436000,0.728,4.633,-113239000.0,1865421000,1865421000,1604788000.0,433948000.0,1.224,2.591,906680000,722000,905958000,906680000,0,92407000.0,936464000,0.028,0.8,670801000.0,763208000.0,0.263,763208000.0,670801000.0,670801000.0,1.59,1.58,1.59,1263547000,859260250.0,1263547000,6775058424,10.0,8.877,383869000.0,1.408,1.0,1301155000.0,0.448,719221000,0.0,847612000,1328316750.0,0,825665000,0,825665000,3274232000,2012205000,1262027000,7733799424,-196750000.0,-16957000.0,-315274000.0,-139436000.0,-217201000.0,-584541000.0,-110937000.0,-52097000.0,497108000.0,1620000.0,433948000.0,433948000.0,433948000.0,31210000.0,0.0,0.149,604469000.0,696686000.0,523921000,0.503,6.121,17.822,17.836,267880000,0.0,28.36,2.661,2.661,206835000,1333445000,2905943000.0,2905943000.0,0.0,0.109,0.505,0.505,0.231,15293000.0,604469000.0,1.0,272700967,272700967.0,,10.656,3818558000,0,236853000.0,416128000,14.003,450138000
34,HRB,ART,2012-12-31,2013-03-07,2013-01-31,2021-09-07,9055000,3932496000,4018267500.0,1736549000,2195947000,0.674,2.338,-106971000.0,456343000,456343000,1589311000.0,355711000.0,0.842,5.194,1331692000,425680000,906012000,1331692000,0,103576000.0,1036968000,0.032,0.8,541573000.0,645149000.0,0.238,645149000.0,541573000.0,541573000.0,1.11,1.11,1.11,634888000,874846500.0,634888000,7677882066,14.0,11.901,325923000.0,1.2,1.0,1117094000.0,0.413,706779000,0.0,2037872000,1236223000.0,0,754199000,0,754199000,3297608000,2063194000,1234414000,6802533066,-800599000.0,8758000.0,-316196000.0,29584000.0,-221435000.0,-1082179000.0,-151979000.0,-2174000.0,432894000.0,665000.0,355711000.0,355711000.0,355711000.0,12228000.0,0.0,0.131,566185000.0,550909000.0,479660000,0.721,10.715,19.124,22.505,290165000,0.0,24.98,2.513,2.506,949160000,723676000,2706405000.0,2706405000.0,0.0,0.089,0.407,0.438,0.2,14968000.0,563033000.0,1.0,272319178,271542000.0,,9.967,3225717000,0,185862000.0,17348000,11.879,-326645000
35,HRB,ART,2012-09-30,2012-12-06,2012-10-31,2021-09-07,8685000,3896730000,4248340750.0,1706953000,2189777000,0.682,2.556,-102667000.0,1299568000,1299568000,1666933000.0,370070000.0,0.884,4.624,1506803000,600678000,906125000,1506803000,0,103576000.0,790106000,0.055,1.0,637826000.0,741402000.0,0.256,741402000.0,637826000.0,637826000.0,1.17,1.17,1.17,692933000,917736750.0,692933000,5161040414,8.0,6.961,274974000.0,1.014,1.0,1230773000.0,0.425,696788000,0.0,1475475000,964420500.0,0,759490000,0,759490000,3203797000,1931702000,1272095000,4953805414,688290000.0,506870000.0,-326296000.0,401364000.0,-225783000.0,-107234000.0,414908000.0,18977000.0,377641000.0,2975000.0,370070000.0,370070000.0,370070000.0,11217000.0,0.0,0.128,590924000.0,639849000.0,406447000,0.855,7.149,13.386,15.607,285335000,0.0,18.26,1.71,1.709,124511000,795707000,2897706000.0,2897706000.0,0.0,0.087,0.403,0.661,0.22,14968000.0,587772000.0,1.0,271292739,271145000.0,,10.687,3199942000,0,267756000.0,95126000,11.802,-224749000
36,HRB,ART,2012-06-30,2012-09-05,2012-07-31,2021-09-07,7350000,3594277000,4268286500.0,1417599000,2176678000,0.677,3.051,-84777000.0,982980000,982980000,1682535000.0,333589000.0,0.717,3.25,1009634000,600642000,408992000,1009634000,0,103576000.0,648378000,0.046,0.75,581518000.0,685094000.0,0.237,685094000.0,581518000.0,581518000.0,1.09,1.09,1.09,845673000,960209000.0,845673000,4426766508,8.0,6.462,298681000.0,1.078,1.0,1207102000.0,0.418,691226000,0.0,952308000,1092852250.0,0,767524000,0,767524000,2748604000,1977397000,771207000,4400112508,-72838000.0,524496000.0,-506697000.0,-55831000.0,-217108000.0,-810877000.0,359405000.0,-107310000.0,383458000.0,-4824000.0,333589000.0,333589000.0,333589000.0,25884000.0,0.0,0.115,608609000.0,598493000.0,414604000,0.688,5.203,13.19,14.89,253993000,0.0,16.23,1.523,1.557,116357000,955873000,2889637000.0,2889637000.0,0.0,0.078,0.347,0.532,0.201,14968000.0,601200000.0,1.0,271109828,277155000.0,,10.426,2903051000,0,247929000.0,278539000,10.474,-559798000
37,HRB,ART,2012-03-31,2012-06-26,2012-04-30,2021-09-07,12145000,4649567000,4446730250.0,2500994000,2148573000,0.651,4.832,-82457000.0,1992434000,1992434000,1701695000.0,265932000.0,0.99,2.507,1040549000,631434000,409115000,1040549000,0,103576000.0,827549000,0.05,0.75,496034000.0,599610000.0,0.207,599610000.0,496034000.0,496034000.0,0.89,0.89,0.89,1325892000,1057260000.0,1325892000,3188941076,6.0,5.318,279592000.0,1.019,1.0,1192076000.0,0.412,692017000,0.0,479237000,1259883250.0,0,777516000,0,777516000,3323675000,2526428000,797247000,4140826076,266490000.0,545241000.0,-168317000.0,-25000000.0,-208801000.0,-445062000.0,351867000.0,-130304000.0,362049000.0,-2364000.0,265932000.0,265932000.0,265932000.0,80036000.0,0.0,0.092,625784000.0,566292000.0,567079000,0.843,3.123,15.571,16.955,252985000,0.0,15.09,1.431,1.431,193858000,2523997000,2893771000.0,2893771000.0,0.0,0.06,0.252,0.394,0.171,14968000.0,618375000.0,1.0,274408620,274408620.0,,10.545,3957550000,0,230102000.0,336374000,14.422,-25434000
38,HRB,ART,2011-12-31,2012-03-07,2012-01-31,2021-09-07,7409000,4852789000,4586328750.0,2519666000,2333123000,0.738,2.753,-83310000.0,1253152000,1253152000,2058314000.0,338390000.0,0.777,5.017,1296184000,886943000,409241000,1296184000,0,121633000.0,1587988000,0.032,0.5,558996000.0,680629000.0,0.201,680629000.0,558996000.0,558996000.0,1.07,1.07,1.07,806449000,1088180500.0,806449000,4701888221,8.0,6.908,551840000.0,1.884,1.0,1327245000.0,0.392,701743000,0.0,950662000,1422845500.0,0,742372000,0,742372000,4046340000,3243416000,802924000,4658856221,-246706000.0,522479000.0,-179640000.0,-451003000.0,-195934000.0,-1129440000.0,249516000.0,-231219000.0,635150000.0,-1932000.0,338390000.0,338390000.0,338390000.0,19817000.0,0.0,0.1,759976000.0,567269000.0,597644000,0.467,5.777,13.768,14.832,260755000,0.0,15.87,1.376,1.373,1035902000,2018252000,3385559000.0,3385559000.0,0.0,0.074,0.311,0.393,0.165,14500000.0,656022000.0,1.0,293563719,292963000.0,,11.556,4151046000,0,220606000.0,40596000,14.169,-723750000
39,HRB,ART,2011-09-30,2011-12-05,2011-10-31,2021-09-07,4359000,3976513000,4823815250.0,1685404000,2291109000,0.741,2.877,-68464000.0,610135000,610135000,2238237000.0,329018000.0,0.946,3.609,1104921000,95725000,1009196000,1104921000,0,121633000.0,723318000,0.04,0.6,534009000.0,655642000.0,0.183,655642000.0,534009000.0,534009000.0,1.04,1.04,1.04,862822000,1093489000.0,862822000,4856112444,9.0,7.407,409412000.0,1.365,1.0,1335524000.0,0.374,700509000,0.0,1989202000,1528714500.0,0,756447000,0,756447000,3113691000,1781588000,1332103000,4361326444,-387135000.0,89094000.0,-181785000.0,-49500000.0,-183180000.0,-641957000.0,-220642000.0,-281704000.0,477876000.0,-2412000.0,329018000.0,329018000.0,329018000.0,28381000.0,0.0,0.092,784039000.0,551485000.0,581069000,0.577,5.055,13.256,14.317,257870000,0.0,14.89,1.22,1.25,128062000,2080162000,3573761000.0,3573761000.0,0.0,0.068,0.301,0.349,0.149,14500000.0,680085000.0,1.0,292903052,299895000.0,,11.917,3276004000,0,204991000.0,135858000,10.924,-96184000
40,HRB,ART,2011-06-30,2011-09-01,2011-07-31,2021-09-07,12692000,4308052000,4906632500.0,1667825000,2640227000,0.768,4.039,-65278000.0,1057111000,1057111000,2403574000.0,361693000.0,1.04,2.491,1075371000,55940000,1019431000,1075371000,0,121633000.0,666268000,0.04,0.6,579293000.0,700926000.0,0.186,700926000.0,579293000.0,579293000.0,1.15,1.15,1.15,1233877000,1097734750.0,1233877000,4659790734,8.0,6.648,400927000.0,1.312,1.0,1363882000.0,0.362,1102646000,0.0,1620432000,1359953250.0,0,466663000,0,466663000,3074175000,1603234000,1470941000,4641530734,-85901000.0,67911000.0,-120481000.0,-50000000.0,-184004000.0,-442737000.0,-118407000.0,-155317000.0,466205000.0,9038000.0,361693000.0,361693000.0,361693000.0,11907000.0,0.0,0.096,784970000.0,578912000.0,522130000,0.522,3.762,12.833,13.2,295220000,0.0,15.18,1.232,1.231,329388000,2437011000,3767456000.0,3767456000.0,0.0,0.074,0.329,0.426,0.154,14500000.0,685273000.0,1.0,305766188,305491000.0,,12.332,3205406000,0,217600000.0,275639000,10.493,64591000
41,HRB,ART,2011-03-31,2011-06-23,2011-04-30,2021-09-07,11233000,5207961000,4935660500.0,2477731000,2730230000,0.765,4.747,-62959000.0,1726227000,1726227000,2414590000.0,406110000.0,1.119,2.593,1078191000,28437000,1049754000,1078191000,0,121633000.0,852220000,0.037,0.6,663730000.0,785363000.0,0.208,785363000.0,663730000.0,663730000.0,1.31,1.31,1.31,1449574000,1045552250.0,1449574000,4259479191,6.0,5.424,449544000.0,1.472,1.0,1359706000.0,0.36,1214164000,0.0,1131086000,1259630000.0,0,485008000,0,485008000,3758387000,2214675000,1543712000,4907515191,-126201000.0,16912000.0,-283110000.0,-50000000.0,-186802000.0,-534391000.0,-110157000.0,-98459000.0,512503000.0,5844000.0,406110000.0,406110000.0,406110000.0,13295000.0,0.0,0.108,694136000.0,665570000.0,618070000,0.458,3.385,12.084,12.267,307320000,0.0,16.07,1.3,1.3,492290000,2658103000,3774296000.0,3774296000.0,0.0,0.082,0.388,0.527,0.176,14500000.0,694136000.0,1.0,305383646,305383646.0,,12.359,3993797000,0,257620000.0,458910000,13.078,263056000
42,HRB,ART,2010-12-31,2011-03-09,2011-01-31,2021-09-07,7162000,5802735000,4942249750.0,3274061000,2528674000,0.766,2.712,-78471000.0,1501803000,1501803000,2420979000.0,438377000.0,0.946,6.011,1760507000,686149000,1074358000,1760507000,0,126901000.0,1855195000,0.039,0.6,695295000.0,822196000.0,0.217,822196000.0,695295000.0,695295000.0,1.26,1.25,1.26,827683000,1043316250.0,827683000,4895454979,7.0,5.954,1732627000.0,5.678,1.0,1365760000.0,0.361,1224672000,0.0,1374138000,1221954750.0,0,513192000,0,513192000,4975052000,3462629000,1512423000,4636750979,-261987000.0,-55005000.0,-383405000.0,-1067758000.0,-190508000.0,-2002793000.0,-75964000.0,-17877000.0,1811098000.0,5672000.0,438377000.0,438377000.0,438377000.0,15230000.0,0.0,0.116,665707000.0,700053000.0,671682000,0.476,5.602,10.577,12.056,321075000,0.0,15.19,1.224,1.224,1371152000,2045447000,3786739000.0,3786739000.0,0.0,0.089,0.42,0.569,0.184,29369000.0,665707000.0,1.0,305250229,305144000.0,,12.41,4578063000,0,256918000.0,95990000,15.003,-188568000
43,HRB,ART,2010-09-30,2010-12-08,2010-10-31,2021-09-07,2757000,4307782000,5344098250.0,1735566000,2572216000,0.724,2.868,-118240000.0,995219000,995219000,2431563000.0,501733000.0,0.906,3.896,1159027000,92924000,1066103000,1159027000,0,126901000.0,929898000,0.047,0.6,815573000.0,942474000.0,0.244,942474000.0,815573000.0,815573000.0,1.45,1.44,1.45,879805000,1070512250.0,879805000,4044809680,5.0,4.292,707380000.0,2.306,1.0,1438546000.0,0.372,1240741000,0.0,1314157000,1431595750.0,0,537226000,0,537226000,3427977000,1916692000,1511285000,3881001680,-472497000.0,-47243000.0,-523978000.0,14444000.0,-195183000.0,-1274233000.0,-28562000.0,75361000.0,825620000.0,4678000.0,501733000.0,501733000.0,501733000.0,9852000.0,0.0,0.13,624569000.0,813977000.0,660999000,0.414,4.411,7.735,8.772,327881000,0.0,12.72,1.003,1.008,416333000,2104050000,3870109000.0,3870109000.0,0.0,0.094,0.469,0.57,0.211,29369000.0,624569000.0,1.0,305110195,306804000.0,,12.614,3067041000,0,313840000.0,151708000,9.997,-181126000
44,HRB,ART,2010-06-30,2010-09-03,2010-07-31,2021-09-07,-2648000,4424164000,5508992500.0,1838480000,2585684000,0.703,3.207,-90389000.0,1135619000,1135619000,2449562000.0,482195000.0,0.948,3.316,1119226000,53577000,1065649000,1119226000,0,126901000.0,731413000,0.045,0.6,777961000.0,904862000.0,0.234,904862000.0,777961000.0,777961000.0,1.43,1.42,1.43,1025147000,1118335250.0,1025147000,4086837800,5.0,4.517,603406000.0,1.887,1.0,1423739000.0,0.368,1249353000,0.0,1219139000,1354910000.0,0,563090000,0,563090000,3399017000,1939279000,1459738000,4103230800,92307000.0,-43765000.0,-403605000.0,-25046000.0,-199304000.0,-613861000.0,9990000.0,81579000.0,693795000.0,2383000.0,482195000.0,482195000.0,482195000.0,9730000.0,0.0,0.124,645311000.0,778428000.0,762281000,0.42,4.003,8.509,9.301,326641000,0.0,13.3,1.059,1.098,376929000,2255262000,3873301000.0,3873301000.0,0.0,0.088,0.431,0.574,0.201,29369000.0,645311000.0,1.0,308513594,319690000.0,,12.116,3174811000,0,295766000.0,315090000,9.931,-100799000
45,HRB,ART,2010-03-31,2010-06-29,2010-04-30,2021-09-07,1678000,5234318000,5539392000.0,2649036000,2585282000,0.699,4.456,-90515000.0,1838395000,1838395000,2467996000.0,479242000.0,1.141,2.633,1113832000,53688000,1060144000,1113832000,0,126901000.0,852555000,0.038,0.6,774431000.0,901332000.0,0.233,901332000.0,774431000.0,774431000.0,1.44,1.43,1.44,1440630000,1159727000.0,1440630000,4354575171,6.0,4.831,496954000.0,1.537,1.0,1406336000.0,0.363,1207879000,0.0,980385000,1444260750.0,0,595405000,0,595405000,3793688000,2321491000,1472197000,5079138171,149382000.0,-10539000.0,-237568000.0,-25046000.0,-200899000.0,-481118000.0,31353000.0,83225000.0,587469000.0,11678000.0,479242000.0,479242000.0,479242000.0,9704000.0,0.0,0.124,631499000.0,774837000.0,756577000,0.417,3.526,10.598,10.91,345470000,0.0,15.71,1.311,1.311,517986000,2658586000,3874332000.0,3874332000.0,0.0,0.087,0.413,0.536,0.2,29369000.0,631499000.0,1.0,323306058,323306058.0,,11.983,4026439000,0,295189000.0,459175000,12.454,327545000
46,HRB,ART,2009-12-31,2010-03-08,2010-01-31,2021-09-07,1086000,7410129000,5570743000.0,4724742000,2685387000,0.719,2.812,-87209000.0,1812990000,1812990000,2549712000.0,495317000.0,0.949,6.913,2810470000,1702670000,1107800000,2810470000,0,33176000.0,2220501000,0.036,0.6,842773000.0,875949000.0,0.219,875949000.0,842773000.0,842773000.0,1.5,1.49,1.5,936467000,1151034250.0,936467000,6508854164,8.0,7.431,631745000.0,1.897,1.0,1453479000.0,0.363,1215005000,0.0,2212702000,1489114250.0,0,641157000,0,641157000,6473662000,4979902000,1493760000,5511374164,458474000.0,52995000.0,-235657000.0,9364000.0,-202433000.0,-361276000.0,90460000.0,85276000.0,718954000.0,10336000.0,495317000.0,495317000.0,495317000.0,9006000.0,0.0,0.124,611999000.0,841480000.0,756501000,0.4,5.885,11.127,11.16,362170000,0.0,16.74,1.377,1.392,2566830000,2162406000,4003191000.0,4003191000.0,0.0,0.089,0.43,0.566,0.211,6193000.0,611999000.0,1.0,329233821,332999000.0,,12.022,6195124000,0,347456000.0,118079000,18.604,-255160000
47,HRB,ART,2009-09-30,2009-12-09,2009-10-31,2021-09-07,66000,4967359000,5543683750.0,2300986000,2666373000,0.733,3.194,-46574000.0,1478315000,1478315000,2588532000.0,492045000.0,0.966,3.638,1136229000,28667000,1107562000,1136229000,0,64317000.0,1493726000,0.038,0.75,830562000.0,894879000.0,0.22,894879000.0,830562000.0,830562000.0,1.49,1.48,1.49,1071097000,1126918750.0,1071097000,6278142685,8.0,7.016,857644000.0,2.557,1.0,1473253000.0,0.363,1234992000,0.0,1007414000,1814859000.0,0,671049000,0,671049000,3896262000,2382867000,1513395000,6620228685,738617000.0,57198000.0,-87537000.0,-697625000.0,-202914000.0,-272463000.0,97641000.0,85504000.0,904218000.0,9221000.0,492045000.0,492045000.0,492045000.0,25505000.0,0.0,0.121,626152000.0,847101000.0,608149000,0.503,6.181,13.455,13.242,351288000,0.0,19.73,1.63,1.629,461485000,2308153000,4061785000.0,4061785000.0,0.0,0.089,0.437,0.458,0.204,13052000.0,626152000.0,1.0,335541241,335346000.0,,12.112,3732367000,0,338517000.0,169004000,11.13,-81881000
48,HRB,ART,2009-06-30,2009-09-04,2009-07-31,2021-09-07,-2849000,4545762000,5658030750.0,1828146000,2717616000,0.722,3.559,-90451000.0,1052942000,1052942000,2616348000.0,484758000.0,1.003,2.818,1138488000,31093000,1107395000,1138488000,0,94075000.0,712008000,0.036,0.6,815364000.0,909439000.0,0.223,909439000.0,815364000.0,815364000.0,1.46,1.45,1.46,1190714000,1067310000.0,1190714000,5658333714,7.0,6.222,795747000.0,2.379,1.0,1470825000.0,0.36,1231640000,0.0,1576542000,2352545250.0,0,707712000,0,707712000,3355048000,1823126000,1531922000,5572787714,712253000.0,12429000.0,93584000.0,-4000000.0,-202182000.0,-185858000.0,4850000.0,88957000.0,886198000.0,7063000.0,484758000.0,484758000.0,484758000.0,26103000.0,0.0,0.119,634503000.0,836322000.0,648470000,0.411,4.68,11.496,11.384,359408000,0.0,16.62,1.363,1.36,379177000,2437017000,4087173000.0,4087173000.0,0.0,0.086,0.454,0.347,0.199,21070000.0,634503000.0,1.0,335306120,334533000.0,,12.218,3314122000,0,330606000.0,330145000,9.907,5020000
49,HRB,ART,2009-03-31,2009-06-29,2009-04-30,2021-09-07,-11639000,5359722000,5747460750.0,2571080000,2788642000,0.711,4.207,-97880000.0,1706319000,1706319000,2596218000.0,485673000.0,1.072,2.812,1140904000,33782000,1107122000,1140904000,0,123631000.0,854888000,0.038,0.6,811988000.0,935619000.0,0.229,935619000.0,811988000.0,811988000.0,1.46,1.45,1.46,1405859000,978812000.0,1405859000,4670565930,6.0,4.992,926559000.0,2.773,1.0,1487359000.0,0.364,1236228000,0.0,1159799000,2400736750.0,0,744899000,0,744899000,3953863000,2398280000,1555583000,5235980930,989766000.0,10178000.0,106820000.0,-29000000.0,-198685000.0,-40233000.0,5560000.0,101312000.0,1024439000.0,0.0,485673000.0,485673000.0,485673000.0,27382000.0,0.0,0.119,648490000.0,838869000.0,705945000,0.411,3.724,10.781,10.733,368289000,0.0,15.67,1.282,1.282,512814000,2671437000,4083577000.0,4083577000.0,0.0,0.085,0.496,0.338,0.199,26557000.0,648490000.0,1.0,334140455,334140455.0,,12.221,4123494000,0,326315000.0,543967000,12.341,172800000
50,HRB,ART,2008-12-31,2009-03-06,2009-01-31,2021-09-07,-16614000,7301892000,5813386500.0,4413089000,2888803000,0.74,2.49,-99111000.0,1345096000,1345096000,2722399000.0,322332000.0,1.102,7.693,2806162000,803515000,2002647000,2806162000,0,128477000.0,2115708000,0.031,0.585,635148000.0,763625000.0,0.178,763625000.0,635148000.0,635000000.0,1.0,1.01,1.0,840005000,874301750.0,840005000,7806036220,12.0,10.222,1061079000.0,3.145,1.0,1577387000.0,0.367,1242549000,148000.0,3515681000,2509938750.0,0,781755000,0,781755000,6461887000,4004728000,2457159000,6344970220,-78858000.0,1125700000.0,205469000.0,-1850187000.0,-194148000.0,-2361244000.0,1122196000.0,179416000.0,1160190000.0,0.0,322332000.0,322332000.0,322332000.0,173088000.0,0.0,0.075,773487000.0,803900000.0,734755000,0.585,7.553,19.685,18.68,383704000,0.0,18.68,1.476,1.466,2642951000,2015650000,4299786000.0,4299786000.0,0.0,0.055,0.369,0.253,0.148,31494000.0,773487000.0,1.0,339666500,337338000.0,,12.746,6059343000,0,312668000.0,143791000,17.962,408361000
51,HRB,ART,2008-09-30,2008-12-08,2008-10-31,2021-09-07,-11236000,5424747000,6881716250.0,2659549000,2765198000,0.622,2.525,-116016000.0,694440000,694440000,2739278000.0,227611000.0,1.089,5.515,1837767000,110257000,1727510000,1837767000,0,130079000.0,748469000,0.028,0.577,500977000.0,631056000.0,0.147,631056000.0,500977000.0,500205000.0,0.71,0.73,0.71,832662000,780283500.0,832662000,8040852907,16.0,12.742,375965000.0,1.14,1.0,1539673000.0,0.36,968836000,772000.0,3158159000,3041182000.0,0,811732000,0,811732000,4592085000,2441079000,2151006000,6897525907,368659000.0,1047478000.0,201398000.0,-831999000.0,-189688000.0,-1199079000.0,1075757000.0,191599000.0,491981000.0,0.0,227611000.0,227611000.0,227611000.0,210263000.0,0.0,0.053,833692000.0,705981000.0,636050000,0.813,8.284,30.304,28.662,377687000,0.0,20.35,1.612,1.569,537751000,2019301000,4278951000.0,4278951000.0,0.0,0.033,0.292,0.165,0.117,40073000.0,833692000.0,1.0,338944762,329810000.0,,12.974,4455911000,0,272594000.0,100857000,13.511,218470000
52,HRB,ART,2008-06-30,2008-09-03,2008-07-31,2021-09-07,833000,4903482000,7302222250.0,1801291000,3102191000,0.597,2.558,-107602000.0,577336000,577336000,2788052000.0,-138786000.0,0.706,4.86,1142956000,108839000,1034117000,1142956000,0,138492000.0,777080000,0.022,0.57,141893000.0,280385000.0,0.064,280385000.0,141893000.0,140469000.0,-0.43,-0.41,-0.43,836722000,708188000.0,836722000,9259971954,65.0,33.026,224032000.0,0.685,1.0,1574254000.0,0.361,1148740000,1424000.0,1769308000,3274924000.0,0,868603000,0,868603000,4066760000,2551054000,1515706000,8694351954,-81673000.0,1105231000.0,22658000.0,-1051861000.0,-186481000.0,-1491119000.0,1077812000.0,134442000.0,331634000.0,0.0,-138786000.0,-138786000.0,-138786000.0,573716000.0,0.0,-0.032,876532000.0,697722000.0,1258661000,-1.326,10.391,-62.646,-61.628,380804000,0.0,26.5,1.993,1.987,785083000,2204940000,4362306000.0,4362306000.0,0.0,-0.019,-0.196,0.043,0.033,42207000.0,876532000.0,1.0,328088753,327141000.0,,13.335,3754742000,0,279255000.0,263784000,11.477,-749763000
53,HRB,ART,2008-03-31,2008-06-30,2008-04-30,2021-09-07,2486000,5623425000,7793369250.0,2381580000,3241845000,0.565,3.022,-105910000.0,945876000,945876000,2802552000.0,-308647000.0,0.769,4.693,1168070000,136286000,1031784000,1168070000,0,146011000.0,785624000,0.027,0.57,-15883000.0,130128000.0,0.03,130128000.0,-15883000.0,-17902000.0,-0.95,-0.94,-0.95,987818000,769348000.0,987818000,7216639657,-454.0,55.458,109877000.0,0.336,1.0,1601325000.0,0.364,1152636000,2019000.0,1596607000,3440742250.0,0,966301000,0,966301000,4635607000,3096376000,1539231000,6994445657,-194993000.0,1089663000.0,16042000.0,-942706000.0,-183628000.0,-1558069000.0,1147289000.0,213987000.0,215787000.0,0.0,-308647000.0,-308647000.0,-308647000.0,763123000.0,0.0,-0.07,881886000.0,719439000.0,1341938000,-0.6,7.081,-22.662,-22.526,380738000,0.0,21.4,1.588,1.588,991770000,2384449000,4403877000.0,4403877000.0,0.0,-0.04,-0.401,-0.005,-0.004,44118000.0,881886000.0,1.0,326843255,326843255.0,,13.474,4470789000,0,290745000.0,439380000,13.679,-714796000
54,HRB,ART,2007-12-31,2008-03-06,2008-01-31,2021-09-07,-348000,11575211000,8262386250.0,8131347000,3443864000,0.497,1.427,-111898000.0,1736298000,1736298000,2631451000.0,-937773000.0,1.06,23.95,4637228000,1719817000,2917411000,4637228000,0,138295000.0,1958490000,0.031,0.555,-657640000.0,-519345000.0,-0.127,-519345000.0,-657640000.0,-670139000.0,-2.89,-2.87,-2.89,463932000,876018250.0,463932000,8702271983,-13.0,-16.756,-1286323000.0,-3.957,1.0,1473945000.0,0.359,1164884000,12499000.0,5640654000,3538970000.0,0,1040854000,0,1040854000,11111279000,7670603000,3440676000,5801341983,330720000.0,-58766000.0,20807000.0,778930000.0,-180927000.0,1473431000.0,31714000.0,177060000.0,-1174425000.0,0.0,-937773000.0,-937773000.0,-937773000.0,1304489000.0,0.0,-0.228,856518000.0,617427000.0,1119614000,-0.192,12.505,-6.186,-6.17,391265000,0.0,17.83,1.413,1.412,3125384000,1887466000,4105396000.0,4105396000.0,0.0,-0.113,-1.07,-0.186,-0.16,85783000.0,856518000.0,1.0,325369713,325074000.0,,12.629,10410327000,0,267634000.0,78547000,32.024,460744000
55,HRB,ART,2007-09-30,2007-12-13,2007-10-31,2021-09-07,1131000,7106771000,7708578000.0,3981033000,3125738000,0.53,1.676,-114784000.0,624091000,624091000,2587840000.0,-950667000.0,1.027,12.057,2655492000,511480000,2144012000,2655492000,0,129077000.0,886533000,0.03,0.555,-660039000.0,-530962000.0,-0.13,-530962000.0,-660039000.0,-683980000.0,-2.93,-2.91,-2.93,544280000,1142578750.0,544280000,8018529656,-12.0,-15.102,-451341000.0,-1.39,1.0,1500061000.0,0.367,1168894000,23941000.0,4093127000,2994451000.0,0,1082301000,0,1082301000,6562491000,3876151000,2686340000,5987128656,-34827000.0,-40024000.0,26255000.0,679061000.0,-178236000.0,1065486000.0,-763756000.0,-654203000.0,-336557000.0,0.0,-950667000.0,-950667000.0,-950667000.0,1333064000.0,0.0,-0.233,856892000.0,643169000.0,968860000,-0.189,11.0,-6.298,-6.287,383930000,0.0,18.42,1.465,1.463,901359000,1981378000,4087901000.0,4087901000.0,0.0,-0.123,-0.832,-0.22,-0.161,48331000.0,856892000.0,1.0,325034129,324694000.0,,12.59,5937877000,0,266687000.0,22647000,18.288,104882000
56,HRB,ART,2007-06-30,2007-09-06,2007-07-31,2021-09-07,2528000,6868070000,7483608000.0,2888591000,3979479000,0.563,3.339,-132720000.0,725460000,725460000,2690398000.0,-604856000.0,0.613,5.351,2180411000,1660608000,519803000,2180411000,0,140896000.0,1039238000,0.034,0.682,-321490000.0,-180594000.0,-0.043,-180594000.0,-321490000.0,-356870000.0,-1.87,-1.85,-1.87,1081362000,1413666000.0,1081362000,7944359033,-25.0,-43.99,-691212000.0,-2.134,1.0,1525920000.0,0.362,1180077000,35380000.0,2432581000,2511526000.0,0,1241281000,0,1241281000,5786708000,4710363000,1076345000,6489408033,68134000.0,-55384000.0,26237000.0,1056371000.0,-175418000.0,1528434000.0,-901808000.0,-760915000.0,-558492000.0,0.0,-604856000.0,-604856000.0,-604856000.0,966898000.0,0.0,-0.143,905132000.0,620788000.0,1014722000,-0.365,6.001,-10.729,-10.69,372235000,0.0,19.99,1.539,1.535,827870000,2530207000,4216318000.0,4216318000.0,0.0,-0.081,-0.428,-0.128,-0.076,38539000.0,905132000.0,1.0,324632718,323864000.0,,13.019,5687993000,0,247986000.0,113739000,17.563,-1821772000
57,HRB,ART,2007-03-31,2007-06-29,2007-04-30,2021-09-07,-1320000,7499493000,7175657500.0,3454292000,4045201000,0.56,4.374,-161091000.0,1254484000,1254484000,2508458000.0,-433653000.0,0.667,4.302,2096193000,1576386000,519807000,2096193000,0,150215000.0,1129263000,0.023,0.54,-125272000.0,24943000.0,0.006,24943000.0,-125272000.0,-172192000.0,-1.34,-1.33,-1.34,1414499000,1596217750.0,1414499000,8399730310,-67.0,336.757,-745815000.0,-2.306,1.0,1512816000.0,0.376,1175332000,46920000.0,1989518000,2346608500.0,0,1358222000,0,1358222000,6084994000,5176352000,908642000,7558021310,248011000.0,-42192000.0,-163099000.0,1161572000.0,-171966000.0,1991111000.0,-1158376000.0,-1002673000.0,-584724000.0,0.0,-433653000.0,-433653000.0,-433653000.0,807990000.0,0.0,-0.108,852954000.0,659862000.0,1152561000,-0.403,5.343,-17.429,-17.44,379066000,0.0,23.37,1.88,1.88,966777000,2886440000,4021274000.0,4021274000.0,0.0,-0.06,-0.272,-0.053,-0.031,38102000.0,852954000.0,1.0,323406988,323406988.0,,12.434,6324161000,0,261461000.0,394915000,19.555,-1722060000
58,HRB,ART,2006-12-31,2007-03-14,2007-01-31,2021-09-07,6975000,9359978000,6798068000.0,5507279000,3852699000,0.67,4.747,-213234000.0,1515190000,1515190000,2925080000.0,239449000.0,0.779,5.117,3854937000,3438754000,416183000,3854937000,0,172730000.0,1632875000,0.026,0.53,481488000.0,654218000.0,0.144,654218000.0,481488000.0,433168000.0,0.7,0.69,0.7,1530174000,1779542750.0,1530174000,8843487717,18.0,13.518,-716265000.0,-2.222,1.0,1630074000.0,0.358,1166888000,48320000.0,3462578000,2252193250.0,0,1069626000,0,1069626000,7829804000,7070259000,759545000,6503740717,-360360000.0,-9075000.0,-166866000.0,303654000.0,-169454000.0,1755627000.0,-1612956000.0,-1441041000.0,-503031000.0,0.0,239449000.0,239449000.0,239449000.0,85217000.0,0.0,0.053,1087045000.0,543029000.0,1180559000,0.757,4.25,27.161,28.771,392706000,0.0,20.14,1.428,1.425,2801720000,3015880000,4555154000.0,4555154000.0,0.0,0.035,0.135,0.214,0.106,42327000.0,1087045000.0,1.0,322926550,322350000.0,,14.131,8193090000,0,193719000.0,71079000,25.417,-1562980000
59,HRB,ART,2006-09-30,2006-12-11,2006-10-31,2021-09-07,21593000,6206891000,6376158750.0,2768573000,3438318000,0.746,5.062,-267662000.0,859128000,859128000,3045835000.0,311814000.0,0.725,2.811,1961155000,1549450000,411705000,1961155000,0,197914000.0,595769000,0.022,0.52,573405000.0,771319000.0,0.162,771319000.0,573405000.0,524940000.0,0.93,0.91,0.93,1628629000,1793987500.0,1628629000,8708394674,15.0,11.29,-167409000.0,-0.52,1.0,1710950000.0,0.36,1331020000,48465000.0,2161427000,2191031250.0,0,1734112000,508350000,1225762000,4578262000,3816471000,761791000,7606367674,49783000.0,-25843000.0,-115981000.0,515435000.0,-166875000.0,840005000.0,-890475000.0,-629056000.0,100253000.0,0.0,311814000.0,311814000.0,311814000.0,0.0,0.0,0.066,1161898000.0,549052000.0,1351829000,0.559,4.67,24.394,25.376,467543000,0.0,23.6,1.599,1.596,826557000,3119997000,4756785000.0,4756785000.0,0.0,0.049,0.174,0.262,0.121,64341000.0,1161898000.0,1.0,322303715,321742000.0,,14.784,4875871000,0,213126000.0,172834000,15.155,-1047898000
60,HRB,ART,2006-06-30,2006-09-11,2006-07-31,2021-09-07,20255000,5636268000,6148730750.0,2388701000,3247567000,0.78,5.597,-263048000.0,735797000,735797000,2977819000.0,387025000.0,0.814,2.111,1116395000,704661000,411734000,1116395000,0,194012000.0,404030000,0.024,0.51,703362000.0,897374000.0,0.187,897374000.0,703362000.0,654603000.0,1.17,1.15,1.17,1811569000,1780398500.0,1811569000,7261392236,10.0,8.092,174738000.0,0.54,1.0,1820768000.0,0.379,1309374000,48759000.0,1772911000,2190962250.0,0,1410259000,322225000,1088034000,3824699000,2934581000,890118000,6880794236,-242733000.0,-213718000.0,-232029000.0,162537000.0,-163979000.0,177191000.0,-857710000.0,-417226000.0,437786000.0,0.0,387025000.0,387025000.0,387025000.0,0.0,0.0,0.081,1139331000.0,681437000.0,1420035000,0.436,3.798,17.779,18.282,452010000,0.0,21.39,1.434,1.443,808004000,3320197000,4798587000.0,4798587000.0,0.0,0.063,0.217,0.321,0.147,63981000.0,1139331000.0,1.0,321682760,323671000.0,,14.826,4326894000,0,267578000.0,259509000,13.368,-545880000
61,HRB,ART,2006-03-31,2006-06-30,2006-04-30,2021-09-07,21948000,5989135000,5993959000.0,2823947000,3165188000,0.813,6.672,-250510000.0,1088427000,1088427000,2906291000.0,490408000.0,0.976,1.788,924531000,506992000,417539000,924531000,0,191703000.0,0,0.021,0.5,876452000.0,1068155000.0,0.219,1068155000.0,876452000.0,827393000.0,1.49,1.47,1.49,2147799000,1783255000.0,2147799000,7517252872,9.0,7.038,335176000.0,1.041,1.0,1966510000.0,0.404,1319946000,49059000.0,1611857000,2188362250.0,0,1263481000,236399000,1027082000,3841336000,2893436000,947900000,7681148872,-405855000.0,-212543000.0,-151805000.0,-26819000.0,-160031000.0,-303036000.0,-688505000.0,-262601000.0,585686000.0,0.0,490408000.0,490408000.0,490408000.0,0.0,0.0,0.101,1112585000.0,853925000.0,1549808000,0.336,3.576,15.663,16.013,443785000,0.0,23.86,1.576,1.576,999765000,3492059000,4872801000.0,4872801000.0,0.0,0.082,0.275,0.401,0.18,57020000.0,1112585000.0,1.0,321925770,321925770.0,,15.136,4669189000,0,336985000.0,505690000,14.504,-69489000
62,HRB,ART,2005-12-31,2006-03-31,2006-01-31,2021-09-07,33641000,7672341000,5881496000.0,4832752000,2839589000,0.805,4.852,-233407000.0,1890893000,1890893000,2751634000.0,517800000.0,1.017,3.832,3526247000,2609321000,916926000,3526247000,0,279309000.0,0,0.022,0.485,899963000.0,1179272000.0,0.249,1179272000.0,899963000.0,849465000.0,1.56,1.53,1.56,1587953000,1740398000.0,1587953000,8745556676,10.0,7.416,155272000.0,0.474,1.0,1980428000.0,0.419,1339503000,50498000.0,3217930000,2135103000.0,0,717151000,0,717151000,6084388000,4750262000,1334126000,7110202676,883590000.0,-221089000.0,-138278000.0,1041402000.0,-155231000.0,753564000.0,-258653000.0,157191000.0,388679000.0,0.0,517800000.0,517800000.0,517800000.0,0.0,0.0,0.109,1098995000.0,881433000.0,1634571000,0.311,4.478,13.732,13.878,415844000,0.0,21.65,1.503,1.497,2380375000,2945887000,4732062000.0,4732062000.0,0.0,0.088,0.298,0.422,0.19,55100000.0,1098995000.0,1.0,328415828,327289000.0,,14.458,6332838000,0,331665000.0,214559000,19.349,82490000
63,HRB,ART,2005-09-30,2005-12-12,2005-10-31,2021-09-07,44463000,5297179000,5498691000.0,2705919000,2591260000,0.84,4.828,-231844000.0,856970000,856970000,2788507000.0,617540000.0,1.139,2.365,1433005000,515121000,917884000,1433005000,0,242810000.0,0,0.019,0.47,1044239000.0,1287049000.0,0.279,1287049000.0,1044239000.0,997205000.0,1.865,1.82,1.865,1574273000,1705572250.0,1574273000,8596618209,8.0,6.679,252177000.0,0.773,1.0,1829582000.0,0.396,1335436000,47034000.0,2161151000,2040415000.0,0,672224000,114136000,558088000,3722906000,2376627000,1346279000,8020583209,-184375000.0,-232458000.0,-130039000.0,-81940000.0,-150372000.0,-415173000.0,-253223000.0,173504000.0,484021000.0,0.0,617540000.0,617540000.0,617540000.0,0.0,0.0,0.134,819897000.0,1009685000.0,1486725000,0.252,5.095,12.988,13.126,362041000,0.0,24.48,1.737,1.728,1270808000,2996805000,4618089000.0,4618089000.0,0.0,0.112,0.362,0.512,0.226,55100000.0,819897000.0,1.0,327638203,326047000.0,,14.164,3961743000,0,379665000.0,204725000,12.151,329292000
64,HRB,ART,2005-06-30,2005-09-08,2005-07-31,2021-09-07,63731000,5017181000,5398610750.0,2590413000,2426768000,0.843,5.615,-216875000.0,1049782000,1049782000,2585259000.0,651616000.0,1.361,1.752,948999000,25854000,923145000,948999000,0,256672000.0,0,0.018,0.455,1100122000.0,1356794000.0,0.298,1356794000.0,1100122000.0,1044410000.0,1.965,1.92,1.965,1822995000,1640670750.0,1822995000,8015478875,7.0,5.908,500467000.0,1.542,1.0,1967042000.0,0.432,1250874000,55712000.0,1762511000,1951010750.0,0,644539000,77085000,567454000,3194186000,1903013000,1291173000,8116261875,314632000.0,-40267000.0,-145849000.0,14693000.0,-145889000.0,-319077000.0,-83633000.0,137312000.0,717342000.0,0.0,651616000.0,651616000.0,651616000.0,0.0,0.0,0.143,900141000.0,1066901000.0,1368930000,0.232,4.452,12.456,12.723,328684000,0.0,25.0,1.783,1.783,989715000,3123924000,4552301000.0,4552301000.0,0.0,0.121,0.397,0.564,0.242,55100000.0,900141000.0,1.0,324650475,324650475.0,,14.022,3766307000,0,392794000.0,346568000,11.601,687400000
65,HRB,ART,2005-03-31,2005-08-05,2005-04-30,2021-09-07,68718000,5539283000,5298006000.0,3070634000,2468649000,0.834,5.954,-209458000.0,1617122000,1617122000,2415641000.0,635857000.0,1.39,1.803,948618000,25545000,923073000,948618000,0,268058000.0,0,0.016,0.44,1080082000.0,1348140000.0,0.305,1348140000.0,1080082000.0,1017715000.0,1.92,1.88,1.92,1976371000,1563698500.0,1976371000,8522931048,8.0,6.322,304335000.0,0.917,1.0,2004378000.0,0.453,1263039000,62367000.0,1398820000,1833133750.0,0,587917000,0,587917000,3562912000,2208920000,1353992000,9191435048,27468000.0,-37621000.0,-393920000.0,119557000.0,-142988000.0,-427915000.0,-58410000.0,152107000.0,513793000.0,0.0,635857000.0,635857000.0,635857000.0,0.0,0.0,0.144,952125000.0,1052253000.0,1515433000,0.229,4.651,14.455,14.422,330150000,0.0,27.69,2.08,2.08,1009014000,3188785000,4420019000.0,4420019000.0,0.0,0.12,0.407,0.589,0.244,55100000.0,952125000.0,1.0,331940594,331940594.0,,13.316,4276244000,0,381858000.0,349298000,12.883,861714000
66,HRB,ART,2005-03-31,2005-07-29,2005-04-30,2021-09-07,68718000,5539283000,5298006000.0,3070634000,2468649000,0.834,5.954,-209458000.0,1617122000,1617122000,2415641000.0,635857000.0,1.39,1.803,948618000,25545000,923073000,948618000,0,268058000.0,0,0.015,0.44,1080082000.0,1348140000.0,0.305,1348140000.0,1080082000.0,1017715000.0,1.915,1.885,1.915,1976371000,1563698500.0,1976371000,8785164117,8.0,6.517,304335000.0,0.917,1.0,2004378000.0,0.453,1263039000,62367000.0,1398820000,1833133750.0,0,587917000,0,587917000,3562912000,2208920000,1353992000,9453668117,27468000.0,-37621000.0,-393920000.0,119557000.0,-142988000.0,-427915000.0,-58410000.0,152107000.0,513793000.0,0.0,635857000.0,635857000.0,635857000.0,0.0,0.0,0.144,952125000.0,1052253000.0,1515433000,0.23,4.783,14.868,14.872,330150000,0.0,28.48,2.139,2.139,1009014000,3188785000,4420019000.0,4420019000.0,0.0,0.12,0.407,0.589,0.244,55100000.0,952125000.0,1.0,331940594,331940594.0,,13.316,4276244000,0,381858000.0,349298000,12.883,861714000
67,HRB,ART,2004-12-31,2005-03-09,2005-01-31,2021-09-07,97625000,6141121000,5258191750.0,3621186000,2519935000,0.798,4.383,-183878000.0,1111464000,1111464000,1967068000.0,571045000.0,1.064,3.239,2482986000,1554457000,928529000,2482986000,0,245109000.0,0,0.016,0.43,1030448000.0,1275557000.0,0.304,1275557000.0,1030448000.0,945269000.0,1.615,1.58,1.615,1448650000,1543858000.0,1448650000,10001192983,10.0,7.841,159318000.0,0.482,1.0,2229773000.0,0.531,1271110000,85179000.0,2839178000,1690206750.0,0,532927000,0,532927000,4692471000,3402355000,1290116000,8629670983,-94943000.0,-26933000.0,-549779000.0,235281000.0,-141281000.0,-456135000.0,17996000.0,199211000.0,343196000.0,0.0,571045000.0,571045000.0,571045000.0,0.0,0.0,0.136,1227954000.0,1001819000.0,1538851000,0.266,5.957,15.112,16.167,327385000,0.0,26.11,2.056,2.056,2084322000,2670356000,4196841000.0,4196841000.0,0.0,0.109,0.37,0.61,0.246,49675000.0,1178413000.0,1.0,330512102,330512102.0,,12.698,4870011000,0,374224000.0,78796000,14.735,218831000
68,HRB,ART,2004-09-30,2004-12-08,2004-10-31,2021-09-07,99589000,4896858000,5169958250.0,2483040000,2413818000,0.801,3.991,-139231000.0,1072594000,1072594000,1945563000.0,586079000.0,1.088,2.725,1525383000,593602000,931781000,1525383000,0,245860000.0,0,0.017,0.41,1051319000.0,1297179000.0,0.313,1297179000.0,1051319000.0,969706000.0,1.635,1.6,1.635,1314667000,1550837000.0,1314667000,8387266573,8.0,6.466,575839000.0,1.748,1.0,2196428000.0,0.53,1264399000,81613000.0,1803534000,1481557000.0,0,504189000,0,504189000,3582191000,2281714000,1300477000,7934477573,314466000.0,-163000000.0,-756535000.0,511039000.0,-140307000.0,-385752000.0,-14852000.0,251436000.0,715070000.0,0.0,586079000.0,586079000.0,586079000.0,0.0,0.0,0.141,1155622000.0,1040806000.0,1484079000,0.251,6.035,13.538,14.731,275688000,0.0,24.085,1.916,1.916,978111000,2615089000,4141991000.0,4141991000.0,0.0,0.113,0.378,0.71,0.254,49675000.0,1059594000.0,1.0,329436478,329436478.0,,12.573,3632459000,0,383627000.0,88784000,11.026,201326000
69,HRB,ART,2004-06-30,2004-09-08,2004-07-31,2021-09-07,81466000,4614762000,5061087750.0,2205221000,2409541000,0.826,4.594,-137737000.0,826882000,826882000,1964808000.0,648654000.0,1.025,2.046,927030000,380834000,546196000,927030000,0,243606000.0,0,0.017,0.41,1153214000.0,1396820000.0,0.334,1396820000.0,1153214000.0,1072764000.0,1.825,1.79,1.825,1515106000,1606144500.0,1515106000,8077335583,7.0,5.783,382870000.0,1.161,1.0,2217783000.0,0.53,1272781000,80450000.0,1291003000,1427721750.0,0,493545000,0,493545000,3099656000,2151126000,948530000,7977187583,-357579000.0,-272545000.0,-677760000.0,45861000.0,-139671000.0,-759530000.0,-118656000.0,259304000.0,520607000.0,0.0,648654000.0,648654000.0,648654000.0,0.0,0.0,0.155,1074736000.0,1143047000.0,1423546000,0.225,5.265,12.298,13.255,272111000,0.0,24.19,1.907,1.907,987414000,2703649000,4182591000.0,4182591000.0,0.0,0.128,0.404,0.808,0.276,49675000.0,938628000.0,1.0,329772120,329772120.0,,12.683,3341981000,0,424110000.0,238232000,10.134,54095000
70,HRB,ART,2004-03-31,2004-07-02,2004-04-30,2021-09-07,57953000,5380026000,5008696000.0,2961299000,2418727000,0.84,5.636,-127573000.0,1617104000,1617104000,1994725000.0,697897000.0,1.198,1.836,821480000,275669000,545811000,821480000,0,241756000.0,0,0.017,0.4,1242354000.0,1484110000.0,0.353,1484110000.0,1242354000.0,1157798000.0,1.97,1.93,1.97,1897009000,1628280750.0,1897009000,7279068766,6.0,4.905,799234000.0,2.375,1.0,2210845000.0,0.526,1285247000,84556000.0,827112000,1425715500.0,0,462551000,0,462551000,3483017000,2472043000,1010974000,8074692766,196323000.0,-280865000.0,-399906000.0,-59003000.0,-138397000.0,-599351000.0,-131133000.0,250973000.0,926807000.0,0.0,697897000.0,697897000.0,697897000.0,0.0,0.0,0.166,971986000.0,1238859000.0,1521960000,0.203,4.257,11.57,12.178,279220000,0.0,23.99,1.92,1.92,972986000,2781368000,4205570000.0,4205570000.0,0.0,0.139,0.429,0.871,0.295,49675000.0,799948000.0,1.0,336585776,336585776.0,,12.495,4094779000,0,459901000.0,405667000,12.166,489256000
71,HRB,ART,2003-12-31,2004-03-16,2004-01-31,2021-09-07,56591000,5788187000,4814665750.0,3698170000,2090017000,0.825,4.219,-136446000.0,1277921000,1277921000,1856044000.0,622326000.0,1.07,2.92,2240182000,1688776000,551406000,2240182000,0,274021000.0,0,0.015,0.39,1149896000.0,1423917000.0,0.359,1423917000.0,1149896000.0,1052845000.0,1.735,1.7,1.735,1476566000,1569955750.0,1476566000,9990751958,9.0,7.016,-80512000.0,-0.23,1.0,2114403000.0,0.533,1289278000,97051000.0,2004579000,1522691000.0,0,410327000,70280000,340047000,4311621000,3456591000,855030000,9028490958,234171000.0,-282449000.0,-246537000.0,768192000.0,-135791000.0,383596000.0,-205359000.0,175693000.0,55934000.0,0.0,622326000.0,622326000.0,622326000.0,0.0,0.0,0.157,971241000.0,1143162000.0,1524353000,0.225,6.115,14.508,14.87,284148000,0.0,25.8,2.274,2.274,1738408000,2240592000,3970447000.0,3970447000.0,0.0,0.129,0.396,0.755,0.29,6136000.0,840095000.0,1.0,349941510,349941510.0,,11.346,4498909000,0,430519000.0,73419000,12.856,241579000
72,HRB,ART,2003-09-30,2003-12-10,2003-10-31,2021-09-07,62628000,4461376000,4429928000.0,2396504000,2064872000,0.892,4.308,-137485000.0,832493000,832493000,1808003000.0,647913000.0,1.318,1.905,957753000,150015000,807738000,957753000,0,248177000.0,0,0.015,0.38,1197581000.0,1445758000.0,0.366,1445758000.0,1197581000.0,1099659000.0,1.805,1.77,1.805,1535897000,1492686750.0,1535897000,9155055591,8.0,6.332,439818000.0,1.234,1.0,2143700000.0,0.542,1180241000,97922000.0,1588193000,1429897250.0,0,429564000,0,429564000,2925479000,1818202000,1107277000,9029795591,415000.0,-128348000.0,-91305000.0,-361457000.0,-132511000.0,-587914000.0,11026000.0,251623000.0,577303000.0,0.0,647913000.0,647913000.0,647913000.0,0.0,0.0,0.164,953879000.0,1189821000.0,1454371000,0.211,5.879,13.937,14.03,283556000,0.0,25.325,2.285,2.285,925515000,2169317000,3951703000.0,3951703000.0,0.0,0.146,0.434,0.838,0.303,13767000.0,798508000.0,1.0,356556588,356556588.0,,11.083,3281135000,0,451746000.0,130614000,9.202,578302000
73,HRB,ART,2003-06-30,2003-09-15,2003-07-31,2021-09-07,62713000,4405195000,4309340000.0,2523555000,1881640000,0.892,4.498,-147315000.0,1202979000,1202979000,1770651000.0,600190000.0,1.448,1.747,877723000,55218000,822505000,877723000,0,226976000.0,0,0.018,0.37,1117492000.0,1344468000.0,0.35,1344468000.0,1117492000.0,1020280000.0,1.67,1.635,1.67,1603651000,1384201750.0,1603651000,6982224568,6.0,5.193,616961000.0,1.73,1.0,2072593000.0,0.539,1054366000,97212000.0,1282978000,1445966000.0,0,396910000,0,396910000,2801544000,1742595000,1058949000,7307480568,296687000.0,-35459000.0,-236892000.0,-213939000.0,-129256000.0,-583578000.0,115989000.0,274120000.0,764276000.0,0.0,600190000.0,600190000.0,600190000.0,0.0,0.0,0.156,962140000.0,1110453000.0,1380065000,0.222,4.557,12.175,12.272,274539000,0.0,20.495,1.901,1.901,848489000,2200088000,3843244000.0,3843244000.0,0.0,0.139,0.434,0.773,0.291,37304000.0,752152000.0,1.0,356549430,356549430.0,,10.779,3350829000,0,420090000.0,232443000,9.398,780960000
74,HRB,ART,2003-03-31,2003-07-16,2003-04-30,2021-09-07,36862000,4603905000,4189471750.0,2747361000,1856544000,0.902,4.631,-150897000.0,1313595000,1313595000,1747394000.0,580064000.0,1.448,1.767,877980000,55678000,822302000,877980000,0,208928000.0,0,0.016,0.36,1079721000.0,1288649000.0,0.341,1288649000.0,1079721000.0,987077000.0,1.615,1.575,1.615,1663709000,1319804500.0,1663709000,7438228900,7.0,5.772,539928000.0,1.503,1.0,2032373000.0,0.538,1056080000,92644000.0,1215014000,1553315500.0,0,404491000,23859000,380632000,2940196000,1897196000,1043000000,7873843900,439208000.0,-26408000.0,-191245000.0,-57469000.0,-125898000.0,-376956000.0,125339000.0,282748000.0,690825000.0,0.0,580064000.0,580064000.0,580064000.0,0.0,0.0,0.153,959487000.0,1072886000.0,1331627000,0.223,4.733,13.574,13.57,288594000,0.0,21.915,2.083,2.083,920234000,2221868000,3779767000.0,3779767000.0,0.0,0.138,0.44,0.695,0.286,37304000.0,720217000.0,1.0,359290162,359290162.0,,10.52,3547825000,0,407013000.0,299262000,9.875,850165000
75,HRB,ART,2002-12-31,2003-03-17,2003-01-31,2021-09-07,22718000,4249236000,4096193250.0,2362235000,1887001000,0.915,3.259,-136061000.0,855639000,855639000,1737251000.0,549006000.0,1.097,2.64,1469072000,640172000,828900000,1469072000,0,163029000.0,0,0.017,0.35,971903000.0,1134932000.0,0.303,1134932000.0,971903000.0,910664000.0,1.51,1.47,1.51,1167490000,1246232250.0,1167490000,8150449296,8.0,7.181,1232814000.0,3.441,1.0,2010768000.0,0.536,1076525000,61239000.0,1633404000,1645530250.0,0,309182000,18365000,290817000,3081746000,2152740000,929006000,7537016296,-33192000.0,-26580000.0,-307112000.0,-1105251000.0,-123021000.0,-1537955000.0,135888000.0,292899000.0,1368875000.0,0.0,549006000.0,549006000.0,549006000.0,0.0,0.0,0.146,1041660000.0,969108000.0,1262906000,0.232,6.456,13.728,13.934,294222000,0.0,21.04,2.011,2.011,1011446000,1759479000,3748019000.0,3748019000.0,0.0,0.134,0.441,0.591,0.259,33973000.0,711509000.0,1.0,358223208,358223208.0,,10.463,3172711000,0,361658000.0,70117000,8.857,209495000
76,HRB,ART,2002-09-30,2002-12-16,2002-10-31,2021-09-07,79099000,3979024000,4300501250.0,1979779000,1999245000,0.818,3.08,-135054000.0,670022000,670022000,1691724000.0,446309000.0,1.021,2.611,1364039000,534436000,829603000,1364039000,0,158526000.0,0,0.017,0.34,807244000.0,965770000.0,0.275,965770000.0,807244000.0,737504000.0,1.22,1.185,1.22,1101957000,1195712750.0,1101957000,7720593703,10.0,7.994,455644000.0,1.274,1.0,1825920000.0,0.519,1081718000,69740000.0,1652468000,1924873000.0,0,423943000,21713000,402230000,2877067000,1938855000,938212000,7026576703,-253890000.0,-44667000.0,-279059000.0,-451494000.0,-119905000.0,-852248000.0,7660000.0,168938000.0,590698000.0,0.0,446309000.0,446309000.0,446309000.0,0.0,0.0,0.127,1019657000.0,806263000.0,1198426000,0.279,6.376,15.744,16.119,293172000,0.0,19.665,1.998,2.0,924956000,1659337000,3517644000.0,3517644000.0,0.0,0.104,0.373,0.419,0.229,39541000.0,688956000.0,1.0,357313842,357760000.0,,9.832,2897306000,0,291195000.0,78729000,8.098,40924000
77,HRB,ART,2002-06-30,2002-09-13,2002-07-31,2021-09-07,77360000,3925722000,4355653000.0,1938152000,1987570000,0.786,3.714,-114330000.0,620252000,620252000,1653434000.0,455645000.0,1.21,1.916,1085987000,217285000,868702000,1085987000,0,156360000.0,0,0.013,0.33,833007000.0,989367000.0,0.289,989367000.0,833007000.0,752672000.0,1.25,1.215,1.25,1346062000,1148661500.0,1346062000,9724226396,12.0,9.829,775599000.0,2.14,1.0,1771543000.0,0.517,1077366000,80335000.0,1712376000,2002948250.0,0,440160000,24507000,415653000,2579660000,1601715000,977945000,9258491396,210339000.0,-44729000.0,-250931000.0,-265690000.0,-117069000.0,-634349000.0,-45241000.0,107296000.0,889929000.0,0.0,455645000.0,455645000.0,455645000.0,0.0,0.0,0.133,940158000.0,831385000.0,1102469000,0.264,6.878,20.32,20.496,277865000,0.0,25.62,2.703,2.711,990591000,1729154000,3424977000.0,3424977000.0,0.0,0.105,0.397,0.416,0.243,57809000.0,663562000.0,1.0,361377494,362418000.0,,9.45,2848356000,0,297027000.0,167868000,7.859,336437000
78,HRB,ART,2002-03-31,2002-07-29,2002-04-30,2021-09-07,44128000,4230791000,4382932250.0,2245143000,1985648000,0.757,3.777,-111775000.0,588318000,588318000,1614092000.0,434405000.0,1.194,2.089,928043000,59656000,868387000,928043000,0,155386000.0,0,0.014,0.32,808352000.0,963738000.0,0.29,963738000.0,808352000.0,716840000.0,1.19,1.155,1.19,1369420000,1080581500.0,1369420000,8824083381,11.0,9.156,629671000.0,1.737,1.0,1703644000.0,0.513,1106941000,91512000.0,1583873000,2084702500.0,0,409001000,28370000,380631000,2861371000,1879702000,981669000,8484358381,248529000.0,-46738000.0,-267705000.0,-50594000.0,-115725000.0,-433884000.0,-59033000.0,91252000.0,741446000.0,0.0,434405000.0,434405000.0,434405000.0,0.0,0.0,0.131,896704000.0,806940000.0,1313823000,0.269,6.196,19.531,19.664,286500000,0.0,23.4,2.557,2.557,1212883000,1767702000,3317736000.0,3317736000.0,0.0,0.099,0.402,0.388,0.244,57809000.0,639885000.0,1.0,362579418,362579418.0,,9.15,3123850000,0,282435000.0,252822000,8.616,365441000
79,HRB,ART,2001-12-31,2002-03-18,2002-01-31,2021-09-07,-25184000,5066468000,4355640500.0,3143670000,1922798000,0.719,2.63,-116707000.0,640225000,640225000,1562631000.0,347739000.0,1.006,4.248,2566668000,1692024000,874644000,2566668000,0,163713000.0,0,0.014,0.315,732639000.0,896352000.0,0.286,896352000.0,732639000.0,594984000.0,0.943,0.938,0.943,965412000,1031661750.0,965412000,10073999332,14.0,11.239,135302000.0,0.369,1.0,1566898000.0,0.501,1116675000,137655000.0,2750775000,2121814250.0,0,302868000,21733000,281135000,4101056000,3125461000,975595000,8147556332,173389000.0,-52255000.0,-148858000.0,-38553000.0,-114290000.0,-300072000.0,221452000.0,397632000.0,252009000.0,0.0,347739000.0,347739000.0,347739000.0,0.0,0.0,0.111,841467000.0,725431000.0,1213338000,0.334,8.439,23.43,23.542,287812000,0.0,22.2,2.603,2.603,2152437000,1333494000,3129529000.0,3129529000.0,0.0,0.08,0.337,0.345,0.234,55004000.0,586586000.0,1.0,367007042,367007042.0,,8.527,3949793000,0,247245000.0,48100000,10.762,18209000
80,HRB,ART,2001-09-30,2001-12-14,2001-10-31,2021-09-07,-20890000,4199631000,4474654250.0,2300477000,1899154000,0.684,2.506,-98110000.0,599002000,599002000,1537721000.0,323768000.0,0.981,3.596,1781730000,932447000,849283000,1781730000,0,178394000.0,0,0.016,0.31,729996000.0,908390000.0,0.297,908390000.0,729996000.0,555026000.0,0.877,0.873,0.877,913752000,996381250.0,913752000,8472433302,12.0,9.327,359800000.0,0.987,1.0,1525124000.0,0.498,1073734000,174970000.0,1964769000,2156650750.0,0,338318000,37591000,300727000,3285879000,2343856000,942023000,7289705302,351323000.0,-10752000.0,-189819000.0,-84924000.0,-111904000.0,-384470000.0,277883000.0,385875000.0,457910000.0,0.0,323768000.0,323768000.0,323768000.0,0.0,0.0,0.106,804667000.0,720457000.0,1156871000,0.353,7.978,22.515,22.748,276007000,0.0,19.95,2.38,2.375,1248470000,1332933000,3062845000.0,3062845000.0,0.0,0.072,0.325,0.338,0.238,41805000.0,539006000.0,1.0,365398762,364576000.0,,8.401,3125897000,0,231258000.0,144561000,8.574,-43379000
81,HRB,ART,2001-06-30,2001-09-14,2001-07-31,2021-09-07,-43654000,4034839000,4751871500.0,2214338000,1820501000,0.636,2.92,-92280000.0,251850000,251850000,1504419000.0,302124000.0,1.109,2.758,1296312000,425763000,870549000,1296312000,0,192750000.0,0,0.017,0.305,724905000.0,917655000.0,0.304,917655000.0,724905000.0,515747000.0,0.818,0.813,0.818,1073742000,976575250.0,1073742000,7814430093,11.0,8.516,133765000.0,0.364,1.0,1517171000.0,0.502,1043333000,209158000.0,2039393000,2228394500.0,0,428104000,177852000,250252000,2961097000,1996575000,964522000,6769968093,32132000.0,1009000.0,-31137000.0,-334625000.0,-109729000.0,-474525000.0,280612000.0,385093000.0,226045000.0,0.0,302124000.0,302124000.0,302124000.0,0.0,0.0,0.1,803272000.0,713899000.0,1256011000,0.373,6.305,22.408,22.555,278601000,0.0,18.45,2.241,2.245,1540170000,1390578000,3021590000.0,3021590000.0,0.0,0.064,0.309,0.325,0.24,0.0,520785000.0,1.0,366935940,367718000.0,,8.217,2991506000,0,213623000.0,215929000,8.135,217763000
82,HRB,ART,2001-03-31,2001-07-30,2001-04-30,2021-09-07,-42767000,4121624000,5087087000.0,2271206000,1850418000,0.59,3.187,-90033000.0,271813000,271813000,1475475000.0,281162000.0,1.142,2.512,922737000,51763000,870974000,922737000,0,205608000.0,0,0.017,0.3,720043000.0,925651000.0,0.308,925651000.0,720043000.0,477492000.0,0.765,0.76,0.765,1173741000,941151750.0,1173741000,7216938679,10.0,7.797,205482000.0,0.558,1.0,1526100000.0,0.508,1051826000,242551000.0,1732320000,2264410500.0,0,324583000,54424000,270159000,2947883000,1988402000,959481000,6566014679,-108088000.0,2057000.0,-203345000.0,-352540000.0,-108374000.0,-662210000.0,258607000.0,367080000.0,295515000.0,0.0,281162000.0,281162000.0,281162000.0,0.0,0.0,0.094,818483000.0,707617000.0,1419210000,0.392,5.594,23.353,23.307,288847000,0.0,17.83,2.188,2.188,1684027000,1450112000,3001575000.0,3001575000.0,0.0,0.055,0.299,0.318,0.24,0.0,528453000.0,1.0,368256572,368256572.0,,8.151,3069798000,0,196330000.0,295599000,8.336,282804000
83,HRB,ART,2000-12-31,2001-03-19,2001-01-31,2021-09-07,-24476000,5542523000,5481518500.0,3599830000,1942693000,0.531,2.255,-88846000.0,380918000,380918000,1422684000.0,245025000.0,0.96,5.724,2546474000,1677225000,869249000,2546474000,0,216938000.0,0,0.024,0.294,656285000.0,873223000.0,0.3,873223000.0,656285000.0,391210000.0,0.613,0.607,0.613,824290000,952363750.0,824290000,6729845492,10.0,7.707,312998000.0,0.856,1.0,1488184000.0,0.511,1069302000,265075000.0,2890121000,2313354750.0,0,278394000,50978000,227416000,4718233000,3748656000,969577000,4564289492,132428000.0,24669000.0,-237383000.0,-39976000.0,-107102000.0,-417669000.0,148253000.0,253939000.0,401844000.0,0.0,245025000.0,245025000.0,245025000.0,0.0,0.0,0.084,843477000.0,644707000.0,1921542000,0.48,5.537,18.628,20.371,245059000,0.0,12.488,1.568,1.568,2985785000,1101135000,2910868000.0,2910868000.0,0.0,0.045,0.257,0.284,0.225,0.0,488641000.0,1.0,365508668,365508668.0,,7.964,4473221000,0,146185000.0,8145000,12.238,-148826000
84,HRB,ART,2000-09-30,2000-12-15,2000-10-31,2021-09-07,-34029000,5308500000,5576230250.0,3434177000,1874323000,0.495,2.283,-117373000.0,247679000,247679000,1348348000.0,232305000.0,0.971,5.361,1798073000,958000000,840073000,1798073000,0,200629000.0,0,0.031,0.287,613724000.0,814353000.0,0.295,814353000.0,613724000.0,367871000.0,0.58,0.575,0.58,834528000,977609500.0,834528000,4927877284,8.0,6.051,387292000.0,1.059,1.0,1413673000.0,0.512,1070051000,245853000.0,2251744000,2216647250.0,0,279636000,55082000,224554000,4473972000,3537099000,936873000,3377483284,79497000.0,-838284000.0,-226763000.0,720833000.0,-107680000.0,352340000.0,-777508000.0,241504000.0,504665000.0,0.0,232305000.0,232305000.0,232305000.0,0.0,0.0,0.084,808549000.0,605124000.0,2465726000,0.495,4.047,14.539,15.948,248407000,0.0,9.25,1.223,1.224,2994863000,1122159000,2762021000.0,2762021000.0,0.0,0.042,0.238,0.277,0.222,0.0,499216000.0,1.0,365133328,365612000.0,,7.555,4238449000,0,135566000.0,37112000,11.593,-102922000
85,HRB,ART,2000-06-30,2000-09-13,2000-07-31,2021-09-07,-23342000,5375701000,4817484000.0,3511665000,1864036000,0.55,2.498,-121879000.0,219718000,219718000,1297073000.0,237223000.0,1.009,4.768,1580589000,710658000,869931000,1580589000,0,176275000.0,0,0.032,0.281,603797000.0,780072000.0,0.294,780072000.0,603797000.0,382070000.0,0.6,0.595,0.6,932048000,1006142000.0,932048000,4535869781,8.0,5.815,477124000.0,1.279,1.0,1353923000.0,0.511,1071053000,221727000.0,2183457000,2056856500.0,0,291830000,64436000,227394000,4443653000,3482062000,961591000,3174998781,-280949000.0,-960531000.0,-233294000.0,376215000.0,-107349000.0,2448000.0,-882400000.0,241040000.0,599003000.0,0.0,237223000.0,237223000.0,237223000.0,0.0,0.0,0.089,758812000.0,595111000.0,2592012000,0.468,3.406,13.384,14.454,253109000,0.0,8.672,1.198,1.22,3080982000,1199273000,2650996000.0,2650996000.0,0.0,0.049,0.236,0.294,0.228,0.0,506897000.0,1.0,366099600,373044000.0,,7.106,4304648000,0,144847000.0,112482000,11.539,29603000
86,HRB,ART,2000-03-31,2000-07-28,2000-04-30,2021-09-07,-26241000,5699350000,4054188250.0,3863543000,1835807000,0.605,3.22,-113032000.0,379901000,379901000,1216707000.0,251895000.0,1.097,3.677,1224171000,351775000,872396000,1224171000,0,147218000.0,0,0.035,0.275,565766000.0,712984000.0,0.291,712984000.0,565766000.0,412266000.0,0.642,0.637,0.642,1218589000,1024751000.0,1218589000,3806847749,7.0,5.339,392244000.0,1.036,1.0,1235236000.0,0.504,1095074000,153500000.0,1928097000,1861637250.0,0,238764000,62369000,176395000,4480761000,3520449000,960312000,2962577749,186661000.0,-971802000.0,-13696000.0,707658000.0,-105480000.0,554166000.0,-872781000.0,254971000.0,505276000.0,0.0,251895000.0,251895000.0,251895000.0,0.0,0.0,0.103,678121000.0,557115000.0,2792562000,0.428,2.431,11.761,12.192,260666000,0.0,7.827,1.208,1.208,3292101000,1277324000,2451943000.0,2451943000.0,0.0,0.062,0.246,0.304,0.231,0.0,479184000.0,1.0,378483264,378483264.0,,6.478,4604276000,0,160371000.0,202779000,12.165,343094000
87,HRB,ART,1999-12-31,2000-03-16,2000-01-31,2021-09-07,-17229000,5921370000,3106894750.0,4078535000,1842835000,0.652,2.352,-95313000.0,248490000,248490000,1087099000.0,208488000.0,0.9,5.4,2511429000,2155146000,356283000,2511429000,0,108809000.0,0,0.024,0.269,428955000.0,537764000.0,0.266,537764000.0,428955000.0,335493000.0,0.515,0.51,0.515,925273000,985600500.0,925273000,6702920871,16.0,12.464,-25846000.0,-0.066,1.0,937582000.0,0.463,1149546000,93462000.0,2503291000,1649422250.0,0,327866000,33074000,294792000,4996097000,4531472000,464625000,4439981871,60150000.0,-1027165000.0,17968000.0,1177400000.0,-103115000.0,1092253000.0,-1101570000.0,28133000.0,69467000.0,0.0,208488000.0,208488000.0,208488000.0,1217000.0,0.0,0.103,511996000.0,425586000.0,2288984000,0.522,4.799,21.296,21.908,219594000,0.0,11.283,2.193,2.192,3633850000,963212000,2024681000.0,2024681000.0,0.0,0.067,0.212,0.26,0.212,0.0,403795000.0,1.0,393528196,393432000.0,,5.146,4771824000,0,127005000.0,6784000,12.129,-452937000
88,HRB,ART,1999-09-30,1999-12-15,1999-10-31,2021-09-07,-16313000,2273515000,2145427000.0,1108949000,1164566000,0.841,2.425,-85233000.0,168182000,168182000,971861000.0,192467000.0,1.277,1.397,1034622000,682024000,352598000,1034622000,0,90452000.0,0,0.025,0.263,392502000.0,482954000.0,0.268,482954000.0,392502000.0,324177000.0,0.472,0.468,0.472,948658000,944102750.0,948658000,4960169845,13.0,10.27,825210000.0,2.109,1.0,831795000.0,0.461,659166000,68325000.0,1612581000,1414497750.0,0,261934000,43831000,218103000,1324857000,868208000,456649000,4093729845,-139759000.0,-251321000.0,-8316000.0,-721877000.0,-100320000.0,-830513000.0,-219689000.0,136970000.0,910443000.0,0.0,192467000.0,192467000.0,192467000.0,1490000.0,0.0,0.107,425992000.0,405803000.0,108314000,0.557,4.315,21.27,22.05,135695000,0.0,10.408,2.27,2.258,727738000,997534000,1803656000.0,1803656000.0,0.0,0.09,0.204,0.277,0.218,0.0,354330000.0,1.0,393344208,391256000.0,,4.61,1614349000,0,131710000.0,53162000,4.126,240741000
89,HRB,ART,1999-06-30,1999-09-13,1999-07-31,2021-09-07,-24115000,2322518000,2219325750.0,1498312000,824206000,0.76,2.575,-77487000.0,500667000,500667000,885071000.0,206031000.0,1.47,1.308,1006771000,757033000,249738000,1006771000,0,79617000.0,0,0.022,0.256,409317000.0,488934000.0,0.29,488934000.0,409317000.0,346056000.0,0.51,0.505,0.51,1006484000,911110500.0,1006484000,5143683369,13.0,10.52,139297000.0,0.356,1.0,802267000.0,0.475,406604000,63261000.0,1402580000,1508240750.0,0,208412000,42355000,166057000,1316034000,1019438000,296596000,4637579369,-195543000.0,-123837000.0,-256835000.0,-120037000.0,-98165000.0,-475037000.0,62710000.0,281125000.0,216784000.0,0.0,206031000.0,206031000.0,206031000.0,1490000.0,0.0,0.122,387764000.0,414503000.0,127231000,0.502,4.608,22.509,23.225,110230000,0.0,11.845,2.748,2.744,853352000,1069399000,1687338000.0,1687338000.0,0.0,0.093,0.226,0.271,0.243,0.0,316102000.0,1.0,391522108,390852000.0,,4.317,1915914000,0,140025000.0,111011000,4.902,478874000
90,HRB,ART,1999-03-31,1999-07-29,1999-04-30,2021-09-07,-23400000,1910176000,2270532750.0,1087422000,822754000,0.724,2.719,-78823000.0,193240000,193240000,842869000.0,215366000.0,1.963,0.799,321664000,71939000,249725000,321664000,0,74605000.0,0,0.018,0.25,430450000.0,505055000.0,0.307,505055000.0,430450000.0,361112000.0,0.54,0.535,0.54,1061987000,943670250.0,1061987000,5504524576,13.0,10.899,141953000.0,0.363,1.0,801796000.0,0.488,405534000,69338000.0,1079237000,1519584250.0,0,227409000,56881000,170528000,848189000,553829000,294360000,5376100576,-707616000.0,-123657000.0,-412984000.0,-682617000.0,-95004000.0,-1190605000.0,262213000.0,481864000.0,220776000.0,0.0,215366000.0,215366000.0,215366000.0,1490000.0,0.0,0.131,377384000.0,424412000.0,168641000,0.463,5.062,24.963,25.491,114222000,0.0,13.765,3.269,3.269,743301000,1130909000,1644665000.0,1644665000.0,0.0,0.095,0.228,0.283,0.262,0.0,305722000.0,1.0,390563064,390563064.0,,4.211,1504642000,0,145746000.0,151659000,3.852,533593000
91,HRB,ART,1998-12-31,1999-03-16,1999-01-31,2021-09-07,-27017000,2075499000,2519009500.0,1270762000,804737000,0.57,1.947,-68535000.0,188340000,188340000,749356000.0,174910000.0,1.242,1.734,1055677000,805985000,249692000,1055677000,0,66216000.0,0,0.019,0.237,377262000.0,443478000.0,0.309,443478000.0,377262000.0,294526000.0,0.413,,0.413,759282000,1013581500.0,759282000,5623762794,15.0,12.681,-318483000.0,-0.817,1.0,685784000.0,0.478,355987000,82736000.0,1563593000,1582383000.0,0,312651000,91582000,221069000,1316217000,1023256000,292961000,4756425794,80783000.0,-110962000.0,-419026000.0,174157000.0,-91659000.0,-336528000.0,667259000.0,891325000.0,-249948000.0,0.0,174910000.0,174910000.0,174910000.0,273000.0,0.0,0.122,332108000.0,353676000.0,135394000,0.574,6.264,27.194,29.625,100597000,0.0,12.235,3.314,3.324,896363000,857837000,1435140000.0,1435140000.0,0.0,0.069,0.173,0.238,0.263,0.0,256937000.0,1.0,388755684,389924000.0,,3.681,1719512000,0,119616000.0,26648000,4.41,247506000
92,HRB,ART,1998-09-30,1998-12-15,1998-10-31,2021-09-07,-31588000,2569110000,2616764500.0,1967036000,602074000,0.517,2.06,-54873000.0,307941000,307941000,713017000.0,412584000.0,1.343,2.146,1485947000,1235989000,249958000,1485947000,0,63637000.0,0,0.021,0.225,597972000.0,661609000.0,0.489,661609000.0,597972000.0,523244000.0,0.983,,0.983,816689000,1098033000.0,816689000,5302547541,9.0,8.015,-795779000.0,-2.007,1.0,639324000.0,0.473,295441000,74728000.0,1987553000,1665476750.0,0,272191000,148753000,123438000,1752421000,1464122000,288299000,4124541541,91838000.0,-54426000.0,-399873000.0,667612000.0,-88213000.0,179526000.0,653218000.0,788337000.0,-740906000.0,0.0,412584000.0,412584000.0,412584000.0,-167000.0,0.0,0.305,314551000.0,324773000.0,86524000,0.229,5.05,9.997,10.745,75084000,0.0,10.562,3.05,3.097,1357029000,905384000,1352341000.0,1352341000.0,0.0,0.158,0.376,0.359,0.442,0.0,239380000.0,1.0,390489140,396488000.0,,3.411,2273669000,0,110660000.0,129792000,5.735,502914000
93,HRB,ART,1998-06-30,1998-09-14,1998-07-31,2021-09-07,-30982000,2527346000,2446617500.0,1772927000,754419000,0.548,2.707,-46672000.0,696210000,696210000,701908000.0,402526000.0,1.608,1.223,1015191000,765503000,249688000,1015191000,0,60379000.0,0,0.02,0.213,582714000.0,643093000.0,0.479,643093000.0,582714000.0,512911000.0,0.963,,0.963,1136723000,1119955000.0,1136723000,4698270877,8.0,7.306,-352412000.0,-0.839,1.0,639797000.0,0.477,295803000,69803000.0,1447954000,1552716750.0,0,417026000,139657000,277369000,1390623000,1102570000,288053000,4379289877,392290000.0,-54618000.0,-110042000.0,357982000.0,-84094000.0,163846000.0,534184000.0,671134000.0,-305740000.0,0.0,402526000.0,402526000.0,402526000.0,10615000.0,0.0,0.3,311951000.0,327846000.0,97880000,0.221,3.853,10.88,11.308,72901000,0.0,10.89,3.264,3.408,813697000,961530000,1341705000.0,1341705000.0,0.0,0.165,0.359,0.375,0.434,0.0,236780000.0,1.0,402138648,419904000.0,,3.195,2231543000,0,110385000.0,222933000,5.314,670357000
94,HRB,ART,1998-03-31,1998-07-29,1998-04-30,2021-09-07,0,2904083000,2283871500.0,2143277000,760806000,0.572,3.149,-46803000.0,900856000,900856000,683505000.0,392130000.0,1.679,1.165,892677000,643002000,249675000,892677000,0,55787000.0,0,0.019,0.2,551121000.0,606908000.0,0.464,606908000.0,551121000.0,498869000.0,0.935,0.912,0.935,1341632000,1071186750.0,1341632000,4492095805,8.0,7.402,138200000.0,0.324,1.0,623280000.0,0.477,288580000,52252000.0,1330432000,1459239750.0,0,635254000,346158000,289096000,1562451000,1276892000,285559000,4500274805,443777000.0,-265700000.0,40530000.0,166895000.0,-83635000.0,123790000.0,134984000.0,478299000.0,185003000.0,0.0,392130000.0,392130000.0,392130000.0,13889000.0,0.0,0.3,315053000.0,308227000.0,114875000,0.214,3.354,11.476,11.297,77321000,0.0,10.562,3.444,3.444,793237000,986030000,1306785000.0,1306785000.0,0.0,0.172,0.366,0.378,0.422,0.0,239882000.0,1.0,426061520,426061520.0,,3.067,2615503000,0,106739000.0,422847000,6.139,866385000
95,HRB,ART,1997-12-31,1998-03-16,1998-01-31,2021-09-07,0,2466519000,2034415250.0,2029579000,436940000,,2.611,54974000.0,107557000,107557000,,,1.882,1.248,881503000,631840000,249663000,881503000,0,-39465000.0,0,0.016,0.2,,,,,,,,,,1097088000,985553000.0,1097088000,5883402885,,,467856000.0,1.113,1.0,,,266161000,,1895968000,1323319500.0,0,1045265000,1031699000,13566000,1369431000,1078336000,291095000,5109456885,-157946000.0,-235511000.0,33034000.0,-35680000.0,-83484000.0,-86130000.0,-484698000.0,-287475000.0,412882000.0,0.0,,,,,,,,,132959000,,4.657,,,76409000,,12.188,,,779169000,749646000,,,,,,,,0.0,,1.0,419237488,420200000.0,,,2200358000,0,,272200000,5.236,951243000
96,HRB,ART,1997-09-30,1997-12-12,1997-10-31,2021-09-07,0,1888522000,1847488500.0,1460358000,428164000,,2.163,,216103000,216103000,,,2.107,1.088,818052000,568402000,249650000,818052000,0,,0,0.018,0.2,,,,,,,,,,904377000,917180750.0,904377000,5168724029,,,,,1.0,,,260872000,,1536513000,1149885000.0,0,25919000,106000,25813000,984145000,693086000,291059000,4566775029,,,,,,,,,,,,,,,,,,,81146000,,5.05,,,63405000,,10.875,,,645566000,561657000,,,,,,,,,,1.0,419933336,418208000.0,,,1627650000,0,,38478000,3.892,767272000
97,HRB,ART,1997-06-30,1997-09-15,1997-07-31,2021-09-07,0,1876362000,,1445155000,431207000,,2.261,,303920000,303920000,,,1.615,0.993,657209000,657209000,0,657209000,0,,0,0.021,0.2,,,,,,,,,,941650000,,941650000,4403755029,,,,,1.0,,,260991000,,1074046000,,0,55851000,20269000,35582000,934712000,894614000,40098000,4050466029,,,,,,,,,,,,,,,,,,,152103000,,4.301,,,66082000,,9.72,,,518739000,625479000,,,,,,,,,,1.0,416714612,416408000.0,,,1615371000,0,,74640000,3.879,550541000
98,HRB,ART,1997-03-31,1997-08-14,1997-04-30,2021-09-07,0,1906258000,,1269998000,636260000,,2.4,-164500000.0,595851000,595851000,1187756000.0,47755000.0,1.781,0.908,269619000,269619000,0,269619000,0,166811000.0,0,0.023,0.23,62368000.0,229179000.0,0.119,229179000.0,62368000.0,62368000.0,0.113,,0.113,999097000,,999097000,3758841864,60.0,16.401,-86526000.0,-0.208,1.0,741907000.0,0.384,80133000,0.0,786751000,,0,105249000,84362000,20887000,907161000,713142000,194019000,4085073864,-89809000.0,-27068000.0,3439000.0,196968000.0,-107988000.0,92419000.0,-260202000.0,-44523000.0,77974000.0,0.0,47755000.0,47755000.0,47755000.0,0.0,0.0,0.025,724081000.0,17826000.0,193628000,2.035,4.089,85.542,86.836,420278000,0.0,9.812,2.117,2.117,525777000,684071000,1929663000.0,1929663000.0,0.0,,,,0.032,0.0,724081000.0,1.0,416313260,416313260.0,,4.635,1826125000,0,14613000.0,154936000,4.386,556856000
99,HRB,ART,1997-03-31,1997-07-29,1997-04-30,2021-09-07,0,1906258000,,1269998000,636260000,,2.4,-164500000.0,595851000,595851000,1187756000.0,47755000.0,1.781,0.908,269619000,269619000,0,269619000,0,166811000.0,0,0.025,0.23,62368000.0,229179000.0,0.119,229179000.0,62368000.0,62368000.0,0.113,,0.113,999097000,,999097000,3538195836,57.0,15.439,-86526000.0,-0.208,1.0,741907000.0,0.384,80133000,0.0,786751000,,0,105249000,84362000,20887000,907161000,713142000,194019000,3864427836,-89809000.0,-27068000.0,3439000.0,196968000.0,-107988000.0,92419000.0,-260202000.0,-44523000.0,77974000.0,0.0,47755000.0,47755000.0,47755000.0,0.0,0.0,0.025,724081000.0,17826000.0,193628000,2.035,3.868,80.922,82.146,420278000,0.0,9.283,2.003,2.003,525777000,684071000,1929663000.0,1929663000.0,0.0,,,,0.032,0.0,724081000.0,1.0,416313260,416313260.0,,4.635,1826125000,0,14613000.0,154936000,4.386,556856000
100,HRB,ART,1996-12-31,1997-03-17,1997-01-31,2021-09-07,0,1718812000,,1047741000,671071000,,1.979,,199539000,199539000,,,1.523,1.087,461020000,461020000,0,461020000,0,,0,0.035,0.26,,,,,,,,,,823599000,,823599000,3356734814,,,,,1.0,,,89960000,,1202230000,,0,102141000,70382000,31759000,895213000,688103000,207110000,3095253814,,,,,,,,,,,,,,,,,,,175107000,,3.758,,,433016000,,7.438,,,680087000,509191000,,,,,,,,,,1.0,416168580,416164000.0,,,1628852000,0,,31924000,3.914,359638000
