None,ticker,dimension,calendardate,datekey,reportperiod,lastupdated,accoci,assets,assetsavg,assetsc,assetsnc,assetturnover,bvps,capex,cashneq,cashnequsd,cor,consolinc,currentratio,de,debt,debtc,debtnc,debtusd,deferredrev,depamor,deposits,divyield,dps,ebit,ebitda,ebitdamargin,ebitdausd,ebitusd,ebt,eps,epsdil,epsusd,equity,equityavg,equityusd,ev,evebit,evebitda,fcf,fcfps,fxusd,gp,grossmargin,intangibles,intexp,invcap,invcapavg,inventory,investments,investmentsc,investmentsnc,liabilities,liabilitiesc,liabilitiesnc,marketcap,ncf,ncfbus,ncfcommon,ncfdebt,ncfdiv,ncff,ncfi,ncfinv,ncfo,ncfx,netinc,netinccmn,netinccmnusd,netincdis,netincnci,netmargin,opex,opinc,payables,payoutratio,pb,pe,pe1,ppnenet,prefdivis,price,ps,ps1,receivables,retearn,revenue,revenueusd,rnd,roa,roe,roic,ros,sbcomp,sgna,sharefactor,sharesbas,shareswa,shareswadil,sps,tangibles,taxassets,taxexp,taxliabilities,tbvps,workingcapital
0,UNM,MRY,2020-12-31,2020-12-31,2020-12-31,2021-09-07,374200000.0,70625800000.0,68720725000.0,,,0.192,53.378,-119100000.0,197000000.0,197000000.0,8972900000.0,793000000.0,,5.497,3345700000.0,,,3345700000.0,349300000.0,113600000.0,0.0,0.05,1.14,1152200000.0,1265800000.0,0.096,1265800000.0,1152200000.0,964000000.0,3.89,3.89,3.89,10871000000.0,10531925000.0,10871000000.0,7946807289.0,7.0,6.278,478400000.0,2.349,1.0,4189200000.0,0.318,353000000.0,188200000.0,73421500000.0,71627350000.0,0.0,52683500000.0,,,59754800000.0,,,4672007289.0,112900000.0,0.0,4400000.0,14100000.0,-231900000.0,-216900000.0,-267700000.0,-463100000.0,597500000.0,0.0,793000000.0,793000000.0,793000000.0,0.0,0.0,0.06,3037000000.0,1152200000.0,0.0,0.293,0.43,5.892,5.897,498000000.0,0.0,22.94,0.355,0.355,12185300000.0,11269600000.0,13162100000.0,13162100000.0,0.0,0.012,0.075,0.016,0.088,0.0,1663400000.0,1.0,203662044.0,203662044.0,,64.627,70272800000.0,72700000.0,171000000.0,416100000.0,345.046,
1,UNM,MRY,2019-12-31,2019-12-31,2019-12-31,2021-09-07,37300000.0,67013400000.0,65933625000.0,,,0.182,48.311,-150900000.0,84100000.0,84100000.0,7496200000.0,1100300000.0,,5.725,3326600000.0,,,3326600000.0,363900000.0,110100000.0,0.0,0.037,1.09,1559500000.0,1669600000.0,0.139,1669600000.0,1559500000.0,1382100000.0,5.25,5.24,5.25,9965000000.0,9527550000.0,9965000000.0,9375088702.0,6.0,5.615,1590700000.0,7.712,1.0,4502700000.0,0.375,351700000.0,177400000.0,69904200000.0,68778225000.0,0.0,55758900000.0,,,57048400000.0,,,6014788702.0,-9900000.0,0.0,-394200000.0,348800000.0,-229200000.0,-358000000.0,-1393500000.0,-1138800000.0,1741600000.0,0.0,1100300000.0,1100300000.0,1100300000.0,0.0,0.0,0.092,2915900000.0,1586800000.0,0.0,0.208,0.604,5.466,5.554,534100000.0,0.0,29.16,0.501,0.501,6383600000.0,10728700000.0,11998900000.0,11998900000.0,0.0,0.017,0.115,0.023,0.13,0.0,1732600000.0,1.0,206268474.0,206268474.0,,58.171,66661700000.0,0.0,281800000.0,352100000.0,323.179,
2,UNM,MRY,2018-12-31,2018-12-31,2018-12-31,2021-09-07,-814200000.0,61875600000.0,62376075000.0,,,0.186,39.414,-144100000.0,94000000.0,94000000.0,8020400000.0,523400000.0,,6.177,2971300000.0,,,2971300000.0,363300000.0,101400000.0,0.0,0.033,0.98,795100000.0,896500000.0,0.077,896500000.0,795100000.0,627800000.0,2.38,2.38,2.38,8621800000.0,9021475000.0,8621800000.0,9196130724.0,12.0,10.258,1392400000.0,6.365,1.0,3578100000.0,0.308,350300000.0,167300000.0,64402600000.0,64867600000.0,0.0,50707600000.0,,,53253800000.0,,,6426830724.0,16600000.0,-145400000.0,-351600000.0,30700000.0,-215600000.0,-589800000.0,-930100000.0,-372500000.0,1536500000.0,0.0,523400000.0,523400000.0,523400000.0,0.0,0.0,0.045,2783000000.0,795100000.0,0.0,0.412,0.745,12.279,12.345,546900000.0,0.0,29.38,0.554,0.554,6277900000.0,9863100000.0,11598500000.0,11598500000.0,0.0,0.008,0.058,0.012,0.069,0.0,1673900000.0,1.0,218748493.0,218748493.0,,53.022,61525300000.0,109900000.0,104400000.0,24000000.0,281.26,
3,UNM,MRY,2017-12-31,2017-12-31,2017-12-31,2021-09-07,127500000.0,64013100000.0,63431275000.0,,,0.178,42.671,-105300000.0,77400000.0,77400000.0,7055700000.0,994200000.0,,5.686,2938300000.0,,,2938300000.0,373100000.0,103400000.0,0.0,0.016,0.86,1563900000.0,1667300000.0,0.148,1667300000.0,1563900000.0,1404000000.0,4.39,4.37,4.39,9574900000.0,9361875000.0,9574900000.0,15200616821.0,10.0,9.117,1058800000.0,4.719,1.0,4231100000.0,0.375,338600000.0,159900000.0,66535400000.0,65962325000.0,0.0,53044000000.0,,,54438200000.0,,,12316716821.0,-23000000.0,0.0,-391000000.0,-63500000.0,-196000000.0,-687800000.0,-499300000.0,-394000000.0,1164100000.0,0.0,994200000.0,994200000.0,994200000.0,0.0,0.0,0.088,2667200000.0,1563900000.0,396200000.0,0.196,1.286,12.389,12.503,504800000.0,0.0,54.89,1.091,1.091,6544900000.0,9542200000.0,11286800000.0,11286800000.0,0.0,0.016,0.106,0.024,0.139,0.0,1587900000.0,1.0,224389084.0,224389084.0,,50.3,63674500000.0,0.0,409800000.0,201900000.0,283.768,
4,UNM,MRY,2016-12-31,2016-12-31,2016-12-31,2021-09-07,-51000000.0,61941500000.0,62916900000.0,,,0.176,38.635,-85000000.0,100400000.0,100400000.0,6941800000.0,931400000.0,,5.907,2999400000.0,,,2999400000.0,363700000.0,101700000.0,0.0,0.018,0.77,1513700000.0,1615400000.0,0.146,1615400000.0,1513700000.0,1347700000.0,3.96,3.95,3.96,8968000000.0,9101625000.0,8968000000.0,13128892546.0,9.0,8.127,1036600000.0,4.466,1.0,4104700000.0,0.372,335100000.0,166000000.0,64505400000.0,65585700000.0,0.0,51130900000.0,,,52973500000.0,,,10196992546.0,-12500000.0,-129200000.0,-396700000.0,195100000.0,-182600000.0,-418600000.0,-715500000.0,-501300000.0,1121600000.0,0.0,931400000.0,931400000.0,931400000.0,0.0,0.0,0.084,2591000000.0,1513700000.0,406000000.0,0.194,1.137,10.948,11.093,500600000.0,0.0,43.93,0.923,0.923,6469700000.0,8744000000.0,11046500000.0,11046500000.0,0.0,0.015,0.102,0.023,0.137,0.0,1519700000.0,1.0,232119111.0,232119111.0,,47.59,61606400000.0,0.0,416300000.0,150900000.0,265.409,
5,UNM,MRY,2015-12-31,2015-12-31,2015-12-31,2021-09-07,16100000.0,60563600000.0,61697175000.0,,,0.174,35.588,-100200000.0,112900000.0,112900000.0,6782800000.0,867100000.0,,5.99,2801400000.0,,,2801400000.0,384200000.0,99500000.0,0.0,0.021,0.7,1391100000.0,1490600000.0,0.139,1490600000.0,1391100000.0,1238300000.0,3.51,3.5,3.51,8663900000.0,8612150000.0,8663900000.0,10718264112.0,8.0,7.191,1191900000.0,4.896,1.0,3948500000.0,0.368,230900000.0,152800000.0,63021200000.0,64128075000.0,0.0,50023700000.0,,,51899700000.0,,,8104364112.0,10400000.0,-54300000.0,-411500000.0,45100000.0,-174200000.0,-568700000.0,-713000000.0,-900100000.0,1292100000.0,0.0,867100000.0,867100000.0,867100000.0,0.0,0.0,0.081,2557400000.0,1391100000.0,415400000.0,0.199,0.935,9.347,9.484,523900000.0,0.0,33.29,0.755,0.755,6323500000.0,7995200000.0,10731300000.0,10731300000.0,0.0,0.014,0.101,0.022,0.13,0.0,1478600000.0,1.0,243447405.0,243447405.0,,44.081,60332700000.0,0.0,371200000.0,97800000.0,247.826,
6,UNM,MRY,2014-12-31,2014-12-31,2014-12-31,2021-09-07,166400000.0,62450200000.0,61926875000.0,,,0.17,33.818,-114500000.0,102500000.0,102500000.0,7310800000.0,402100000.0,,6.328,2780600000.0,,,2780600000.0,396600000.0,87900000.0,0.0,0.018,0.62,709500000.0,797400000.0,0.076,797400000.0,709500000.0,542000000.0,1.57,1.57,1.57,8521900000.0,8991325000.0,8521900000.0,11582373914.0,16.0,14.525,1109100000.0,4.401,1.0,3213700000.0,0.305,198700000.0,167500000.0,64929600000.0,64511950000.0,0.0,51747400000.0,,,53928300000.0,,,8789473914.0,8400000.0,0.0,-293700000.0,160600000.0,-159400000.0,-328600000.0,-886600000.0,-768400000.0,1223600000.0,0.0,402100000.0,402100000.0,402100000.0,0.0,0.0,0.038,2504200000.0,709500000.0,73800000.0,0.395,1.031,21.859,22.217,531700000.0,0.0,34.88,0.835,0.835,6541100000.0,7302300000.0,10524500000.0,10524500000.0,0.0,0.006,0.045,0.011,0.067,0.0,1376100000.0,1.0,251991798.0,251991798.0,,41.765,62251500000.0,69500000.0,139900000.0,62000000.0,247.038,
7,UNM,MRY,2013-12-31,2013-12-31,2013-12-31,2021-09-07,255000000.0,59403600000.0,59991750000.0,,,0.173,33.156,-105500000.0,94100000.0,94100000.0,6595700000.0,847000000.0,,5.86,2612000000.0,,,2612000000.0,413800000.0,84800000.0,0.0,0.016,0.55,1369400000.0,1454200000.0,0.14,1454200000.0,1369400000.0,1220000000.0,3.2,3.19,3.2,8659100000.0,8566850000.0,8659100000.0,11870370993.0,9.0,8.163,926000000.0,3.546,1.0,3772900000.0,0.364,200900000.0,149400000.0,61720600000.0,62486800000.0,0.0,48914900000.0,,,50744500000.0,,,9161570993.0,16800000.0,0.0,-305800000.0,-116200000.0,-146500000.0,-595500000.0,-419200000.0,64300000.0,1031500000.0,0.0,847000000.0,847000000.0,847000000.0,0.0,0.0,0.082,2403500000.0,1369400000.0,0.0,0.172,1.058,10.816,10.963,511900000.0,0.0,35.08,0.884,0.884,6454300000.0,8083200000.0,10368600000.0,10368600000.0,0.0,0.014,0.099,0.022,0.132,0.0,1328400000.0,1.0,261162229.0,261162229.0,,39.702,59202700000.0,50300000.0,373000000.0,144300000.0,226.689,
8,UNM,MRY,2012-12-31,2012-12-31,2012-12-31,2021-09-07,628000000.0,62236100000.0,61151550000.0,,,0.172,31.305,-105400000.0,77300000.0,77300000.0,6722200000.0,894400000.0,,6.226,3211200000.0,,,3211200000.0,426700000.0,84300000.0,0.0,0.023,0.47,1394900000.0,1479200000.0,0.141,1479200000.0,1394900000.0,1249500000.0,3.18,3.17,3.18,8612600000.0,8462925000.0,8612600000.0,8914254864.0,6.0,6.026,1274200000.0,4.631,1.0,3793200000.0,0.361,201700000.0,145400000.0,65168300000.0,63978025000.0,0.0,51904800000.0,,,53623500000.0,,,5728054864.0,-39300000.0,0.0,-491800000.0,176400000.0,-133800000.0,-449000000.0,-969900000.0,-962500000.0,1379600000.0,0.0,894400000.0,894400000.0,894400000.0,0.0,0.0,0.085,2398300000.0,1394900000.0,0.0,0.148,0.665,6.404,6.547,501600000.0,0.0,20.82,0.545,0.545,6475200000.0,7371600000.0,10515400000.0,10515400000.0,0.0,0.015,0.106,0.022,0.133,0.0,1295900000.0,1.0,275122712.0,275122712.0,,38.221,62034400000.0,0.0,355100000.0,323600000.0,225.479,
9,UNM,MRY,2011-12-31,2011-12-31,2011-12-31,2021-09-07,461800000.0,59555200000.0,58682175000.0,,,0.175,27.942,-98200000.0,116600000.0,116600000.0,7209500000.0,284200000.0,,6.29,2882500000.0,,,2882500000.0,433200000.0,81100000.0,0.0,0.019,0.395,476600000.0,557700000.0,0.054,557700000.0,476600000.0,333300000.0,0.94,0.94,0.94,8169700000.0,8924100000.0,8169700000.0,9037155576.0,19.0,16.204,1095500000.0,3.747,1.0,3068500000.0,0.299,201200000.0,143300000.0,62119900000.0,61193125000.0,0.0,49213100000.0,,,51385500000.0,,,6160455576.0,63000000.0,0.0,-605100000.0,2800000.0,-121000000.0,-720400000.0,-410300000.0,-312300000.0,1193700000.0,0.0,284200000.0,284200000.0,284200000.0,0.0,0.0,0.028,2591900000.0,476600000.0,0.0,0.42,0.754,21.676,22.415,493300000.0,0.0,21.07,0.599,0.599,6526800000.0,6611000000.0,10278000000.0,10278000000.0,0.0,0.005,0.032,0.008,0.046,0.0,1244900000.0,1.0,292380426.0,292380426.0,,35.153,59354000000.0,0.0,49100000.0,82900000.0,203.003,
10,UNM,MRY,2010-12-31,2010-12-31,2010-12-31,2021-09-07,341900000.0,57307700000.0,57037950000.0,,,0.179,28.203,0.0,53600000.0,53600000.0,6354100000.0,878700000.0,,5.407,2856400000.0,,,2856400000.0,436700000.0,75400000.0,0.0,0.014,0.35,1461700000.0,1537100000.0,0.151,1537100000.0,1461700000.0,1319900000.0,2.7,2.69,2.7,8944400000.0,8880100000.0,8944400000.0,10489032936.0,7.0,6.824,1196800000.0,3.774,1.0,3839100000.0,0.377,201200000.0,141800000.0,59909300000.0,59458350000.0,0.0,46240900000.0,,,48363300000.0,,,7681232936.0,-18000000.0,0.0,-346000000.0,318600000.0,-114800000.0,-141100000.0,-1073700000.0,-963600000.0,1196800000.0,0.0,878700000.0,878700000.0,878700000.0,0.0,0.0,0.086,2377400000.0,1461700000.0,0.0,0.13,0.859,8.742,8.97,476800000.0,0.0,24.22,0.754,0.754,6493700000.0,7060800000.0,10193200000.0,10193200000.0,0.0,0.015,0.099,0.025,0.143,0.0,1228700000.0,1.0,317144217.0,317144217.0,,32.141,57106500000.0,0.0,441200000.0,552900000.0,180.065,
11,UNM,MRY,2009-12-31,2009-12-31,2009-12-31,2021-09-07,341000000.0,54477000000.0,52367875000.0,,,0.193,25.621,0.0,71600000.0,71600000.0,6291600000.0,852600000.0,,5.409,2549600000.0,,,2549600000.0,452000000.0,74500000.0,0.0,0.016,0.315,1417700000.0,1492200000.0,0.148,1492200000.0,1417700000.0,1292300000.0,2.57,2.57,2.57,8500100000.0,7661025000.0,8500100000.0,8835638765.0,6.0,5.921,1237000000.0,3.729,1.0,3799400000.0,0.377,201600000.0,125400000.0,56753400000.0,54540575000.0,0.0,43295400000.0,,,45976900000.0,,,6476038765.0,21700000.0,0.0,8000000.0,96500000.0,-104500000.0,-1500000.0,-1213900000.0,-1107300000.0,1237000000.0,100000.0,852600000.0,852600000.0,852600000.0,0.0,0.0,0.084,2381700000.0,1417700000.0,0.0,0.123,0.762,7.596,7.595,443500000.0,0.0,19.52,0.642,0.642,6729300000.0,6289500000.0,10091000000.0,10091000000.0,0.0,0.016,0.111,0.026,0.14,0.0,1363300000.0,1.0,331764281.0,331764281.0,,30.416,54275400000.0,0.0,439700000.0,387700000.0,163.596,
12,UNM,MRY,2008-12-31,2008-12-31,2008-12-31,2021-09-07,-958200000.0,49417400000.0,50798050000.0,,,0.197,19.322,0.0,49900000.0,49900000.0,6626400000.0,553200000.0,,6.724,2449900000.0,,,2449900000.0,463900000.0,68800000.0,0.0,0.016,0.3,980700000.0,1049500000.0,0.105,1049500000.0,980700000.0,824000000.0,1.62,1.62,1.62,6397900000.0,7109125000.0,6397900000.0,8619903114.0,9.0,8.213,1326100000.0,4.005,1.0,3355900000.0,0.336,200500000.0,156700000.0,51616900000.0,53068375000.0,0.0,37865900000.0,,,43019500000.0,,,6158803114.0,-149200000.0,48800000.0,-695600000.0,-240400000.0,-103500000.0,-1049500000.0,-424700000.0,-382400000.0,1326100000.0,-1100000.0,553200000.0,553200000.0,553200000.0,0.0,0.0,0.055,2375200000.0,980700000.0,0.0,0.185,0.963,11.133,11.481,409400000.0,0.0,18.6,0.617,0.617,6759000000.0,5527100000.0,9982300000.0,9982300000.0,0.0,0.011,0.078,0.018,0.098,0.0,1372400000.0,1.0,331118447.0,331118447.0,,30.147,49216900000.0,438800000.0,270800000.0,115500000.0,148.638,
13,UNM,MRY,2007-12-31,2007-12-31,2007-12-31,2021-09-07,463500000.0,52701900000.0,52416125000.0,,,0.201,22.282,0.0,199100000.0,199100000.0,6988200000.0,679300000.0,,5.555,2690200000.0,,,2690200000.0,523100000.0,66200000.0,0.0,0.013,0.3,1246000000.0,1312200000.0,0.125,1312200000.0,1246000000.0,1004100000.0,1.92,1.91,1.92,8039900000.0,7654725000.0,8039900000.0,10899757524.0,9.0,8.306,1750300000.0,4.851,1.0,3531700000.0,0.336,204300000.0,241900000.0,54988700000.0,54588400000.0,0.0,41220200000.0,,,44662000000.0,,,8584157524.0,77800000.0,98800000.0,307800000.0,30500000.0,-105200000.0,181200000.0,-1855000000.0,-1866600000.0,1750300000.0,1300000.0,679300000.0,679300000.0,679300000.0,-6900000.0,0.0,0.065,2292600000.0,1239100000.0,0.0,0.156,1.068,12.637,12.391,393700000.0,0.0,23.79,0.816,0.816,7074700000.0,5077400000.0,10519900000.0,10519900000.0,0.0,0.013,0.089,0.023,0.118,0.0,1321500000.0,1.0,360830497.0,360830497.0,,29.155,52497600000.0,0.0,324800000.0,400300000.0,145.491,
14,UNM,MRY,2006-12-31,2006-12-31,2006-12-31,2021-09-07,612800000.0,52823300000.0,51467000000.0,,,0.205,22.534,0.0,121300000.0,121300000.0,7577200000.0,411000000.0,,5.843,2659600000.0,,,2659600000.0,520100000.0,72500000.0,0.0,0.014,0.3,690400000.0,762900000.0,0.072,762900000.0,690400000.0,472800000.0,1.27,1.23,1.27,7718800000.0,7217025000.0,7718800000.0,9647416983.0,14.0,12.646,1431900000.0,4.18,1.0,2958100000.0,0.281,204100000.0,217600000.0,55157500000.0,53802325000.0,0.0,40163300000.0,,,45104500000.0,,,7118016983.0,54200000.0,0.0,580000000.0,-602000000.0,-95600000.0,-157000000.0,-1222000000.0,-1158800000.0,1431900000.0,1300000.0,411000000.0,411000000.0,411000000.0,-7400000.0,0.0,0.039,2275100000.0,683000000.0,0.0,0.236,0.922,17.319,16.362,370100000.0,0.0,20.78,0.676,0.676,7569300000.0,4925800000.0,10535300000.0,10535300000.0,0.0,0.008,0.057,0.013,0.066,0.0,1297600000.0,1.0,342541722.0,342541722.0,,30.756,52619200000.0,0.0,61800000.0,611700000.0,153.614,
15,UNM,MRY,2005-12-31,2005-12-31,2005-12-31,2021-09-07,1163500000.0,51866800000.0,51570175000.0,,,0.199,24.709,0.0,67100000.0,67100000.0,7083200000.0,513600000.0,,6.043,3261600000.0,,,3261600000.0,481800000.0,72700000.0,0.0,0.013,0.3,911500000.0,984200000.0,0.096,984200000.0,911500000.0,703500000.0,1.74,1.64,1.74,7363900000.0,7377150000.0,7363900000.0,9578237869.0,11.0,9.732,1503600000.0,5.045,1.0,3176100000.0,0.31,202400000.0,208000000.0,54858900000.0,54306675000.0,0.0,39435000000.0,,,44502900000.0,,,6779937869.0,-63600000.0,5300000.0,18100000.0,172600000.0,-88700000.0,71000000.0,-1635600000.0,-1708800000.0,1503600000.0,-2600000.0,513600000.0,513600000.0,513600000.0,-9600000.0,0.0,0.05,2274200000.0,901900000.0,0.0,0.172,0.921,13.201,13.075,375300000.0,0.0,22.75,0.661,0.661,7560800000.0,4610400000.0,10259300000.0,10259300000.0,0.0,0.01,0.07,0.017,0.089,0.0,1268400000.0,1.0,298019247.0,298019247.0,,34.425,51664400000.0,0.0,189900000.0,1002300000.0,173.359,
16,UNM,MRY,2004-12-31,2004-12-31,2004-12-31,2021-09-07,1481100000.0,50832300000.0,49896750000.0,,,0.206,24.365,0.0,130700000.0,130700000.0,7248400000.0,-253000000.0,,6.036,3089000000.0,,,3089000000.0,500800000.0,80500000.0,0.0,0.017,0.3,-120200000.0,-39700000.0,-0.004,-39700000.0,-120200000.0,-327300000.0,-0.86,-0.86,-0.86,7224100000.0,6871300000.0,7224100000.0,8277957313.0,-69.0,-208.513,747000000.0,2.519,1.0,3039400000.0,0.295,271100000.0,207100000.0,53519500000.0,52512625000.0,0.0,36689200000.0,,,43608200000.0,,,5319057313.0,11500000.0,-13600000.0,5700000.0,300000000.0,-88400000.0,181900000.0,-919700000.0,-861400000.0,747000000.0,2300000.0,-253000000.0,-253000000.0,-253000000.0,51600000.0,0.0,-0.025,2251600000.0,787800000.0,0.0,-0.349,0.736,-21.024,-20.86,398500000.0,0.0,17.94,0.517,0.517,9002300000.0,4185500000.0,10287800000.0,10287800000.0,0.0,-0.005,-0.037,-0.002,-0.012,0.0,1279000000.0,1.0,296491489.0,296491489.0,,34.698,50561200000.0,0.0,-74300000.0,1060900000.0,170.532,
17,UNM,MRY,2003-12-31,2003-12-31,2003-12-31,2021-09-07,1171200000.0,49718300000.0,48686200000.0,,,0.205,24.559,0.0,119200000.0,119200000.0,7868100000.0,-386400000.0,,5.838,2789000000.0,,,2789000000.0,319100000.0,570900000.0,0.0,0.024,0.372,-369800000.0,201100000.0,0.02,201100000.0,-369800000.0,-557000000.0,-1.4,-1.4,-1.4,7271000000.0,7346525000.0,7271000000.0,7053396746.0,-19.0,35.074,1345200000.0,4.544,1.0,2123500000.0,0.213,476700000.0,187200000.0,51911400000.0,50419850000.0,0.0,35491800000.0,,,42447300000.0,,,4668896746.0,-23000000.0,-42500000.0,551900000.0,320000000.0,-98100000.0,734800000.0,-2107900000.0,-2092300000.0,1345200000.0,4900000.0,-386400000.0,-386400000.0,-386400000.0,161700000.0,0.0,-0.039,2371500000.0,-248000000.0,0.0,-0.266,0.642,-12.083,-11.264,410600000.0,0.0,15.77,0.467,0.467,8336100000.0,4526900000.0,9991600000.0,9991600000.0,0.0,-0.008,-0.053,-0.007,-0.037,0.0,1302700000.0,1.0,296061937.0,296061937.0,,33.748,49241600000.0,0.0,-170600000.0,946800000.0,166.322,
18,UNM,MRY,2002-12-31,2002-12-31,2002-12-31,2021-09-07,777400000.0,45259500000.0,43871925000.0,,,0.211,28.336,0.0,142200000.0,142200000.0,6324800000.0,401200000.0,,5.57,2169000000.0,,,2169000000.0,319200000.0,510300000.0,0.0,0.034,0.59,759900000.0,1270200000.0,0.137,1270200000.0,759900000.0,597500000.0,1.66,1.65,1.66,6843200000.0,6346325000.0,6843200000.0,6290880195.0,8.0,4.953,1786700000.0,7.398,1.0,2934300000.0,0.317,475500000.0,162400000.0,46810800000.0,45296100000.0,0.0,31602300000.0,,,38116300000.0,,,4235980195.0,24300000.0,-2800000.0,-22100000.0,3000000.0,-142800000.0,-178400000.0,-1586900000.0,-1547400000.0,1786700000.0,2900000.0,401200000.0,401200000.0,401200000.0,-11400000.0,0.0,0.043,2178700000.0,755600000.0,0.0,0.355,0.619,10.558,10.566,413400000.0,0.0,17.54,0.457,0.457,7667900000.0,5011400000.0,9259100000.0,9259100000.0,0.0,0.009,0.063,0.017,0.082,0.0,1219100000.0,1.0,241504002.0,241504002.0,,38.339,44784000000.0,44700000.0,196300000.0,932600000.0,185.438,
19,UNM,MRY,2001-12-31,2001-12-31,2001-12-31,2021-09-07,111300000.0,42442700000.0,41660125000.0,,,0.216,24.54,0.0,123900000.0,123900000.0,5983900000.0,541200000.0,,6.095,2166000000.0,,,2166000000.0,328300000.0,546400000.0,0.0,0.022,0.59,926900000.0,1473300000.0,0.164,1473300000.0,926900000.0,757300000.0,2.24,2.22,2.24,5939900000.0,5883075000.0,5939900000.0,8505543852.0,9.0,5.773,1770600000.0,7.315,1.0,3018600000.0,0.335,674700000.0,169600000.0,43810100000.0,42980300000.0,0.0,28866200000.0,,,36202800000.0,,,6416843852.0,34500000.0,-402100000.0,20500000.0,148300000.0,-142600000.0,-16500000.0,-1718900000.0,-1355300000.0,1770600000.0,-700000.0,541200000.0,541200000.0,541200000.0,-3500000.0,0.0,0.06,2095200000.0,923400000.0,0.0,0.263,1.08,11.857,11.835,386900000.0,0.0,26.51,0.713,0.713,8013400000.0,4753000000.0,9002500000.0,9002500000.0,0.0,0.013,0.092,0.022,0.103,0.0,1166700000.0,1.0,242053710.0,242053710.0,,37.192,41768000000.0,0.0,216100000.0,528900000.0,172.557,
20,UNM,MRY,2000-12-31,2000-12-31,2000-12-31,2021-09-07,140700000.0,40363900000.0,40165300000.0,,,0.234,23.149,0.0,107100000.0,107100000.0,6407500000.0,538900000.0,,6.186,2017700000.0,,,2017700000.0,332800000.0,594900000.0,0.0,0.022,0.59,1008500000.0,1603400000.0,0.171,1603400000.0,1008500000.0,826700000.0,2.24,2.23,2.24,5575500000.0,5235800000.0,5575500000.0,8561642611.0,8.0,5.34,1211500000.0,5.03,1.0,2985900000.0,0.318,683300000.0,181800000.0,41591200000.0,41557475000.0,0.0,27195700000.0,,,34488400000.0,,,6474242611.0,-185300000.0,-172400000.0,11600000.0,-223800000.0,-142100000.0,-530000000.0,-865700000.0,-635700000.0,1211500000.0,-1100000.0,538900000.0,538900000.0,538900000.0,0.0,0.0,0.057,1977400000.0,1008500000.0,0.0,0.263,1.161,12.014,12.0,387500000.0,0.0,26.88,0.689,0.689,7897800000.0,4379700000.0,9393400000.0,9393400000.0,0.0,0.013,0.103,0.024,0.107,0.0,1210600000.0,1.0,240857240.0,240857240.0,,39.0,39680600000.0,0.0,287800000.0,499200000.0,164.747,
21,UNM,MRY,1999-12-31,1999-12-31,1999-12-31,2021-09-07,-18900000.0,38447500000.0,32454275000.0,,,0.287,20.757,0.0,292400000.0,292400000.0,6787600000.0,-182900000.0,,6.657,2241500000.0,,,2241500000.0,380600000.0,653700000.0,0.0,0.018,0.59,-27700000.0,626000000.0,0.067,626000000.0,-27700000.0,-165500000.0,-0.77,-0.77,-0.77,4982200000.0,4494775000.0,4982200000.0,9303489409.0,-336.0,14.862,1566700000.0,6.527,1.0,2542000000.0,0.272,706400000.0,137800000.0,39690200000.0,33392575000.0,0.0,27083400000.0,,,33165300000.0,,,7695289409.0,181200000.0,0.0,69700000.0,692600000.0,-138900000.0,166900000.0,-1554600000.0,-1479300000.0,1566700000.0,2200000.0,-182900000.0,-182900000.0,-182900000.0,0.0,0.0,-0.02,2569700000.0,-27700000.0,0.0,-0.766,1.545,-42.074,-41.636,399700000.0,0.0,32.06,0.825,0.825,5885500000.0,3957600000.0,9329600000.0,9329600000.0,0.0,-0.006,-0.041,-0.001,-0.003,0.0,1388400000.0,1.0,240027742.0,240027742.0,,38.869,37741100000.0,0.0,17400000.0,271600000.0,157.236,
22,UNM,MRY,1998-12-31,1998-12-31,1998-12-31,2021-09-07,914700000.0,38602200000.0,20416125000.0,,,0.417,44.415,0.0,111200000.0,111200000.0,5449700000.0,617400000.0,,5.232,1548900000.0,,,1548900000.0,360400000.0,492000000.0,0.0,0.01,0.585,1040100000.0,1532100000.0,0.18,1532100000.0,1040100000.0,920200000.0,2.6,2.54,2.6,6146200000.0,3489025000.0,6146200000.0,8762078523.0,8.0,5.719,1719300000.0,12.424,1.0,3069600000.0,0.36,814700000.0,119900000.0,39225200000.0,21067775000.0,0.0,27756500000.0,,,32156000000.0,,,8078778523.0,16700000.0,58000000.0,-60800000.0,32400000.0,-139100000.0,-1085500000.0,-618400000.0,-603100000.0,1719300000.0,1300000.0,617400000.0,617400000.0,617400000.0,0.0,0.0,0.072,2029500000.0,1040100000.0,0.0,0.225,1.314,13.085,22.454,367800000.0,0.0,58.38,0.948,0.948,5441100000.0,4279200000.0,8519300000.0,8519300000.0,0.0,0.03,0.177,0.049,0.122,0.0,1204000000.0,1.0,138382640.0,138382640.0,,61.563,37787500000.0,0.0,302800000.0,969800000.0,273.065,
23,UNM,MRY,1997-12-31,1997-12-31,1997-12-31,2021-09-07,195400000.0,13440100000.0,13028250000.0,,,0.589,17.546,0.0,56800000.0,56800000.0,4856100000.0,617600000.0,,4.52,635800000.0,,,635800000.0,0.0,399300000.0,0.0,0.01,0.565,1001600000.0,1400900000.0,0.182,1400900000.0,1001600000.0,916700000.0,2.62,2.57,2.62,2434800000.0,2287475000.0,2434800000.0,8132336236.0,8.0,5.805,1332900000.0,9.606,1.0,2821200000.0,0.367,0.0,84900000.0,14019100000.0,13583325000.0,0.0,8958900000.0,,,11005300000.0,,,7545936236.0,-2700000.0,-860300000.0,103100000.0,685800000.0,-139200000.0,-910800000.0,-423100000.0,482500000.0,1332900000.0,-1700000.0,617600000.0,617600000.0,617600000.0,0.0,0.0,0.08,1819600000.0,1001600000.0,0.0,0.216,3.099,12.218,20.756,196200000.0,0.0,54.38,0.983,0.983,1832100000.0,2162500000.0,7677300000.0,7677300000.0,0.0,0.047,0.27,0.074,0.13,0.0,1017500000.0,1.0,138763079.0,138763079.0,,55.327,13440100000.0,0.0,299100000.0,516900000.0,96.856,
24,UNM,MRY,1996-12-31,1996-12-31,1996-12-31,2021-09-07,81100000.0,15467500000.0,15127650000.0,,,0.269,15.975,-54300000.0,77000000.0,77000000.0,2542800000.0,238000000.0,,5.835,526900000.0,,,526900000.0,0.0,0.0,0.0,0.015,0.545,382300000.0,382300000.0,0.094,382300000.0,382300000.0,341600000.0,1.63,1.61,1.63,2263100000.0,2283000000.0,2263100000.0,,,,238400000.0,1.683,1.0,1528900000.0,0.375,0.0,40700000.0,15917400000.0,15623250000.0,0.0,8724700000.0,,,13204400000.0,,,5117647041.0,35400000.0,0.0,-119100000.0,-57300000.0,-79800000.0,-544000000.0,287000000.0,341300000.0,292700000.0,-300000.0,238000000.0,238000000.0,238000000.0,0.0,0.0,0.058,1146600000.0,382300000.0,0.0,0.334,2.261,21.503,22.163,181000000.0,0.0,36.125,1.257,1.257,1366200000.0,1871400000.0,4071700000.0,4071700000.0,0.0,0.016,0.104,0.024,0.094,0.0,810900000.0,1.0,141664970.0,141664970.0,,28.742,15467500000.0,0.0,103600000.0,403100000.0,109.184,
25,UNM,MRY,1995-12-31,1995-12-31,1995-12-31,2021-09-07,190000000.0,14787800000.0,,,,,,-28900000.0,42500000.0,42500000.0,2720400000.0,281100000.0,,5.421,583800000.0,,,583800000.0,0.0,0.0,0.0,0.019,0.518,419100000.0,419100000.0,0.102,419100000.0,419100000.0,381900000.0,1.93,1.92,1.93,2302900000.0,,2302900000.0,,,,727200000.0,,1.0,1402500000.0,0.34,0.0,37200000.0,15329100000.0,,0.0,11692500000.0,,,12484900000.0,,,,6400000.0,0.0,0.0,155100000.0,-75100000.0,-124700000.0,-625700000.0,-596800000.0,756100000.0,700000.0,281100000.0,281100000.0,281100000.0,0.0,0.0,0.068,983400000.0,419100000.0,0.0,0.268,,,14.249,153700000.0,0.0,27.5,,,645200000.0,1713200000.0,4122900000.0,4122900000.0,0.0,,,,0.102,0.0,369900000.0,1.0,,,,,14787800000.0,0.0,100800000.0,412700000.0,,
26,UNM,MRY,1994-12-31,1994-12-31,1994-12-31,2021-09-07,,,,,,,,-29900000.0,,,2481700000.0,154700000.0,,,,,,,,0.0,,0.024,0.46,217300000.0,217300000.0,0.06,217300000.0,217300000.0,198600000.0,1.045,,1.045,,,,,,,670900000.0,,1.0,1130900000.0,0.313,,18700000.0,,,,,,,,,,,15300000.0,0.0,-183300000.0,190100000.0,-68300000.0,-246200000.0,-439400000.0,-409500000.0,700800000.0,100000.0,154700000.0,154700000.0,154700000.0,0.0,0.0,0.043,913600000.0,217300000.0,,0.44,,,18.062,,0.0,18.875,,,,,3612600000.0,3612600000.0,0.0,,,,0.06,0.0,355900000.0,1.0,,,,,,,43900000.0,,,
0,UNM,MRQ,2021-06-30,2021-06-30,2021-06-30,2021-09-07,222100000.0,70807900000.0,,,,,53.601,-26700000.0,123100000.0,123100000.0,1854100000.0,182900000.0,,5.468,3441400000.0,,,3441400000.0,461100000.0,30300000.0,0.0,0.04,0.285,307900000.0,338200000.0,0.113,338200000.0,307900000.0,262600000.0,0.89,0.89,0.89,10947500000.0,,10947500000.0,8585430541.0,8.0,7.228,679500000.0,3.327,1.0,1138900000.0,0.381,353300000.0,45300000.0,73772900000.0,,0.0,52168900000.0,,,59860400000.0,,,5800430541.0,-438700000.0,0.0,600000.0,88100000.0,-58300000.0,-49600000.0,-1095300000.0,-1125300000.0,706200000.0,0.0,182900000.0,182900000.0,182900000.0,0.0,0.0,0.061,763700000.0,375200000.0,0.0,0.32,0.53,8.258,8.28,499800000.0,0.0,28.4,0.435,0.435,12931000000.0,11487600000.0,2993000000.0,2993000000.0,0.0,,,,,0.0,395700000.0,1.0,204240512.0,204240512.0,,14.654,70454600000.0,0.0,79700000.0,474400000.0,344.959,
1,UNM,MRQ,2021-03-31,2021-03-31,2021-03-31,2021-09-07,-24900000.0,69256600000.0,,,,,51.883,-30900000.0,561800000.0,561800000.0,2051200000.0,153000000.0,,5.552,3346800000.0,,,3346800000.0,425000000.0,29300000.0,0.0,0.041,0.285,243200000.0,272500000.0,0.089,272500000.0,243200000.0,198800000.0,0.75,0.75,0.75,10570100000.0,,10570100000.0,8818540938.0,8.0,6.988,-192900000.0,-0.947,1.0,1020800000.0,0.332,353000000.0,44400000.0,71688600000.0,,0.0,49858400000.0,,,58686500000.0,,,5669840938.0,364800000.0,0.0,800000.0,0.0,-58400000.0,-61800000.0,588600000.0,603400000.0,-162000000.0,0.0,153000000.0,153000000.0,153000000.0,0.0,0.0,0.05,777600000.0,243200000.0,0.0,0.38,0.536,7.223,7.247,500600000.0,0.0,27.83,0.424,0.424,13206300000.0,11363200000.0,3072000000.0,3072000000.0,0.0,,,,,0.0,426300000.0,1.0,203731259.0,203731259.0,,15.079,68903600000.0,43300000.0,45800000.0,319200000.0,338.208,
2,UNM,MRQ,2020-12-31,2020-12-31,2020-12-31,2021-09-07,374200000.0,70625800000.0,,,,,53.378,-19600000.0,197000000.0,197000000.0,3346700000.0,135400000.0,,5.497,3345700000.0,,,3345700000.0,349300000.0,28000000.0,0.0,0.05,0.285,170300000.0,198300000.0,0.046,198300000.0,170300000.0,124700000.0,0.66,0.66,0.66,10871000000.0,,10871000000.0,7946807289.0,7.0,6.278,-700900000.0,-3.441,1.0,926800000.0,0.217,353000000.0,45600000.0,73421500000.0,,0.0,52683500000.0,,,59754800000.0,,,4672007289.0,93200000.0,0.0,1100000.0,-35000000.0,-58100000.0,-47900000.0,822400000.0,568000000.0,-681300000.0,0.0,135400000.0,135400000.0,135400000.0,0.0,0.0,0.032,756500000.0,170300000.0,0.0,0.432,0.43,5.892,5.897,498000000.0,0.0,22.94,0.355,0.355,12185300000.0,11269600000.0,4273500000.0,4273500000.0,0.0,,,,,0.0,386300000.0,1.0,203662044.0,203662044.0,,20.983,70272800000.0,72700000.0,-10700000.0,416100000.0,345.046,
3,UNM,MRQ,2020-09-30,2020-09-30,2020-09-30,2021-09-07,477600000.0,69616000000.0,,,,,53.509,-22000000.0,103800000.0,103800000.0,1888600000.0,231100000.0,,5.391,3378600000.0,,,3378600000.0,404300000.0,29800000.0,0.0,0.068,0.285,349000000.0,378800000.0,0.126,378800000.0,349000000.0,299600000.0,1.13,1.13,1.13,10892200000.0,,10892200000.0,7053263872.0,5.0,4.643,404400000.0,1.987,1.0,1107700000.0,0.37,350600000.0,49400000.0,72540200000.0,,0.0,58363500000.0,,,58723800000.0,,,3425863872.0,-61800000.0,0.0,1000000.0,-415000000.0,-58000000.0,-488800000.0,600000.0,169100000.0,426400000.0,0.0,231100000.0,231100000.0,231100000.0,0.0,0.0,0.077,758700000.0,349000000.0,64500000.0,0.252,0.315,3.592,3.612,508800000.0,0.0,16.83,0.287,0.287,6473800000.0,11192300000.0,2996300000.0,2996300000.0,0.0,,,,,0.0,408000000.0,1.0,203556974.0,203556974.0,,14.72,69265400000.0,0.0,68500000.0,605600000.0,340.275,
4,UNM,MRQ,2020-06-30,2020-06-30,2020-06-30,2021-09-07,327200000.0,69305200000.0,,,,,51.919,-38400000.0,165600000.0,165600000.0,1882800000.0,265500000.0,,5.562,3793000000.0,,,3793000000.0,440800000.0,27300000.0,0.0,0.069,0.285,385100000.0,412400000.0,0.137,412400000.0,385100000.0,337600000.0,1.3,1.3,1.3,10561400000.0,,10561400000.0,6351645415.0,5.0,4.197,594100000.0,2.921,1.0,1138400000.0,0.377,348900000.0,47500000.0,72583700000.0,,0.0,57887600000.0,,,58743800000.0,,,3374745415.0,-171600000.0,0.0,1000000.0,479100000.0,-58000000.0,409200000.0,-1213300000.0,-874500000.0,632500000.0,0.0,265500000.0,265500000.0,265500000.0,0.0,0.0,0.088,753300000.0,385100000.0,211000000.0,0.219,0.32,3.498,3.537,518100000.0,0.0,16.59,0.284,0.284,6411700000.0,11019200000.0,3021200000.0,3021200000.0,0.0,,,,,0.0,413700000.0,1.0,203420459.0,203420459.0,,14.852,68956300000.0,0.0,72100000.0,513500000.0,338.984,
5,UNM,MRQ,2020-03-31,2020-03-31,2020-03-31,2021-09-07,-217100000.0,65335900000.0,,,,,48.298,-39100000.0,337200000.0,337200000.0,1854800000.0,161000000.0,,5.665,3314100000.0,,,3314100000.0,414100000.0,28500000.0,0.0,0.074,0.285,247800000.0,276300000.0,0.096,276300000.0,247800000.0,202100000.0,0.79,0.79,0.79,9803100000.0,,9803100000.0,6289095866.0,4.0,4.129,180800000.0,0.891,1.0,1016300000.0,0.354,348800000.0,45700000.0,67964000000.0,,0.0,53789000000.0,,,55532800000.0,,,3046595866.0,253100000.0,0.0,1300000.0,-15000000.0,-57800000.0,-89400000.0,122600000.0,-325700000.0,219900000.0,0.0,161000000.0,161000000.0,161000000.0,0.0,0.0,0.056,768500000.0,247800000.0,511400000.0,0.361,0.311,3.108,3.18,540700000.0,0.0,15.01,0.256,0.256,6305800000.0,10812000000.0,2871100000.0,2871100000.0,0.0,,,,,0.0,455400000.0,1.0,202971077.0,202971077.0,,14.145,64987100000.0,47300000.0,41100000.0,362600000.0,320.179,
6,UNM,MRQ,2019-12-31,2019-12-31,2019-12-31,2021-09-07,37300000.0,67013400000.0,,,,,48.311,-43400000.0,84100000.0,84100000.0,1881300000.0,296200000.0,,5.725,3326600000.0,,,3326600000.0,363900000.0,27500000.0,0.0,0.037,0.285,424000000.0,451500000.0,0.149,451500000.0,424000000.0,377400000.0,1.44,1.43,1.44,9965000000.0,,9965000000.0,9375088702.0,6.0,5.615,441400000.0,2.14,1.0,1153300000.0,0.38,351700000.0,46600000.0,69904200000.0,,0.0,55758900000.0,,,57048400000.0,,,6014788702.0,7100000.0,0.0,-101700000.0,-111600000.0,-58900000.0,-290100000.0,-187600000.0,-137600000.0,484800000.0,0.0,296200000.0,296200000.0,296200000.0,0.0,0.0,0.098,727200000.0,426100000.0,0.0,0.198,0.604,5.466,5.554,534100000.0,0.0,29.16,0.501,0.501,6383600000.0,10728700000.0,3034600000.0,3034600000.0,0.0,,,,,0.0,411700000.0,1.0,206268474.0,206268474.0,,14.712,66661700000.0,0.0,81200000.0,352100000.0,323.179,
7,UNM,MRQ,2019-09-30,2019-09-30,2019-09-30,2021-09-07,-153200000.0,66955700000.0,,,,,46.166,-42600000.0,77000000.0,77000000.0,1871500000.0,242000000.0,,5.952,3437300000.0,,,3437300000.0,408200000.0,27700000.0,0.0,0.036,0.285,345500000.0,373200000.0,0.126,373200000.0,345500000.0,299400000.0,1.16,1.16,1.16,9631600000.0,,9631600000.0,9480910705.0,6.0,5.939,271500000.0,1.301,1.0,1088500000.0,0.368,348600000.0,46100000.0,69967400000.0,,0.0,55585400000.0,,,57324100000.0,,,6200510705.0,16200000.0,0.0,-95800000.0,94500000.0,-59400000.0,-99200000.0,-198700000.0,-158900000.0,314100000.0,0.0,242000000.0,242000000.0,242000000.0,0.0,0.0,0.082,717800000.0,370700000.0,0.0,0.246,0.644,5.887,6.016,568300000.0,0.0,29.72,0.523,0.523,6483000000.0,10491500000.0,2960000000.0,2960000000.0,0.0,,,,,0.0,424200000.0,1.0,208630912.0,208630912.0,,14.188,66607100000.0,0.0,57400000.0,288100000.0,319.258,
8,UNM,MRQ,2019-06-30,2019-06-30,2019-06-30,2021-09-07,-242500000.0,65843700000.0,,,,,44.615,-36800000.0,60800000.0,60800000.0,1902600000.0,281200000.0,,5.965,3341200000.0,,,3341200000.0,448300000.0,27500000.0,0.0,0.031,0.26,394600000.0,422100000.0,0.14,422100000.0,394600000.0,352000000.0,1.33,1.33,1.33,9453100000.0,,9453100000.0,10005195472.0,12.0,10.954,389100000.0,1.836,1.0,1114100000.0,0.369,350100000.0,42600000.0,68774000000.0,,0.0,54394400000.0,,,56390600000.0,,,7108595472.0,-1300000.0,0.0,-98100000.0,380900000.0,-55200000.0,214800000.0,-642000000.0,-613100000.0,425900000.0,0.0,281200000.0,281200000.0,281200000.0,0.0,0.0,0.093,719500000.0,394600000.0,0.0,0.195,0.752,13.502,13.528,556100000.0,0.0,33.55,0.602,0.602,6469200000.0,10308900000.0,3016700000.0,3016700000.0,0.0,,,,,0.0,436000000.0,1.0,211880640.0,211880640.0,,14.238,65493600000.0,0.0,70800000.0,287200000.0,309.106,
9,UNM,MRQ,2019-03-31,2019-03-31,2019-03-31,2021-09-07,-502300000.0,63921700000.0,,,,,42.215,-28100000.0,62100000.0,62100000.0,1840800000.0,280900000.0,,6.055,2958700000.0,,,2958700000.0,417700000.0,27400000.0,0.0,0.03,0.26,395400000.0,422800000.0,0.142,422800000.0,395400000.0,353300000.0,1.31,1.31,1.31,9060500000.0,,9060500000.0,10138087769.0,13.0,11.099,488700000.0,2.277,1.0,1146800000.0,0.384,351000000.0,42100000.0,66467300000.0,,0.0,52553600000.0,,,54861200000.0,,,7260787769.0,-31900000.0,0.0,-98600000.0,-15000000.0,-55700000.0,-183500000.0,-365200000.0,-229200000.0,516800000.0,0.0,280900000.0,280900000.0,280900000.0,0.0,0.0,0.094,751400000.0,395400000.0,0.0,0.198,0.801,13.679,13.865,548200000.0,0.0,33.83,0.621,0.621,6429900000.0,10083100000.0,2987600000.0,2987600000.0,0.0,,,,,0.0,460700000.0,1.0,214625710.0,214625710.0,,13.92,63570700000.0,30200000.0,72400000.0,268300000.0,296.193,
10,UNM,MRQ,2018-12-31,2018-12-31,2018-12-31,2021-09-07,-814200000.0,61875600000.0,,,,,39.414,-48500000.0,94000000.0,94000000.0,1829500000.0,249100000.0,,6.177,2971300000.0,,,2971300000.0,363300000.0,26500000.0,0.0,0.033,0.26,351700000.0,378200000.0,0.131,378200000.0,351700000.0,309700000.0,1.14,1.14,1.14,8621800000.0,,8621800000.0,9196130724.0,12.0,10.258,404500000.0,1.849,1.0,1051300000.0,0.365,350300000.0,42000000.0,64402600000.0,,0.0,50707600000.0,,,53253800000.0,,,6426830724.0,-120200000.0,-145400000.0,-149400000.0,-15000000.0,-55400000.0,-230500000.0,-342700000.0,119300000.0,453000000.0,0.0,249100000.0,249100000.0,249100000.0,0.0,0.0,0.086,699600000.0,351700000.0,0.0,0.228,0.745,12.279,12.345,546900000.0,0.0,29.38,0.554,0.554,6277900000.0,9863100000.0,2880800000.0,2880800000.0,0.0,,,,,0.0,412700000.0,1.0,218748493.0,218748493.0,,13.169,61525300000.0,109900000.0,60600000.0,24000000.0,281.26,
11,UNM,MRQ,2018-09-30,2018-09-30,2018-09-30,2021-09-07,-868500000.0,62249800000.0,,,,,38.948,-36000000.0,214200000.0,214200000.0,2578900000.0,-284700000.0,,6.308,2983500000.0,,,2983500000.0,428000000.0,25400000.0,0.0,0.024,0.26,-335100000.0,-309700000.0,-0.106,-309700000.0,-335100000.0,-377800000.0,-1.3,-1.3,-1.3,8518200000.0,,8518200000.0,11643015915.0,14.0,12.537,351300000.0,1.606,1.0,348900000.0,0.119,346000000.0,42700000.0,64673100000.0,,0.0,50945900000.0,,,53731600000.0,,,8544815915.0,114700000.0,0.0,1000000.0,-215000000.0,-56900000.0,-286800000.0,14200000.0,50200000.0,387300000.0,0.0,-284700000.0,-284700000.0,-284700000.0,0.0,0.0,-0.097,684000000.0,-335100000.0,238200000.0,-0.2,1.003,15.789,16.212,521000000.0,0.0,39.07,0.739,0.739,6377000000.0,9670800000.0,2927800000.0,2927800000.0,0.0,,,,,0.0,413700000.0,1.0,218705296.0,218705296.0,,13.387,61903800000.0,176400000.0,-93100000.0,0.0,283.047,
12,UNM,MRQ,2018-06-30,2018-06-30,2018-06-30,2021-09-07,-276200000.0,62366600000.0,,,,,42.706,-30500000.0,99500000.0,99500000.0,1804100000.0,285500000.0,,5.602,3197700000.0,,,3197700000.0,460700000.0,24900000.0,0.0,0.025,0.23,397200000.0,422100000.0,0.146,422100000.0,397200000.0,354800000.0,1.29,1.29,1.29,9446400000.0,,9446400000.0,10794987440.0,7.0,6.463,365800000.0,1.654,1.0,1086200000.0,0.376,346500000.0,42400000.0,65118300000.0,,0.0,51218300000.0,,,52920200000.0,,,8181987440.0,-209400000.0,0.0,-98800000.0,275700000.0,-50900000.0,115200000.0,-720900000.0,-690400000.0,396300000.0,0.0,285500000.0,285500000.0,285500000.0,0.0,0.0,0.099,689000000.0,397200000.0,307700000.0,0.178,0.866,7.589,7.658,510800000.0,0.0,36.99,0.715,0.715,6443900000.0,10012400000.0,2890300000.0,2890300000.0,0.0,,,,,0.0,413700000.0,1.0,221194578.0,221194578.0,,13.067,62020100000.0,2800000.0,69300000.0,85500000.0,280.387,
13,UNM,MRQ,2018-03-31,2018-03-31,2018-03-31,2021-09-07,-82400000.0,63012300000.0,,,,,42.933,-29100000.0,308900000.0,308900000.0,1807900000.0,273500000.0,,5.633,2921900000.0,,,2921900000.0,432800000.0,24600000.0,0.0,0.019,0.23,381300000.0,405900000.0,0.14,405900000.0,381300000.0,341100000.0,1.23,1.23,1.23,9499500000.0,,9499500000.0,13395140971.0,9.0,7.989,270800000.0,1.224,1.0,1091700000.0,0.377,348900000.0,40200000.0,65276400000.0,,0.0,51693300000.0,,,53512800000.0,,,10534240971.0,231500000.0,0.0,-104400000.0,-15000000.0,-52400000.0,-187700000.0,119300000.0,148400000.0,299900000.0,0.0,273500000.0,273500000.0,273500000.0,0.0,0.0,0.094,710400000.0,381300000.0,382200000.0,0.187,1.109,10.151,10.305,508400000.0,0.0,47.61,0.926,0.926,6552200000.0,9777800000.0,2899600000.0,2899600000.0,0.0,,,,,0.0,433800000.0,1.0,221261100.0,221261100.0,,13.105,62663400000.0,0.0,67600000.0,190200000.0,283.21,
14,UNM,MRQ,2017-12-31,2017-12-31,2017-12-31,2021-09-07,127500000.0,64013100000.0,,,,,42.671,-40600000.0,77400000.0,77400000.0,1789100000.0,266900000.0,,5.686,2938300000.0,,,2938300000.0,373100000.0,25000000.0,0.0,0.016,0.23,385400000.0,410400000.0,0.145,410400000.0,385400000.0,345300000.0,1.19,1.18,1.19,9574900000.0,,9574900000.0,15200616821.0,10.0,9.117,246900000.0,1.1,1.0,1050100000.0,0.37,338600000.0,40100000.0,66535400000.0,,0.0,53044000000.0,,,54438200000.0,,,12316716821.0,7300000.0,0.0,-93300000.0,-15000000.0,-51900000.0,-169400000.0,-110800000.0,-70200000.0,287500000.0,0.0,266900000.0,266900000.0,266900000.0,0.0,0.0,0.094,664700000.0,385400000.0,396200000.0,0.193,1.286,12.389,12.503,504800000.0,0.0,54.89,1.091,1.091,6544900000.0,9542200000.0,2839200000.0,2839200000.0,0.0,,,,,0.0,390500000.0,1.0,224389084.0,224389084.0,,12.653,63674500000.0,0.0,78400000.0,201900000.0,283.768,
15,UNM,MRQ,2017-09-30,2017-09-30,2017-09-30,2021-09-07,124300000.0,63805700000.0,,,,,41.867,-16900000.0,70100000.0,70100000.0,1765600000.0,252300000.0,,5.753,2954000000.0,,,2954000000.0,430100000.0,25000000.0,0.0,0.016,0.23,406900000.0,431900000.0,0.153,431900000.0,406900000.0,366800000.0,1.12,1.12,1.12,9448600000.0,,9448600000.0,14390550571.0,9.0,8.497,210400000.0,0.932,1.0,1053500000.0,0.374,338200000.0,40100000.0,66351400000.0,,0.0,52836400000.0,,,54357100000.0,,,11539150571.0,-46900000.0,0.0,-92200000.0,-15000000.0,-51800000.0,-169400000.0,-104800000.0,-87900000.0,227300000.0,0.0,252300000.0,252300000.0,252300000.0,0.0,0.0,0.089,646600000.0,406900000.0,398300000.0,0.205,1.221,11.831,11.974,489900000.0,0.0,51.13,1.026,1.026,6591400000.0,9327200000.0,2819100000.0,2819100000.0,0.0,,,,,0.0,386100000.0,1.0,225682585.0,225682585.0,,12.491,63467500000.0,0.0,114500000.0,272500000.0,281.225,
16,UNM,MRQ,2017-06-30,2017-06-30,2017-06-30,2021-09-07,104900000.0,63381600000.0,,,,,40.824,-20500000.0,117000000.0,117000000.0,1752000000.0,245100000.0,,5.803,2968400000.0,,,2968400000.0,456900000.0,26900000.0,0.0,0.017,0.2,401500000.0,428400000.0,0.152,428400000.0,401500000.0,361600000.0,1.08,1.07,1.08,9316600000.0,,9316600000.0,13519213597.0,9.0,8.123,318600000.0,1.396,1.0,1070000000.0,0.379,337100000.0,39900000.0,65895900000.0,,0.0,52391700000.0,,,54065000000.0,,,10641613597.0,10000000.0,0.0,-99600000.0,-18300000.0,-45800000.0,-172000000.0,-157100000.0,-136600000.0,339100000.0,0.0,245100000.0,245100000.0,245100000.0,0.0,0.0,0.087,668500000.0,401500000.0,404800000.0,0.185,1.142,11.097,11.209,497100000.0,0.0,46.63,0.951,0.951,6479700000.0,9126700000.0,2822000000.0,2822000000.0,0.0,,,,,0.0,399600000.0,1.0,228213888.0,228213888.0,,12.366,63044500000.0,0.0,116500000.0,250800000.0,276.252,
17,UNM,MRQ,2017-03-31,2017-03-31,2017-03-31,2021-09-07,400000.0,62524700000.0,,,,,39.731,-27300000.0,107000000.0,107000000.0,1749000000.0,229900000.0,,5.865,2984600000.0,,,2984600000.0,419500000.0,26500000.0,0.0,0.017,0.2,370100000.0,396600000.0,0.141,396600000.0,370100000.0,330300000.0,1.0,1.0,1.0,9107400000.0,,9107400000.0,13647558876.0,9.0,8.302,282900000.0,1.234,1.0,1057500000.0,0.377,335700000.0,39800000.0,65066600000.0,,0.0,51556700000.0,,,53417300000.0,,,10748558876.0,6600000.0,0.0,-105900000.0,-15200000.0,-46500000.0,-177000000.0,-126600000.0,-99300000.0,310200000.0,0.0,229900000.0,229900000.0,229900000.0,0.0,0.0,0.082,687400000.0,370100000.0,397600000.0,0.2,1.18,11.306,11.493,501200000.0,0.0,46.89,0.966,0.966,6538200000.0,8927400000.0,2806500000.0,2806500000.0,0.0,,,,,0.0,411700000.0,1.0,229229236.0,229229236.0,,12.243,62189000000.0,0.0,100400000.0,253800000.0,271.296,
18,UNM,MRQ,2016-12-31,2016-12-31,2016-12-31,2021-09-07,-51000000.0,61941500000.0,,,,,38.635,-24900000.0,100400000.0,100400000.0,1735900000.0,248000000.0,,5.907,2999400000.0,,,2999400000.0,363700000.0,25800000.0,0.0,0.018,0.2,411000000.0,436800000.0,0.156,436800000.0,411000000.0,371200000.0,1.07,1.07,1.07,8968000000.0,,8968000000.0,13128892546.0,9.0,8.127,341800000.0,1.473,1.0,1060600000.0,0.379,335100000.0,39800000.0,64505400000.0,,0.0,51130900000.0,,,52973500000.0,,,10196992546.0,12500000.0,-700000.0,-91200000.0,-15000000.0,-46400000.0,-159300000.0,-194900000.0,-144600000.0,366700000.0,0.0,248000000.0,248000000.0,248000000.0,0.0,0.0,0.089,649600000.0,411000000.0,406000000.0,0.187,1.137,10.948,11.093,500600000.0,0.0,43.93,0.923,0.923,6469700000.0,8744000000.0,2796500000.0,2796500000.0,0.0,,,,,0.0,370800000.0,1.0,232119111.0,232119111.0,,12.048,61606400000.0,0.0,123200000.0,150900000.0,265.409,
19,UNM,MRQ,2016-09-30,2016-09-30,2016-09-30,2021-09-07,450700000.0,63905100000.0,,,,,39.896,-18500000.0,87900000.0,87900000.0,1742600000.0,236000000.0,,5.827,3019800000.0,,,3019800000.0,427800000.0,25300000.0,0.0,0.021,0.2,377300000.0,402600000.0,0.146,402600000.0,377300000.0,332100000.0,1.01,1.01,1.01,9361200000.0,,9361200000.0,11584739493.0,8.0,7.428,175000000.0,0.746,1.0,1020700000.0,0.369,336800000.0,45200000.0,66500200000.0,,0.0,53108600000.0,,,54543900000.0,,,8285239493.0,-5900000.0,-128500000.0,-99300000.0,-375000000.0,-46800000.0,-531300000.0,331900000.0,489000000.0,193500000.0,0.0,236000000.0,236000000.0,236000000.0,0.0,0.0,0.085,643400000.0,377300000.0,440100000.0,0.198,0.885,9.11,9.243,509700000.0,0.0,35.31,0.755,0.755,6471500000.0,8542400000.0,2763300000.0,2763300000.0,0.0,,,,,0.0,375600000.0,1.0,234642863.0,234642863.0,,11.777,63568300000.0,0.0,96100000.0,358500000.0,270.915,
20,UNM,MRQ,2016-06-30,2016-06-30,2016-06-30,2021-09-07,339800000.0,63853100000.0,,,,,38.514,-24400000.0,93800000.0,93800000.0,1733500000.0,236800000.0,,5.973,3393300000.0,,,3393300000.0,457500000.0,25200000.0,0.0,0.023,0.185,382600000.0,407800000.0,0.148,407800000.0,382600000.0,340200000.0,1.0,1.0,1.0,9157000000.0,,9157000000.0,10231551457.0,7.0,6.734,243700000.0,1.025,1.0,1027800000.0,0.372,226700000.0,42400000.0,66925900000.0,,0.0,53114000000.0,,,54696100000.0,,,7558351457.0,-26900000.0,0.0,-99100000.0,598300000.0,-44200000.0,447000000.0,-742000000.0,-741900000.0,268100000.0,0.0,236800000.0,236800000.0,236800000.0,0.0,0.0,0.086,645200000.0,382600000.0,450200000.0,0.185,0.825,8.615,8.734,510900000.0,0.0,31.79,0.696,0.696,6455800000.0,8353200000.0,2761300000.0,2761300000.0,0.0,,,,,0.0,381200000.0,1.0,237758775.0,237758775.0,,11.614,63626400000.0,0.0,103400000.0,345400000.0,267.609,
21,UNM,MRQ,2016-03-31,2016-03-31,2016-03-31,2021-09-07,200700000.0,61967900000.0,,,,,37.346,-17200000.0,120700000.0,120700000.0,1729800000.0,210600000.0,,5.947,2793900000.0,,,2793900000.0,433800000.0,25400000.0,0.0,0.023,0.185,342800000.0,368200000.0,0.135,368200000.0,342800000.0,304200000.0,0.88,0.88,0.88,8920300000.0,,8920300000.0,10100046907.0,7.0,6.758,276100000.0,1.156,1.0,995600000.0,0.365,229800000.0,38600000.0,64411300000.0,,0.0,51239900000.0,,,53047600000.0,,,7385446907.0,7800000.0,0.0,-107100000.0,-13200000.0,-45200000.0,-175000000.0,-110500000.0,-103800000.0,293300000.0,0.0,210600000.0,210600000.0,210600000.0,0.0,0.0,0.077,652800000.0,342800000.0,425900000.0,0.21,0.828,8.54,8.734,515200000.0,0.0,30.92,0.683,0.683,6459500000.0,8160600000.0,2725400000.0,2725400000.0,0.0,,,,,0.0,392100000.0,1.0,238856627.0,238856627.0,,11.41,61738100000.0,0.0,93600000.0,287400000.0,258.473,
22,UNM,MRQ,2015-12-31,2015-12-31,2015-12-31,2021-09-07,16100000.0,60563600000.0,,,,,35.588,-26900000.0,112900000.0,112900000.0,1735200000.0,226100000.0,,5.99,2801400000.0,,,2801400000.0,384200000.0,25500000.0,0.0,0.021,0.185,355500000.0,381000000.0,0.14,381000000.0,355500000.0,316600000.0,0.93,0.93,0.93,8663900000.0,,8663900000.0,10718264112.0,8.0,7.191,265800000.0,1.092,1.0,987200000.0,0.363,230900000.0,38900000.0,63021200000.0,,0.0,50023700000.0,,,51899700000.0,,,8104364112.0,3600000.0,0.0,-88300000.0,107700000.0,-45000000.0,-30900000.0,-258200000.0,-236300000.0,292700000.0,0.0,226100000.0,226100000.0,226100000.0,0.0,0.0,0.083,631700000.0,355500000.0,415400000.0,0.199,0.935,9.347,9.484,523900000.0,0.0,33.29,0.755,0.755,6323500000.0,7995200000.0,2722400000.0,2722400000.0,0.0,,,,,0.0,355400000.0,1.0,243447405.0,243447405.0,,11.183,60332700000.0,0.0,90500000.0,97800000.0,247.826,
23,UNM,MRQ,2015-09-30,2015-09-30,2015-09-30,2021-09-07,22000000.0,61503800000.0,,,,,34.786,-20200000.0,109300000.0,109300000.0,1690900000.0,203800000.0,,6.167,2723200000.0,,,2723200000.0,452800000.0,25400000.0,0.0,0.021,0.185,337000000.0,362400000.0,0.136,362400000.0,337000000.0,298900000.0,0.83,0.83,0.83,8581100000.0,,8581100000.0,10523634821.0,17.0,14.71,252800000.0,1.025,1.0,966900000.0,0.364,232100000.0,38100000.0,63885600000.0,,0.0,50921700000.0,,,52922700000.0,,,7913534821.0,-13300000.0,-54300000.0,-114200000.0,-14200000.0,-45700000.0,-184200000.0,-102100000.0,-28100000.0,273000000.0,0.0,203800000.0,203800000.0,203800000.0,0.0,0.0,0.077,629900000.0,337000000.0,410400000.0,0.223,0.922,22.056,21.676,529600000.0,0.0,32.08,0.743,0.743,6391800000.0,7814100000.0,2657800000.0,2657800000.0,0.0,,,,,0.0,363300000.0,1.0,246681260.0,246681260.0,,10.774,61271700000.0,0.0,95100000.0,79100000.0,248.384,
24,UNM,MRQ,2015-06-30,2015-06-30,2015-06-30,2021-09-07,3400000.0,61706800000.0,,,,,34.13,-21700000.0,122600000.0,122600000.0,1702800000.0,224300000.0,,6.246,2732700000.0,,,2732700000.0,489600000.0,25100000.0,0.0,0.018,0.165,357800000.0,382900000.0,0.142,382900000.0,357800000.0,319800000.0,0.9,0.9,0.9,8515700000.0,,8515700000.0,11591108276.0,18.0,15.846,304600000.0,1.221,1.0,1000900000.0,0.37,198800000.0,38000000.0,64118100000.0,,0.0,51023100000.0,,,53191100000.0,,,8920008276.0,38500000.0,0.0,-101700000.0,-19300000.0,-41200000.0,-168700000.0,-119100000.0,-427400000.0,326300000.0,0.0,224300000.0,224300000.0,224300000.0,0.0,0.0,0.083,643100000.0,357800000.0,409900000.0,0.183,1.047,23.844,23.675,535700000.0,0.0,35.75,0.841,0.841,6430200000.0,7656000000.0,2703700000.0,2703700000.0,0.0,,,,,0.0,368700000.0,1.0,249510721.0,249510721.0,,10.836,61508000000.0,5700000.0,95500000.0,41200000.0,246.514,
25,UNM,MRQ,2015-03-31,2015-03-31,2015-03-31,2021-09-07,260400000.0,63014500000.0,,,,,34.555,-31400000.0,84100000.0,84100000.0,1653900000.0,212900000.0,,6.253,2755200000.0,,,2755200000.0,439600000.0,23500000.0,0.0,0.019,0.165,340800000.0,364300000.0,0.138,364300000.0,340800000.0,303000000.0,0.85,0.84,0.85,8687900000.0,,8687900000.0,11158583927.0,16.0,14.432,368700000.0,1.466,1.0,993500000.0,0.375,198200000.0,37800000.0,65487400000.0,,0.0,52342200000.0,,,54326600000.0,,,8480483927.0,-18400000.0,0.0,-107300000.0,-29100000.0,-42300000.0,-184900000.0,-233600000.0,-208300000.0,400100000.0,0.0,212900000.0,212900000.0,212900000.0,0.0,0.0,0.08,652700000.0,340800000.0,0.0,0.194,0.976,21.79,21.903,537500000.0,0.0,33.73,0.803,0.803,6539600000.0,7472900000.0,2647400000.0,2647400000.0,0.0,,,,,0.0,391200000.0,1.0,251422589.0,251422589.0,,10.53,62816300000.0,0.0,90100000.0,212400000.0,249.844,
26,UNM,MRQ,2014-12-31,2014-12-31,2014-12-31,2021-09-07,166400000.0,62450200000.0,,,,,33.818,-27700000.0,102500000.0,102500000.0,2372500000.0,-282200000.0,,6.328,2780600000.0,,,2780600000.0,396600000.0,21900000.0,0.0,0.018,0.165,-416100000.0,-394200000.0,-0.149,-394200000.0,-416100000.0,-454600000.0,-1.1,-1.09,-1.1,8521900000.0,,8521900000.0,11582373914.0,16.0,14.525,251900000.0,1.0,1.0,266500000.0,0.101,198700000.0,38500000.0,64929600000.0,,0.0,51747400000.0,,,53928300000.0,,,8789473914.0,41900000.0,0.0,6600000.0,-6400000.0,-41700000.0,-46000000.0,-191700000.0,-159600000.0,279600000.0,0.0,-282200000.0,-282200000.0,-282200000.0,0.0,0.0,-0.107,682600000.0,-416100000.0,73800000.0,-0.15,1.031,21.859,22.217,531700000.0,0.0,34.88,0.835,0.835,6541100000.0,7302300000.0,2639000000.0,2639000000.0,0.0,,,,,0.0,346000000.0,1.0,251991798.0,251991798.0,,10.473,62251500000.0,69500000.0,-172400000.0,62000000.0,247.038,
27,UNM,MRQ,2014-09-30,2014-09-30,2014-09-30,2021-09-07,548600000.0,61960600000.0,,,,,36.282,-28400000.0,60600000.0,60600000.0,1653600000.0,219100000.0,,5.703,2853500000.0,,,2853500000.0,472800000.0,23100000.0,0.0,0.017,0.165,355400000.0,378500000.0,0.145,378500000.0,355400000.0,317000000.0,0.86,0.86,0.86,9244000000.0,,9244000000.0,11496698204.0,8.0,7.317,189800000.0,0.745,1.0,960700000.0,0.367,200700000.0,38400000.0,64552800000.0,,0.0,51379400000.0,,,52716600000.0,,,8759298204.0,-51400000.0,0.0,-100600000.0,-5200000.0,-42000000.0,-155800000.0,-113800000.0,-102700000.0,218200000.0,0.0,219100000.0,219100000.0,219100000.0,0.0,0.0,0.084,605300000.0,355400000.0,0.0,0.192,0.948,9.793,9.908,531400000.0,0.0,34.38,0.835,0.835,6518000000.0,8658000000.0,2614300000.0,2614300000.0,0.0,,,,,0.0,339900000.0,1.0,254778889.0,254778889.0,,10.261,61759900000.0,0.0,97900000.0,442900000.0,242.406,
28,UNM,MRQ,2014-06-30,2014-06-30,2014-06-30,2021-09-07,631900000.0,62218100000.0,,,,,35.91,-30300000.0,112000000.0,112000000.0,1653400000.0,239400000.0,,5.731,2849400000.0,,,2849400000.0,521500000.0,22100000.0,0.0,0.017,0.145,402500000.0,424600000.0,0.16,424600000.0,402500000.0,349800000.0,0.93,0.93,0.93,9243700000.0,,9243700000.0,11881176918.0,8.0,7.741,348800000.0,1.355,1.0,1003400000.0,0.378,201300000.0,52700000.0,64754200000.0,,0.0,51564900000.0,,,52974400000.0,,,8947576918.0,35800000.0,0.0,-100800000.0,-160000000.0,-37400000.0,-317700000.0,-25600000.0,8100000.0,379100000.0,0.0,239400000.0,239400000.0,239400000.0,0.0,0.0,0.09,600900000.0,402500000.0,0.0,0.156,0.968,10.156,10.254,528300000.0,0.0,34.76,0.859,0.859,6496000000.0,8478900000.0,2656800000.0,2656800000.0,0.0,,,,,0.0,335600000.0,1.0,257410153.0,257410153.0,,10.321,62016800000.0,0.0,110400000.0,434300000.0,240.926,
29,UNM,MRQ,2014-03-31,2014-03-31,2014-03-31,2021-09-07,454400000.0,61078600000.0,,,,,34.518,-28100000.0,76200000.0,76200000.0,1631300000.0,225800000.0,,5.82,3009800000.0,,,3009800000.0,472200000.0,20800000.0,0.0,0.016,0.145,367700000.0,388500000.0,0.149,388500000.0,367700000.0,329800000.0,0.87,0.86,0.87,8955700000.0,,8955700000.0,11755502524.0,8.0,7.94,318600000.0,1.228,1.0,983100000.0,0.376,201000000.0,37900000.0,63811200000.0,,0.0,50532900000.0,,,52122900000.0,,,9161102524.0,-17900000.0,0.0,-98900000.0,332200000.0,-38300000.0,190900000.0,-555500000.0,-514200000.0,346700000.0,0.0,225800000.0,225800000.0,225800000.0,0.0,0.0,0.086,615400000.0,367700000.0,0.0,0.167,1.023,10.65,10.765,519400000.0,0.0,35.31,0.884,0.884,6502000000.0,8273800000.0,2614400000.0,2614400000.0,0.0,,,,,0.0,354600000.0,1.0,259447820.0,259447820.0,,10.077,60877600000.0,0.0,104000000.0,329900000.0,234.643,
30,UNM,MRQ,2013-12-31,2013-12-31,2013-12-31,2021-09-07,255000000.0,59403600000.0,,,,,33.156,-105500000.0,94100000.0,94100000.0,1643800000.0,210100000.0,,5.86,2612000000.0,,,2612000000.0,413800000.0,21400000.0,0.0,0.016,0.145,358200000.0,379600000.0,0.146,379600000.0,358200000.0,320600000.0,0.81,0.81,0.81,8659100000.0,,8659100000.0,11870370993.0,9.0,8.163,216500000.0,0.829,1.0,957200000.0,0.368,200900000.0,37600000.0,61720600000.0,,0.0,48914900000.0,,,50744500000.0,,,9161570993.0,31100000.0,0.0,-37700000.0,300300000.0,-37700000.0,199100000.0,-490000000.0,-83500000.0,322000000.0,0.0,210100000.0,210100000.0,210100000.0,0.0,0.0,0.081,599000000.0,358200000.0,0.0,0.179,1.058,10.816,10.963,511900000.0,0.0,35.08,0.884,0.884,6454300000.0,8083200000.0,2601000000.0,2601000000.0,0.0,,,,,0.0,323100000.0,1.0,261162229.0,261162229.0,,9.959,59202700000.0,50300000.0,110500000.0,144300000.0,226.689,
31,UNM,MRQ,2013-09-30,2013-09-30,2013-09-30,2021-09-07,409600000.0,59585800000.0,,,,,32.891,0.0,63000000.0,63000000.0,1641600000.0,205700000.0,,5.873,2771800000.0,,,2771800000.0,483200000.0,20700000.0,0.0,0.018,0.145,321500000.0,342200000.0,0.135,342200000.0,321500000.0,284100000.0,0.78,0.78,0.78,8669900000.0,,8669900000.0,10773679499.0,8.0,7.398,261200000.0,0.991,1.0,899300000.0,0.354,201700000.0,37400000.0,62092900000.0,,0.0,49121700000.0,,,50915900000.0,,,8023879499.0,15200000.0,0.0,-74000000.0,-28100000.0,-38400000.0,-142000000.0,-104000000.0,-81500000.0,261200000.0,0.0,205700000.0,205700000.0,205700000.0,0.0,0.0,0.081,577800000.0,321500000.0,0.0,0.186,0.925,9.214,9.395,508800000.0,0.0,30.44,0.77,0.77,6521600000.0,7899700000.0,2540900000.0,2540900000.0,0.0,,,,,0.0,321200000.0,1.0,263596567.0,263596567.0,,9.639,59384100000.0,31100000.0,78400000.0,186300000.0,225.284,
32,UNM,MRQ,2013-06-30,2013-06-30,2013-06-30,2021-09-07,216700000.0,59366200000.0,,,,,31.397,0.0,47800000.0,47800000.0,1661800000.0,218600000.0,,6.084,2797600000.0,,,2797600000.0,517300000.0,21500000.0,0.0,0.018,0.13,348800000.0,370300000.0,0.142,370300000.0,348800000.0,311500000.0,0.82,0.82,0.82,8380600000.0,,8380600000.0,10647864816.0,8.0,7.13,183200000.0,0.686,1.0,940100000.0,0.361,201000000.0,37300000.0,61915000000.0,,0.0,48894000000.0,,,50985600000.0,,,7839664816.0,-54200000.0,0.0,-95800000.0,-97700000.0,-34700000.0,-228100000.0,-9300000.0,19100000.0,183200000.0,0.0,218600000.0,218600000.0,218600000.0,0.0,0.0,0.084,591300000.0,348800000.0,0.0,0.159,0.935,8.756,8.927,504700000.0,0.0,29.37,0.746,0.746,6515200000.0,7732400000.0,2601900000.0,2601900000.0,0.0,,,,,0.0,322100000.0,1.0,266927641.0,266927641.0,,9.748,59165200000.0,8600000.0,92900000.0,101400000.0,221.653,
33,UNM,MRQ,2013-03-31,2013-03-31,2013-03-31,2021-09-07,485700000.0,61611400000.0,,,,,31.719,0.0,102000000.0,102000000.0,1648500000.0,212600000.0,,6.199,2910200000.0,,,2910200000.0,477900000.0,21200000.0,0.0,0.018,0.13,340900000.0,362100000.0,0.138,362100000.0,340900000.0,303800000.0,0.79,0.79,0.79,8557800000.0,,8557800000.0,10755707004.0,8.0,7.291,265100000.0,0.983,1.0,976300000.0,0.372,200900000.0,37100000.0,64218700000.0,,0.0,51101600000.0,,,53053600000.0,,,7621807004.0,24700000.0,0.0,-98300000.0,-290700000.0,-35700000.0,-424500000.0,184100000.0,210200000.0,265100000.0,0.0,212600000.0,212600000.0,212600000.0,0.0,0.0,0.081,635400000.0,340900000.0,0.0,0.165,0.891,8.534,8.746,499000000.0,0.0,28.25,0.724,0.724,6593700000.0,7548500000.0,2624800000.0,2624800000.0,0.0,,,,,0.0,362000000.0,1.0,269798478.0,269798478.0,,9.729,61410500000.0,0.0,91200000.0,310300000.0,227.616,
34,UNM,MRQ,2012-12-31,2012-12-31,2012-12-31,2021-09-07,628000000.0,62236100000.0,,,,,31.305,-105400000.0,77300000.0,77300000.0,1689200000.0,233900000.0,,6.226,3211200000.0,,,3211200000.0,426700000.0,20800000.0,0.0,0.023,0.13,360800000.0,381600000.0,0.144,381600000.0,360800000.0,322700000.0,0.85,0.85,0.85,8612600000.0,,8612600000.0,8914254864.0,6.0,6.026,320400000.0,1.165,1.0,969000000.0,0.365,201700000.0,38100000.0,65168300000.0,,0.0,51904800000.0,,,53623500000.0,,,5728054864.0,23700000.0,0.0,-95500000.0,-170400000.0,-35700000.0,-302100000.0,-100000000.0,-166300000.0,425800000.0,0.0,233900000.0,233900000.0,233900000.0,0.0,0.0,0.088,608200000.0,360800000.0,0.0,0.153,0.665,6.404,6.547,501600000.0,0.0,20.82,0.545,0.545,6475200000.0,7371600000.0,2658200000.0,2658200000.0,0.0,,,,,0.0,319500000.0,1.0,275122712.0,275122712.0,,9.662,62034400000.0,0.0,88800000.0,323600000.0,225.479,
35,UNM,MRQ,2012-09-30,2012-09-30,2012-09-30,2021-09-07,790300000.0,62119600000.0,,,,,30.961,0.0,53600000.0,53600000.0,1686900000.0,230200000.0,,6.162,3239800000.0,,,3239800000.0,497200000.0,22300000.0,0.0,0.023,0.13,357000000.0,379300000.0,0.144,379300000.0,357000000.0,320400000.0,0.83,0.83,0.83,8673300000.0,,8673300000.0,8353686033.0,18.0,15.574,274700000.0,0.981,1.0,941100000.0,0.358,201600000.0,36600000.0,65104200000.0,,0.0,51768000000.0,,,53446300000.0,,,5384286033.0,15600000.0,0.0,-98900000.0,226200000.0,-36500000.0,89900000.0,-349000000.0,-319900000.0,274700000.0,0.0,230200000.0,230200000.0,230200000.0,0.0,0.0,0.088,584100000.0,357000000.0,0.0,0.157,0.621,18.471,17.009,497700000.0,0.0,19.22,0.515,0.515,6529600000.0,7173400000.0,2628000000.0,2628000000.0,0.0,,,,,0.0,314700000.0,1.0,280139752.0,280139752.0,,9.381,61918000000.0,0.0,90200000.0,394700000.0,221.025,
36,UNM,MRQ,2012-06-30,2012-06-30,2012-06-30,2021-09-07,600500000.0,60678700000.0,,,,,29.337,0.0,38000000.0,38000000.0,1683200000.0,216400000.0,,6.236,3007400000.0,,,3007400000.0,535000000.0,20700000.0,0.0,0.022,0.105,331600000.0,352300000.0,0.135,352300000.0,331600000.0,296400000.0,0.76,0.76,0.76,8385900000.0,,8385900000.0,8290798926.0,20.0,16.535,349800000.0,1.224,1.0,934700000.0,0.357,201300000.0,35200000.0,63446800000.0,,0.0,50314100000.0,,,52292800000.0,,,5468298926.0,-64500000.0,0.0,-123100000.0,78200000.0,-30200000.0,-75200000.0,-339100000.0,-318200000.0,349800000.0,0.0,216400000.0,216400000.0,216400000.0,0.0,0.0,0.083,603100000.0,331600000.0,0.0,0.138,0.652,20.768,19.52,492200000.0,0.0,19.13,0.527,0.527,6500600000.0,6979700000.0,2617900000.0,2617900000.0,0.0,,,,,0.0,330000000.0,1.0,285849395.0,285849395.0,,9.158,60477400000.0,0.0,80000000.0,287600000.0,211.571,
37,UNM,MRQ,2012-03-31,2012-03-31,2012-03-31,2021-09-07,455400000.0,59571800000.0,,,,,28.147,0.0,102500000.0,102500000.0,1662900000.0,213900000.0,,6.283,2925000000.0,,,2925000000.0,490400000.0,20500000.0,0.0,0.017,0.105,345500000.0,366000000.0,0.14,366000000.0,345500000.0,310000000.0,0.74,0.73,0.74,8179900000.0,,8179900000.0,9880123719.0,22.0,18.327,329300000.0,1.133,1.0,948400000.0,0.363,201500000.0,35500000.0,62192800000.0,,0.0,49152800000.0,,,51391900000.0,,,7114223719.0,-14100000.0,0.0,-174300000.0,42400000.0,-31400000.0,-161600000.0,-181800000.0,-158100000.0,329300000.0,0.0,213900000.0,213900000.0,213900000.0,0.0,0.0,0.082,602900000.0,345500000.0,0.0,0.142,0.87,25.917,25.5,497400000.0,0.0,24.48,0.689,0.689,6538200000.0,6793500000.0,2611300000.0,2611300000.0,0.0,,,,,0.0,331700000.0,1.0,290613714.0,290613714.0,,8.985,59370300000.0,0.0,96100000.0,187300000.0,204.293,
38,UNM,MRQ,2011-12-31,2011-12-31,2011-12-31,2021-09-07,461800000.0,59555200000.0,,,,,27.942,-98200000.0,116600000.0,116600000.0,2381500000.0,-369000000.0,,6.29,2882500000.0,,,2882500000.0,433200000.0,20900000.0,0.0,0.019,0.105,-582100000.0,-561200000.0,-0.215,-561200000.0,-582100000.0,-617300000.0,-1.2,-1.19,-1.2,8169700000.0,,8169700000.0,9037155576.0,19.0,16.204,306800000.0,1.049,1.0,223300000.0,0.086,201200000.0,35200000.0,62119900000.0,,0.0,49213100000.0,,,51385500000.0,,,6160455576.0,64400000.0,0.0,7200000.0,-47600000.0,-30700000.0,-71400000.0,-269300000.0,-247200000.0,405000000.0,100000.0,-369000000.0,-369000000.0,-369000000.0,0.0,0.0,-0.142,805400000.0,-582100000.0,0.0,-0.087,0.754,21.676,22.415,493300000.0,0.0,21.07,0.599,0.599,6526800000.0,6611000000.0,2604800000.0,2604800000.0,0.0,,,,,0.0,308300000.0,1.0,292380426.0,292380426.0,,8.909,59354000000.0,0.0,-248300000.0,82900000.0,203.003,
39,UNM,MRQ,2011-09-30,2011-09-30,2011-09-30,2021-09-07,886200000.0,60040900000.0,,,,,31.174,0.0,52200000.0,52200000.0,1635600000.0,202000000.0,,5.347,2928900000.0,,,2928900000.0,493500000.0,20500000.0,0.0,0.018,0.105,323800000.0,344300000.0,0.135,344300000.0,323800000.0,288700000.0,0.68,0.68,0.68,9460100000.0,,9460100000.0,9018824367.0,6.0,6.007,173000000.0,0.57,1.0,910000000.0,0.357,201200000.0,35100000.0,62716400000.0,,0.0,48763700000.0,,,50580800000.0,,,6360524367.0,-19000000.0,0.0,-249500000.0,184500000.0,-32000000.0,-97100000.0,-94800000.0,-68300000.0,173000000.0,-100000.0,202000000.0,202000000.0,202000000.0,0.0,0.0,0.079,586200000.0,323800000.0,0.0,0.154,0.672,7.298,7.406,492100000.0,0.0,20.96,0.62,0.62,6603500000.0,7487300000.0,2545600000.0,2545600000.0,0.0,,,,,0.0,304800000.0,1.0,303460132.0,303460132.0,,8.389,59839700000.0,0.0,86700000.0,877900000.0,197.191,
40,UNM,MRQ,2011-06-30,2011-06-30,2011-06-30,2021-09-07,436000000.0,58015800000.0,,,,,29.509,0.0,71200000.0,71200000.0,1599400000.0,227600000.0,,5.387,2729500000.0,,,2729500000.0,533100000.0,20400000.0,0.0,0.015,0.092,369600000.0,390000000.0,0.152,390000000.0,369600000.0,334500000.0,0.74,0.74,0.74,9082800000.0,,9082800000.0,10391097728.0,7.0,6.757,314700000.0,1.022,1.0,965100000.0,0.376,201600000.0,35100000.0,60472500000.0,,0.0,46796000000.0,,,48933000000.0,,,7842697728.0,14600000.0,0.0,-152600000.0,115200000.0,-28400000.0,-65900000.0,-234200000.0,-209400000.0,314700000.0,0.0,227600000.0,227600000.0,227600000.0,0.0,0.0,0.089,595500000.0,369600000.0,0.0,0.124,0.863,8.808,9.004,487200000.0,0.0,25.48,0.765,0.765,6476200000.0,7313700000.0,2564500000.0,2564500000.0,0.0,,,,,0.0,312500000.0,1.0,307798184.0,307798184.0,,8.332,57814200000.0,0.0,106900000.0,632000000.0,187.832,
41,UNM,MRQ,2011-03-31,2011-03-31,2011-03-31,2021-09-07,397100000.0,57116800000.0,,,,,29.01,0.0,56600000.0,56600000.0,1593000000.0,223600000.0,,5.358,2605000000.0,,,2605000000.0,474400000.0,19300000.0,0.0,0.014,0.092,365300000.0,384600000.0,0.15,384600000.0,365300000.0,327400000.0,0.72,0.71,0.72,8983800000.0,,8983800000.0,10931941422.0,8.0,7.245,301000000.0,0.972,1.0,970100000.0,0.378,201500000.0,37900000.0,59463700000.0,,0.0,45990400000.0,,,48133000000.0,,,8129141422.0,3000000.0,0.0,-210200000.0,-249300000.0,-29900000.0,-486000000.0,188000000.0,212600000.0,301000000.0,0.0,223600000.0,223600000.0,223600000.0,0.0,0.0,0.087,604800000.0,365300000.0,0.0,0.128,0.905,9.317,9.651,482700000.0,0.0,26.25,0.797,0.797,6461400000.0,7112300000.0,2563100000.0,2563100000.0,0.0,,,,,0.0,319300000.0,1.0,309681578.0,309681578.0,,8.277,56915300000.0,0.0,103800000.0,652600000.0,183.787,
42,UNM,MRQ,2010-12-31,2010-12-31,2010-12-31,2021-09-07,341900000.0,57307700000.0,,,,,28.203,0.0,53600000.0,53600000.0,1618100000.0,218400000.0,,5.407,2856400000.0,,,2856400000.0,436700000.0,19300000.0,0.0,0.014,0.092,363200000.0,382500000.0,0.148,382500000.0,363200000.0,324100000.0,0.69,0.69,0.69,8944400000.0,,8944400000.0,10489032936.0,7.0,6.824,283000000.0,0.892,1.0,975000000.0,0.376,201200000.0,39100000.0,59909300000.0,,0.0,46240900000.0,,,48363300000.0,,,7681232936.0,-25000000.0,0.0,-31400000.0,-15600000.0,-29400000.0,-77200000.0,-230800000.0,-221100000.0,283000000.0,0.0,218400000.0,218400000.0,218400000.0,0.0,0.0,0.084,611800000.0,363200000.0,0.0,0.133,0.859,8.742,8.97,476800000.0,0.0,24.22,0.754,0.754,6493700000.0,7060800000.0,2593100000.0,2593100000.0,0.0,,,,,0.0,180900000.0,1.0,317144217.0,317144217.0,,8.176,57106500000.0,0.0,105700000.0,552900000.0,180.065,
43,UNM,MRQ,2010-09-30,2010-09-30,2010-09-30,2021-09-07,493800000.0,59054700000.0,,,,,27.309,0.0,78600000.0,78600000.0,1587500000.0,220800000.0,,5.617,2886400000.0,,,2886400000.0,500600000.0,19100000.0,0.0,0.015,0.092,361700000.0,380800000.0,0.151,380800000.0,361700000.0,326500000.0,0.68,0.68,0.68,8924100000.0,,8924100000.0,9648779791.0,7.0,6.413,245400000.0,0.751,1.0,940400000.0,0.372,201300000.0,35200000.0,61661200000.0,,0.0,47721600000.0,,,50130600000.0,,,7238179791.0,-2700000.0,0.0,-195700000.0,391900000.0,-30200000.0,165600000.0,-413800000.0,-453200000.0,245400000.0,100000.0,220800000.0,220800000.0,220800000.0,0.0,0.0,0.087,578700000.0,361700000.0,0.0,0.135,0.811,8.419,8.519,467800000.0,0.0,22.15,0.717,0.717,6779000000.0,6864400000.0,2527900000.0,2527900000.0,0.0,,,,,0.0,344600000.0,1.0,326780126.0,326780126.0,,7.736,58853400000.0,0.0,105700000.0,586500000.0,180.101,
44,UNM,MRQ,2010-06-30,2010-06-30,2010-06-30,2021-09-07,437900000.0,56792200000.0,,,,,26.656,0.0,81300000.0,81300000.0,1579600000.0,209700000.0,,5.402,2491900000.0,,,2491900000.0,522100000.0,18800000.0,0.0,0.015,0.083,342200000.0,361000000.0,0.144,361000000.0,342200000.0,308100000.0,0.63,0.63,0.63,8871700000.0,,8871700000.0,9686855476.0,7.0,6.436,386800000.0,1.162,1.0,931000000.0,0.371,200800000.0,34100000.0,59002000000.0,,0.0,45403500000.0,,,47920500000.0,,,7222255476.0,29600000.0,0.0,-125900000.0,-24400000.0,-27500000.0,-177900000.0,-179200000.0,-62600000.0,386800000.0,-100000.0,209700000.0,209700000.0,209700000.0,0.0,0.0,0.084,588800000.0,342200000.0,0.0,0.132,0.814,8.398,8.378,454100000.0,0.0,21.7,0.716,0.716,6816300000.0,6673800000.0,2510600000.0,2510600000.0,0.0,,,,,0.0,343700000.0,1.0,332822833.0,332822833.0,,7.543,56591400000.0,0.0,98400000.0,581600000.0,170.035,
45,UNM,MRQ,2010-03-31,2010-03-31,2010-03-31,2021-09-07,402900000.0,54997200000.0,,,,,26.416,0.0,51700000.0,51700000.0,1568900000.0,229800000.0,,5.264,2516300000.0,,,2516300000.0,479800000.0,18200000.0,0.0,0.013,0.083,394600000.0,412800000.0,0.161,412800000.0,394600000.0,361200000.0,0.69,0.69,0.69,8780200000.0,,8780200000.0,10710950300.0,7.0,6.677,281600000.0,0.847,1.0,992700000.0,0.388,200900000.0,33400000.0,57260900000.0,,0.0,43907800000.0,,,46217000000.0,,,8232950300.0,-19900000.0,0.0,7000000.0,-33300000.0,-27700000.0,-51600000.0,-249900000.0,-226700000.0,281600000.0,0.0,229800000.0,229800000.0,229800000.0,0.0,0.0,0.09,598100000.0,394600000.0,0.0,0.12,0.938,8.973,8.942,447100000.0,0.0,24.77,0.807,0.807,6587700000.0,6491600000.0,2561600000.0,2561600000.0,0.0,,,,,0.0,359500000.0,1.0,332375870.0,332375870.0,,7.707,54796300000.0,0.0,131400000.0,608700000.0,164.862,
46,UNM,MRQ,2009-12-31,2009-12-31,2009-12-31,2021-09-07,341000000.0,54477000000.0,,,,,25.621,0.0,71600000.0,71600000.0,1566600000.0,199400000.0,,5.409,2549600000.0,,,2549600000.0,452000000.0,19500000.0,0.0,0.016,0.083,330400000.0,349900000.0,0.14,349900000.0,330400000.0,295900000.0,0.6,0.6,0.6,8500100000.0,,8500100000.0,8835638765.0,6.0,5.921,383400000.0,1.156,1.0,930000000.0,0.373,201600000.0,34500000.0,56753400000.0,,0.0,43295400000.0,,,45976900000.0,,,6476038765.0,-149000000.0,0.0,1700000.0,-30600000.0,-27400000.0,-57300000.0,-475000000.0,-443600000.0,383400000.0,-100000.0,199400000.0,199400000.0,199400000.0,0.0,0.0,0.08,599600000.0,330400000.0,0.0,0.138,0.762,7.596,7.595,443500000.0,0.0,19.52,0.642,0.642,6729300000.0,6289500000.0,2496600000.0,2496600000.0,0.0,,,,,0.0,336100000.0,1.0,331764281.0,331764281.0,,7.525,54275400000.0,0.0,96500000.0,387700000.0,163.596,
47,UNM,MRQ,2009-09-30,2009-09-30,2009-09-30,2021-09-07,264900000.0,54475200000.0,,,,,24.872,0.0,220600000.0,220600000.0,1565100000.0,221100000.0,,5.609,2580200000.0,,,2580200000.0,504600000.0,18900000.0,0.0,0.014,0.083,362500000.0,381400000.0,0.151,381400000.0,362500000.0,334600000.0,0.67,0.66,0.67,8243000000.0,,8243000000.0,9352414809.0,8.0,7.495,245500000.0,0.741,1.0,952400000.0,0.378,201500000.0,27900000.0,56633300000.0,,0.0,43116800000.0,,,46232200000.0,,,7105514809.0,171900000.0,0.0,4600000.0,281400000.0,-27200000.0,258800000.0,-332300000.0,-305000000.0,245500000.0,-100000.0,221100000.0,221100000.0,221100000.0,0.0,0.0,0.088,589900000.0,362500000.0,0.0,0.124,0.862,10.224,10.113,429700000.0,0.0,21.44,0.716,0.716,6768700000.0,6117500000.0,2517500000.0,2517500000.0,0.0,,,,,0.0,334000000.0,1.0,331413937.0,331413937.0,,7.596,54273700000.0,0.0,113500000.0,372300000.0,163.764,
48,UNM,MRQ,2009-06-30,2009-06-30,2009-06-30,2021-09-07,-291900000.0,51339800000.0,,,,,22.575,0.0,48700000.0,48700000.0,1584200000.0,267200000.0,,5.865,2295600000.0,,,2295600000.0,555000000.0,18500000.0,0.0,0.019,0.075,441600000.0,460100000.0,0.175,460100000.0,441600000.0,411200000.0,0.81,0.8,0.81,7478400000.0,,7478400000.0,7665511080.0,8.0,7.101,317200000.0,0.958,1.0,1043800000.0,0.397,201800000.0,30400000.0,53384900000.0,,0.0,40077400000.0,,,43861400000.0,,,5254011080.0,-1400000.0,0.0,1000000.0,-166000000.0,-24900000.0,-189900000.0,-129100000.0,-106100000.0,317200000.0,400000.0,267200000.0,267200000.0,267200000.0,0.0,0.0,0.102,602200000.0,441600000.0,0.0,0.093,0.703,9.029,8.96,423900000.0,0.0,15.86,0.534,0.534,6791000000.0,5923600000.0,2628000000.0,2628000000.0,0.0,,,,,0.0,345200000.0,1.0,331274343.0,331274343.0,,7.933,51138000000.0,77900000.0,144000000.0,131200000.0,154.368,
49,UNM,MRQ,2009-03-31,2009-03-31,2009-03-31,2021-09-07,-1080000000.0,49179500000.0,,,,,19.394,0.0,50100000.0,50100000.0,1575700000.0,164900000.0,,6.657,2461600000.0,,,2461600000.0,471800000.0,17600000.0,0.0,0.024,0.075,283200000.0,300800000.0,0.123,300800000.0,283200000.0,250600000.0,0.5,0.5,0.5,6422600000.0,,6422600000.0,6539541950.0,7.0,6.255,290900000.0,0.878,1.0,873200000.0,0.357,200300000.0,32600000.0,51390700000.0,,0.0,37598300000.0,,,42756900000.0,,,4139541950.0,200000.0,0.0,700000.0,11700000.0,-25000000.0,-13100000.0,-277500000.0,-252600000.0,290900000.0,-100000.0,164900000.0,164900000.0,164900000.0,0.0,0.0,0.067,590000000.0,283200000.0,0.0,0.15,0.645,7.459,7.53,417100000.0,0.0,12.5,0.419,0.419,6712400000.0,5667000000.0,2448900000.0,2448900000.0,0.0,,,,,0.0,348000000.0,1.0,331163356.0,331163356.0,,7.395,48979200000.0,472100000.0,85700000.0,180800000.0,147.9,
50,UNM,MRQ,2008-12-31,2008-12-31,2008-12-31,2021-09-07,-958200000.0,49417400000.0,,,,,19.322,0.0,49900000.0,49900000.0,1648500000.0,41800000.0,,6.724,2449900000.0,,,2449900000.0,463900000.0,18200000.0,0.0,0.016,0.075,87300000.0,105500000.0,0.045,105500000.0,87300000.0,52500000.0,0.14,0.14,0.14,6397900000.0,,6397900000.0,8619903114.0,9.0,8.213,304500000.0,0.92,1.0,675200000.0,0.291,200500000.0,34800000.0,51616900000.0,,0.0,37865900000.0,,,43019500000.0,,,6158803114.0,-49400000.0,0.0,800000.0,-110600000.0,-24800000.0,-135100000.0,-223900000.0,-197100000.0,304500000.0,5100000.0,41800000.0,41800000.0,41800000.0,0.0,0.0,0.018,587900000.0,87300000.0,0.0,0.536,0.963,11.133,11.481,409400000.0,0.0,18.6,0.617,0.617,6759000000.0,5527100000.0,2323700000.0,2323700000.0,0.0,,,,,0.0,341000000.0,1.0,331118447.0,331118447.0,,7.018,49216900000.0,438800000.0,10700000.0,115500000.0,148.638,
51,UNM,MRQ,2008-09-30,2008-09-30,2008-09-30,2021-09-07,-595600000.0,49937800000.0,,,,,19.496,0.0,99300000.0,99300000.0,1646300000.0,108000000.0,,6.414,2560400000.0,,,2560400000.0,569100000.0,16100000.0,0.0,0.012,0.075,197000000.0,213100000.0,0.087,213100000.0,197000000.0,159800000.0,0.32,0.32,0.32,6735900000.0,,6735900000.0,11116142196.0,9.0,8.587,320300000.0,0.927,1.0,796400000.0,0.326,202800000.0,37200000.0,52196100000.0,,0.0,38267100000.0,,,43201900000.0,,,8671942196.0,5200000.0,0.0,-348600000.0,22200000.0,-26100000.0,-353300000.0,44600000.0,66800000.0,320300000.0,-6400000.0,108000000.0,108000000.0,108000000.0,0.0,0.0,0.044,599400000.0,197000000.0,0.0,0.234,1.287,12.907,13.005,405400000.0,0.0,25.1,0.842,0.842,6988200000.0,5510100000.0,2442700000.0,2442700000.0,0.0,,,,,0.0,342300000.0,1.0,345495705.0,345495705.0,,7.07,49735000000.0,280700000.0,51800000.0,150900000.0,143.953,
52,UNM,MRQ,2008-06-30,2008-06-30,2008-06-30,2021-09-07,73000000.0,51767800000.0,,,,,22.129,0.0,94100000.0,94100000.0,1674700000.0,240300000.0,,5.754,2538300000.0,,,2538300000.0,640100000.0,18300000.0,0.0,0.015,0.075,407800000.0,426100000.0,0.159,426100000.0,407800000.0,367000000.0,0.7,0.69,0.7,7664300000.0,,7664300000.0,9670767807.0,7.0,6.808,426900000.0,1.233,1.0,1000600000.0,0.374,204300000.0,40800000.0,54007700000.0,,0.0,40380900000.0,,,44103500000.0,,,7082867807.0,9300000.0,48800000.0,1300000.0,-134500000.0,-25900000.0,-160600000.0,-257200000.0,-282400000.0,426900000.0,200000.0,240300000.0,240300000.0,240300000.0,0.0,0.0,0.09,592800000.0,407800000.0,0.0,0.107,0.924,9.433,9.601,402700000.0,0.0,20.45,0.677,0.677,7033200000.0,5428200000.0,2675300000.0,2675300000.0,0.0,,,,,0.0,340200000.0,1.0,346350504.0,346350504.0,,7.724,51563500000.0,0.0,126700000.0,207600000.0,148.877,
53,UNM,MRQ,2008-03-31,2008-03-31,2008-03-31,2021-09-07,269700000.0,52069200000.0,,,,,22.016,0.0,84800000.0,84800000.0,1656900000.0,163100000.0,,5.817,2672700000.0,,,2672700000.0,543700000.0,16200000.0,0.0,0.014,0.075,288600000.0,304800000.0,0.12,304800000.0,288600000.0,244700000.0,0.47,0.46,0.47,7638400000.0,,7638400000.0,10127298482.0,8.0,7.866,274400000.0,0.791,1.0,883700000.0,0.348,204300000.0,43900000.0,54452800000.0,,0.0,40648100000.0,,,44430800000.0,,,7636198482.0,-114300000.0,0.0,-349100000.0,-17500000.0,-26700000.0,-400500000.0,11800000.0,30300000.0,274400000.0,0.0,163100000.0,163100000.0,163100000.0,0.0,0.0,0.064,595100000.0,288600000.0,0.0,0.16,1.0,11.499,11.77,396900000.0,0.0,22.01,0.73,0.73,7097500000.0,5213800000.0,2540600000.0,2540600000.0,0.0,,,,,0.0,348900000.0,1.0,346942230.0,346942230.0,,7.323,51864900000.0,0.0,81600000.0,342500000.0,149.491,
54,UNM,MRQ,2007-12-31,2007-12-31,2007-12-31,2021-09-07,463500000.0,52701900000.0,,,,,22.282,0.0,199100000.0,199100000.0,1715700000.0,160500000.0,,5.555,2690200000.0,,,2690200000.0,523100000.0,17600000.0,0.0,0.013,0.075,333000000.0,350600000.0,0.133,350600000.0,333000000.0,225400000.0,0.44,0.45,0.44,8039900000.0,,8039900000.0,10899757524.0,9.0,8.306,495000000.0,1.372,1.0,927800000.0,0.351,204300000.0,107600000.0,54988700000.0,,0.0,41220200000.0,,,44662000000.0,,,8584157524.0,54500000.0,0.0,400000.0,230000000.0,-27000000.0,161000000.0,-601400000.0,-578800000.0,495000000.0,-100000.0,160500000.0,160500000.0,160500000.0,-10900000.0,0.0,0.061,598000000.0,329800000.0,0.0,0.17,1.068,12.637,12.391,393700000.0,0.0,23.79,0.816,0.816,7074700000.0,5077400000.0,2643500000.0,2643500000.0,0.0,,,,,0.0,330900000.0,1.0,360830497.0,360830497.0,,7.326,52497600000.0,0.0,64900000.0,400300000.0,145.491,
55,UNM,MRQ,2007-09-30,2007-09-30,2007-09-30,2021-09-07,398600000.0,52566600000.0,,,,,21.704,0.0,144600000.0,144600000.0,1726300000.0,187000000.0,,5.713,2460200000.0,,,2460200000.0,598400000.0,16200000.0,0.0,0.012,0.075,322900000.0,339100000.0,0.13,339100000.0,322900000.0,279000000.0,0.52,0.52,0.52,7830800000.0,,7830800000.0,11164606358.0,9.0,8.454,638600000.0,1.77,1.0,883900000.0,0.339,204700000.0,43900000.0,54677500000.0,,0.0,40951200000.0,,,44735800000.0,,,8828706358.0,17800000.0,0.0,500000.0,-2500000.0,-27000000.0,-29100000.0,-592200000.0,-573200000.0,638600000.0,500000.0,187000000.0,187000000.0,187000000.0,0.0,0.0,0.072,561000000.0,322900000.0,0.0,0.144,1.127,11.107,10.502,386700000.0,0.0,24.47,0.835,0.835,7182800000.0,4943900000.0,2610200000.0,2610200000.0,0.0,,,,,0.0,330400000.0,1.0,360797154.0,360797154.0,,7.235,52361900000.0,0.0,92000000.0,322800000.0,145.128,
56,UNM,MRQ,2007-06-30,2007-06-30,2007-06-30,2021-09-07,103700000.0,52071200000.0,,,,,21.504,0.0,126800000.0,126800000.0,1816900000.0,153500000.0,,6.064,2462700000.0,,,2462700000.0,635600000.0,15500000.0,0.0,0.011,0.075,277400000.0,292900000.0,0.11,292900000.0,277400000.0,232900000.0,0.44,0.43,0.44,7371600000.0,,7371600000.0,11314785286.0,13.0,11.929,336500000.0,0.982,1.0,848700000.0,0.318,204500000.0,44500000.0,54202600000.0,,0.0,40074900000.0,,,44699600000.0,,,8950585286.0,-8700000.0,0.0,304500000.0,-37000000.0,-25600000.0,238200000.0,-584200000.0,-562500000.0,336500000.0,800000.0,153500000.0,153500000.0,153500000.0,0.0,0.0,0.058,570500000.0,278200000.0,0.0,0.17,1.214,16.447,16.117,383900000.0,0.0,26.11,0.846,0.846,7651500000.0,4783900000.0,2665600000.0,2665600000.0,0.0,,,,,0.0,330600000.0,1.0,342802960.0,342802960.0,,7.776,51866700000.0,0.0,79400000.0,133500000.0,151.302,
57,UNM,MRQ,2007-03-31,2007-03-31,2007-03-31,2021-09-07,543700000.0,52324800000.0,,,,,21.528,0.0,135500000.0,135500000.0,1729300000.0,178300000.0,,6.093,2499700000.0,,,2499700000.0,529700000.0,16900000.0,0.0,0.013,0.075,312700000.0,329600000.0,0.127,329600000.0,312700000.0,266800000.0,0.52,0.51,0.52,7376600000.0,,7376600000.0,10429686357.0,12.0,11.449,280200000.0,0.818,1.0,871300000.0,0.335,204200000.0,45900000.0,54484800000.0,,0.0,40434100000.0,,,44948200000.0,,,7891386357.0,14200000.0,98800000.0,2400000.0,-160000000.0,-25600000.0,-188900000.0,-77200000.0,-152100000.0,280200000.0,100000.0,178300000.0,178300000.0,178300000.0,-6900000.0,0.0,0.069,563100000.0,308200000.0,0.0,0.144,1.07,15.296,14.669,377900000.0,0.0,23.03,0.749,0.749,7550000000.0,4656000000.0,2600600000.0,2600600000.0,0.0,,,,,0.0,329600000.0,1.0,342656811.0,342656811.0,,7.59,52120600000.0,0.0,88500000.0,377900000.0,152.107,
58,UNM,MRQ,2006-12-31,2006-12-31,2006-12-31,2021-09-07,612800000.0,52823300000.0,,,,,22.534,0.0,121300000.0,121300000.0,1812900000.0,276100000.0,,5.843,2659600000.0,,,2659600000.0,520100000.0,20000000.0,0.0,0.014,0.075,339100000.0,359100000.0,0.133,359100000.0,339100000.0,267500000.0,0.85,0.82,0.85,7718800000.0,,7718800000.0,9647416983.0,14.0,12.646,580700000.0,1.695,1.0,883200000.0,0.328,204100000.0,71600000.0,55157500000.0,,0.0,40163300000.0,,,45104500000.0,,,7118016983.0,98200000.0,0.0,800000.0,98000000.0,-25500000.0,64300000.0,-547900000.0,-532500000.0,580700000.0,1100000.0,276100000.0,276100000.0,276100000.0,-1900000.0,0.0,0.102,569100000.0,314100000.0,0.0,0.088,0.922,17.319,16.362,370100000.0,0.0,20.78,0.676,0.676,7569300000.0,4925800000.0,2696100000.0,2696100000.0,0.0,,,,,0.0,330400000.0,1.0,342541722.0,342541722.0,,7.871,52619200000.0,0.0,-8600000.0,611700000.0,153.614,
59,UNM,MRQ,2006-09-30,2006-09-30,2006-09-30,2021-09-07,743500000.0,52171500000.0,,,,,22.172,0.0,32200000.0,32200000.0,2088900000.0,-63700000.0,,5.87,2561600000.0,,,2561600000.0,560700000.0,18500000.0,0.0,0.015,0.075,-51600000.0,-33100000.0,-0.013,-33100000.0,-51600000.0,-95800000.0,-0.19,-0.19,-0.19,7594400000.0,,7594400000.0,9139830806.0,15.0,13.937,191800000.0,0.56,1.0,528500000.0,0.202,274300000.0,44200000.0,54426600000.0,,0.0,39637500000.0,,,44577100000.0,,,6641430806.0,-32300000.0,0.0,1600000.0,0.0,-25600000.0,-26400000.0,-197200000.0,-178600000.0,191800000.0,-500000.0,-63700000.0,-63700000.0,-63700000.0,-1600000.0,0.0,-0.024,581700000.0,-53200000.0,0.0,-0.395,0.875,24.381,21.076,371000000.0,0.0,19.39,0.643,0.643,7614700000.0,4675200000.0,2617400000.0,2617400000.0,0.0,,,,,0.0,314800000.0,1.0,342518350.0,342518350.0,,7.642,51897200000.0,18400000.0,-32100000.0,730800000.0,151.517,
60,UNM,MRQ,2006-06-30,2006-06-30,2006-06-30,2021-09-07,51700000.0,50401900000.0,,,,,23.335,0.0,63200000.0,63200000.0,1807900000.0,125200000.0,,6.214,2561600000.0,,,2561600000.0,599700000.0,15200000.0,0.0,0.017,0.075,240200000.0,255400000.0,0.097,255400000.0,240200000.0,191500000.0,0.39,0.38,0.39,6986900000.0,,6986900000.0,8229042013.0,11.0,9.944,395700000.0,1.322,1.0,813800000.0,0.31,273900000.0,48700000.0,52626400000.0,,0.0,37886700000.0,,,43415000000.0,,,5428442013.0,-2800000.0,0.0,576000000.0,-300000000.0,-22300000.0,231400000.0,-630500000.0,-615400000.0,395700000.0,600000.0,125200000.0,125200000.0,125200000.0,-1900000.0,0.0,0.048,557700000.0,256100000.0,0.0,0.192,0.777,13.966,14.054,373200000.0,0.0,18.13,0.529,0.529,7643800000.0,4764500000.0,2621700000.0,2621700000.0,0.0,,,,,0.0,321700000.0,1.0,299417651.0,299417651.0,,8.756,50128000000.0,0.0,66300000.0,419200000.0,167.418,
61,UNM,MRQ,2006-03-31,2006-03-31,2006-03-31,2021-09-07,309800000.0,50471300000.0,,,,,21.993,0.0,61000000.0,61000000.0,1867500000.0,73400000.0,,6.684,2861600000.0,,,2861600000.0,506100000.0,18800000.0,0.0,0.015,0.075,162700000.0,181500000.0,0.07,181500000.0,162700000.0,109600000.0,0.25,0.23,0.25,6568000000.0,,6568000000.0,9308334564.0,11.0,10.174,263700000.0,0.883,1.0,732600000.0,0.282,273100000.0,53100000.0,52998800000.0,,0.0,37989400000.0,,,43903300000.0,,,6116134564.0,-8900000.0,0.0,1600000.0,-400000000.0,-22200000.0,-426300000.0,153600000.0,167700000.0,263700000.0,100000.0,73400000.0,73400000.0,73400000.0,-2000000.0,0.0,0.028,566600000.0,166000000.0,0.0,0.3,0.931,14.067,13.838,375200000.0,0.0,20.48,0.595,0.595,7620900000.0,4661600000.0,2600100000.0,2600100000.0,0.0,,,,,0.0,330700000.0,1.0,298639383.0,298639383.0,,8.706,50198200000.0,0.0,36200000.0,563900000.0,168.09,
62,UNM,MRQ,2005-12-31,2005-12-31,2005-12-31,2021-09-07,1163500000.0,51866800000.0,,,,,24.709,0.0,67100000.0,67100000.0,1802600000.0,137500000.0,,6.043,3261600000.0,,,3261600000.0,481800000.0,11700000.0,0.0,0.013,0.075,240300000.0,252000000.0,0.101,252000000.0,240300000.0,187800000.0,0.47,0.43,0.47,7363900000.0,,7363900000.0,9578237869.0,11.0,9.732,557100000.0,1.869,1.0,684200000.0,0.275,202400000.0,52500000.0,54858900000.0,,0.0,39435000000.0,,,44502900000.0,,,6779937869.0,3400000.0,0.0,10100000.0,399600000.0,-22200000.0,376500000.0,-929600000.0,-942900000.0,557100000.0,-600000.0,137500000.0,137500000.0,137500000.0,-9600000.0,0.0,0.055,453500000.0,230700000.0,0.0,0.16,0.921,13.201,13.075,375300000.0,0.0,22.75,0.661,0.661,7560800000.0,4610400000.0,2486800000.0,2486800000.0,0.0,,,,,0.0,309600000.0,1.0,298019247.0,298019247.0,,8.344,51664400000.0,0.0,50300000.0,1002300000.0,173.359,
63,UNM,MRQ,2005-09-30,2005-09-30,2005-09-30,2021-09-07,1167000000.0,51146900000.0,,,,,24.297,0.0,63700000.0,63700000.0,1812100000.0,52600000.0,,6.067,2862000000.0,,,2862000000.0,549700000.0,20500000.0,0.0,0.015,0.075,118100000.0,138600000.0,0.054,138600000.0,118100000.0,68300000.0,0.18,0.17,0.18,7237700000.0,,7237700000.0,9073781470.0,11.0,14.951,316900000.0,1.064,1.0,731800000.0,0.288,273300000.0,49800000.0,53671900000.0,,0.0,38768700000.0,,,43909200000.0,,,6106681470.0,-31200000.0,5300000.0,2100000.0,-200000000.0,-22200000.0,-225600000.0,-122000000.0,-162200000.0,316900000.0,-500000.0,52600000.0,52600000.0,52600000.0,0.0,0.0,0.021,613700000.0,118100000.0,0.0,0.417,0.844,11.96,11.85,0.0,0.0,20.5,0.594,0.594,7505300000.0,4495100000.0,2543900000.0,2543900000.0,0.0,,,,,0.0,304000000.0,1.0,297886901.0,297886901.0,,8.54,50873600000.0,0.0,15700000.0,967000000.0,170.782,
64,UNM,MRQ,2005-06-30,2005-06-30,2005-06-30,2021-09-07,1820500000.0,52430400000.0,,,,,26.375,0.0,94900000.0,94900000.0,1730600000.0,171300000.0,,5.675,3062000000.0,,,3062000000.0,0.0,24100000.0,0.0,0.016,0.075,318700000.0,342800000.0,0.129,342800000.0,318700000.0,265800000.0,0.58,0.55,0.58,7854600000.0,,7854600000.0,8459217856.0,8.0,9.301,342400000.0,1.15,1.0,926100000.0,0.349,270500000.0,52900000.0,55127000000.0,,0.0,38128800000.0,,,44575800000.0,,,5455717856.0,34400000.0,0.0,5900000.0,-2000000.0,-22100000.0,-28000000.0,-278800000.0,-297100000.0,342400000.0,-1200000.0,171300000.0,171300000.0,171300000.0,0.0,0.0,0.064,607400000.0,318700000.0,0.0,0.129,0.695,8.721,8.642,0.0,0.0,18.32,0.525,0.525,9394400000.0,4464700000.0,2656700000.0,2656700000.0,0.0,,,,,0.0,331300000.0,1.0,297801193.0,297801193.0,,8.921,52159900000.0,26600000.0,94500000.0,1337000000.0,175.15,
65,UNM,MRQ,2005-03-31,2005-03-31,2005-03-31,2021-09-07,1173300000.0,50836600000.0,,,,,23.701,0.0,60500000.0,60500000.0,1737900000.0,152200000.0,,6.208,3064000000.0,,,3064000000.0,0.0,16400000.0,0.0,0.018,0.075,234400000.0,250800000.0,0.098,250800000.0,234400000.0,181600000.0,0.52,0.49,0.52,7052400000.0,,7052400000.0,8022801053.0,10.0,10.117,287200000.0,0.965,1.0,834000000.0,0.324,271200000.0,52800000.0,53568900000.0,,0.0,36670000000.0,,,43784200000.0,,,5064501053.0,-70200000.0,0.0,0.0,-25000000.0,-22200000.0,-51900000.0,-305200000.0,-306600000.0,287200000.0,-300000.0,152200000.0,152200000.0,152200000.0,0.0,0.0,0.059,599600000.0,234400000.0,0.0,0.144,0.718,10.974,10.91,0.0,0.0,17.02,0.495,0.495,9307000000.0,4315500000.0,2571900000.0,2571900000.0,0.0,,,,,0.0,323500000.0,1.0,297561754.0,297561754.0,,8.643,50565400000.0,11800000.0,29400000.0,930200000.0,169.932,
66,UNM,MRQ,2004-12-31,2004-12-31,2004-12-31,2021-09-07,1481100000.0,50832300000.0,,,,,24.365,0.0,130700000.0,130700000.0,1848100000.0,134500000.0,,6.036,3089000000.0,,,3089000000.0,500800000.0,-314100000.0,0.0,0.017,0.075,188800000.0,-125300000.0,-0.05,-125300000.0,188800000.0,135800000.0,0.45,0.45,0.45,7224100000.0,,7224100000.0,8277957313.0,-69.0,-208.513,443200000.0,1.495,1.0,651400000.0,0.261,271100000.0,53000000.0,53519500000.0,,0.0,36689200000.0,,,43608200000.0,,,5319057313.0,600000.0,-32400000.0,1100000.0,0.0,-22100000.0,-27100000.0,-417600000.0,-369600000.0,443200000.0,2100000.0,134500000.0,134500000.0,134500000.0,75800000.0,0.0,0.054,471800000.0,179600000.0,0.0,0.167,0.736,-21.024,-20.86,398500000.0,0.0,17.94,0.517,0.517,9002300000.0,4185500000.0,2499500000.0,2499500000.0,0.0,,,,,0.0,311100000.0,1.0,296491489.0,296491489.0,,8.43,50561200000.0,0.0,1300000.0,1060900000.0,170.532,
67,UNM,MRQ,2004-09-30,2004-09-30,2004-09-30,2021-09-07,1272500000.0,49774100000.0,,,,,23.28,0.0,130100000.0,130100000.0,1764200000.0,167600000.0,,6.213,3089000000.0,,,3089000000.0,0.0,132000000.0,0.0,0.019,0.075,309200000.0,441200000.0,0.166,441200000.0,309200000.0,255800000.0,0.57,0.55,0.57,6900400000.0,,6900400000.0,7620402797.0,-10.0,-39.119,-148800000.0,-0.502,1.0,891100000.0,0.336,270200000.0,53400000.0,52462800000.0,,0.0,35464700000.0,,,42873700000.0,,,4650602797.0,10900000.0,32400000.0,400000.0,0.0,-22000000.0,-30100000.0,190000000.0,162200000.0,-148800000.0,-200000.0,167600000.0,167600000.0,167600000.0,0.0,0.0,0.063,581900000.0,309200000.0,0.0,0.132,0.674,-6.33,-6.105,0.0,0.0,15.69,0.452,0.452,8913200000.0,4073100000.0,2655300000.0,2655300000.0,0.0,,,,,0.0,316000000.0,1.0,296405532.0,296405532.0,,8.958,49503900000.0,0.0,88200000.0,982100000.0,167.014,
68,UNM,MRQ,2004-06-30,2004-06-30,2004-06-30,2021-09-07,746600000.0,48503700000.0,,,,,21.014,0.0,119200000.0,119200000.0,1756800000.0,7200000.0,,6.79,3089000000.0,,,3089000000.0,0.0,130500000.0,0.0,0.019,0.075,95800000.0,226300000.0,0.09,226300000.0,95800000.0,44300000.0,0.02,0.02,0.02,6226400000.0,,6226400000.0,7368730096.0,-9.0,-25.965,174900000.0,0.59,1.0,752500000.0,0.3,269900000.0,51500000.0,51203600000.0,,0.0,34199900000.0,,,42277300000.0,,,4711030096.0,-12100000.0,-32400000.0,4200000.0,300000000.0,-22200000.0,265500000.0,-452300000.0,-401500000.0,174900000.0,-200000.0,7200000.0,7200000.0,7200000.0,67800000.0,0.0,0.003,588900000.0,163600000.0,0.0,3.75,0.757,-5.936,-5.74,0.0,0.0,15.9,0.462,0.462,8973700000.0,3927500000.0,2509300000.0,2509300000.0,0.0,,,,,0.0,322000000.0,1.0,296291201.0,296291201.0,,8.469,48233800000.0,0.0,37100000.0,620200000.0,162.792,
69,UNM,MRQ,2004-03-31,2004-03-31,2004-03-31,2021-09-07,1615500000.0,50476900000.0,,,,,24.082,0.0,131300000.0,131300000.0,1879300000.0,-562300000.0,,6.075,2789000000.0,,,2789000000.0,0.0,132100000.0,0.0,0.021,0.075,-714000000.0,-581900000.0,-0.222,-581900000.0,-714000000.0,-763200000.0,-1.91,-1.91,-1.91,7134300000.0,,7134300000.0,7003908811.0,-9.0,-39.37,277700000.0,0.937,1.0,744400000.0,0.284,270000000.0,49200000.0,52864600000.0,,0.0,36657100000.0,,,43342600000.0,,,4334108811.0,12100000.0,18800000.0,0.0,0.0,-22100000.0,-26400000.0,-239800000.0,-252500000.0,277700000.0,600000.0,-562300000.0,-562300000.0,-562300000.0,-7000000.0,0.0,-0.214,609000000.0,135400000.0,0.0,-0.039,0.608,-6.171,-6.021,0.0,0.0,14.63,0.424,0.424,8359200000.0,3942500000.0,2623700000.0,2623700000.0,0.0,,,,,0.0,329900000.0,1.0,296248039.0,296248039.0,,8.856,50206900000.0,0.0,-200900000.0,960200000.0,169.476,
70,UNM,MRQ,2003-12-31,2003-12-31,2003-12-31,2021-09-07,1171200000.0,49718300000.0,,,,,24.559,0.0,119200000.0,119200000.0,2193000000.0,-347200000.0,,5.838,2789000000.0,,,2789000000.0,319100000.0,139800000.0,0.0,0.024,0.075,-420200000.0,-280400000.0,-0.112,-280400000.0,-420200000.0,-470000000.0,-1.25,-1.25,-1.25,7271000000.0,,7271000000.0,7053396746.0,-19.0,35.074,487000000.0,1.645,1.0,318300000.0,0.127,476700000.0,49800000.0,51911400000.0,,0.0,35491800000.0,,,42447300000.0,,,4668896746.0,5000000.0,-152500000.0,3000000.0,-20000000.0,-22300000.0,-49600000.0,-436500000.0,-331000000.0,487000000.0,4100000.0,-347200000.0,-347200000.0,-347200000.0,179100000.0,0.0,-0.138,599300000.0,-281000000.0,0.0,-0.06,0.642,-12.083,-11.264,410600000.0,0.0,15.77,0.467,0.467,8336100000.0,4526900000.0,2511300000.0,2511300000.0,0.0,,,,,0.0,314200000.0,1.0,296061937.0,296061937.0,,8.482,49241600000.0,0.0,-122800000.0,946800000.0,166.322,
71,UNM,MRQ,2003-09-30,2003-09-30,2003-09-30,2021-09-07,1384700000.0,49338300000.0,,,,,26.525,0.0,124500000.0,124500000.0,1765900000.0,108700000.0,,5.247,2509000000.0,,,2509000000.0,0.0,144100000.0,0.0,0.03,0.075,208100000.0,352200000.0,0.138,352200000.0,208100000.0,158100000.0,0.37,0.36,0.37,7850300000.0,,7850300000.0,6746431150.0,28.0,8.576,405900000.0,1.371,1.0,790400000.0,0.309,666700000.0,50000000.0,51056100000.0,,0.0,35137700000.0,,,41188000000.0,,,4371331150.0,-2900000.0,0.0,400000.0,0.0,-22100000.0,-26100000.0,-382000000.0,-371500000.0,405900000.0,-700000.0,108700000.0,108700000.0,108700000.0,-10400000.0,0.0,0.043,592700000.0,197700000.0,0.0,0.203,0.557,69.386,105.5,0.0,0.0,14.77,0.457,0.457,8131900000.0,4896400000.0,2556300000.0,2556300000.0,0.0,,,,,0.0,323000000.0,1.0,295960132.0,295960132.0,,8.637,48671600000.0,0.0,49400000.0,1358900000.0,164.453,
72,UNM,MRQ,2003-06-30,2003-06-30,2003-06-30,2021-09-07,1342600000.0,49364100000.0,,,,,31.946,0.0,133900000.0,133900000.0,1765800000.0,98500000.0,,5.356,2509000000.0,,,2509000000.0,0.0,144500000.0,0.0,0.039,0.075,187700000.0,332200000.0,0.131,332200000.0,187700000.0,141800000.0,0.36,0.36,0.36,7719500000.0,,7719500000.0,5221946201.0,21.0,6.678,518000000.0,2.144,1.0,763400000.0,0.302,666700000.0,45900000.0,51072500000.0,,0.0,35141900000.0,,,41344600000.0,,,3240446201.0,-21300000.0,0.0,548500000.0,387800000.0,-18100000.0,900700000.0,-1442000000.0,-1434900000.0,518000000.0,2000000.0,98500000.0,98500000.0,98500000.0,-4400000.0,0.0,0.039,580100000.0,183300000.0,0.0,0.208,0.42,47.865,55.875,0.0,0.0,13.41,0.343,0.343,8146500000.0,4809800000.0,2529200000.0,2529200000.0,0.0,,,,,0.0,330300000.0,1.0,241644012.0,241644012.0,,10.467,48697400000.0,55800000.0,43300000.0,1316900000.0,201.525,
73,UNM,MRQ,2003-03-31,2003-03-31,2003-03-31,2021-09-07,760500000.0,46324100000.0,,,,,27.087,0.0,139700000.0,139700000.0,2143400000.0,-246400000.0,,6.032,2121200000.0,,,2121200000.0,0.0,142500000.0,0.0,0.06,0.147,-345400000.0,-202900000.0,-0.085,-202900000.0,-345400000.0,-386900000.0,-1.02,-1.02,-1.02,6545300000.0,,6545300000.0,4392411318.0,18.0,5.747,-65700000.0,-0.272,1.0,251400000.0,0.105,666200000.0,41500000.0,47639400000.0,,0.0,32214300000.0,,,39478800000.0,,,2368111318.0,-3800000.0,110000000.0,0.0,-47800000.0,-35600000.0,-90200000.0,152600000.0,45100000.0,-65700000.0,-500000.0,-246400000.0,-246400000.0,-246400000.0,-2600000.0,0.0,-0.103,599400000.0,-348000000.0,0.0,-0.144,0.362,35.398,35.0,0.0,0.0,9.8,0.254,0.254,8180200000.0,4729400000.0,2394800000.0,2394800000.0,0.0,,,,,0.0,335200000.0,1.0,241644012.0,241644012.0,,9.91,45657900000.0,48400000.0,-140500000.0,955400000.0,188.947,
74,UNM,MRQ,2002-12-31,2002-12-31,2002-12-31,2021-09-07,777400000.0,45259500000.0,,,,,28.336,0.0,142200000.0,142200000.0,1412400000.0,102200000.0,,5.57,2169000000.0,,,2169000000.0,319200000.0,117200000.0,0.0,0.034,0.147,188000000.0,305200000.0,0.147,305200000.0,188000000.0,145600000.0,0.43,0.42,0.43,6843200000.0,,6843200000.0,6290880195.0,8.0,4.953,602800000.0,2.496,1.0,664500000.0,0.32,475500000.0,42400000.0,46810800000.0,,0.0,31602300000.0,,,38116300000.0,,,4235980195.0,35400000.0,0.0,4100000.0,1300000.0,-35500000.0,-43300000.0,-526300000.0,-423800000.0,602800000.0,2200000.0,102200000.0,102200000.0,102200000.0,-11400000.0,0.0,0.049,487900000.0,176600000.0,0.0,0.342,0.619,10.558,10.566,413400000.0,0.0,17.54,0.457,0.457,7667900000.0,5011400000.0,2076900000.0,2076900000.0,0.0,,,,,0.0,254800000.0,1.0,241504002.0,241504002.0,,8.6,44784000000.0,44700000.0,43400000.0,932600000.0,185.438,
75,UNM,MRQ,2002-09-30,2002-09-30,2002-09-30,2021-09-07,636000000.0,44491100000.0,,,,,27.633,0.0,112800000.0,112800000.0,1676100000.0,113400000.0,,5.625,2167700000.0,,,2167700000.0,0.0,129300000.0,0.0,0.029,0.147,218200000.0,347500000.0,0.142,347500000.0,218200000.0,175300000.0,0.47,0.47,0.47,6670200000.0,,6670200000.0,6984638779.0,9.0,4.156,365400000.0,1.514,1.0,774000000.0,0.316,667000000.0,42900000.0,45879000000.0,,0.0,30888200000.0,,,37520900000.0,,,4912238779.0,17400000.0,0.0,0.0,-100000.0,-35700000.0,-35300000.0,-313100000.0,-389900000.0,365400000.0,400000.0,113400000.0,113400000.0,113400000.0,0.0,0.0,0.046,555800000.0,218200000.0,0.0,0.313,0.736,12.759,12.799,0.0,0.0,20.35,0.54,0.54,7716000000.0,4981700000.0,2450100000.0,2450100000.0,0.0,,,,,0.0,317200000.0,1.0,241387655.0,241387655.0,,10.15,43824100000.0,0.0,61900000.0,933500000.0,181.551,
76,UNM,MRQ,2002-06-30,2002-06-30,2002-06-30,2021-09-07,177900000.0,43356000000.0,,,,,25.259,0.0,95400000.0,95400000.0,1648800000.0,97700000.0,,6.017,2167800000.0,,,2167800000.0,0.0,127800000.0,0.0,0.023,0.147,186700000.0,314500000.0,0.131,314500000.0,186700000.0,148000000.0,0.4,0.4,0.4,6136000000.0,,6136000000.0,8211344279.0,11.0,5.239,611200000.0,2.516,1.0,752800000.0,0.313,666800000.0,38700000.0,44761600000.0,,0.0,29111200000.0,,,36920000000.0,,,6182444279.0,-43900000.0,0.0,-26200000.0,-400000.0,-35800000.0,-76300000.0,-579300000.0,-576400000.0,611200000.0,500000.0,97700000.0,97700000.0,97700000.0,0.0,0.0,0.041,566100000.0,186700000.0,0.0,0.367,1.008,15.507,15.424,0.0,0.0,25.45,0.685,0.685,8558600000.0,4908200000.0,2401600000.0,2401600000.0,0.0,,,,,0.0,322300000.0,1.0,242925119.0,242925119.0,,9.886,42689200000.0,0.0,50300000.0,642900000.0,175.73,
77,UNM,MRQ,2002-03-31,2002-03-31,2002-03-31,2021-09-07,-207700000.0,42381100000.0,,,,,23.618,0.0,139300000.0,139300000.0,1587500000.0,87900000.0,,6.336,2168200000.0,,,2168200000.0,0.0,136000000.0,0.0,0.021,0.147,167000000.0,303000000.0,0.13,303000000.0,167000000.0,128600000.0,0.36,0.36,0.36,5735900000.0,,5735900000.0,8825234124.0,11.0,5.852,207300000.0,0.854,1.0,743000000.0,0.319,677000000.0,38400000.0,43733000000.0,,0.0,28677300000.0,,,36345200000.0,,,6783134124.0,15400000.0,-2800000.0,0.0,2200000.0,-35800000.0,-23500000.0,-168200000.0,-157300000.0,207300000.0,-200000.0,87900000.0,87900000.0,87900000.0,0.0,0.0,0.038,568900000.0,174100000.0,0.0,0.408,1.183,15.171,15.097,0.0,0.0,27.93,0.754,0.754,8117900000.0,4854300000.0,2330500000.0,2330500000.0,0.0,,,,,0.0,324800000.0,1.0,242861945.0,242861945.0,,9.596,41704100000.0,0.0,40700000.0,413600000.0,171.719,
78,UNM,MRQ,2001-12-31,2001-12-31,2001-12-31,2021-09-07,111300000.0,42442700000.0,,,,,24.54,0.0,123900000.0,123900000.0,1283600000.0,86000000.0,,6.095,2166000000.0,,,2166000000.0,328300000.0,546400000.0,0.0,0.022,0.147,169200000.0,715600000.0,0.372,715600000.0,169200000.0,127700000.0,0.36,0.35,0.36,5939900000.0,,5939900000.0,8505543852.0,9.0,5.773,806800000.0,3.333,1.0,637600000.0,0.332,674700000.0,41500000.0,43810100000.0,,0.0,28866200000.0,,,36202800000.0,,,6416843852.0,41000000.0,-391900000.0,20500000.0,-23300000.0,-36500000.0,-63300000.0,-702800000.0,-328200000.0,806800000.0,300000.0,86000000.0,86000000.0,86000000.0,-3500000.0,0.0,0.045,471900000.0,165700000.0,0.0,0.408,1.08,11.857,11.835,386900000.0,0.0,26.51,0.713,0.713,8013400000.0,4753000000.0,1921200000.0,1921200000.0,0.0,,,,,0.0,264100000.0,1.0,242053710.0,242053710.0,,7.937,41768000000.0,0.0,41700000.0,528900000.0,172.557,
79,UNM,MRQ,2001-09-30,2001-09-30,2001-09-30,2021-09-07,227100000.0,42258000000.0,,,,,24.903,0.0,100600000.0,100600000.0,1611000000.0,127100000.0,,5.963,2189300000.0,,,2189300000.0,0.0,0.0,0.0,0.023,0.147,234300000.0,234300000.0,0.099,234300000.0,234300000.0,193200000.0,0.53,0.52,0.53,6026200000.0,,6026200000.0,8054647066.0,8.0,5.065,145900000.0,0.603,1.0,766400000.0,0.322,678300000.0,41100000.0,43668400000.0,,0.0,28971600000.0,,,35931800000.0,,,6110047066.0,6000000.0,0.0,0.0,150100000.0,-35000000.0,89700000.0,-228900000.0,-274600000.0,145900000.0,-700000.0,127100000.0,127100000.0,127100000.0,0.0,0.0,0.053,532100000.0,234300000.0,0.0,0.277,1.014,10.544,10.521,0.0,0.0,25.25,0.654,0.654,7783400000.0,4728800000.0,2377400000.0,2377400000.0,0.0,,,,,0.0,296600000.0,1.0,241982062.0,241982062.0,,9.825,41579700000.0,0.0,66100000.0,562100000.0,171.83,
80,UNM,MRQ,2001-06-30,2001-06-30,2001-06-30,2021-09-07,47700000.0,40887100000.0,,,,,23.83,0.0,94600000.0,94600000.0,1571200000.0,146100000.0,,6.056,2039200000.0,,,2039200000.0,0.0,0.0,0.0,0.018,0.147,255100000.0,255100000.0,0.108,255100000.0,255100000.0,210900000.0,0.6,0.6,0.6,5752200000.0,,5752200000.0,9683717731.0,10.0,6.008,472800000.0,1.959,1.0,791800000.0,0.335,683500000.0,44200000.0,42148200000.0,,0.0,27974800000.0,,,34834900000.0,,,7753117731.0,-35800000.0,0.0,0.0,-21800000.0,-35600000.0,-49600000.0,-460500000.0,-448900000.0,472800000.0,1500000.0,146100000.0,146100000.0,146100000.0,0.0,0.0,0.062,536700000.0,255100000.0,0.0,0.245,1.348,13.154,13.164,0.0,0.0,32.12,0.836,0.836,7507600000.0,4636700000.0,2363000000.0,2363000000.0,0.0,,,,,0.0,292000000.0,1.0,241379755.0,241379755.0,,9.79,40203600000.0,0.0,64800000.0,396400000.0,166.557,
81,UNM,MRQ,2001-03-31,2001-03-31,2001-03-31,2021-09-07,227400000.0,41052700000.0,,,,,24.084,0.0,130400000.0,130400000.0,1518100000.0,182000000.0,,6.009,2061000000.0,,,2061000000.0,0.0,0.0,0.0,0.02,0.147,268300000.0,268300000.0,0.115,268300000.0,268300000.0,225500000.0,0.75,0.75,0.75,5814000000.0,,5814000000.0,8964311506.0,9.0,5.529,345100000.0,1.43,1.0,822800000.0,0.351,688800000.0,42800000.0,42294500000.0,,0.0,27912000000.0,,,34938700000.0,,,7053711506.0,23300000.0,-10200000.0,0.0,43300000.0,-35500000.0,6700000.0,-326700000.0,-303600000.0,345100000.0,-1800000.0,182000000.0,182000000.0,182000000.0,0.0,0.0,0.078,554500000.0,268300000.0,0.0,0.196,1.213,12.029,12.025,0.0,0.0,29.22,0.755,0.755,7763800000.0,4526200000.0,2340900000.0,2340900000.0,0.0,,,,,0.0,314000000.0,1.0,241400120.0,241400120.0,,9.697,40363900000.0,0.0,43500000.0,534200000.0,167.207,
82,UNM,MRQ,2000-12-31,2000-12-31,2000-12-31,2021-09-07,140700000.0,40363900000.0,,,,,23.149,0.0,107100000.0,107100000.0,1640200000.0,124300000.0,,6.186,2017700000.0,,,2017700000.0,332800000.0,594900000.0,0.0,0.022,0.147,237800000.0,832700000.0,0.368,832700000.0,237800000.0,192200000.0,0.52,0.51,0.52,5575500000.0,,5575500000.0,8561642611.0,8.0,5.34,314200000.0,1.305,1.0,623700000.0,0.275,683300000.0,45600000.0,41591200000.0,,0.0,27195700000.0,,,34488400000.0,,,6474242611.0,6700000.0,0.0,11600000.0,-170100000.0,-35600000.0,-237900000.0,-70000000.0,-58100000.0,314200000.0,400000.0,124300000.0,124300000.0,124300000.0,0.0,0.0,0.055,385900000.0,237800000.0,0.0,0.283,1.161,12.014,12.0,387500000.0,0.0,26.88,0.689,0.689,7897800000.0,4379700000.0,2263900000.0,2263900000.0,0.0,,,,,0.0,274100000.0,1.0,240857240.0,240857240.0,,9.399,39680600000.0,0.0,67900000.0,499200000.0,164.747,
83,UNM,MRQ,2000-09-30,2000-09-30,2000-09-30,2021-09-07,-104700000.0,40202500000.0,,,,,21.511,0.0,100400000.0,100400000.0,1556700000.0,137000000.0,,6.708,2187800000.0,,,2187800000.0,0.0,0.0,0.0,0.022,0.147,255700000.0,255700000.0,0.111,255700000.0,255700000.0,208500000.0,0.57,0.57,0.57,5176700000.0,,5176700000.0,8653307446.0,9.0,5.181,364300000.0,1.514,1.0,755000000.0,0.327,689200000.0,47200000.0,41600700000.0,,0.0,26964400000.0,,,34725800000.0,,,6557907446.0,-9900000.0,0.0,0.0,-19200000.0,-35600000.0,-114100000.0,-259300000.0,-248500000.0,364300000.0,-800000.0,137000000.0,137000000.0,137000000.0,0.0,0.0,0.059,499300000.0,255700000.0,0.0,0.258,1.267,11.91,11.9,0.0,0.0,27.25,0.692,0.692,7775100000.0,4230200000.0,2311700000.0,2311700000.0,0.0,,,,,0.0,283800000.0,1.0,240657154.0,240657154.0,,9.606,39513300000.0,0.0,71500000.0,370100000.0,164.189,
84,UNM,MRQ,2000-06-30,2000-06-30,2000-06-30,2021-09-07,-93500000.0,39786200000.0,,,,,21.139,0.0,110300000.0,110300000.0,1631100000.0,143100000.0,,6.767,2205700000.0,,,2205700000.0,0.0,0.0,0.0,0.029,0.147,264700000.0,264700000.0,0.109,264700000.0,264700000.0,219600000.0,0.59,0.59,0.59,5083800000.0,,5083800000.0,7068172248.0,13.0,5.96,278300000.0,1.157,1.0,792600000.0,0.327,695100000.0,45100000.0,41186500000.0,,0.0,27024500000.0,,,34402400000.0,,,4824272248.0,-23800000.0,-6200000.0,0.0,-171000000.0,-35200000.0,-250500000.0,-50900000.0,-34900000.0,278300000.0,-700000.0,143100000.0,143100000.0,143100000.0,0.0,0.0,0.059,527900000.0,264700000.0,0.0,0.249,0.949,24.539,24.765,0.0,0.0,20.06,0.502,0.502,7177400000.0,4128800000.0,2423700000.0,2423700000.0,0.0,,,,,0.0,313500000.0,1.0,240492136.0,240492136.0,,10.078,39091100000.0,0.0,76500000.0,325700000.0,162.546,
85,UNM,MRQ,2000-03-31,2000-03-31,2000-03-31,2021-09-07,38300000.0,40308600000.0,,,,,21.228,0.0,134100000.0,134100000.0,1579500000.0,134500000.0,,6.834,2378000000.0,,,2378000000.0,0.0,0.0,0.0,0.035,0.147,250300000.0,250300000.0,0.105,250300000.0,250300000.0,206400000.0,0.56,0.56,0.56,5107200000.0,,5107200000.0,6024576139.0,227.0,8.857,254700000.0,1.059,1.0,814600000.0,0.34,701000000.0,43900000.0,41851500000.0,,0.0,27337300000.0,,,34901400000.0,,,4075476139.0,-158300000.0,-166200000.0,0.0,136500000.0,-35700000.0,72500000.0,-485500000.0,-294200000.0,254700000.0,0.0,134500000.0,134500000.0,134500000.0,0.0,0.0,0.056,564300000.0,250300000.0,0.0,0.263,0.798,-29.597,-29.207,0.0,0.0,16.94,0.431,0.431,7351100000.0,4020900000.0,2394100000.0,2394100000.0,0.0,,,,,0.0,339200000.0,1.0,240583007.0,240583007.0,,9.951,39607600000.0,0.0,71900000.0,360300000.0,164.632,
86,UNM,MRQ,1999-12-31,1999-12-31,1999-12-31,2021-09-07,-18900000.0,38447500000.0,,,,,20.757,0.0,292400000.0,292400000.0,1541700000.0,136000000.0,,6.657,2241500000.0,,,2241500000.0,380600000.0,653700000.0,0.0,0.018,0.147,245700000.0,899400000.0,0.383,899400000.0,245700000.0,208700000.0,0.57,0.57,0.57,4982200000.0,,4982200000.0,9303489409.0,-336.0,14.862,413500000.0,1.723,1.0,808100000.0,0.344,706400000.0,37000000.0,39690200000.0,,0.0,27083400000.0,,,33165300000.0,,,7695289409.0,153300000.0,0.0,69700000.0,494200000.0,-35500000.0,466200000.0,-726600000.0,-705500000.0,413500000.0,200000.0,136000000.0,136000000.0,136000000.0,0.0,0.0,0.058,562400000.0,245700000.0,0.0,0.258,1.545,-42.074,-41.636,399700000.0,0.0,32.06,0.825,0.825,5885500000.0,3957600000.0,2349800000.0,2349800000.0,0.0,,,,,0.0,376700000.0,1.0,240027742.0,240027742.0,,9.79,37741100000.0,0.0,72700000.0,271600000.0,157.236,
87,UNM,MRQ,1999-09-30,1999-09-30,1999-09-30,2021-09-07,81000000.0,38071100000.0,,,,,20.681,0.0,139100000.0,139100000.0,2053100000.0,-217000000.0,,6.648,1747300000.0,,,1747300000.0,0.0,0.0,0.0,0.02,0.147,-228500000.0,-228500000.0,-0.094,-228500000.0,-228500000.0,-262800000.0,-0.91,-0.91,-0.91,4938400000.0,,4938400000.0,8559696294.0,-76.0,22.561,413100000.0,1.73,1.0,380000000.0,0.156,739200000.0,34300000.0,38940100000.0,,0.0,26764900000.0,,,32832700000.0,,,7029996294.0,-47700000.0,0.0,0.0,32200000.0,-35300000.0,-37100000.0,-426400000.0,-421000000.0,413100000.0,2700000.0,-217000000.0,-217000000.0,-217000000.0,0.0,0.0,-0.089,608500000.0,-228500000.0,0.0,-0.162,1.424,-31.12,-31.319,0.0,0.0,29.44,0.769,0.769,5775300000.0,3821700000.0,2433100000.0,2433100000.0,0.0,,,,,0.0,325000000.0,1.0,238790635.0,238790635.0,,10.189,37331900000.0,0.0,-45800000.0,297400000.0,156.337,
88,UNM,MRQ,1999-06-30,1999-06-30,1999-06-30,2021-09-07,265300000.0,37917300000.0,,,,,38.773,0.0,186800000.0,186800000.0,1690700000.0,-191200000.0,,5.977,1716500000.0,,,1716500000.0,0.0,0.0,0.0,0.011,0.147,-241000000.0,-241000000.0,-0.106,-241000000.0,-241000000.0,-274600000.0,-0.8,-0.8,-0.8,5391700000.0,,5391700000.0,8497621258.0,20.0,9.273,358100000.0,2.575,1.0,586900000.0,0.258,772300000.0,33600000.0,38674700000.0,,0.0,26799700000.0,,,32225600000.0,,,7613521258.0,52900000.0,0.0,0.0,53400000.0,-34100000.0,-114100000.0,-190800000.0,-161400000.0,358100000.0,-300000.0,-191200000.0,-191200000.0,-191200000.0,0.0,0.0,-0.084,827900000.0,-241000000.0,0.0,-0.184,1.412,42.917,72.039,0.0,0.0,54.75,0.86,0.86,5643200000.0,4109200000.0,2277600000.0,2277600000.0,0.0,,,,,0.0,331000000.0,1.0,139059749.0,139059749.0,,16.379,37145000000.0,0.0,-83400000.0,489700000.0,267.115,
89,UNM,MRQ,1999-03-31,1999-03-31,1999-03-31,2021-09-07,150600000.0,15381200000.0,,,,,19.199,0.0,77000000.0,77000000.0,1502100000.0,89300000.0,,4.768,961100000.0,,,961100000.0,0.0,0.0,0.0,0.012,0.147,196100000.0,196100000.0,0.086,196100000.0,196100000.0,163200000.0,0.38,0.37,0.38,2666800000.0,,2666800000.0,7407623750.0,8.0,5.096,382000000.0,2.75,1.0,767000000.0,0.338,0.0,32900000.0,16265300000.0,,0.0,9824900000.0,,,12714400000.0,,,6606323750.0,22700000.0,0.0,0.0,112800000.0,-34000000.0,-148100000.0,-210800000.0,-191400000.0,382000000.0,-400000.0,89300000.0,89300000.0,89300000.0,0.0,0.0,0.039,570900000.0,196100000.0,0.0,0.387,2.477,12.187,20.769,238800000.0,0.0,47.56,0.761,0.761,2442900000.0,2439900000.0,2269100000.0,2269100000.0,0.0,,,,,0.0,355700000.0,1.0,138905041.0,138905041.0,,16.336,15381200000.0,0.0,73900000.0,618700000.0,110.732,
90,UNM,MRQ,1998-12-31,1998-12-31,1998-12-31,2021-09-07,914700000.0,38602200000.0,,,,,44.415,0.0,111200000.0,111200000.0,1502200000.0,93000000.0,,5.232,1548900000.0,,,1548900000.0,360400000.0,492000000.0,0.0,0.01,0.147,160800000.0,652800000.0,0.301,652800000.0,160800000.0,131500000.0,0.39,0.39,0.39,6146200000.0,,6146200000.0,8762078523.0,8.0,5.719,507100000.0,3.664,1.0,663000000.0,0.306,814700000.0,29300000.0,39225200000.0,,0.0,27756500000.0,,,32156000000.0,,,8078778523.0,12100000.0,0.0,11900000.0,104700000.0,-34000000.0,-170200000.0,-326500000.0,-303600000.0,507100000.0,1700000.0,93000000.0,93000000.0,93000000.0,0.0,0.0,0.043,502200000.0,160800000.0,0.0,0.377,1.314,13.085,22.454,367800000.0,0.0,58.38,0.948,0.948,5441100000.0,4279200000.0,2165200000.0,2165200000.0,0.0,,,,,0.0,295800000.0,1.0,138382640.0,138382640.0,,15.646,37787500000.0,0.0,38500000.0,969800000.0,273.065,
91,UNM,MRQ,1998-09-30,1998-09-30,1998-09-30,2021-09-07,296400000.0,14930600000.0,,,,,19.865,0.0,56800000.0,56800000.0,1329000000.0,186300000.0,,4.435,740100000.0,,,740100000.0,0.0,0.0,0.0,0.012,0.147,308500000.0,308500000.0,0.144,308500000.0,308500000.0,275900000.0,0.79,0.77,0.79,2747100000.0,,2747100000.0,7536420359.0,6.0,4.457,578400000.0,4.183,1.0,815900000.0,0.38,0.0,32600000.0,15613900000.0,,0.0,9624400000.0,,,12183500000.0,,,6871420359.0,-18300000.0,0.0,-1900000.0,-107900000.0,-34000000.0,-332400000.0,-264300000.0,-255800000.0,578400000.0,0.0,186300000.0,186300000.0,186300000.0,0.0,0.0,0.087,507400000.0,308500000.0,0.0,0.186,2.501,8.846,18.268,225900000.0,0.0,49.69,0.69,0.69,2363800000.0,2398600000.0,2144900000.0,2144900000.0,0.0,,,,,0.0,290400000.0,1.0,138285779.0,138285779.0,,15.511,14930600000.0,0.0,89600000.0,632800000.0,107.969,
92,UNM,MRQ,1998-06-30,1998-06-30,1998-06-30,2021-09-07,217500000.0,14310500000.0,,,,,18.691,25700000.0,52800000.0,52800000.0,1304700000.0,173500000.0,,4.537,717800000.0,,,717800000.0,0.0,0.0,0.0,0.01,0.147,296200000.0,296200000.0,0.141,296200000.0,296200000.0,265500000.0,0.73,0.71,0.73,2584300000.0,,2584300000.0,8309060558.0,7.0,5.451,479100000.0,3.465,1.0,802400000.0,0.381,0.0,30700000.0,14975500000.0,,0.0,9249000000.0,,,11726200000.0,,,7673760558.0,23700000.0,58000000.0,-34100000.0,-19900000.0,-51400000.0,-560000000.0,130600000.0,88800000.0,453400000.0,-300000.0,173500000.0,173500000.0,173500000.0,0.0,0.0,0.082,506200000.0,296200000.0,0.0,0.201,2.969,11.252,21.429,219600000.0,0.0,55.5,0.867,0.867,2210200000.0,2314600000.0,2107100000.0,2107100000.0,0.0,,,,,0.0,296200000.0,1.0,138265956.0,138265956.0,,15.239,14310500000.0,0.0,92000000.0,572100000.0,103.5,
93,UNM,MRQ,1998-03-31,1998-03-31,1998-03-31,2021-09-07,181200000.0,13821200000.0,,,,,17.968,-25700000.0,56000000.0,56000000.0,691200000.0,93500000.0,,4.576,691300000.0,,,691300000.0,0.0,0.0,0.0,0.01,0.142,146100000.0,146100000.0,0.13,146100000.0,146100000.0,134400000.0,0.68,0.66,0.68,2478500000.0,,2478500000.0,8200671618.0,8.0,6.007,154700000.0,1.122,1.0,430300000.0,0.384,0.0,11700000.0,14456500000.0,,0.0,9107400000.0,,,11342700000.0,,,7612771618.0,-800000.0,0.0,-36700000.0,55500000.0,-19700000.0,-22900000.0,-158200000.0,-132500000.0,180400000.0,-100000.0,93500000.0,93500000.0,93500000.0,0.0,0.0,0.083,284200000.0,146100000.0,0.0,0.209,3.072,12.771,22.165,213700000.0,0.0,55.19,0.984,0.984,1994500000.0,2236300000.0,1121500000.0,1121500000.0,0.0,,,,,0.0,276800000.0,1.0,137937518.0,137937518.0,,8.13,13821200000.0,0.0,40900000.0,547600000.0,100.199,
94,UNM,MRQ,1997-12-31,1997-12-31,1997-12-31,2021-09-07,195400000.0,13440100000.0,,,,,17.546,26600000.0,56800000.0,56800000.0,2984300000.0,323500000.0,,4.52,635800000.0,,,635800000.0,0.0,399300000.0,0.0,0.01,0.142,540900000.0,940200000.0,0.205,940200000.0,540900000.0,487200000.0,0.52,0.52,0.52,2434800000.0,,2434800000.0,8132336236.0,8.0,5.805,980300000.0,7.065,1.0,1596300000.0,0.348,0.0,53700000.0,14019100000.0,,0.0,8958900000.0,,,11005300000.0,,,7545936236.0,24000000.0,-860300000.0,343900000.0,580800000.0,-79800000.0,-716700000.0,-212100000.0,666900000.0,953700000.0,-900000.0,323500000.0,323500000.0,323500000.0,0.0,0.0,0.071,1055400000.0,540900000.0,0.0,0.273,3.099,12.218,20.756,196200000.0,0.0,54.38,0.983,0.983,1832100000.0,2162500000.0,4580600000.0,4580600000.0,0.0,,,,,0.0,711400000.0,1.0,138763079.0,138763079.0,,33.01,13440100000.0,0.0,163700000.0,516900000.0,96.856,
95,UNM,MRQ,1997-09-30,1997-09-30,1997-09-30,2021-09-07,134700000.0,13096700000.0,,,,,16.816,-3400000.0,45600000.0,45600000.0,646000000.0,91500000.0,,4.582,632000000.0,,,632000000.0,0.0,0.0,0.0,0.012,0.142,141800000.0,141800000.0,0.136,141800000.0,141800000.0,131400000.0,0.66,0.64,0.66,2346400000.0,,2346400000.0,6872307856.0,13.0,12.717,133400000.0,0.956,1.0,399200000.0,0.382,0.0,10400000.0,13683100000.0,,0.0,8851500000.0,,,10750300000.0,,,6366907856.0,9800000.0,0.0,-43700000.0,87600000.0,-19900000.0,300000.0,-127000000.0,-123600000.0,136800000.0,-300000.0,91500000.0,91500000.0,91500000.0,0.0,0.0,0.088,257400000.0,141800000.0,0.0,0.215,2.713,18.611,18.778,197000000.0,0.0,45.63,1.533,1.533,1581100000.0,2106000000.0,1045200000.0,1045200000.0,0.0,,,,,0.0,94100000.0,1.0,139533374.0,139533374.0,,7.491,13096700000.0,0.0,39900000.0,474700000.0,93.861,
96,UNM,MRQ,1997-06-30,1997-06-30,1997-06-30,2021-09-07,65400000.0,12737800000.0,,,,,16.054,-8700000.0,39000000.0,39000000.0,603900000.0,87600000.0,,4.686,544400000.0,,,544400000.0,0.0,0.0,0.0,0.013,0.142,137000000.0,137000000.0,0.138,137000000.0,137000000.0,126400000.0,0.63,0.62,0.63,2240300000.0,,2240300000.0,6445501950.0,14.0,13.662,10900000.0,0.078,1.0,388500000.0,0.391,0.0,10600000.0,13243200000.0,,0.0,8650700000.0,,,10497500000.0,,,5896001950.0,-21400000.0,0.0,-12200000.0,-67000000.0,-19800000.0,-10900000.0,-30300000.0,-21600000.0,19600000.0,200000.0,87600000.0,87600000.0,87600000.0,0.0,0.0,0.088,251500000.0,137000000.0,0.0,0.225,2.632,20.014,20.411,192500000.0,0.0,42.25,1.427,1.427,1506800000.0,2034400000.0,992400000.0,992400000.0,0.0,,,,,0.0,100100000.0,1.0,139550342.0,139550342.0,,7.111,12737800000.0,0.0,38800000.0,443900000.0,91.277,
97,UNM,MRQ,1997-03-31,1997-03-31,1997-03-31,2021-09-07,19500000.0,12838400000.0,,,,,15.024,-14500000.0,61900000.0,61900000.0,621900000.0,115000000.0,,5.032,611400000.0,,,611400000.0,0.0,0.0,0.0,0.015,0.138,181900000.0,181900000.0,0.172,181900000.0,181900000.0,171700000.0,0.81,0.79,0.81,2128400000.0,,2128400000.0,5620671405.0,12.0,12.457,208300000.0,1.47,1.0,437200000.0,0.413,0.0,10200000.0,13387900000.0,,0.0,8509800000.0,,,10710000000.0,,,5170771405.0,-15100000.0,0.0,-184900000.0,84400000.0,-19700000.0,-183500000.0,-53700000.0,-39200000.0,222800000.0,-700000.0,115000000.0,115000000.0,115000000.0,0.0,0.0,0.109,255300000.0,181900000.0,0.0,0.17,2.429,18.408,18.814,187600000.0,0.0,36.5,1.252,1.252,1435500000.0,1966700000.0,1059100000.0,1059100000.0,0.0,,,,,0.0,111900000.0,1.0,141664970.0,141664970.0,,7.476,12838400000.0,0.0,56700000.0,426800000.0,90.625,
98,UNM,MRQ,1996-12-31,1996-12-31,1996-12-31,2021-09-07,81100000.0,15467500000.0,,,,,15.975,-15500000.0,77000000.0,77000000.0,639600000.0,48000000.0,,5.835,526900000.0,,,526900000.0,0.0,0.0,0.0,0.015,0.138,79700000.0,79700000.0,0.075,79700000.0,79700000.0,69600000.0,0.33,,0.33,2263100000.0,,2263100000.0,,,,-353500000.0,-2.495,1.0,417100000.0,0.395,0.0,10100000.0,15917400000.0,,0.0,8724700000.0,,,13204400000.0,,,5117647041.0,35700000.0,0.0,-95500000.0,-37300000.0,-20200000.0,-237400000.0,610900000.0,626400000.0,-338000000.0,200000.0,48000000.0,48000000.0,48000000.0,0.0,0.0,0.045,337400000.0,79700000.0,0.0,0.418,2.261,21.503,22.163,181000000.0,0.0,36.125,1.257,1.257,1366200000.0,1871400000.0,1056700000.0,1056700000.0,0.0,,,,,0.0,538100000.0,1.0,141664970.0,141664970.0,,7.459,15467500000.0,0.0,21600000.0,403100000.0,109.184,
99,UNM,MRQ,1996-09-30,1996-09-30,1996-09-30,2021-09-07,,,,,,,,-10600000.0,,,655400000.0,44000000.0,,,,,,,,0.0,,0.017,0.138,73200000.0,73200000.0,0.072,73200000.0,73200000.0,63300000.0,0.3,,0.3,,,,,,,298400000.0,,1.0,367700000.0,0.359,,9900000.0,,,,,,,,,,,-3200000.0,0.0,-14800000.0,5600000.0,-20100000.0,-52600000.0,-259700000.0,-249100000.0,309000000.0,100000.0,44000000.0,44000000.0,44000000.0,0.0,0.0,0.043,294500000.0,73200000.0,,0.46,,,,,0.0,32.06,,,,,1023100000.0,1023100000.0,0.0,,,,,0.0,89400000.0,1.0,,,,,,,19300000.0,,,
100,UNM,MRQ,1996-06-30,1996-06-30,1996-06-30,2021-09-07,,,,,,,,-14000000.0,,,613500000.0,73900000.0,,,,,,,,0.0,,0.018,0.138,116400000.0,116400000.0,0.118,116400000.0,116400000.0,106000000.0,0.5,,0.5,,,,,,,76100000.0,,1.0,377000000.0,0.381,,10400000.0,,,,,,,,,,,2600000.0,0.0,-8800000.0,-42900000.0,-20100000.0,-138700000.0,51600000.0,65600000.0,90100000.0,-400000.0,73900000.0,73900000.0,73900000.0,0.0,0.0,0.075,260600000.0,116400000.0,,0.276,,,,,0.0,30.188,,,,,990500000.0,990500000.0,0.0,,,,,0.0,89800000.0,1.0,,,,,,,32100000.0,,,
101,UNM,MRQ,1996-03-31,1996-03-31,1996-03-31,2021-09-07,,,,,,,,-14200000.0,,,634300000.0,72100000.0,,,,,,,,0.0,,0.018,0.133,113000000.0,113000000.0,0.113,113000000.0,113000000.0,102700000.0,0.495,,0.495,,,,,,,217400000.0,,1.0,367100000.0,0.367,,10300000.0,,,,,,,,,,,300000.0,0.0,0.0,17300000.0,-19400000.0,-115300000.0,-115800000.0,-101600000.0,231600000.0,-200000.0,72100000.0,72100000.0,72100000.0,0.0,0.0,0.072,254100000.0,113000000.0,,0.269,,,,,0.0,30.188,,,,,1001400000.0,1001400000.0,0.0,,,,,0.0,93600000.0,1.0,,,,,,,30600000.0,,,
102,UNM,MRQ,1995-12-31,1995-12-31,1995-12-31,2021-09-07,190000000.0,14787800000.0,,,,,,,42500000.0,42500000.0,,,,5.421,583800000.0,,,583800000.0,0.0,,0.0,0.019,0.133,,,,,,,,,,2302900000.0,,2302900000.0,,,,,,1.0,,,0.0,,15329100000.0,,0.0,11692500000.0,,,12484900000.0,,,,,,,,,,,,,,,,,,,,,,0.0,,,,14.249,153700000.0,,27.5,,,645200000.0,1713200000.0,,,,,,,,,,1.0,,,,,14787800000.0,0.0,,412700000.0,,
0,UNM,MRT,2021-06-30,2021-06-30,2021-06-30,2021-09-07,222100000.0,70807900000.0,70076575000.0,,,0.19,53.601,-99200000.0,123100000.0,123100000.0,9140600000.0,702400000.0,,5.468,3441400000.0,,,3441400000.0,461100000.0,117400000.0,0.0,0.04,1.14,1070400000.0,1187800000.0,0.089,1187800000.0,1070400000.0,885700000.0,3.43,3.43,3.43,10947500000.0,10820200000.0,10947500000.0,8585430541.0,8.0,7.228,190100000.0,0.931,1.0,4194200000.0,0.315,353300000.0,184700000.0,73772900000.0,72855800000.0,0.0,52168900000.0,,,59860400000.0,,,5800430541.0,-42500000.0,0.0,3500000.0,-361900000.0,-232800000.0,-648100000.0,316300000.0,215200000.0,289300000.0,0.0,702400000.0,702400000.0,702400000.0,0.0,0.0,0.053,3056500000.0,1137700000.0,0.0,0.332,0.53,8.258,8.28,499800000.0,0.0,28.4,0.435,0.435,12931000000.0,11487600000.0,13334800000.0,13334800000.0,0.0,0.01,0.065,0.015,0.08,0.0,1616300000.0,1.0,204240512.0,204240512.0,,65.29,70454600000.0,0.0,183300000.0,474400000.0,344.959,
1,UNM,MRT,2021-03-31,2021-03-31,2021-03-31,2021-09-07,-24900000.0,69256600000.0,69700900000.0,,,0.192,51.883,-110900000.0,561800000.0,561800000.0,9169300000.0,785000000.0,,5.552,3346800000.0,,,3346800000.0,425000000.0,114400000.0,0.0,0.041,1.14,1147600000.0,1262000000.0,0.094,1262000000.0,1147600000.0,960700000.0,3.84,3.84,3.84,10570100000.0,10723675000.0,10570100000.0,8818540938.0,8.0,6.988,104700000.0,0.514,1.0,4193700000.0,0.314,353000000.0,186900000.0,71688600000.0,72558500000.0,0.0,49858400000.0,,,58686500000.0,,,5669840938.0,224600000.0,0.0,3900000.0,29100000.0,-232500000.0,-189300000.0,198300000.0,466000000.0,215600000.0,0.0,785000000.0,785000000.0,785000000.0,0.0,0.0,0.059,3046100000.0,1147600000.0,0.0,0.297,0.536,7.223,7.247,500600000.0,0.0,27.83,0.424,0.424,13206300000.0,11363200000.0,13363000000.0,13363000000.0,0.0,0.011,0.073,0.016,0.086,0.0,1634300000.0,1.0,203731259.0,203731259.0,,65.591,68903600000.0,43300000.0,175700000.0,319200000.0,338.208,
2,UNM,MRT,2020-12-31,2020-12-31,2020-12-31,2021-09-07,374200000.0,70625800000.0,68720725000.0,,,0.192,53.378,-119100000.0,197000000.0,197000000.0,8972900000.0,793000000.0,,5.497,3345700000.0,,,3345700000.0,349300000.0,113600000.0,0.0,0.05,1.14,1152200000.0,1265800000.0,0.096,1265800000.0,1152200000.0,964000000.0,3.89,3.89,3.89,10871000000.0,10531925000.0,10871000000.0,7946807289.0,7.0,6.278,478400000.0,2.349,1.0,4189200000.0,0.318,353000000.0,188200000.0,73421500000.0,71627350000.0,0.0,52683500000.0,,,59754800000.0,,,4672007289.0,112900000.0,0.0,4400000.0,14100000.0,-231900000.0,-216900000.0,-267700000.0,-463100000.0,597500000.0,0.0,793000000.0,793000000.0,793000000.0,0.0,0.0,0.06,3037000000.0,1152200000.0,0.0,0.293,0.43,5.892,5.897,498000000.0,0.0,22.94,0.355,0.355,12185300000.0,11269600000.0,13162100000.0,13162100000.0,0.0,0.012,0.075,0.016,0.088,0.0,1663400000.0,1.0,203662044.0,203662044.0,,64.627,70272800000.0,72700000.0,171000000.0,416100000.0,345.046,
3,UNM,MRT,2020-09-30,2020-09-30,2020-09-30,2021-09-07,477600000.0,69616000000.0,67817625000.0,,,0.176,53.509,-142900000.0,103800000.0,103800000.0,7507500000.0,953800000.0,,5.391,3378600000.0,,,3378600000.0,404300000.0,113100000.0,0.0,0.068,1.14,1405900000.0,1519000000.0,0.127,1519000000.0,1405900000.0,1216700000.0,4.66,4.65,4.66,10892200000.0,10305425000.0,10892200000.0,7053263872.0,5.0,4.643,1620700000.0,7.962,1.0,4415700000.0,0.37,350600000.0,189200000.0,72540200000.0,70748025000.0,0.0,58363500000.0,,,58723800000.0,,,3425863872.0,26800000.0,0.0,-98400000.0,-62500000.0,-232700000.0,-459100000.0,-1277700000.0,-1168700000.0,1763600000.0,0.0,953800000.0,953800000.0,953800000.0,0.0,0.0,0.08,3007700000.0,1408000000.0,64500000.0,0.245,0.315,3.592,3.612,508800000.0,0.0,16.83,0.287,0.287,6473800000.0,11192300000.0,11923200000.0,11923200000.0,0.0,0.014,0.093,0.02,0.118,0.0,1688800000.0,1.0,203556974.0,203556974.0,,58.574,69265400000.0,0.0,262900000.0,605600000.0,340.275,
4,UNM,MRT,2020-06-30,2020-06-30,2020-06-30,2021-09-07,327200000.0,69305200000.0,67152550000.0,,,0.177,51.919,-163500000.0,165600000.0,165600000.0,7490400000.0,964700000.0,,5.562,3793000000.0,,,3793000000.0,440800000.0,111000000.0,0.0,0.069,1.14,1402400000.0,1513400000.0,0.127,1513400000.0,1402400000.0,1216500000.0,4.69,4.68,4.69,10561400000.0,9990275000.0,10561400000.0,6351645415.0,5.0,4.197,1487800000.0,7.314,1.0,4396500000.0,0.37,348900000.0,185900000.0,72583700000.0,70104825000.0,0.0,57887600000.0,,,58743800000.0,,,3374745415.0,104800000.0,0.0,-195200000.0,447000000.0,-234100000.0,-69500000.0,-1477000000.0,-1496700000.0,1651300000.0,0.0,964700000.0,964700000.0,964700000.0,0.0,0.0,0.081,2966800000.0,1429700000.0,211000000.0,0.243,0.32,3.498,3.537,518100000.0,0.0,16.59,0.284,0.284,6411700000.0,11019200000.0,11886900000.0,11886900000.0,0.0,0.014,0.097,0.02,0.118,0.0,1705000000.0,1.0,203420459.0,203420459.0,,58.435,68956300000.0,0.0,251800000.0,513500000.0,338.984,
5,UNM,MRT,2020-03-31,2020-03-31,2020-03-31,2021-09-07,-217100000.0,65335900000.0,66287175000.0,,,0.179,48.298,-161900000.0,337200000.0,337200000.0,7510200000.0,980400000.0,,5.665,3314100000.0,,,3314100000.0,414100000.0,111200000.0,0.0,0.074,1.115,1411900000.0,1523100000.0,0.128,1523100000.0,1411900000.0,1230900000.0,4.72,4.71,4.72,9803100000.0,9713200000.0,9803100000.0,6289095866.0,4.0,4.129,1282800000.0,6.32,1.0,4372200000.0,0.368,348800000.0,181000000.0,67964000000.0,69152400000.0,0.0,53789000000.0,,,55532800000.0,,,3046595866.0,275100000.0,0.0,-294300000.0,348800000.0,-231300000.0,-263900000.0,-905700000.0,-1235300000.0,1444700000.0,0.0,980400000.0,980400000.0,980400000.0,0.0,0.0,0.083,2933000000.0,1439200000.0,511400000.0,0.236,0.311,3.108,3.18,540700000.0,0.0,15.01,0.256,0.256,6305800000.0,10812000000.0,11882400000.0,11882400000.0,0.0,0.015,0.101,0.02,0.119,0.0,1727300000.0,1.0,202971077.0,202971077.0,,58.542,64987100000.0,47300000.0,250500000.0,362600000.0,320.179,
6,UNM,MRT,2019-12-31,2019-12-31,2019-12-31,2021-09-07,37300000.0,67013400000.0,65933625000.0,,,0.182,48.311,-150900000.0,84100000.0,84100000.0,7496200000.0,1100300000.0,,5.725,3326600000.0,,,3326600000.0,363900000.0,110100000.0,0.0,0.037,1.09,1559500000.0,1669600000.0,0.139,1669600000.0,1559500000.0,1382100000.0,5.25,5.24,5.25,9965000000.0,9527550000.0,9965000000.0,9375088702.0,6.0,5.615,1590700000.0,7.712,1.0,4502700000.0,0.375,351700000.0,177400000.0,69904200000.0,68778225000.0,0.0,55758900000.0,,,57048400000.0,,,6014788702.0,-9900000.0,0.0,-394200000.0,348800000.0,-229200000.0,-358000000.0,-1393500000.0,-1138800000.0,1741600000.0,0.0,1100300000.0,1100300000.0,1100300000.0,0.0,0.0,0.092,2915900000.0,1586800000.0,0.0,0.208,0.604,5.466,5.554,534100000.0,0.0,29.16,0.501,0.501,6383600000.0,10728700000.0,11998900000.0,11998900000.0,0.0,0.017,0.115,0.023,0.13,0.0,1732600000.0,1.0,206268474.0,206268474.0,,58.171,66661700000.0,0.0,281800000.0,352100000.0,323.179,
7,UNM,MRT,2019-09-30,2019-09-30,2019-09-30,2021-09-07,-153200000.0,66955700000.0,64649175000.0,,,0.183,46.166,-156000000.0,77000000.0,77000000.0,7444400000.0,1053200000.0,,5.952,3437300000.0,,,3437300000.0,408200000.0,109100000.0,0.0,0.036,1.065,1487200000.0,1596300000.0,0.135,1596300000.0,1487200000.0,1314400000.0,4.94,4.94,4.94,9631600000.0,9191750000.0,9631600000.0,9480910705.0,6.0,5.939,1553800000.0,7.448,1.0,4400700000.0,0.372,348600000.0,172800000.0,69967400000.0,67402825000.0,0.0,55585400000.0,,,57324100000.0,,,6200510705.0,-137200000.0,-145400000.0,-441900000.0,445400000.0,-225700000.0,-298400000.0,-1548600000.0,-881900000.0,1709800000.0,0.0,1053200000.0,1053200000.0,1053200000.0,0.0,0.0,0.089,2888300000.0,1512400000.0,0.0,0.216,0.644,5.887,6.016,568300000.0,0.0,29.72,0.523,0.523,6483000000.0,10491500000.0,11845100000.0,11845100000.0,0.0,0.016,0.115,0.022,0.126,0.0,1733600000.0,1.0,208630912.0,208630912.0,,56.775,66607100000.0,0.0,261200000.0,288100000.0,319.258,
8,UNM,MRT,2019-06-30,2019-06-30,2019-06-30,2021-09-07,-242500000.0,65843700000.0,63472700000.0,,,0.186,44.615,-149400000.0,60800000.0,60800000.0,8151800000.0,526500000.0,,5.965,3341200000.0,,,3341200000.0,448300000.0,106800000.0,0.0,0.031,1.04,806600000.0,913400000.0,0.077,913400000.0,806600000.0,637200000.0,2.48,2.48,2.48,9453100000.0,8913400000.0,9453100000.0,10005195472.0,12.0,10.954,1633600000.0,7.71,1.0,3661100000.0,0.31,350100000.0,169400000.0,68774000000.0,66079250000.0,0.0,54394400000.0,,,56390600000.0,,,7108595472.0,-38700000.0,-145400000.0,-345100000.0,135900000.0,-223200000.0,-486000000.0,-1335700000.0,-672800000.0,1783000000.0,0.0,526500000.0,526500000.0,526500000.0,0.0,0.0,0.045,2854500000.0,806600000.0,0.0,0.419,0.752,13.502,13.528,556100000.0,0.0,33.55,0.602,0.602,6469200000.0,10308900000.0,11812900000.0,11812900000.0,0.0,0.008,0.059,0.012,0.068,0.0,1723100000.0,1.0,211880640.0,211880640.0,,55.753,65493600000.0,0.0,110700000.0,287200000.0,309.106,
9,UNM,MRT,2019-03-31,2019-03-31,2019-03-31,2021-09-07,-502300000.0,63921700000.0,62603425000.0,,,0.187,42.215,-143100000.0,62100000.0,62100000.0,8053300000.0,530800000.0,,6.055,2958700000.0,,,2958700000.0,417700000.0,104200000.0,0.0,0.03,1.01,809200000.0,913400000.0,0.078,913400000.0,809200000.0,640000000.0,2.44,2.44,2.44,9060500000.0,8911725000.0,9060500000.0,10138087769.0,13.0,11.099,1610300000.0,7.503,1.0,3633200000.0,0.311,351000000.0,169200000.0,66467300000.0,65165325000.0,0.0,52553600000.0,,,54861200000.0,,,7260787769.0,-246800000.0,-145400000.0,-345800000.0,30700000.0,-218900000.0,-585600000.0,-1414600000.0,-750100000.0,1753400000.0,0.0,530800000.0,530800000.0,530800000.0,0.0,0.0,0.045,2824000000.0,809200000.0,0.0,0.414,0.801,13.679,13.865,548200000.0,0.0,33.83,0.621,0.621,6429900000.0,10083100000.0,11686500000.0,11686500000.0,0.0,0.008,0.06,0.012,0.069,0.0,1700800000.0,1.0,214625710.0,214625710.0,,54.451,63570700000.0,30200000.0,109200000.0,268300000.0,296.193,
10,UNM,MRT,2018-12-31,2018-12-31,2018-12-31,2021-09-07,-814200000.0,61875600000.0,62376075000.0,,,0.186,39.414,-144100000.0,94000000.0,94000000.0,8020400000.0,523400000.0,,6.177,2971300000.0,,,2971300000.0,363300000.0,101400000.0,0.0,0.033,0.98,795100000.0,896500000.0,0.077,896500000.0,795100000.0,627800000.0,2.38,2.38,2.38,8621800000.0,9021475000.0,8621800000.0,9196130724.0,12.0,10.258,1392400000.0,6.365,1.0,3578100000.0,0.308,350300000.0,167300000.0,64402600000.0,64867600000.0,0.0,50707600000.0,,,53253800000.0,,,6426830724.0,16600000.0,-145400000.0,-351600000.0,30700000.0,-215600000.0,-589800000.0,-930100000.0,-372500000.0,1536500000.0,0.0,523400000.0,523400000.0,523400000.0,0.0,0.0,0.045,2783000000.0,795100000.0,0.0,0.412,0.745,12.279,12.345,546900000.0,0.0,29.38,0.554,0.554,6277900000.0,9863100000.0,11598500000.0,11598500000.0,0.0,0.008,0.058,0.012,0.069,0.0,1673900000.0,1.0,218748493.0,218748493.0,,53.022,61525300000.0,109900000.0,104400000.0,24000000.0,281.26,
11,UNM,MRT,2018-09-30,2018-09-30,2018-09-30,2021-09-07,-868500000.0,62249800000.0,62910450000.0,,,0.184,38.948,-136200000.0,214200000.0,214200000.0,7980000000.0,541200000.0,,6.308,2983500000.0,,,2983500000.0,428000000.0,99900000.0,0.0,0.024,0.95,828800000.0,928700000.0,0.08,928700000.0,828800000.0,663400000.0,2.41,2.4,2.41,8518200000.0,9259750000.0,8518200000.0,11643015915.0,14.0,12.537,1234800000.0,5.646,1.0,3576900000.0,0.31,346000000.0,165400000.0,64673100000.0,65400800000.0,0.0,50945900000.0,,,53731600000.0,,,8544815915.0,144100000.0,0.0,-295500000.0,30700000.0,-212100000.0,-528700000.0,-698200000.0,-562000000.0,1371000000.0,0.0,541200000.0,541200000.0,541200000.0,0.0,0.0,0.047,2748100000.0,828800000.0,238200000.0,0.394,1.003,15.789,16.212,521000000.0,0.0,39.07,0.739,0.739,6377000000.0,9670800000.0,11556900000.0,11556900000.0,0.0,0.009,0.058,0.013,0.072,0.0,1651700000.0,1.0,218705296.0,218705296.0,,52.842,61903800000.0,176400000.0,122200000.0,0.0,283.047,
12,UNM,MRT,2018-06-30,2018-06-30,2018-06-30,2021-09-07,-276200000.0,62366600000.0,63299425000.0,,,0.181,42.706,-117100000.0,99500000.0,99500000.0,7166700000.0,1078200000.0,,5.602,3197700000.0,,,3197700000.0,460700000.0,99500000.0,0.0,0.025,0.92,1570800000.0,1670300000.0,0.146,1670300000.0,1570800000.0,1408000000.0,4.83,4.82,4.83,9446400000.0,9492350000.0,9446400000.0,10794987440.0,7.0,6.463,1093900000.0,4.945,1.0,4281500000.0,0.374,346500000.0,162800000.0,65118300000.0,65820375000.0,0.0,51218300000.0,,,52920200000.0,,,8181987440.0,-17500000.0,0.0,-388700000.0,230700000.0,-207000000.0,-411300000.0,-817200000.0,-700100000.0,1211000000.0,0.0,1078200000.0,1078200000.0,1078200000.0,0.0,0.0,0.094,2710700000.0,1570800000.0,307700000.0,0.19,0.866,7.589,7.658,510800000.0,0.0,36.99,0.715,0.715,6443900000.0,10012400000.0,11448200000.0,11448200000.0,0.0,0.017,0.114,0.024,0.137,0.0,1624100000.0,1.0,221194578.0,221194578.0,,51.756,62020100000.0,2800000.0,329800000.0,85500000.0,280.387,
13,UNM,MRT,2018-03-31,2018-03-31,2018-03-31,2021-09-07,-82400000.0,63012300000.0,63553175000.0,,,0.179,42.933,-107100000.0,308900000.0,308900000.0,7114600000.0,1037800000.0,,5.633,2921900000.0,,,2921900000.0,432800000.0,101500000.0,0.0,0.019,0.89,1575100000.0,1676600000.0,0.147,1676600000.0,1575100000.0,1414800000.0,4.62,4.6,4.62,9499500000.0,9459900000.0,9499500000.0,13395140971.0,9.0,7.989,1046700000.0,4.731,1.0,4265300000.0,0.375,348900000.0,160300000.0,65276400000.0,66014775000.0,0.0,51693300000.0,,,53512800000.0,,,10534240971.0,201900000.0,0.0,-389500000.0,-63300000.0,-201900000.0,-698500000.0,-253400000.0,-146300000.0,1153800000.0,0.0,1037800000.0,1037800000.0,1037800000.0,0.0,0.0,0.091,2690200000.0,1575100000.0,382200000.0,0.193,1.109,10.151,10.305,508400000.0,0.0,47.61,0.926,0.926,6552200000.0,9777800000.0,11379900000.0,11379900000.0,0.0,0.016,0.11,0.024,0.138,0.0,1610000000.0,1.0,221261100.0,221261100.0,,51.432,62663400000.0,0.0,377000000.0,190200000.0,283.21,
14,UNM,MRT,2017-12-31,2017-12-31,2017-12-31,2021-09-07,127500000.0,64013100000.0,63431275000.0,,,0.178,42.671,-105300000.0,77400000.0,77400000.0,7055700000.0,994200000.0,,5.686,2938300000.0,,,2938300000.0,373100000.0,103400000.0,0.0,0.016,0.86,1563900000.0,1667300000.0,0.148,1667300000.0,1563900000.0,1404000000.0,4.39,4.37,4.39,9574900000.0,9361875000.0,9574900000.0,15200616821.0,10.0,9.117,1058800000.0,4.719,1.0,4231100000.0,0.375,338600000.0,159900000.0,66535400000.0,65962325000.0,0.0,53044000000.0,,,54438200000.0,,,12316716821.0,-23000000.0,0.0,-391000000.0,-63500000.0,-196000000.0,-687800000.0,-499300000.0,-394000000.0,1164100000.0,0.0,994200000.0,994200000.0,994200000.0,0.0,0.0,0.088,2667200000.0,1563900000.0,396200000.0,0.196,1.286,12.389,12.503,504800000.0,0.0,54.89,1.091,1.091,6544900000.0,9542200000.0,11286800000.0,11286800000.0,0.0,0.016,0.106,0.024,0.139,0.0,1587900000.0,1.0,224389084.0,224389084.0,,50.3,63674500000.0,0.0,409800000.0,201900000.0,283.768,
15,UNM,MRT,2017-09-30,2017-09-30,2017-09-30,2021-09-07,124300000.0,63805700000.0,62913375000.0,,,0.179,41.867,-89600000.0,70100000.0,70100000.0,7002500000.0,975300000.0,,5.753,2954000000.0,,,2954000000.0,430100000.0,104200000.0,0.0,0.016,0.83,1589500000.0,1693700000.0,0.151,1693700000.0,1589500000.0,1429900000.0,4.27,4.26,4.27,9448600000.0,9210150000.0,9448600000.0,14390550571.0,9.0,8.497,1153700000.0,5.112,1.0,4241600000.0,0.377,338200000.0,159600000.0,66351400000.0,65454825000.0,0.0,52836400000.0,,,54357100000.0,,,11539150571.0,-17800000.0,-700000.0,-388900000.0,-63500000.0,-190500000.0,-677700000.0,-583400000.0,-468400000.0,1243300000.0,0.0,975300000.0,975300000.0,975300000.0,0.0,0.0,0.087,2652100000.0,1589500000.0,398300000.0,0.194,1.221,11.831,11.974,489900000.0,0.0,51.13,1.026,1.026,6591400000.0,9327200000.0,11244100000.0,11244100000.0,0.0,0.016,0.106,0.024,0.141,0.0,1568200000.0,1.0,225682585.0,225682585.0,,49.823,63467500000.0,0.0,454600000.0,272500000.0,281.225,
16,UNM,MRT,2017-06-30,2017-06-30,2017-06-30,2021-09-07,104900000.0,63381600000.0,62938225000.0,,,0.178,40.824,-91200000.0,117000000.0,117000000.0,6979500000.0,959000000.0,,5.803,2968400000.0,,,2968400000.0,456900000.0,104500000.0,0.0,0.017,0.8,1559900000.0,1664400000.0,0.149,1664400000.0,1559900000.0,1395200000.0,4.16,4.15,4.16,9316600000.0,9188300000.0,9316600000.0,13519213597.0,9.0,8.123,1118300000.0,4.9,1.0,4208800000.0,0.376,337100000.0,164700000.0,65895900000.0,65492025000.0,0.0,52391700000.0,,,54065000000.0,,,10641613597.0,23200000.0,-129200000.0,-396000000.0,-423500000.0,-185500000.0,-1039600000.0,-146700000.0,108500000.0,1209500000.0,0.0,959000000.0,959000000.0,959000000.0,0.0,0.0,0.086,2648900000.0,1559900000.0,404800000.0,0.192,1.142,11.097,11.209,497100000.0,0.0,46.63,0.951,0.951,6479700000.0,9126700000.0,11188300000.0,11188300000.0,0.0,0.015,0.104,0.024,0.139,0.0,1557700000.0,1.0,228213888.0,228213888.0,,49.026,63044500000.0,0.0,436200000.0,250800000.0,276.252,
17,UNM,MRT,2017-03-31,2017-03-31,2017-03-31,2021-09-07,400000.0,62524700000.0,63056100000.0,,,0.176,39.731,-95100000.0,107000000.0,107000000.0,6961000000.0,950700000.0,,5.865,2984600000.0,,,2984600000.0,419500000.0,102800000.0,0.0,0.017,0.785,1541000000.0,1643800000.0,0.148,1643800000.0,1541000000.0,1373800000.0,4.08,4.08,4.08,9107400000.0,9148400000.0,9107400000.0,13647558876.0,9.0,8.302,1043400000.0,4.552,1.0,4166600000.0,0.374,335700000.0,167200000.0,65066600000.0,65749525000.0,0.0,51556700000.0,,,53417300000.0,,,10748558876.0,-13700000.0,-129200000.0,-395500000.0,193100000.0,-183900000.0,-420600000.0,-731600000.0,-496800000.0,1138500000.0,0.0,950700000.0,950700000.0,950700000.0,0.0,0.0,0.085,2625600000.0,1541000000.0,397600000.0,0.192,1.18,11.306,11.493,501200000.0,0.0,46.89,0.966,0.966,6538200000.0,8927400000.0,11127600000.0,11127600000.0,0.0,0.015,0.104,0.023,0.138,0.0,1539300000.0,1.0,229229236.0,229229236.0,,48.544,62189000000.0,0.0,423100000.0,253800000.0,271.296,
18,UNM,MRT,2016-12-31,2016-12-31,2016-12-31,2021-09-07,-51000000.0,61941500000.0,62916900000.0,,,0.176,38.635,-85000000.0,100400000.0,100400000.0,6941800000.0,931400000.0,,5.907,2999400000.0,,,2999400000.0,363700000.0,101700000.0,0.0,0.018,0.77,1513700000.0,1615400000.0,0.146,1615400000.0,1513700000.0,1347700000.0,3.96,3.95,3.96,8968000000.0,9101625000.0,8968000000.0,13128892546.0,9.0,8.127,1036600000.0,4.466,1.0,4104700000.0,0.372,335100000.0,166000000.0,64505400000.0,65585700000.0,0.0,51130900000.0,,,52973500000.0,,,10196992546.0,-12500000.0,-129200000.0,-396700000.0,195100000.0,-182600000.0,-418600000.0,-715500000.0,-501300000.0,1121600000.0,0.0,931400000.0,931400000.0,931400000.0,0.0,0.0,0.084,2591000000.0,1513700000.0,406000000.0,0.194,1.137,10.948,11.093,500600000.0,0.0,43.93,0.923,0.923,6469700000.0,8744000000.0,11046500000.0,11046500000.0,0.0,0.015,0.102,0.023,0.137,0.0,1519700000.0,1.0,232119111.0,232119111.0,,47.59,61606400000.0,0.0,416300000.0,150900000.0,265.409,
19,UNM,MRT,2016-09-30,2016-09-30,2016-09-30,2021-09-07,450700000.0,63905100000.0,62572425000.0,,,0.175,39.896,-87000000.0,87900000.0,87900000.0,6941100000.0,909500000.0,,5.827,3019800000.0,,,3019800000.0,427800000.0,101400000.0,0.0,0.021,0.755,1458200000.0,1559600000.0,0.142,1559600000.0,1458200000.0,1293100000.0,3.82,3.82,3.82,9361200000.0,9025600000.0,9361200000.0,11584739493.0,8.0,7.428,960600000.0,4.094,1.0,4031300000.0,0.367,336800000.0,165100000.0,66500200000.0,65214650000.0,0.0,53108600000.0,,,54543900000.0,,,8285239493.0,-21400000.0,-128500000.0,-393800000.0,317800000.0,-181200000.0,-290200000.0,-778800000.0,-593000000.0,1047600000.0,0.0,909500000.0,909500000.0,909500000.0,0.0,0.0,0.083,2573100000.0,1458200000.0,440100000.0,0.198,0.885,9.11,9.243,509700000.0,0.0,35.31,0.755,0.755,6471500000.0,8542400000.0,10972400000.0,10972400000.0,0.0,0.015,0.101,0.022,0.133,0.0,1504300000.0,1.0,234642863.0,234642863.0,,46.762,63568300000.0,0.0,383600000.0,358500000.0,270.915,
20,UNM,MRT,2016-06-30,2016-06-30,2016-06-30,2021-09-07,339800000.0,63853100000.0,61972100000.0,,,0.175,38.514,-88700000.0,93800000.0,93800000.0,6889400000.0,877300000.0,,5.973,3393300000.0,,,3393300000.0,457500000.0,101500000.0,0.0,0.023,0.74,1417900000.0,1519400000.0,0.14,1519400000.0,1417900000.0,1259900000.0,3.64,3.64,3.64,9157000000.0,8830575000.0,9157000000.0,10231551457.0,7.0,6.734,1038400000.0,4.367,1.0,3977500000.0,0.366,226700000.0,158000000.0,66925900000.0,64561000000.0,0.0,53114000000.0,,,54696100000.0,,,7558351457.0,-28800000.0,-54300000.0,-408700000.0,678600000.0,-180100000.0,56900000.0,-1212800000.0,-1110100000.0,1127100000.0,0.0,877300000.0,877300000.0,877300000.0,0.0,0.0,0.081,2559600000.0,1417900000.0,450200000.0,0.203,0.825,8.615,8.734,510900000.0,0.0,31.79,0.696,0.696,6455800000.0,8353200000.0,10866900000.0,10866900000.0,0.0,0.014,0.099,0.022,0.13,0.0,1492000000.0,1.0,237758775.0,237758775.0,,45.706,63626400000.0,0.0,382600000.0,345400000.0,267.609,
21,UNM,MRT,2016-03-31,2016-03-31,2016-03-31,2021-09-07,200700000.0,61967900000.0,61435525000.0,,,0.176,37.346,-86000000.0,120700000.0,120700000.0,6858700000.0,864800000.0,,5.947,2793900000.0,,,2793900000.0,433800000.0,101400000.0,0.0,0.023,0.72,1393100000.0,1494500000.0,0.138,1494500000.0,1393100000.0,1239500000.0,3.54,3.54,3.54,8920300000.0,8670250000.0,8920300000.0,10100046907.0,7.0,6.758,1099300000.0,4.602,1.0,3950600000.0,0.365,229800000.0,153600000.0,64411300000.0,63859050000.0,0.0,51239900000.0,,,53047600000.0,,,7385446907.0,36600000.0,-54300000.0,-411300000.0,61000000.0,-177100000.0,-558800000.0,-589900000.0,-795600000.0,1185300000.0,0.0,864800000.0,864800000.0,864800000.0,0.0,0.0,0.08,2557500000.0,1393100000.0,425900000.0,0.203,0.828,8.54,8.734,515200000.0,0.0,30.92,0.683,0.683,6459500000.0,8160600000.0,10809300000.0,10809300000.0,0.0,0.014,0.1,0.022,0.129,0.0,1479500000.0,1.0,238856627.0,238856627.0,,45.254,61738100000.0,0.0,374700000.0,287400000.0,258.473,
22,UNM,MRT,2015-12-31,2015-12-31,2015-12-31,2021-09-07,16100000.0,60563600000.0,61697175000.0,,,0.174,35.588,-100200000.0,112900000.0,112900000.0,6782800000.0,867100000.0,,5.99,2801400000.0,,,2801400000.0,384200000.0,99500000.0,0.0,0.021,0.7,1391100000.0,1490600000.0,0.139,1490600000.0,1391100000.0,1238300000.0,3.51,3.5,3.51,8663900000.0,8612150000.0,8663900000.0,10718264112.0,8.0,7.191,1191900000.0,4.896,1.0,3948500000.0,0.368,230900000.0,152800000.0,63021200000.0,64128075000.0,0.0,50023700000.0,,,51899700000.0,,,8104364112.0,10400000.0,-54300000.0,-411500000.0,45100000.0,-174200000.0,-568700000.0,-713000000.0,-900100000.0,1292100000.0,0.0,867100000.0,867100000.0,867100000.0,0.0,0.0,0.081,2557400000.0,1391100000.0,415400000.0,0.199,0.935,9.347,9.484,523900000.0,0.0,33.29,0.755,0.755,6323500000.0,7995200000.0,10731300000.0,10731300000.0,0.0,0.014,0.101,0.022,0.13,0.0,1478600000.0,1.0,243447405.0,243447405.0,,44.081,60332700000.0,0.0,371200000.0,97800000.0,247.826,
23,UNM,MRT,2015-09-30,2015-09-30,2015-09-30,2021-09-07,22000000.0,61503800000.0,62168825000.0,,,0.171,34.786,-101000000.0,109300000.0,109300000.0,7420100000.0,358800000.0,,6.167,2723200000.0,,,2723200000.0,452800000.0,95900000.0,0.0,0.021,0.68,619500000.0,715400000.0,0.067,715400000.0,619500000.0,467100000.0,1.48,1.48,1.48,8581100000.0,8576650000.0,8581100000.0,10523634821.0,17.0,14.71,1178000000.0,4.775,1.0,3227800000.0,0.303,232100000.0,152400000.0,63885600000.0,64605175000.0,0.0,50921700000.0,,,52922700000.0,,,7913534821.0,48700000.0,-54300000.0,-316600000.0,-69000000.0,-170900000.0,-583800000.0,-646500000.0,-823400000.0,1279000000.0,0.0,358800000.0,358800000.0,358800000.0,0.0,0.0,0.034,2608300000.0,619500000.0,410400000.0,0.459,0.922,22.056,21.676,529600000.0,0.0,32.08,0.743,0.743,6391800000.0,7814100000.0,10647900000.0,10647900000.0,0.0,0.006,0.042,0.01,0.058,0.0,1469200000.0,1.0,246681260.0,246681260.0,,43.165,61271700000.0,0.0,108300000.0,79100000.0,248.384,
24,UNM,MRT,2015-06-30,2015-06-30,2015-06-30,2021-09-07,3400000.0,61706800000.0,62283025000.0,,,0.17,34.13,-109200000.0,122600000.0,122600000.0,7382800000.0,374100000.0,,6.246,2732700000.0,,,2732700000.0,489600000.0,93600000.0,0.0,0.018,0.66,637900000.0,731500000.0,0.069,731500000.0,637900000.0,485200000.0,1.51,1.51,1.51,8515700000.0,8742375000.0,8515700000.0,11591108276.0,18.0,15.846,1115000000.0,4.469,1.0,3221600000.0,0.304,198800000.0,152700000.0,64118100000.0,64771975000.0,0.0,51023100000.0,,,53191100000.0,,,8920008276.0,10600000.0,0.0,-303000000.0,-60000000.0,-167200000.0,-555400000.0,-658200000.0,-898000000.0,1224200000.0,0.0,374100000.0,374100000.0,374100000.0,0.0,0.0,0.035,2583700000.0,637900000.0,409900000.0,0.437,1.047,23.844,23.675,535700000.0,0.0,35.75,0.841,0.841,6430200000.0,7656000000.0,10604400000.0,10604400000.0,0.0,0.006,0.043,0.01,0.06,0.0,1445800000.0,1.0,249510721.0,249510721.0,,42.501,61508000000.0,5700000.0,111100000.0,41200000.0,246.514,
25,UNM,MRT,2015-03-31,2015-03-31,2015-03-31,2021-09-07,260400000.0,63014500000.0,62410850000.0,,,0.169,34.555,-117800000.0,84100000.0,84100000.0,7333400000.0,389200000.0,,6.253,2755200000.0,,,2755200000.0,439600000.0,90600000.0,0.0,0.019,0.64,682600000.0,773200000.0,0.073,773200000.0,682600000.0,515200000.0,1.54,1.54,1.54,8687900000.0,8924375000.0,8687900000.0,11158583927.0,16.0,14.432,1159200000.0,4.611,1.0,3224100000.0,0.305,198200000.0,167400000.0,65487400000.0,64931000000.0,0.0,52342200000.0,,,54326600000.0,,,8480483927.0,7900000.0,0.0,-302100000.0,-200700000.0,-163400000.0,-704400000.0,-564700000.0,-462500000.0,1277000000.0,0.0,389200000.0,389200000.0,389200000.0,0.0,0.0,0.037,2541500000.0,682600000.0,0.0,0.416,0.976,21.79,21.903,537500000.0,0.0,33.73,0.803,0.803,6539600000.0,7472900000.0,10557500000.0,10557500000.0,0.0,0.006,0.044,0.011,0.065,0.0,1412700000.0,1.0,251422589.0,251422589.0,,41.991,62816300000.0,0.0,126000000.0,212400000.0,249.844,
26,UNM,MRT,2014-12-31,2014-12-31,2014-12-31,2021-09-07,166400000.0,62450200000.0,61926875000.0,,,0.17,33.818,-114500000.0,102500000.0,102500000.0,7310800000.0,402100000.0,,6.328,2780600000.0,,,2780600000.0,396600000.0,87900000.0,0.0,0.018,0.62,709500000.0,797400000.0,0.076,797400000.0,709500000.0,542000000.0,1.57,1.57,1.57,8521900000.0,8991325000.0,8521900000.0,11582373914.0,16.0,14.525,1109100000.0,4.401,1.0,3213700000.0,0.305,198700000.0,167500000.0,64929600000.0,64511950000.0,0.0,51747400000.0,,,53928300000.0,,,8789473914.0,8400000.0,0.0,-293700000.0,160600000.0,-159400000.0,-328600000.0,-886600000.0,-768400000.0,1223600000.0,0.0,402100000.0,402100000.0,402100000.0,0.0,0.0,0.038,2504200000.0,709500000.0,73800000.0,0.395,1.031,21.859,22.217,531700000.0,0.0,34.88,0.835,0.835,6541100000.0,7302300000.0,10524500000.0,10524500000.0,0.0,0.006,0.045,0.011,0.067,0.0,1376100000.0,1.0,251991798.0,251991798.0,,41.765,62251500000.0,69500000.0,139900000.0,62000000.0,247.038,
27,UNM,MRT,2014-09-30,2014-09-30,2014-09-30,2021-09-07,548600000.0,61960600000.0,61165225000.0,,,0.171,36.282,-192300000.0,60600000.0,60600000.0,6582100000.0,894400000.0,,5.703,2853500000.0,,,2853500000.0,472800000.0,87400000.0,0.0,0.017,0.6,1483800000.0,1571200000.0,0.15,1571200000.0,1483800000.0,1317200000.0,3.47,3.46,3.47,9244000000.0,9025625000.0,9244000000.0,11496698204.0,8.0,7.317,1073700000.0,4.214,1.0,3904400000.0,0.372,200700000.0,166600000.0,64552800000.0,63709700000.0,0.0,51379400000.0,,,52716600000.0,,,8759298204.0,-2400000.0,0.0,-338000000.0,467300000.0,-155400000.0,-83500000.0,-1184900000.0,-692300000.0,1266000000.0,0.0,894400000.0,894400000.0,894400000.0,0.0,0.0,0.085,2420600000.0,1483800000.0,0.0,0.173,0.948,9.793,9.908,531400000.0,0.0,34.38,0.835,0.835,6518000000.0,8658000000.0,10486500000.0,10486500000.0,0.0,0.015,0.099,0.023,0.141,0.0,1353200000.0,1.0,254778889.0,254778889.0,,41.159,61759900000.0,0.0,422800000.0,442900000.0,242.406,
28,UNM,MRT,2014-06-30,2014-06-30,2014-06-30,2021-09-07,631900000.0,62218100000.0,60571525000.0,,,0.172,35.91,-163900000.0,112000000.0,112000000.0,6570100000.0,881000000.0,,5.731,2849400000.0,,,2849400000.0,521500000.0,85000000.0,0.0,0.017,0.58,1449900000.0,1534900000.0,0.147,1534900000.0,1449900000.0,1284300000.0,3.39,3.38,3.39,9243700000.0,8882100000.0,9243700000.0,11881176918.0,8.0,7.741,1145100000.0,4.449,1.0,3843000000.0,0.369,201300000.0,165600000.0,64754200000.0,63094725000.0,0.0,51564900000.0,,,52974400000.0,,,8947576918.0,64200000.0,0.0,-311400000.0,444400000.0,-151800000.0,-69700000.0,-1175100000.0,-671100000.0,1309000000.0,0.0,881000000.0,881000000.0,881000000.0,0.0,0.0,0.085,2393100000.0,1449900000.0,0.0,0.171,0.968,10.156,10.254,528300000.0,0.0,34.76,0.859,0.859,6496000000.0,8478900000.0,10413100000.0,10413100000.0,0.0,0.015,0.099,0.023,0.139,0.0,1334500000.0,1.0,257410153.0,257410153.0,,40.453,62016800000.0,0.0,403300000.0,434300000.0,240.926,
29,UNM,MRT,2014-03-31,2014-03-31,2014-03-31,2021-09-07,454400000.0,61078600000.0,59858550000.0,,,0.173,34.518,-133600000.0,76200000.0,76200000.0,6578500000.0,860200000.0,,5.82,3009800000.0,,,3009800000.0,472200000.0,84400000.0,0.0,0.016,0.565,1396200000.0,1480600000.0,0.143,1480600000.0,1396200000.0,1246000000.0,3.28,3.27,3.28,8955700000.0,8666325000.0,8955700000.0,11755502524.0,8.0,7.94,979500000.0,3.775,1.0,3779700000.0,0.365,201000000.0,150200000.0,63811200000.0,62384925000.0,0.0,50532900000.0,,,52122900000.0,,,9161102524.0,-25800000.0,0.0,-306400000.0,506700000.0,-149100000.0,19900000.0,-1158800000.0,-660100000.0,1113100000.0,0.0,860200000.0,860200000.0,860200000.0,0.0,0.0,0.083,2383500000.0,1396200000.0,0.0,0.172,1.023,10.65,10.765,519400000.0,0.0,35.31,0.884,0.884,6502000000.0,8273800000.0,10358200000.0,10358200000.0,0.0,0.014,0.099,0.022,0.135,0.0,1321000000.0,1.0,259447820.0,259447820.0,,39.924,60877600000.0,0.0,385800000.0,329900000.0,234.643,
30,UNM,MRT,2013-12-31,2013-12-31,2013-12-31,2021-09-07,255000000.0,59403600000.0,59991750000.0,,,0.173,33.156,-105500000.0,94100000.0,94100000.0,6595700000.0,847000000.0,,5.86,2612000000.0,,,2612000000.0,413800000.0,84800000.0,0.0,0.016,0.55,1369400000.0,1454200000.0,0.14,1454200000.0,1369400000.0,1220000000.0,3.2,3.19,3.2,8659100000.0,8566850000.0,8659100000.0,11870370993.0,9.0,8.163,926000000.0,3.546,1.0,3772900000.0,0.364,200900000.0,149400000.0,61720600000.0,62486800000.0,0.0,48914900000.0,,,50744500000.0,,,9161570993.0,16800000.0,0.0,-305800000.0,-116200000.0,-146500000.0,-595500000.0,-419200000.0,64300000.0,1031500000.0,0.0,847000000.0,847000000.0,847000000.0,0.0,0.0,0.082,2403500000.0,1369400000.0,0.0,0.172,1.058,10.816,10.963,511900000.0,0.0,35.08,0.884,0.884,6454300000.0,8083200000.0,10368600000.0,10368600000.0,0.0,0.014,0.099,0.022,0.132,0.0,1328400000.0,1.0,261162229.0,261162229.0,,39.702,59202700000.0,50300000.0,373000000.0,144300000.0,226.689,
31,UNM,MRT,2013-09-30,2013-09-30,2013-09-30,2021-09-07,409600000.0,59585800000.0,60699875000.0,,,0.172,32.891,-105400000.0,63000000.0,63000000.0,6641100000.0,870800000.0,,5.873,2771800000.0,,,2771800000.0,483200000.0,84200000.0,0.0,0.018,0.535,1372000000.0,1456200000.0,0.14,1456200000.0,1372000000.0,1222100000.0,3.24,3.24,3.24,8669900000.0,8555225000.0,8669900000.0,10773679499.0,8.0,7.398,1029900000.0,3.907,1.0,3784700000.0,0.363,201700000.0,149900000.0,62092900000.0,63348725000.0,0.0,49121700000.0,,,50915900000.0,,,8023879499.0,9400000.0,0.0,-363600000.0,-586900000.0,-144500000.0,-1096700000.0,-29200000.0,-18500000.0,1135300000.0,0.0,870800000.0,870800000.0,870800000.0,0.0,0.0,0.084,2412700000.0,1372000000.0,0.0,0.165,0.925,9.214,9.395,508800000.0,0.0,30.44,0.77,0.77,6521600000.0,7899700000.0,10425800000.0,10425800000.0,0.0,0.014,0.102,0.022,0.132,0.0,1324800000.0,1.0,263596567.0,263596567.0,,39.552,59384100000.0,31100000.0,351300000.0,186300000.0,225.284,
32,UNM,MRT,2013-06-30,2013-06-30,2013-06-30,2021-09-07,216700000.0,59366200000.0,61333325000.0,,,0.171,31.397,-105400000.0,47800000.0,47800000.0,6686400000.0,895300000.0,,6.084,2797600000.0,,,2797600000.0,517300000.0,85800000.0,0.0,0.018,0.52,1407500000.0,1493300000.0,0.142,1493300000.0,1407500000.0,1258400000.0,3.29,3.29,3.29,8380600000.0,8556075000.0,8380600000.0,10647864816.0,8.0,7.13,1043400000.0,3.909,1.0,3826500000.0,0.364,201000000.0,149100000.0,61915000000.0,64101550000.0,0.0,48894000000.0,,,50985600000.0,,,7839664816.0,9800000.0,0.0,-388500000.0,-332600000.0,-142600000.0,-864800000.0,-274200000.0,-256900000.0,1148800000.0,0.0,895300000.0,895300000.0,895300000.0,0.0,0.0,0.085,2419000000.0,1407500000.0,0.0,0.158,0.935,8.756,8.927,504700000.0,0.0,29.37,0.746,0.746,6515200000.0,7732400000.0,10512900000.0,10512900000.0,0.0,0.015,0.105,0.022,0.134,0.0,1318300000.0,1.0,266927641.0,266927641.0,,39.385,59165200000.0,8600000.0,363100000.0,101400000.0,221.653,
33,UNM,MRT,2013-03-31,2013-03-31,2013-03-31,2021-09-07,485700000.0,61611400000.0,61661450000.0,,,0.171,31.719,-105400000.0,102000000.0,102000000.0,6707800000.0,893100000.0,,6.199,2910200000.0,,,2910200000.0,477900000.0,85000000.0,0.0,0.018,0.495,1390300000.0,1475300000.0,0.14,1475300000.0,1390300000.0,1243300000.0,3.23,3.23,3.23,8557800000.0,8557400000.0,8557800000.0,10755707004.0,8.0,7.291,1210000000.0,4.485,1.0,3821100000.0,0.363,200900000.0,147000000.0,64218700000.0,64484500000.0,0.0,51101600000.0,,,53053600000.0,,,7621807004.0,-500000.0,0.0,-415800000.0,-156700000.0,-138100000.0,-711900000.0,-604000000.0,-594200000.0,1315400000.0,0.0,893100000.0,893100000.0,893100000.0,0.0,0.0,0.085,2430800000.0,1390300000.0,0.0,0.153,0.891,8.534,8.746,499000000.0,0.0,28.25,0.724,0.724,6593700000.0,7548500000.0,10528900000.0,10528900000.0,0.0,0.014,0.104,0.022,0.132,0.0,1326200000.0,1.0,269798478.0,269798478.0,,39.025,61410500000.0,0.0,350200000.0,310300000.0,227.616,
34,UNM,MRT,2012-12-31,2012-12-31,2012-12-31,2021-09-07,628000000.0,62236100000.0,61151550000.0,,,0.172,31.305,-105400000.0,77300000.0,77300000.0,6722200000.0,894400000.0,,6.226,3211200000.0,,,3211200000.0,426700000.0,84300000.0,0.0,0.023,0.47,1394900000.0,1479200000.0,0.141,1479200000.0,1394900000.0,1249500000.0,3.18,3.17,3.18,8612600000.0,8462925000.0,8612600000.0,8914254864.0,6.0,6.026,1274200000.0,4.631,1.0,3793200000.0,0.361,201700000.0,145400000.0,65168300000.0,63978025000.0,0.0,51904800000.0,,,53623500000.0,,,5728054864.0,-39300000.0,0.0,-491800000.0,176400000.0,-133800000.0,-449000000.0,-969900000.0,-962500000.0,1379600000.0,0.0,894400000.0,894400000.0,894400000.0,0.0,0.0,0.085,2398300000.0,1394900000.0,0.0,0.148,0.665,6.404,6.547,501600000.0,0.0,20.82,0.545,0.545,6475200000.0,7371600000.0,10515400000.0,10515400000.0,0.0,0.015,0.106,0.022,0.133,0.0,1295900000.0,1.0,275122712.0,275122712.0,,38.221,62034400000.0,0.0,355100000.0,323600000.0,225.479,
35,UNM,MRT,2012-09-30,2012-09-30,2012-09-30,2021-09-07,790300000.0,62119600000.0,60481325000.0,,,0.173,30.961,-98200000.0,53600000.0,53600000.0,7414500000.0,291500000.0,,6.162,3239800000.0,,,3239800000.0,497200000.0,84400000.0,0.0,0.023,0.445,452000000.0,536400000.0,0.051,536400000.0,452000000.0,309500000.0,1.13,1.13,1.13,8673300000.0,8352200000.0,8673300000.0,8353686033.0,18.0,15.574,1260600000.0,4.5,1.0,3047500000.0,0.291,201600000.0,142500000.0,65104200000.0,63215925000.0,0.0,51768000000.0,,,53446300000.0,,,5384286033.0,1400000.0,0.0,-389100000.0,299200000.0,-128800000.0,-218300000.0,-1139200000.0,-1043400000.0,1358800000.0,100000.0,291500000.0,291500000.0,291500000.0,0.0,0.0,0.028,2595500000.0,452000000.0,0.0,0.394,0.621,18.471,17.009,497700000.0,0.0,19.22,0.515,0.515,6529600000.0,7173400000.0,10462000000.0,10462000000.0,0.0,0.005,0.035,0.007,0.043,0.0,1284700000.0,1.0,280139752.0,280139752.0,,37.346,61918000000.0,0.0,18000000.0,394700000.0,221.025,
36,UNM,MRT,2012-06-30,2012-06-30,2012-06-30,2021-09-07,600500000.0,60678700000.0,59961650000.0,,,0.173,29.337,-98200000.0,38000000.0,38000000.0,7363200000.0,263300000.0,,6.236,3007400000.0,,,3007400000.0,535000000.0,82600000.0,0.0,0.022,0.42,418800000.0,501400000.0,0.048,501400000.0,418800000.0,277800000.0,0.98,0.98,0.98,8385900000.0,8548900000.0,8385900000.0,8290798926.0,20.0,16.535,1158900000.0,4.054,1.0,3016400000.0,0.291,201300000.0,141000000.0,63446800000.0,62618975000.0,0.0,50314100000.0,,,52292800000.0,,,5468298926.0,-33200000.0,0.0,-539700000.0,257500000.0,-124300000.0,-405300000.0,-885000000.0,-791800000.0,1257100000.0,0.0,263300000.0,263300000.0,263300000.0,0.0,0.0,0.025,2597600000.0,418800000.0,0.0,0.429,0.652,20.768,19.52,492200000.0,0.0,19.13,0.527,0.527,6500600000.0,6979700000.0,10379600000.0,10379600000.0,0.0,0.004,0.031,0.007,0.04,0.0,1274800000.0,1.0,285849395.0,285849395.0,,36.311,60477400000.0,0.0,14500000.0,287600000.0,211.571,
37,UNM,MRT,2012-03-31,2012-03-31,2012-03-31,2021-09-07,455400000.0,59571800000.0,59295925000.0,,,0.174,28.147,-98200000.0,102500000.0,102500000.0,7279400000.0,274500000.0,,6.283,2925000000.0,,,2925000000.0,490400000.0,82300000.0,0.0,0.017,0.407,456800000.0,539100000.0,0.052,539100000.0,456800000.0,315900000.0,0.96,0.96,0.96,8179900000.0,8723125000.0,8179900000.0,9880123719.0,22.0,18.327,1123800000.0,3.867,1.0,3046800000.0,0.295,201500000.0,140900000.0,62192800000.0,61875400000.0,0.0,49152800000.0,,,51391900000.0,,,7114223719.0,45900000.0,0.0,-569200000.0,294500000.0,-122500000.0,-396000000.0,-780100000.0,-683000000.0,1222000000.0,0.0,274500000.0,274500000.0,274500000.0,0.0,0.0,0.027,2590000000.0,456800000.0,0.0,0.424,0.87,25.917,25.5,497400000.0,0.0,24.48,0.689,0.689,6538200000.0,6793500000.0,10326200000.0,10326200000.0,0.0,0.005,0.031,0.007,0.044,0.0,1257300000.0,1.0,290613714.0,290613714.0,,35.532,59370300000.0,0.0,41400000.0,187300000.0,204.293,
38,UNM,MRT,2011-12-31,2011-12-31,2011-12-31,2021-09-07,461800000.0,59555200000.0,58682175000.0,,,0.175,27.942,-98200000.0,116600000.0,116600000.0,7209500000.0,284200000.0,,6.29,2882500000.0,,,2882500000.0,433200000.0,81100000.0,0.0,0.019,0.395,476600000.0,557700000.0,0.054,557700000.0,476600000.0,333300000.0,0.94,0.94,0.94,8169700000.0,8924100000.0,8169700000.0,9037155576.0,19.0,16.204,1095500000.0,3.747,1.0,3068500000.0,0.299,201200000.0,143300000.0,62119900000.0,61193125000.0,0.0,49213100000.0,,,51385500000.0,,,6160455576.0,63000000.0,0.0,-605100000.0,2800000.0,-121000000.0,-720400000.0,-410300000.0,-312300000.0,1193700000.0,0.0,284200000.0,284200000.0,284200000.0,0.0,0.0,0.028,2591900000.0,476600000.0,0.0,0.42,0.754,21.676,22.415,493300000.0,0.0,21.07,0.599,0.599,6526800000.0,6611000000.0,10278000000.0,10278000000.0,0.0,0.005,0.032,0.008,0.046,0.0,1244900000.0,1.0,292380426.0,292380426.0,,35.153,59354000000.0,0.0,49100000.0,82900000.0,203.003,
39,UNM,MRT,2011-09-30,2011-09-30,2011-09-30,2021-09-07,886200000.0,60040900000.0,58120300000.0,,,0.177,31.174,0.0,52200000.0,52200000.0,6446100000.0,871600000.0,,5.347,2928900000.0,,,2928900000.0,493500000.0,79500000.0,0.0,0.018,0.383,1421900000.0,1501400000.0,0.146,1501400000.0,1421900000.0,1274700000.0,2.83,2.82,2.83,9460100000.0,9117775000.0,9460100000.0,9018824367.0,6.0,6.007,1071700000.0,3.532,1.0,3820200000.0,0.372,201200000.0,147200000.0,62716400000.0,60640475000.0,0.0,48763700000.0,,,50580800000.0,,,6360524367.0,-26400000.0,0.0,-643700000.0,34800000.0,-119700000.0,-726200000.0,-371800000.0,-286200000.0,1071700000.0,-100000.0,871600000.0,871600000.0,871600000.0,0.0,0.0,0.085,2398300000.0,1421900000.0,0.0,0.135,0.672,7.298,7.406,492100000.0,0.0,20.96,0.62,0.62,6603500000.0,7487300000.0,10266300000.0,10266300000.0,0.0,0.015,0.096,0.023,0.139,0.0,1117500000.0,1.0,303460132.0,303460132.0,,33.831,59839700000.0,0.0,403100000.0,877900000.0,197.191,
40,UNM,MRT,2011-06-30,2011-06-30,2011-06-30,2021-09-07,436000000.0,58015800000.0,57873750000.0,,,0.177,29.509,0.0,71200000.0,71200000.0,6398000000.0,890400000.0,,5.387,2729500000.0,,,2729500000.0,533100000.0,78100000.0,0.0,0.015,0.37,1459800000.0,1537900000.0,0.15,1537900000.0,1459800000.0,1312500000.0,2.83,2.82,2.83,9082800000.0,8983775000.0,9082800000.0,10391097728.0,7.0,6.757,1144100000.0,3.717,1.0,3850600000.0,0.376,201600000.0,147300000.0,60472500000.0,60376675000.0,0.0,46796000000.0,,,48933000000.0,,,7842697728.0,-10100000.0,0.0,-589900000.0,242200000.0,-117900000.0,-463500000.0,-690800000.0,-671100000.0,1144100000.0,100000.0,890400000.0,890400000.0,890400000.0,0.0,0.0,0.087,2390800000.0,1459800000.0,0.0,0.131,0.863,8.808,9.004,487200000.0,0.0,25.48,0.765,0.765,6476200000.0,7313700000.0,10248600000.0,10248600000.0,0.0,0.015,0.099,0.024,0.142,0.0,1157300000.0,1.0,307798184.0,307798184.0,,33.296,57814200000.0,0.0,422100000.0,632000000.0,187.832,
41,UNM,MRT,2011-03-31,2011-03-31,2011-03-31,2021-09-07,397100000.0,57116800000.0,57567850000.0,,,0.177,29.01,0.0,56600000.0,56600000.0,6378200000.0,872500000.0,,5.358,2605000000.0,,,2605000000.0,474400000.0,76500000.0,0.0,0.014,0.36,1432400000.0,1508900000.0,0.148,1508900000.0,1432400000.0,1286100000.0,2.72,2.71,2.72,8983800000.0,8931000000.0,8983800000.0,10931941422.0,8.0,7.245,1216200000.0,3.927,1.0,3816500000.0,0.374,201500000.0,146300000.0,59463700000.0,60009050000.0,0.0,45990400000.0,,,48133000000.0,,,8129141422.0,4900000.0,0.0,-563200000.0,102600000.0,-117000000.0,-575500000.0,-635800000.0,-524300000.0,1216200000.0,0.0,872500000.0,872500000.0,872500000.0,0.0,0.0,0.086,2384100000.0,1432400000.0,0.0,0.132,0.905,9.317,9.651,482700000.0,0.0,26.25,0.797,0.797,6461400000.0,7112300000.0,10194700000.0,10194700000.0,0.0,0.015,0.098,0.024,0.141,0.0,1188500000.0,1.0,309681578.0,309681578.0,,32.92,56915300000.0,0.0,413600000.0,652600000.0,183.787,
42,UNM,MRT,2010-12-31,2010-12-31,2010-12-31,2021-09-07,341900000.0,57307700000.0,57037950000.0,,,0.179,28.203,0.0,53600000.0,53600000.0,6354100000.0,878700000.0,,5.407,2856400000.0,,,2856400000.0,436700000.0,75400000.0,0.0,0.014,0.35,1461700000.0,1537100000.0,0.151,1537100000.0,1461700000.0,1319900000.0,2.7,2.69,2.7,8944400000.0,8880100000.0,8944400000.0,10489032936.0,7.0,6.824,1196800000.0,3.774,1.0,3839100000.0,0.377,201200000.0,141800000.0,59909300000.0,59458350000.0,0.0,46240900000.0,,,48363300000.0,,,7681232936.0,-18000000.0,0.0,-346000000.0,318600000.0,-114800000.0,-141100000.0,-1073700000.0,-963600000.0,1196800000.0,0.0,878700000.0,878700000.0,878700000.0,0.0,0.0,0.086,2377400000.0,1461700000.0,0.0,0.13,0.859,8.742,8.97,476800000.0,0.0,24.22,0.754,0.754,6493700000.0,7060800000.0,10193200000.0,10193200000.0,0.0,0.015,0.099,0.025,0.143,0.0,1228700000.0,1.0,317144217.0,317144217.0,,32.141,57106500000.0,0.0,441200000.0,552900000.0,180.065,
43,UNM,MRT,2010-09-30,2010-09-30,2010-09-30,2021-09-07,493800000.0,59054700000.0,56330275000.0,,,0.179,27.309,0.0,78600000.0,78600000.0,6302600000.0,859700000.0,,5.617,2886400000.0,,,2886400000.0,500600000.0,75600000.0,0.0,0.015,0.34,1428900000.0,1504500000.0,0.149,1504500000.0,1428900000.0,1291700000.0,2.6,2.6,2.6,8924100000.0,8769025000.0,8924100000.0,9648779791.0,7.0,6.413,1297200000.0,3.97,1.0,3794100000.0,0.376,201300000.0,137200000.0,61661200000.0,58669375000.0,0.0,47721600000.0,,,50130600000.0,,,7238179791.0,-142000000.0,0.0,-312900000.0,303600000.0,-112800000.0,-121200000.0,-1317900000.0,-1186100000.0,1297200000.0,-100000.0,859700000.0,859700000.0,859700000.0,0.0,0.0,0.085,2365200000.0,1428900000.0,0.0,0.131,0.811,8.419,8.519,467800000.0,0.0,22.15,0.717,0.717,6779000000.0,6864400000.0,10096700000.0,10096700000.0,0.0,0.015,0.098,0.024,0.142,0.0,1383900000.0,1.0,326780126.0,326780126.0,,30.898,58853400000.0,0.0,432000000.0,586500000.0,180.101,
44,UNM,MRT,2010-06-30,2010-06-30,2010-06-30,2021-09-07,437900000.0,56792200000.0,55185400000.0,,,0.183,26.656,0.0,81300000.0,81300000.0,6280200000.0,860000000.0,,5.402,2491900000.0,,,2491900000.0,522100000.0,75400000.0,0.0,0.015,0.33,1429700000.0,1505100000.0,0.149,1505100000.0,1429700000.0,1299800000.0,2.59,2.58,2.59,8871700000.0,8598750000.0,8871700000.0,9686855476.0,7.0,6.436,1297300000.0,3.898,1.0,3806100000.0,0.377,200800000.0,129900000.0,59002000000.0,57412400000.0,0.0,45403500000.0,,,47920500000.0,,,7222255476.0,32600000.0,0.0,-112600000.0,193100000.0,-109800000.0,-28000000.0,-1236400000.0,-1037900000.0,1297300000.0,-300000.0,860000000.0,860000000.0,860000000.0,0.0,0.0,0.085,2376400000.0,1429700000.0,0.0,0.127,0.814,8.398,8.378,454100000.0,0.0,21.7,0.716,0.716,6816300000.0,6673800000.0,10086300000.0,10086300000.0,0.0,0.016,0.1,0.025,0.142,0.0,1373300000.0,1.0,332822833.0,332822833.0,,30.305,56591400000.0,0.0,439800000.0,581600000.0,170.035,
45,UNM,MRT,2010-03-31,2010-03-31,2010-03-31,2021-09-07,402900000.0,54997200000.0,53822300000.0,,,0.19,26.416,0.0,51700000.0,51700000.0,6284800000.0,917500000.0,,5.264,2516300000.0,,,2516300000.0,479800000.0,75100000.0,0.0,0.013,0.323,1529100000.0,1604200000.0,0.157,1604200000.0,1529100000.0,1402900000.0,2.77,2.75,2.77,8780200000.0,8250425000.0,8780200000.0,10710950300.0,7.0,6.677,1227700000.0,3.694,1.0,3918900000.0,0.384,200900000.0,126200000.0,57260900000.0,56008125000.0,0.0,43907800000.0,,,46217000000.0,,,8232950300.0,1600000.0,0.0,14300000.0,51500000.0,-107200000.0,-40000000.0,-1186300000.0,-1081400000.0,1227700000.0,200000.0,917500000.0,917500000.0,917500000.0,0.0,0.0,0.09,2389800000.0,1529100000.0,0.0,0.117,0.938,8.973,8.942,447100000.0,0.0,24.77,0.807,0.807,6587700000.0,6491600000.0,10203700000.0,10203700000.0,0.0,0.017,0.111,0.027,0.15,0.0,1374800000.0,1.0,332375870.0,332375870.0,,30.699,54796300000.0,0.0,485400000.0,608700000.0,164.862,
46,UNM,MRT,2009-12-31,2009-12-31,2009-12-31,2021-09-07,341000000.0,54477000000.0,52367875000.0,,,0.193,25.621,0.0,71600000.0,71600000.0,6291600000.0,852600000.0,,5.409,2549600000.0,,,2549600000.0,452000000.0,74500000.0,0.0,0.016,0.315,1417700000.0,1492200000.0,0.148,1492200000.0,1417700000.0,1292300000.0,2.57,2.57,2.57,8500100000.0,7661025000.0,8500100000.0,8835638765.0,6.0,5.921,1237000000.0,3.729,1.0,3799400000.0,0.377,201600000.0,125400000.0,56753400000.0,54540575000.0,0.0,43295400000.0,,,45976900000.0,,,6476038765.0,21700000.0,0.0,8000000.0,96500000.0,-104500000.0,-1500000.0,-1213900000.0,-1107300000.0,1237000000.0,100000.0,852600000.0,852600000.0,852600000.0,0.0,0.0,0.084,2381700000.0,1417700000.0,0.0,0.123,0.762,7.596,7.595,443500000.0,0.0,19.52,0.642,0.642,6729300000.0,6289500000.0,10091000000.0,10091000000.0,0.0,0.016,0.111,0.026,0.14,0.0,1363300000.0,1.0,331764281.0,331764281.0,,30.416,54275400000.0,0.0,439700000.0,387700000.0,163.596,
47,UNM,MRT,2009-09-30,2009-09-30,2009-09-30,2021-09-07,264900000.0,54475200000.0,51102975000.0,,,0.194,24.872,0.0,220600000.0,220600000.0,6373500000.0,695000000.0,,5.609,2580200000.0,,,2580200000.0,504600000.0,73200000.0,0.0,0.014,0.307,1174600000.0,1247800000.0,0.126,1247800000.0,1174600000.0,1048900000.0,2.12,2.1,2.12,8243000000.0,7135475000.0,8243000000.0,9352414809.0,8.0,7.495,1158100000.0,3.494,1.0,3544600000.0,0.357,201500000.0,125700000.0,56633300000.0,53256450000.0,0.0,43116800000.0,,,46232200000.0,,,7105514809.0,121300000.0,0.0,7100000.0,16500000.0,-101900000.0,-79300000.0,-962800000.0,-860800000.0,1158100000.0,5300000.0,695000000.0,695000000.0,695000000.0,0.0,0.0,0.07,2370000000.0,1174600000.0,0.0,0.145,0.862,10.224,10.113,429700000.0,0.0,21.44,0.716,0.716,6768700000.0,6117500000.0,9918100000.0,9918100000.0,0.0,0.014,0.097,0.022,0.118,0.0,1368200000.0,1.0,331413937.0,331413937.0,,29.927,54273700000.0,0.0,353900000.0,372300000.0,163.764,
48,UNM,MRT,2009-06-30,2009-06-30,2009-06-30,2021-09-07,-291900000.0,51339800000.0,49968625000.0,,,0.197,22.575,0.0,48700000.0,48700000.0,6454700000.0,581900000.0,,5.865,2295600000.0,,,2295600000.0,555000000.0,70400000.0,0.0,0.019,0.3,1009100000.0,1079500000.0,0.11,1079500000.0,1009100000.0,874100000.0,1.77,1.76,1.77,7478400000.0,6758700000.0,7478400000.0,7665511080.0,8.0,7.101,1232900000.0,3.722,1.0,3388600000.0,0.344,201800000.0,135000000.0,53384900000.0,52147150000.0,0.0,40077400000.0,,,43861400000.0,,,5254011080.0,-45400000.0,0.0,-346100000.0,-242700000.0,-100800000.0,-691400000.0,-585900000.0,-489000000.0,1232900000.0,-1000000.0,581900000.0,581900000.0,581900000.0,0.0,0.0,0.059,2379500000.0,1009100000.0,0.0,0.169,0.703,9.029,8.96,423900000.0,0.0,15.86,0.534,0.534,6791000000.0,5923600000.0,9843300000.0,9843300000.0,0.0,0.012,0.086,0.019,0.103,0.0,1376500000.0,1.0,331274343.0,331274343.0,,29.713,51138000000.0,77900000.0,292200000.0,131200000.0,154.368,
49,UNM,MRT,2009-03-31,2009-03-31,2009-03-31,2021-09-07,-1080000000.0,49179500000.0,50075625000.0,,,0.198,19.394,0.0,50100000.0,50100000.0,6545200000.0,555000000.0,,6.657,2461600000.0,,,2461600000.0,471800000.0,70200000.0,0.0,0.024,0.3,975300000.0,1045500000.0,0.106,1045500000.0,975300000.0,829900000.0,1.66,1.65,1.66,6422600000.0,6805175000.0,6422600000.0,6539541950.0,7.0,6.255,1342600000.0,4.054,1.0,3345400000.0,0.338,200300000.0,145400000.0,51390700000.0,52302850000.0,0.0,37598300000.0,,,42756900000.0,,,4139541950.0,-34700000.0,48800000.0,-345800000.0,-211200000.0,-101800000.0,-662100000.0,-714000000.0,-665300000.0,1342600000.0,-1200000.0,555000000.0,555000000.0,555000000.0,0.0,0.0,0.056,2370100000.0,975300000.0,0.0,0.181,0.645,7.459,7.53,417100000.0,0.0,12.5,0.419,0.419,6712400000.0,5667000000.0,9890600000.0,9890600000.0,0.0,0.011,0.082,0.019,0.099,0.0,1371500000.0,1.0,331163356.0,331163356.0,,29.866,48979200000.0,472100000.0,274900000.0,180800000.0,147.9,
50,UNM,MRT,2008-12-31,2008-12-31,2008-12-31,2021-09-07,-958200000.0,49417400000.0,50798050000.0,,,0.197,19.322,0.0,49900000.0,49900000.0,6626400000.0,553200000.0,,6.724,2449900000.0,,,2449900000.0,463900000.0,68800000.0,0.0,0.016,0.3,980700000.0,1049500000.0,0.105,1049500000.0,980700000.0,824000000.0,1.62,1.62,1.62,6397900000.0,7109125000.0,6397900000.0,8619903114.0,9.0,8.213,1326100000.0,4.005,1.0,3355900000.0,0.336,200500000.0,156700000.0,51616900000.0,53068375000.0,0.0,37865900000.0,,,43019500000.0,,,6158803114.0,-149200000.0,48800000.0,-695600000.0,-240400000.0,-103500000.0,-1049500000.0,-424700000.0,-382400000.0,1326100000.0,-1100000.0,553200000.0,553200000.0,553200000.0,0.0,0.0,0.055,2375200000.0,980700000.0,0.0,0.185,0.963,11.133,11.481,409400000.0,0.0,18.6,0.617,0.617,6759000000.0,5527100000.0,9982300000.0,9982300000.0,0.0,0.011,0.078,0.018,0.098,0.0,1372400000.0,1.0,331118447.0,331118447.0,,30.147,49216900000.0,438800000.0,270800000.0,115500000.0,148.638,
51,UNM,MRT,2008-09-30,2008-09-30,2008-09-30,2021-09-07,-595600000.0,49937800000.0,51619175000.0,,,0.2,19.496,0.0,99300000.0,99300000.0,6693600000.0,671900000.0,,6.414,2560400000.0,,,2560400000.0,569100000.0,68200000.0,0.0,0.012,0.3,1226400000.0,1294600000.0,0.126,1294600000.0,1226400000.0,996900000.0,1.93,1.92,1.93,6735900000.0,7519625000.0,6735900000.0,11116142196.0,9.0,8.587,1516600000.0,4.39,1.0,3608500000.0,0.35,202800000.0,229500000.0,52196100000.0,53911325000.0,0.0,38267100000.0,,,43201900000.0,,,8671942196.0,-45300000.0,48800000.0,-696000000.0,100200000.0,-105700000.0,-753400000.0,-802200000.0,-764100000.0,1516600000.0,-6300000.0,671900000.0,671900000.0,671900000.0,-10900000.0,0.0,0.065,2385300000.0,1223200000.0,0.0,0.155,1.287,12.907,13.005,405400000.0,0.0,25.1,0.842,0.842,6988200000.0,5510100000.0,10302100000.0,10302100000.0,0.0,0.013,0.089,0.023,0.119,0.0,1362300000.0,1.0,345495705.0,345495705.0,,29.818,49735000000.0,280700000.0,325000000.0,150900000.0,143.953,
52,UNM,MRT,2008-06-30,2008-06-30,2008-06-30,2021-09-07,73000000.0,51767800000.0,52276375000.0,,,0.2,22.129,0.0,94100000.0,94100000.0,6773600000.0,750900000.0,,5.754,2538300000.0,,,2538300000.0,640100000.0,68300000.0,0.0,0.015,0.3,1352300000.0,1420600000.0,0.136,1420600000.0,1352300000.0,1116100000.0,2.13,2.12,2.13,7664300000.0,7793350000.0,7664300000.0,9670767807.0,7.0,6.808,1834900000.0,5.298,1.0,3696000000.0,0.353,204300000.0,236200000.0,54007700000.0,54531675000.0,0.0,40380900000.0,,,44103500000.0,,,7082867807.0,-32700000.0,48800000.0,-346900000.0,75500000.0,-106600000.0,-429200000.0,-1439000000.0,-1404100000.0,1834900000.0,600000.0,750900000.0,750900000.0,750900000.0,-10900000.0,0.0,0.072,2346900000.0,1349100000.0,0.0,0.141,0.924,9.433,9.601,402700000.0,0.0,20.45,0.677,0.677,7033200000.0,5428200000.0,10469600000.0,10469600000.0,0.0,0.014,0.096,0.025,0.129,0.0,1350400000.0,1.0,346350504.0,346350504.0,,30.228,51563500000.0,0.0,365200000.0,207600000.0,148.877,
53,UNM,MRT,2008-03-31,2008-03-31,2008-03-31,2021-09-07,269700000.0,52069200000.0,52352225000.0,,,0.2,22.016,0.0,84800000.0,84800000.0,6915800000.0,664100000.0,,5.817,2672700000.0,,,2672700000.0,543700000.0,65500000.0,0.0,0.014,0.3,1221900000.0,1287400000.0,0.123,1287400000.0,1221900000.0,982000000.0,1.87,1.86,1.87,7638400000.0,7720175000.0,7638400000.0,10127298482.0,8.0,7.866,1744500000.0,5.028,1.0,3544100000.0,0.339,204300000.0,239900000.0,54452800000.0,54580400000.0,0.0,40648100000.0,,,44430800000.0,,,7636198482.0,-50700000.0,0.0,-43700000.0,173000000.0,-106300000.0,-30400000.0,-1766000000.0,-1684200000.0,1744500000.0,1200000.0,664100000.0,664100000.0,664100000.0,-10900000.0,0.0,0.063,2324600000.0,1219500000.0,0.0,0.16,1.0,11.499,11.77,396900000.0,0.0,22.01,0.73,0.73,7097500000.0,5213800000.0,10459900000.0,10459900000.0,0.0,0.013,0.086,0.022,0.117,0.0,1340800000.0,1.0,346942230.0,346942230.0,,30.149,51864900000.0,0.0,317900000.0,342500000.0,149.491,
54,UNM,MRT,2007-12-31,2007-12-31,2007-12-31,2021-09-07,463500000.0,52701900000.0,52416125000.0,,,0.201,22.282,0.0,199100000.0,199100000.0,6988200000.0,679300000.0,,5.555,2690200000.0,,,2690200000.0,523100000.0,66200000.0,0.0,0.013,0.3,1246000000.0,1312200000.0,0.125,1312200000.0,1246000000.0,1004100000.0,1.92,1.91,1.92,8039900000.0,7654725000.0,8039900000.0,10899757524.0,9.0,8.306,1750300000.0,4.851,1.0,3531700000.0,0.336,204300000.0,241900000.0,54988700000.0,54588400000.0,0.0,41220200000.0,,,44662000000.0,,,8584157524.0,77800000.0,98800000.0,307800000.0,30500000.0,-105200000.0,181200000.0,-1855000000.0,-1866600000.0,1750300000.0,1300000.0,679300000.0,679300000.0,679300000.0,-6900000.0,0.0,0.065,2292600000.0,1239100000.0,0.0,0.156,1.068,12.637,12.391,393700000.0,0.0,23.79,0.816,0.816,7074700000.0,5077400000.0,10519900000.0,10519900000.0,0.0,0.013,0.089,0.023,0.118,0.0,1321500000.0,1.0,360830497.0,360830497.0,,29.155,52497600000.0,0.0,324800000.0,400300000.0,145.491,
55,UNM,MRT,2007-09-30,2007-09-30,2007-09-30,2021-09-07,398600000.0,52566600000.0,52446475000.0,,,0.202,21.704,0.0,144600000.0,144600000.0,7085400000.0,794900000.0,,5.713,2460200000.0,,,2460200000.0,598400000.0,68600000.0,0.0,0.012,0.3,1252100000.0,1320700000.0,0.125,1320700000.0,1252100000.0,1046200000.0,2.33,2.28,2.33,7830800000.0,7574450000.0,7830800000.0,11164606358.0,9.0,8.454,1836000000.0,5.089,1.0,3487100000.0,0.33,204700000.0,205900000.0,54677500000.0,54630600000.0,0.0,40951200000.0,,,44735800000.0,,,8828706358.0,121500000.0,98800000.0,308200000.0,-101500000.0,-103700000.0,84500000.0,-1801500000.0,-1820300000.0,1836000000.0,2500000.0,794900000.0,794900000.0,794900000.0,-8800000.0,0.0,0.075,2263700000.0,1223400000.0,0.0,0.129,1.127,11.107,10.502,386700000.0,0.0,24.47,0.835,0.835,7182800000.0,4943900000.0,10572500000.0,10572500000.0,0.0,0.015,0.105,0.023,0.118,0.0,1321000000.0,1.0,360797154.0,360797154.0,,29.303,52361900000.0,0.0,251300000.0,322800000.0,145.128,
56,UNM,MRT,2007-06-30,2007-06-30,2007-06-30,2021-09-07,103700000.0,52071200000.0,52347700000.0,,,0.202,21.504,0.0,126800000.0,126800000.0,7448000000.0,544200000.0,,6.064,2462700000.0,,,2462700000.0,635600000.0,70900000.0,0.0,0.011,0.3,877600000.0,948500000.0,0.09,948500000.0,877600000.0,671400000.0,1.62,1.57,1.62,7371600000.0,7515350000.0,7371600000.0,11314785286.0,13.0,11.929,1389200000.0,4.052,1.0,3131700000.0,0.296,204500000.0,206200000.0,54202600000.0,54567875000.0,0.0,40074900000.0,,,44699600000.0,,,8950585286.0,71400000.0,98800000.0,309300000.0,-99000000.0,-102300000.0,87200000.0,-1406500000.0,-1425700000.0,1389200000.0,1500000.0,544200000.0,544200000.0,544200000.0,-10400000.0,0.0,0.051,2284400000.0,847300000.0,0.0,0.185,1.214,16.447,16.117,383900000.0,0.0,26.11,0.846,0.846,7651500000.0,4783900000.0,10579700000.0,10579700000.0,0.0,0.01,0.072,0.016,0.083,0.0,1305400000.0,1.0,342802960.0,342802960.0,,30.862,51866700000.0,0.0,127200000.0,133500000.0,151.302,
57,UNM,MRT,2007-03-31,2007-03-31,2007-03-31,2021-09-07,543700000.0,52324800000.0,51930375000.0,,,0.203,21.528,0.0,135500000.0,135500000.0,7439000000.0,515900000.0,,6.093,2499700000.0,,,2499700000.0,529700000.0,70600000.0,0.0,0.013,0.3,840400000.0,911000000.0,0.086,911000000.0,840400000.0,630000000.0,1.57,1.52,1.57,7376600000.0,7419175000.0,7376600000.0,10429686357.0,12.0,11.449,1448400000.0,4.227,1.0,3096800000.0,0.294,204200000.0,210400000.0,54484800000.0,54173825000.0,0.0,40434100000.0,,,44948200000.0,,,7891386357.0,77300000.0,98800000.0,580800000.0,-362000000.0,-99000000.0,80400000.0,-1452800000.0,-1478600000.0,1448400000.0,1300000.0,515900000.0,515900000.0,515900000.0,-12300000.0,0.0,0.049,2271600000.0,825200000.0,0.0,0.191,1.07,15.296,14.669,377900000.0,0.0,23.03,0.749,0.749,7550000000.0,4656000000.0,10535800000.0,10535800000.0,0.0,0.01,0.07,0.016,0.08,0.0,1296500000.0,1.0,342656811.0,342656811.0,,30.747,52120600000.0,0.0,114100000.0,377900000.0,152.107,
58,UNM,MRT,2006-12-31,2006-12-31,2006-12-31,2021-09-07,612800000.0,52823300000.0,51467000000.0,,,0.205,22.534,0.0,121300000.0,121300000.0,7577200000.0,411000000.0,,5.843,2659600000.0,,,2659600000.0,520100000.0,72500000.0,0.0,0.014,0.3,690400000.0,762900000.0,0.072,762900000.0,690400000.0,472800000.0,1.27,1.23,1.27,7718800000.0,7217025000.0,7718800000.0,9647416983.0,14.0,12.646,1431900000.0,4.18,1.0,2958100000.0,0.281,204100000.0,217600000.0,55157500000.0,53802325000.0,0.0,40163300000.0,,,45104500000.0,,,7118016983.0,54200000.0,0.0,580000000.0,-602000000.0,-95600000.0,-157000000.0,-1222000000.0,-1158800000.0,1431900000.0,1300000.0,411000000.0,411000000.0,411000000.0,-7400000.0,0.0,0.039,2275100000.0,683000000.0,0.0,0.236,0.922,17.319,16.362,370100000.0,0.0,20.78,0.676,0.676,7569300000.0,4925800000.0,10535300000.0,10535300000.0,0.0,0.008,0.057,0.013,0.066,0.0,1297600000.0,1.0,342541722.0,342541722.0,,30.756,52619200000.0,0.0,61800000.0,611700000.0,153.614,
59,UNM,MRT,2006-09-30,2006-09-30,2006-09-30,2021-09-07,743500000.0,52171500000.0,51227875000.0,,,0.202,22.172,0.0,32200000.0,32200000.0,7566900000.0,272400000.0,,5.87,2561600000.0,,,2561600000.0,560700000.0,64200000.0,0.0,0.015,0.3,591600000.0,655800000.0,0.064,655800000.0,591600000.0,393100000.0,0.92,0.85,0.92,7594400000.0,7128300000.0,7594400000.0,9139830806.0,15.0,13.937,1408300000.0,4.112,1.0,2759100000.0,0.267,274300000.0,198500000.0,54426600000.0,53727675000.0,0.0,39637500000.0,,,44577100000.0,,,6641430806.0,-40600000.0,0.0,589300000.0,-300400000.0,-92300000.0,155200000.0,-1603700000.0,-1569200000.0,1408300000.0,-400000.0,272400000.0,272400000.0,272400000.0,-15100000.0,0.0,0.026,2159500000.0,599600000.0,0.0,0.326,0.875,24.381,21.076,371000000.0,0.0,19.39,0.643,0.643,7614700000.0,4675200000.0,10326000000.0,10326000000.0,0.0,0.005,0.038,0.011,0.057,0.0,1276800000.0,1.0,342518350.0,342518350.0,,30.147,51897200000.0,18400000.0,120700000.0,730800000.0,151.517,
60,UNM,MRT,2006-06-30,2006-06-30,2006-06-30,2021-09-07,51700000.0,50401900000.0,50971725000.0,,,0.201,23.335,0.0,63200000.0,63200000.0,7290100000.0,388700000.0,,6.214,2561600000.0,,,2561600000.0,599700000.0,66200000.0,0.0,0.017,0.3,761300000.0,827500000.0,0.081,827500000.0,761300000.0,557200000.0,1.29,1.21,1.29,6986900000.0,7039125000.0,6986900000.0,8229042013.0,11.0,9.944,1533400000.0,5.121,1.0,2962400000.0,0.289,273900000.0,204100000.0,52626400000.0,53539000000.0,0.0,37886700000.0,,,43415000000.0,,,5428442013.0,-39500000.0,5300000.0,589800000.0,-500400000.0,-88900000.0,-44000000.0,-1528500000.0,-1552800000.0,1533400000.0,-400000.0,388700000.0,388700000.0,388700000.0,-13500000.0,0.0,0.038,2191500000.0,770900000.0,0.0,0.233,0.777,13.966,14.054,373200000.0,0.0,18.13,0.529,0.529,7643800000.0,4764500000.0,10252500000.0,10252500000.0,0.0,0.008,0.055,0.014,0.074,0.0,1266000000.0,1.0,299417651.0,299417651.0,,34.241,50128000000.0,0.0,168500000.0,419200000.0,167.418,
61,UNM,MRT,2006-03-31,2006-03-31,2006-03-31,2021-09-07,309800000.0,50471300000.0,51478850000.0,,,0.2,21.993,0.0,61000000.0,61000000.0,7212800000.0,434800000.0,,6.684,2861600000.0,,,2861600000.0,506100000.0,75100000.0,0.0,0.015,0.3,839800000.0,914900000.0,0.089,914900000.0,839800000.0,631500000.0,1.48,1.38,1.48,6568000000.0,7256050000.0,6568000000.0,9308334564.0,11.0,10.174,1480100000.0,4.956,1.0,3074700000.0,0.299,273100000.0,208300000.0,52998800000.0,54164150000.0,0.0,37989400000.0,,,43903300000.0,,,6116134564.0,-2300000.0,5300000.0,19700000.0,-202400000.0,-88700000.0,-303400000.0,-1176800000.0,-1234500000.0,1480100000.0,-2200000.0,434800000.0,434800000.0,434800000.0,-11600000.0,0.0,0.042,2241200000.0,833500000.0,0.0,0.203,0.931,14.067,13.838,375200000.0,0.0,20.48,0.595,0.595,7620900000.0,4661600000.0,10287500000.0,10287500000.0,0.0,0.008,0.06,0.016,0.082,0.0,1275600000.0,1.0,298639383.0,298639383.0,,34.448,50198200000.0,0.0,196700000.0,563900000.0,168.09,
62,UNM,MRT,2005-12-31,2005-12-31,2005-12-31,2021-09-07,1163500000.0,51866800000.0,51570175000.0,,,0.199,24.709,0.0,67100000.0,67100000.0,7083200000.0,513600000.0,,6.043,3261600000.0,,,3261600000.0,481800000.0,72700000.0,0.0,0.013,0.3,911500000.0,984200000.0,0.096,984200000.0,911500000.0,703500000.0,1.74,1.64,1.74,7363900000.0,7377150000.0,7363900000.0,9578237869.0,11.0,9.732,1503600000.0,5.045,1.0,3176100000.0,0.31,202400000.0,208000000.0,54858900000.0,54306675000.0,0.0,39435000000.0,,,44502900000.0,,,6779937869.0,-63600000.0,5300000.0,18100000.0,172600000.0,-88700000.0,71000000.0,-1635600000.0,-1708800000.0,1503600000.0,-2600000.0,513600000.0,513600000.0,513600000.0,-9600000.0,0.0,0.05,2274200000.0,901900000.0,0.0,0.172,0.921,13.201,13.075,375300000.0,0.0,22.75,0.661,0.661,7560800000.0,4610400000.0,10259300000.0,10259300000.0,0.0,0.01,0.07,0.017,0.089,0.0,1268400000.0,1.0,298019247.0,298019247.0,,34.425,51664400000.0,0.0,189900000.0,1002300000.0,173.359,
63,UNM,MRT,2005-09-30,2005-09-30,2005-09-30,2021-09-07,1167000000.0,51146900000.0,51311550000.0,,,0.2,24.297,0.0,63700000.0,63700000.0,7128700000.0,510600000.0,,6.067,2862000000.0,,,2862000000.0,549700000.0,-253100000.0,0.0,0.015,0.3,860000000.0,606900000.0,0.059,606900000.0,860000000.0,651500000.0,1.73,1.66,1.73,7237700000.0,7342200000.0,7237700000.0,9073781470.0,11.0,14.951,1389700000.0,4.665,1.0,3143300000.0,0.306,273300000.0,208500000.0,53671900000.0,53971825000.0,0.0,38768700000.0,,,43909200000.0,,,6106681470.0,-66400000.0,-27100000.0,9100000.0,-227000000.0,-88600000.0,-332600000.0,-1123600000.0,-1135500000.0,1389700000.0,100000.0,510600000.0,510600000.0,510600000.0,75800000.0,0.0,0.05,2292500000.0,850800000.0,0.0,0.173,0.844,11.96,11.85,0.0,0.0,20.5,0.594,0.594,7505300000.0,4495100000.0,10272000000.0,10272000000.0,0.0,0.01,0.07,0.016,0.084,0.0,1269900000.0,1.0,297886901.0,297886901.0,,34.483,50873600000.0,0.0,140900000.0,967000000.0,170.782,
64,UNM,MRT,2005-06-30,2005-06-30,2005-06-30,2021-09-07,1820500000.0,52430400000.0,50968350000.0,,,0.204,26.375,0.0,94900000.0,94900000.0,7080800000.0,625600000.0,,5.675,3062000000.0,,,3062000000.0,0.0,-141600000.0,0.0,0.016,0.3,1051100000.0,909500000.0,0.088,909500000.0,1051100000.0,839000000.0,2.12,2.04,2.12,7854600000.0,7257875000.0,7854600000.0,8459217856.0,8.0,9.301,924000000.0,3.103,1.0,3302600000.0,0.318,270500000.0,212100000.0,55127000000.0,53669550000.0,0.0,38128800000.0,,,44575800000.0,,,5455717856.0,-24300000.0,0.0,7400000.0,-27000000.0,-88400000.0,-137100000.0,-811600000.0,-811100000.0,924000000.0,400000.0,625600000.0,625600000.0,625600000.0,75800000.0,0.0,0.06,2260700000.0,1041900000.0,0.0,0.142,0.695,8.721,8.642,0.0,0.0,18.32,0.525,0.525,9394400000.0,4464700000.0,10383400000.0,10383400000.0,0.0,0.012,0.086,0.02,0.101,0.0,1281900000.0,1.0,297801193.0,297801193.0,,34.867,52159900000.0,26600000.0,213400000.0,1337000000.0,175.15,
65,UNM,MRT,2005-03-31,2005-03-31,2005-03-31,2021-09-07,1173300000.0,50836600000.0,49986675000.0,,,0.205,23.701,0.0,60500000.0,60500000.0,7107000000.0,461500000.0,,6.208,3064000000.0,,,3064000000.0,0.0,-35200000.0,0.0,0.018,0.3,828200000.0,793000000.0,0.077,793000000.0,828200000.0,617500000.0,1.56,1.51,1.56,7052400000.0,6850825000.0,7052400000.0,8022801053.0,10.0,10.117,756500000.0,2.542,1.0,3129000000.0,0.306,271200000.0,210700000.0,53568900000.0,52688700000.0,0.0,36670000000.0,,,43784200000.0,,,5064501053.0,-70800000.0,-32400000.0,5700000.0,275000000.0,-88500000.0,156400000.0,-985100000.0,-915500000.0,756500000.0,1400000.0,461500000.0,461500000.0,461500000.0,143600000.0,0.0,0.045,2242200000.0,886800000.0,0.0,0.192,0.718,10.974,10.91,0.0,0.0,17.02,0.495,0.495,9307000000.0,4315500000.0,10236000000.0,10236000000.0,0.0,0.009,0.067,0.016,0.081,0.0,1272600000.0,1.0,297561754.0,297561754.0,,34.4,50565400000.0,11800000.0,156000000.0,930200000.0,169.932,
66,UNM,MRT,2004-12-31,2004-12-31,2004-12-31,2021-09-07,1481100000.0,50832300000.0,49896750000.0,,,0.206,24.365,0.0,130700000.0,130700000.0,7248400000.0,-253000000.0,,6.036,3089000000.0,,,3089000000.0,500800000.0,80500000.0,0.0,0.017,0.3,-120200000.0,-39700000.0,-0.004,-39700000.0,-120200000.0,-327300000.0,-0.86,-0.86,-0.86,7224100000.0,6871300000.0,7224100000.0,8277957313.0,-69.0,-208.513,747000000.0,2.519,1.0,3039400000.0,0.295,271100000.0,207100000.0,53519500000.0,52512625000.0,0.0,36689200000.0,,,43608200000.0,,,5319057313.0,11500000.0,-13600000.0,5700000.0,300000000.0,-88400000.0,181900000.0,-919700000.0,-861400000.0,747000000.0,2300000.0,-253000000.0,-253000000.0,-253000000.0,51600000.0,0.0,-0.025,2251600000.0,787800000.0,0.0,-0.349,0.736,-21.024,-20.86,398500000.0,0.0,17.94,0.517,0.517,9002300000.0,4185500000.0,10287800000.0,10287800000.0,0.0,-0.005,-0.037,-0.002,-0.012,0.0,1279000000.0,1.0,296491489.0,296491489.0,,34.698,50561200000.0,0.0,-74300000.0,1060900000.0,170.532,
67,UNM,MRT,2004-09-30,2004-09-30,2004-09-30,2021-09-07,1272500000.0,49774100000.0,49618250000.0,,,0.208,23.28,0.0,130100000.0,130100000.0,7593300000.0,-734700000.0,,6.213,3089000000.0,,,3089000000.0,0.0,534400000.0,0.0,0.019,0.3,-729200000.0,-194800000.0,-0.019,-194800000.0,-729200000.0,-933100000.0,-2.57,-2.59,-2.57,6900400000.0,6883025000.0,6900400000.0,7620402797.0,-10.0,-39.119,790800000.0,2.668,1.0,2706300000.0,0.263,270200000.0,203900000.0,52462800000.0,52110600000.0,0.0,35464700000.0,,,42873700000.0,,,4650602797.0,15900000.0,-133700000.0,7600000.0,280000000.0,-88600000.0,159400000.0,-938600000.0,-822800000.0,790800000.0,4300000.0,-734700000.0,-734700000.0,-734700000.0,239900000.0,0.0,-0.071,2379100000.0,327200000.0,0.0,-0.117,0.674,-6.33,-6.105,0.0,0.0,15.69,0.452,0.452,8913200000.0,4073100000.0,10299600000.0,10299600000.0,0.0,-0.015,-0.107,-0.014,-0.071,0.0,1282100000.0,1.0,296405532.0,296405532.0,,34.748,49503900000.0,0.0,-198400000.0,982100000.0,167.014,
68,UNM,MRT,2004-06-30,2004-06-30,2004-06-30,2021-09-07,746600000.0,48503700000.0,49509300000.0,,,0.206,21.014,0.0,119200000.0,119200000.0,7595000000.0,-793600000.0,,6.79,3089000000.0,,,3089000000.0,0.0,546500000.0,0.0,0.019,0.3,-830300000.0,-283800000.0,-0.028,-283800000.0,-830300000.0,-1030800000.0,-2.77,-2.78,-2.77,6226400000.0,7120500000.0,6226400000.0,7368730096.0,-9.0,-25.965,1345500000.0,4.541,1.0,2605600000.0,0.255,269900000.0,200500000.0,51203600000.0,51758925000.0,0.0,34199900000.0,,,42277300000.0,,,4711030096.0,2100000.0,-166100000.0,7600000.0,280000000.0,-88700000.0,163400000.0,-1510600000.0,-1356500000.0,1345500000.0,3800000.0,-793600000.0,-793600000.0,-793600000.0,229500000.0,0.0,-0.078,2389900000.0,215700000.0,0.0,-0.108,0.757,-5.936,-5.74,0.0,0.0,15.9,0.462,0.462,8973700000.0,3927500000.0,10200600000.0,10200600000.0,0.0,-0.016,-0.111,-0.016,-0.081,0.0,1289100000.0,1.0,296291201.0,296291201.0,,34.428,48233800000.0,0.0,-237200000.0,620200000.0,162.792,
69,UNM,MRT,2004-03-31,2004-03-31,2004-03-31,2021-09-07,1615500000.0,50476900000.0,49724400000.0,,,0.206,24.082,0.0,131300000.0,131300000.0,7604000000.0,-702300000.0,,6.075,2789000000.0,,,2789000000.0,0.0,560500000.0,0.0,0.021,0.3,-738400000.0,-177900000.0,-0.017,-177900000.0,-738400000.0,-933300000.0,-2.43,-2.44,-2.43,7134300000.0,7493775000.0,7134300000.0,7003908811.0,-9.0,-39.37,1688600000.0,5.7,1.0,2616500000.0,0.256,270000000.0,194900000.0,52864600000.0,51726150000.0,0.0,36657100000.0,,,43342600000.0,,,4334108811.0,-7100000.0,-133700000.0,551900000.0,367800000.0,-84600000.0,798600000.0,-2500300000.0,-2389900000.0,1688600000.0,6000000.0,-702300000.0,-702300000.0,-702300000.0,157300000.0,0.0,-0.069,2381100000.0,235400000.0,0.0,-0.123,0.608,-6.171,-6.021,0.0,0.0,14.63,0.424,0.424,8359200000.0,3942500000.0,10220500000.0,10220500000.0,0.0,-0.014,-0.094,-0.014,-0.072,0.0,1297400000.0,1.0,296248039.0,296248039.0,,34.5,50206900000.0,0.0,-231000000.0,960200000.0,169.476,
70,UNM,MRT,2003-12-31,2003-12-31,2003-12-31,2021-09-07,1171200000.0,49718300000.0,48686200000.0,,,0.205,24.559,0.0,119200000.0,119200000.0,7868100000.0,-386400000.0,,5.838,2789000000.0,,,2789000000.0,319100000.0,570900000.0,0.0,0.024,0.372,-369800000.0,201100000.0,0.02,201100000.0,-369800000.0,-557000000.0,-1.4,-1.4,-1.4,7271000000.0,7346525000.0,7271000000.0,7053396746.0,-19.0,35.074,1345200000.0,4.544,1.0,2123500000.0,0.213,476700000.0,187200000.0,51911400000.0,50419850000.0,0.0,35491800000.0,,,42447300000.0,,,4668896746.0,-23000000.0,-42500000.0,551900000.0,320000000.0,-98100000.0,734800000.0,-2107900000.0,-2092300000.0,1345200000.0,4900000.0,-386400000.0,-386400000.0,-386400000.0,161700000.0,0.0,-0.039,2371500000.0,-248000000.0,0.0,-0.266,0.642,-12.083,-11.264,410600000.0,0.0,15.77,0.467,0.467,8336100000.0,4526900000.0,9991600000.0,9991600000.0,0.0,-0.008,-0.053,-0.007,-0.037,0.0,1302700000.0,1.0,296061937.0,296061937.0,,33.748,49241600000.0,0.0,-170600000.0,946800000.0,166.322,
71,UNM,MRT,2003-09-30,2003-09-30,2003-09-30,2021-09-07,1384700000.0,49338300000.0,47571500000.0,,,0.201,26.525,0.0,124500000.0,124500000.0,7087500000.0,63000000.0,,5.247,2509000000.0,,,2509000000.0,0.0,548300000.0,0.0,0.03,0.445,238400000.0,786700000.0,0.082,786700000.0,238400000.0,58600000.0,0.14,0.12,0.14,7850300000.0,7239575000.0,7850300000.0,6746431150.0,28.0,8.576,1461000000.0,4.936,1.0,2469700000.0,0.258,666700000.0,179800000.0,51056100000.0,49144700000.0,0.0,35137700000.0,,,41188000000.0,,,4371331150.0,7400000.0,110000000.0,553000000.0,341300000.0,-111300000.0,741100000.0,-2197700000.0,-2185100000.0,1461000000.0,3000000.0,63000000.0,63000000.0,63000000.0,-28800000.0,0.0,0.007,2260100000.0,209600000.0,0.0,3.179,0.557,69.386,105.5,0.0,0.0,14.77,0.457,0.457,8131900000.0,4896400000.0,9557200000.0,9557200000.0,0.0,0.001,0.009,0.005,0.025,0.0,1243300000.0,1.0,295960132.0,295960132.0,,32.292,48671600000.0,0.0,-4400000.0,1358900000.0,164.453,
72,UNM,MRT,2003-06-30,2003-06-30,2003-06-30,2021-09-07,1342600000.0,49364100000.0,46359700000.0,,,0.204,31.946,0.0,133900000.0,133900000.0,6997700000.0,67700000.0,,5.356,2509000000.0,,,2509000000.0,0.0,533500000.0,0.0,0.039,0.517,248500000.0,782000000.0,0.083,782000000.0,248500000.0,75800000.0,0.24,0.23,0.24,7719500000.0,6944550000.0,7719500000.0,5221946201.0,21.0,6.678,1420500000.0,5.878,1.0,2453300000.0,0.26,666700000.0,172700000.0,51072500000.0,47850425000.0,0.0,35141900000.0,,,41344600000.0,,,3240446201.0,27700000.0,110000000.0,552600000.0,341200000.0,-124900000.0,731900000.0,-2128800000.0,-2203500000.0,1420500000.0,4100000.0,67700000.0,67700000.0,67700000.0,-18400000.0,0.0,0.007,2223200000.0,230100000.0,0.0,2.154,0.42,47.865,55.875,0.0,0.0,13.41,0.343,0.343,8146500000.0,4809800000.0,9451000000.0,9451000000.0,0.0,0.001,0.01,0.005,0.026,0.0,1237500000.0,1.0,241644012.0,241644012.0,,39.111,48697400000.0,55800000.0,8100000.0,1316900000.0,201.525,
73,UNM,MRT,2003-03-31,2003-03-31,2003-03-31,2021-09-07,760500000.0,46324100000.0,44857675000.0,,,0.208,27.087,0.0,139700000.0,139700000.0,6880700000.0,66900000.0,,6.032,2121200000.0,,,2121200000.0,0.0,516800000.0,0.0,0.06,0.59,247500000.0,764300000.0,0.082,764300000.0,247500000.0,82000000.0,0.28,0.27,0.28,6545300000.0,6548675000.0,6545300000.0,4392411318.0,18.0,5.747,1513700000.0,6.264,1.0,2442700000.0,0.262,666200000.0,165500000.0,47639400000.0,46272700000.0,0.0,32214300000.0,,,39478800000.0,,,2368111318.0,5100000.0,110000000.0,-22100000.0,-47000000.0,-142600000.0,-245100000.0,-1266100000.0,-1345000000.0,1513700000.0,2600000.0,66900000.0,66900000.0,66900000.0,-14000000.0,0.0,0.007,2209200000.0,233500000.0,0.0,2.107,0.362,35.398,35.0,0.0,0.0,9.8,0.254,0.254,8180200000.0,4729400000.0,9323400000.0,9323400000.0,0.0,0.001,0.01,0.005,0.027,0.0,1229500000.0,1.0,241644012.0,241644012.0,,38.583,45657900000.0,48400000.0,15100000.0,955400000.0,188.947,
74,UNM,MRT,2002-12-31,2002-12-31,2002-12-31,2021-09-07,777400000.0,45259500000.0,43871925000.0,,,0.211,28.336,0.0,142200000.0,142200000.0,6324800000.0,401200000.0,,5.57,2169000000.0,,,2169000000.0,319200000.0,510300000.0,0.0,0.034,0.59,759900000.0,1270200000.0,0.137,1270200000.0,759900000.0,597500000.0,1.66,1.65,1.66,6843200000.0,6346325000.0,6843200000.0,6290880195.0,8.0,4.953,1786700000.0,7.398,1.0,2934300000.0,0.317,475500000.0,162400000.0,46810800000.0,45296100000.0,0.0,31602300000.0,,,38116300000.0,,,4235980195.0,24300000.0,-2800000.0,-22100000.0,3000000.0,-142800000.0,-178400000.0,-1586900000.0,-1547400000.0,1786700000.0,2900000.0,401200000.0,401200000.0,401200000.0,-11400000.0,0.0,0.043,2178700000.0,755600000.0,0.0,0.355,0.619,10.558,10.566,413400000.0,0.0,17.54,0.457,0.457,7667900000.0,5011400000.0,9259100000.0,9259100000.0,0.0,0.009,0.063,0.017,0.082,0.0,1219100000.0,1.0,241504002.0,241504002.0,,38.339,44784000000.0,44700000.0,196300000.0,932600000.0,185.438,
75,UNM,MRT,2002-09-30,2002-09-30,2002-09-30,2021-09-07,636000000.0,44491100000.0,43167725000.0,,,0.211,27.633,0.0,112800000.0,112800000.0,6196000000.0,385000000.0,,5.625,2167700000.0,,,2167700000.0,0.0,939500000.0,0.0,0.029,0.59,741100000.0,1680600000.0,0.185,1680600000.0,741100000.0,579600000.0,1.59,1.58,1.59,6670200000.0,6120500000.0,6670200000.0,6984638779.0,9.0,4.156,1990700000.0,8.247,1.0,2907400000.0,0.319,667000000.0,161500000.0,45879000000.0,44545925000.0,0.0,30888200000.0,,,37520900000.0,,,4912238779.0,29900000.0,-394700000.0,-5700000.0,-21600000.0,-143800000.0,-198400000.0,-1763400000.0,-1451800000.0,1990700000.0,1000000.0,385000000.0,385000000.0,385000000.0,-3500000.0,0.0,0.042,2162700000.0,744700000.0,0.0,0.371,0.736,12.759,12.799,0.0,0.0,20.35,0.54,0.54,7716000000.0,4981700000.0,9103400000.0,9103400000.0,0.0,0.009,0.063,0.017,0.081,0.0,1228400000.0,1.0,241387655.0,241387655.0,,37.713,43824100000.0,0.0,194600000.0,933500000.0,181.551,
76,UNM,MRT,2002-06-30,2002-06-30,2002-06-30,2021-09-07,177900000.0,43356000000.0,42609450000.0,,,0.212,25.259,0.0,95400000.0,95400000.0,6130900000.0,398700000.0,,6.017,2167800000.0,,,2167800000.0,0.0,810200000.0,0.0,0.023,0.59,757200000.0,1567400000.0,0.174,1567400000.0,757200000.0,597500000.0,1.65,1.63,1.65,6136000000.0,5959500000.0,6136000000.0,8211344279.0,11.0,5.239,1771200000.0,7.291,1.0,2899800000.0,0.321,666800000.0,159700000.0,44761600000.0,43993275000.0,0.0,29111200000.0,,,36920000000.0,,,6182444279.0,18500000.0,-394700000.0,-5700000.0,128600000.0,-143100000.0,-73400000.0,-1679200000.0,-1336500000.0,1771200000.0,-100000.0,398700000.0,398700000.0,398700000.0,-3500000.0,0.0,0.044,2139000000.0,760800000.0,0.0,0.358,1.008,15.507,15.424,0.0,0.0,25.45,0.685,0.685,8558600000.0,4908200000.0,9030700000.0,9030700000.0,0.0,0.009,0.067,0.017,0.084,0.0,1207800000.0,1.0,242925119.0,242925119.0,,37.175,42689200000.0,0.0,198800000.0,642900000.0,175.73,
77,UNM,MRT,2002-03-31,2002-03-31,2002-03-31,2021-09-07,-207700000.0,42381100000.0,41992225000.0,,,0.214,23.618,0.0,139300000.0,139300000.0,6053300000.0,447100000.0,,6.336,2168200000.0,,,2168200000.0,0.0,682400000.0,0.0,0.021,0.59,825600000.0,1508000000.0,0.168,1508000000.0,825600000.0,660400000.0,1.85,1.83,1.85,5735900000.0,5863550000.0,5735900000.0,8825234124.0,11.0,5.852,1632800000.0,6.723,1.0,2938800000.0,0.327,677000000.0,165200000.0,43733000000.0,43339925000.0,0.0,28677300000.0,,,36345200000.0,,,6783134124.0,26600000.0,-394700000.0,20500000.0,107200000.0,-142900000.0,-46700000.0,-1560400000.0,-1209000000.0,1632800000.0,900000.0,447100000.0,447100000.0,447100000.0,-3500000.0,0.0,0.05,2109600000.0,829200000.0,0.0,0.319,1.183,15.171,15.097,0.0,0.0,27.93,0.754,0.754,8117900000.0,4854300000.0,8992100000.0,8992100000.0,0.0,0.011,0.076,0.019,0.092,0.0,1177500000.0,1.0,242861945.0,242861945.0,,37.026,41704100000.0,0.0,213300000.0,413600000.0,171.719,
78,UNM,MRT,2001-12-31,2001-12-31,2001-12-31,2021-09-07,111300000.0,42442700000.0,41660125000.0,,,0.216,24.54,0.0,123900000.0,123900000.0,5983900000.0,541200000.0,,6.095,2166000000.0,,,2166000000.0,328300000.0,546400000.0,0.0,0.022,0.59,926900000.0,1473300000.0,0.164,1473300000.0,926900000.0,757300000.0,2.24,2.22,2.24,5939900000.0,5883075000.0,5939900000.0,8505543852.0,9.0,5.773,1770600000.0,7.315,1.0,3018600000.0,0.335,674700000.0,169600000.0,43810100000.0,42980300000.0,0.0,28866200000.0,,,36202800000.0,,,6416843852.0,34500000.0,-402100000.0,20500000.0,148300000.0,-142600000.0,-16500000.0,-1718900000.0,-1355300000.0,1770600000.0,-700000.0,541200000.0,541200000.0,541200000.0,-3500000.0,0.0,0.06,2095200000.0,923400000.0,0.0,0.263,1.08,11.857,11.835,386900000.0,0.0,26.51,0.713,0.713,8013400000.0,4753000000.0,9002500000.0,9002500000.0,0.0,0.013,0.092,0.022,0.103,0.0,1166700000.0,1.0,242053710.0,242053710.0,,37.192,41768000000.0,0.0,216100000.0,528900000.0,172.557,
79,UNM,MRT,2001-09-30,2001-09-30,2001-09-30,2021-09-07,227100000.0,42258000000.0,41140425000.0,,,0.227,24.903,0.0,100600000.0,100600000.0,6340500000.0,579500000.0,,5.963,2189300000.0,,,2189300000.0,0.0,594900000.0,0.0,0.023,0.59,995500000.0,1590400000.0,0.17,1590400000.0,995500000.0,821800000.0,2.4,2.38,2.4,6026200000.0,5791975000.0,6026200000.0,8054647066.0,8.0,5.065,1278000000.0,5.281,1.0,3004700000.0,0.322,678300000.0,173700000.0,43668400000.0,42425575000.0,0.0,28971600000.0,,,35931800000.0,,,6110047066.0,200000.0,-10200000.0,11600000.0,1500000.0,-141700000.0,-191100000.0,-1086100000.0,-1085200000.0,1278000000.0,-600000.0,579500000.0,579500000.0,579500000.0,0.0,0.0,0.062,2009200000.0,995500000.0,0.0,0.246,1.014,10.544,10.521,0.0,0.0,25.25,0.654,0.654,7783400000.0,4728800000.0,9345200000.0,9345200000.0,0.0,0.014,0.1,0.023,0.107,0.0,1176700000.0,1.0,241982062.0,241982062.0,,38.619,41579700000.0,0.0,242300000.0,562100000.0,171.83,
80,UNM,MRT,2001-06-30,2001-06-30,2001-06-30,2021-09-07,47700000.0,40887100000.0,40626550000.0,,,0.228,23.83,0.0,94600000.0,94600000.0,6286200000.0,589400000.0,,6.056,2039200000.0,,,2039200000.0,0.0,594900000.0,0.0,0.018,0.59,1016900000.0,1611800000.0,0.174,1611800000.0,1016900000.0,837100000.0,2.44,2.43,2.44,5752200000.0,5579600000.0,5752200000.0,9683717731.0,10.0,6.008,1496400000.0,6.199,1.0,2993300000.0,0.323,683500000.0,179800000.0,42148200000.0,41908650000.0,0.0,27974800000.0,,,34834900000.0,,,7753117731.0,-15700000.0,-10200000.0,11600000.0,-167800000.0,-142300000.0,-394900000.0,-1116500000.0,-1059100000.0,1496400000.0,-700000.0,589400000.0,589400000.0,589400000.0,0.0,0.0,0.064,1976400000.0,1016900000.0,0.0,0.242,1.348,13.154,13.164,0.0,0.0,32.12,0.836,0.836,7507600000.0,4636700000.0,9279500000.0,9279500000.0,0.0,0.015,0.106,0.024,0.11,0.0,1163900000.0,1.0,241379755.0,241379755.0,,38.444,40203600000.0,0.0,247700000.0,396400000.0,166.557,
81,UNM,MRT,2001-03-31,2001-03-31,2001-03-31,2021-09-07,227400000.0,41052700000.0,40351325000.0,,,0.231,24.084,0.0,130400000.0,130400000.0,6346100000.0,586400000.0,,6.009,2061000000.0,,,2061000000.0,0.0,594900000.0,0.0,0.02,0.59,1026500000.0,1621400000.0,0.174,1621400000.0,1026500000.0,845800000.0,2.43,2.42,2.43,5814000000.0,5412500000.0,5814000000.0,8964311506.0,9.0,5.529,1301900000.0,5.393,1.0,2994100000.0,0.321,688800000.0,180700000.0,42294500000.0,41668225000.0,0.0,27912000000.0,,,34938700000.0,,,7053711506.0,-3700000.0,-16400000.0,11600000.0,-317000000.0,-141900000.0,-595800000.0,-706900000.0,-645100000.0,1301900000.0,-2900000.0,586400000.0,586400000.0,586400000.0,0.0,0.0,0.063,1967600000.0,1026500000.0,0.0,0.243,1.213,12.029,12.025,0.0,0.0,29.22,0.755,0.755,7763800000.0,4526200000.0,9340200000.0,9340200000.0,0.0,0.015,0.108,0.025,0.11,0.0,1185400000.0,1.0,241400120.0,241400120.0,,38.692,40363900000.0,0.0,259400000.0,534200000.0,167.207,
82,UNM,MRT,2000-12-31,2000-12-31,2000-12-31,2021-09-07,140700000.0,40363900000.0,40165300000.0,,,0.234,23.149,0.0,107100000.0,107100000.0,6407500000.0,538900000.0,,6.186,2017700000.0,,,2017700000.0,332800000.0,594900000.0,0.0,0.022,0.59,1008500000.0,1603400000.0,0.171,1603400000.0,1008500000.0,826700000.0,2.24,2.23,2.24,5575500000.0,5235800000.0,5575500000.0,8561642611.0,8.0,5.34,1211500000.0,5.03,1.0,2985900000.0,0.318,683300000.0,181800000.0,41591200000.0,41557475000.0,0.0,27195700000.0,,,34488400000.0,,,6474242611.0,-185300000.0,-172400000.0,11600000.0,-223800000.0,-142100000.0,-530000000.0,-865700000.0,-635700000.0,1211500000.0,-1100000.0,538900000.0,538900000.0,538900000.0,0.0,0.0,0.057,1977400000.0,1008500000.0,0.0,0.263,1.161,12.014,12.0,387500000.0,0.0,26.88,0.689,0.689,7897800000.0,4379700000.0,9393400000.0,9393400000.0,0.0,0.013,0.103,0.024,0.107,0.0,1210600000.0,1.0,240857240.0,240857240.0,,39.0,39680600000.0,0.0,287800000.0,499200000.0,164.747,
83,UNM,MRT,2000-09-30,2000-09-30,2000-09-30,2021-09-07,-104700000.0,40202500000.0,39686200000.0,,,0.239,21.511,0.0,100400000.0,100400000.0,6309000000.0,550600000.0,,6.708,2187800000.0,,,2187800000.0,0.0,653700000.0,0.0,0.022,0.59,1016400000.0,1670100000.0,0.176,1670100000.0,1016400000.0,843200000.0,2.29,2.29,2.29,5176700000.0,5087475000.0,5176700000.0,8653307446.0,9.0,5.181,1310800000.0,5.447,1.0,3170300000.0,0.334,689200000.0,173200000.0,41600700000.0,41082225000.0,0.0,26964400000.0,,,34725800000.0,,,6557907446.0,-38700000.0,-172400000.0,69700000.0,440500000.0,-142000000.0,174100000.0,-1522300000.0,-1283100000.0,1310800000.0,-1300000.0,550600000.0,550600000.0,550600000.0,0.0,0.0,0.058,2153900000.0,1016400000.0,0.0,0.258,1.267,11.91,11.9,0.0,0.0,27.25,0.692,0.692,7775100000.0,4230200000.0,9479300000.0,9479300000.0,0.0,0.014,0.108,0.025,0.107,0.0,1313200000.0,1.0,240657154.0,240657154.0,,39.389,39513300000.0,0.0,292600000.0,370100000.0,164.189,
84,UNM,MRT,2000-06-30,2000-06-30,2000-06-30,2021-09-07,-93500000.0,39786200000.0,39153350000.0,,,0.245,21.139,0.0,110300000.0,110300000.0,6805400000.0,196600000.0,,6.767,2205700000.0,,,2205700000.0,0.0,653700000.0,0.0,0.029,0.59,532200000.0,1185900000.0,0.124,1185900000.0,532200000.0,371900000.0,0.81,0.81,0.81,5083800000.0,5027900000.0,5083800000.0,7068172248.0,13.0,5.96,1359600000.0,5.653,1.0,2795300000.0,0.291,695100000.0,160300000.0,41186500000.0,40417075000.0,0.0,27024500000.0,,,34402400000.0,,,4824272248.0,-76500000.0,-172400000.0,69700000.0,491900000.0,-141700000.0,251100000.0,-1689400000.0,-1455600000.0,1359600000.0,2200000.0,196600000.0,196600000.0,196600000.0,0.0,0.0,0.02,2263100000.0,532200000.0,0.0,0.728,0.949,24.539,24.765,0.0,0.0,20.06,0.502,0.502,7177400000.0,4128800000.0,9600700000.0,9600700000.0,0.0,0.005,0.039,0.013,0.055,0.0,1354400000.0,1.0,240492136.0,240492136.0,,39.921,39091100000.0,0.0,175300000.0,325700000.0,162.546,
85,UNM,MRT,2000-03-31,2000-03-31,2000-03-31,2021-09-07,38300000.0,40308600000.0,38686125000.0,,,0.244,21.228,0.0,134100000.0,134100000.0,6865000000.0,-137700000.0,,6.834,2378000000.0,,,2378000000.0,0.0,653700000.0,0.0,0.035,0.59,26500000.0,680200000.0,0.072,680200000.0,26500000.0,-122300000.0,-0.58,-0.58,-0.58,5107200000.0,5104875000.0,5107200000.0,6024576139.0,227.0,8.857,1439400000.0,5.983,1.0,2589600000.0,0.274,701000000.0,148800000.0,41851500000.0,39789125000.0,0.0,27337300000.0,,,34901400000.0,,,4075476139.0,200000.0,-166200000.0,69700000.0,716300000.0,-140600000.0,387500000.0,-1829300000.0,-1582100000.0,1439400000.0,2600000.0,-137700000.0,-137700000.0,-137700000.0,0.0,0.0,-0.015,2563100000.0,26500000.0,0.0,-1.017,0.798,-29.597,-29.207,0.0,0.0,16.94,0.431,0.431,7351100000.0,4020900000.0,9454600000.0,9454600000.0,0.0,-0.004,-0.027,0.001,0.003,0.0,1371900000.0,1.0,240583007.0,240583007.0,,39.299,39607600000.0,0.0,15400000.0,360300000.0,164.632,
86,UNM,MRT,1999-12-31,1999-12-31,1999-12-31,2021-09-07,-18900000.0,38447500000.0,32454275000.0,,,0.287,20.757,0.0,292400000.0,292400000.0,6787600000.0,-182900000.0,,6.657,2241500000.0,,,2241500000.0,380600000.0,653700000.0,0.0,0.018,0.59,-27700000.0,626000000.0,0.067,626000000.0,-27700000.0,-165500000.0,-0.77,-0.77,-0.77,4982200000.0,4494775000.0,4982200000.0,9303489409.0,-336.0,14.862,1566700000.0,6.527,1.0,2542000000.0,0.272,706400000.0,137800000.0,39690200000.0,33392575000.0,0.0,27083400000.0,,,33165300000.0,,,7695289409.0,181200000.0,0.0,69700000.0,692600000.0,-138900000.0,166900000.0,-1554600000.0,-1479300000.0,1566700000.0,2200000.0,-182900000.0,-182900000.0,-182900000.0,0.0,0.0,-0.02,2569700000.0,-27700000.0,0.0,-0.766,1.545,-42.074,-41.636,399700000.0,0.0,32.06,0.825,0.825,5885500000.0,3957600000.0,9329600000.0,9329600000.0,0.0,-0.006,-0.041,-0.001,-0.003,0.0,1388400000.0,1.0,240027742.0,240027742.0,,38.869,37741100000.0,0.0,17400000.0,271600000.0,157.236,
87,UNM,MRT,1999-09-30,1999-09-30,1999-09-30,2021-09-07,81000000.0,38071100000.0,32492950000.0,,,0.281,20.681,0.0,139100000.0,139100000.0,6748100000.0,-225900000.0,,6.648,1747300000.0,,,1747300000.0,0.0,492000000.0,0.0,0.02,0.59,-112600000.0,379400000.0,0.041,379400000.0,-112600000.0,-242700000.0,-0.94,-0.95,-0.94,4938400000.0,4785775000.0,4938400000.0,8559696294.0,-76.0,22.561,1660300000.0,6.953,1.0,2396900000.0,0.262,739200000.0,130100000.0,38940100000.0,33276325000.0,0.0,26764900000.0,,,32832700000.0,,,7029996294.0,40000000.0,0.0,11900000.0,303100000.0,-137400000.0,-469500000.0,-1154500000.0,-1077400000.0,1660300000.0,3700000.0,-225900000.0,-225900000.0,-225900000.0,0.0,0.0,-0.025,2509500000.0,-112600000.0,0.0,-0.628,1.424,-31.12,-31.319,0.0,0.0,29.44,0.769,0.769,5775300000.0,3821700000.0,9145000000.0,9145000000.0,0.0,-0.007,-0.047,-0.003,-0.012,0.0,1307500000.0,1.0,238790635.0,238790635.0,,38.297,37331900000.0,0.0,-16800000.0,297400000.0,156.337,
88,UNM,MRT,1999-06-30,1999-06-30,1999-06-30,2021-09-07,265300000.0,37917300000.0,26707825000.0,,,0.332,38.773,0.0,186800000.0,186800000.0,6024000000.0,177400000.0,,5.977,1716500000.0,,,1716500000.0,0.0,492000000.0,0.0,0.011,0.59,424400000.0,916400000.0,0.103,916400000.0,424400000.0,296000000.0,0.76,0.73,0.76,5391700000.0,4237950000.0,5391700000.0,8497621258.0,20.0,9.273,1825600000.0,13.128,1.0,2832800000.0,0.32,772300000.0,128400000.0,38674700000.0,27444775000.0,0.0,26799700000.0,,,32225600000.0,,,7613521258.0,69400000.0,0.0,10000000.0,163000000.0,-136100000.0,-764800000.0,-992400000.0,-912200000.0,1825600000.0,1000000.0,177400000.0,177400000.0,177400000.0,0.0,0.0,0.02,2408400000.0,424400000.0,0.0,0.776,1.412,42.917,72.039,0.0,0.0,54.75,0.86,0.86,5643200000.0,4109200000.0,8856800000.0,8856800000.0,0.0,0.007,0.042,0.015,0.048,0.0,1272900000.0,1.0,139059749.0,139059749.0,,63.691,37145000000.0,0.0,118600000.0,489700000.0,267.115,
89,UNM,MRT,1999-03-31,1999-03-31,1999-03-31,2021-09-07,150600000.0,15381200000.0,20806125000.0,,,0.417,19.199,25700000.0,77000000.0,77000000.0,5638000000.0,542100000.0,,4.768,961100000.0,,,961100000.0,0.0,492000000.0,0.0,0.012,0.59,961600000.0,1453600000.0,0.167,1453600000.0,961600000.0,836100000.0,2.29,2.24,2.29,2666800000.0,3536100000.0,2666800000.0,7407623750.0,8.0,5.096,1946600000.0,14.014,1.0,3048300000.0,0.351,0.0,125500000.0,16265300000.0,21519975000.0,0.0,9824900000.0,,,12714400000.0,,,6606323750.0,40200000.0,58000000.0,-24100000.0,89700000.0,-153400000.0,-1210700000.0,-671000000.0,-662000000.0,1920900000.0,1000000.0,542100000.0,542100000.0,542100000.0,0.0,0.0,0.062,2086700000.0,961600000.0,0.0,0.258,2.477,12.187,20.769,238800000.0,0.0,47.56,0.761,0.761,2442900000.0,2439900000.0,8686300000.0,8686300000.0,0.0,0.026,0.153,0.045,0.111,0.0,1238100000.0,1.0,138905041.0,138905041.0,,62.534,15381200000.0,0.0,294000000.0,618700000.0,110.732,
90,UNM,MRT,1998-12-31,1998-12-31,1998-12-31,2021-09-07,914700000.0,38602200000.0,20416125000.0,,,0.417,44.415,0.0,111200000.0,111200000.0,5449700000.0,617400000.0,,5.232,1548900000.0,,,1548900000.0,360400000.0,492000000.0,0.0,0.01,0.585,1040100000.0,1532100000.0,0.18,1532100000.0,1040100000.0,920200000.0,2.6,2.54,2.6,6146200000.0,3489025000.0,6146200000.0,8762078523.0,8.0,5.719,1719300000.0,12.424,1.0,3069600000.0,0.36,814700000.0,119900000.0,39225200000.0,21067775000.0,0.0,27756500000.0,,,32156000000.0,,,8078778523.0,16700000.0,58000000.0,-60800000.0,32400000.0,-139100000.0,-1085500000.0,-618400000.0,-603100000.0,1719300000.0,1300000.0,617400000.0,617400000.0,617400000.0,0.0,0.0,0.072,2029500000.0,1040100000.0,0.0,0.225,1.314,13.085,22.454,367800000.0,0.0,58.38,0.948,0.948,5441100000.0,4279200000.0,8519300000.0,8519300000.0,0.0,0.03,0.177,0.049,0.122,0.0,1204000000.0,1.0,138382640.0,138382640.0,,61.563,37787500000.0,0.0,302800000.0,969800000.0,273.065,
91,UNM,MRT,1998-09-30,1998-09-30,1998-09-30,2021-09-07,296400000.0,14930600000.0,14125600000.0,,,0.705,19.865,26600000.0,56800000.0,56800000.0,6309200000.0,776800000.0,,4.435,740100000.0,,,740100000.0,0.0,399300000.0,0.0,0.012,0.58,1291700000.0,1691000000.0,0.17,1691000000.0,1291700000.0,1163000000.0,2.72,2.66,2.72,2747100000.0,2561175000.0,2747100000.0,7536420359.0,6.0,4.457,2192500000.0,15.855,1.0,3644900000.0,0.366,0.0,128700000.0,15613900000.0,14766250000.0,0.0,9624400000.0,,,12183500000.0,,,6871420359.0,28600000.0,-802300000.0,271200000.0,508500000.0,-184900000.0,-1632000000.0,-504000000.0,367400000.0,2165900000.0,-1300000.0,776800000.0,776800000.0,776800000.0,0.0,0.0,0.078,2353200000.0,1291700000.0,0.0,0.213,2.501,8.846,18.268,225900000.0,0.0,49.69,0.69,0.69,2363800000.0,2398600000.0,9954100000.0,9954100000.0,0.0,0.055,0.303,0.087,0.13,0.0,1574800000.0,1.0,138285779.0,138285779.0,,71.982,14930600000.0,0.0,386200000.0,632800000.0,107.969,
92,UNM,MRT,1998-06-30,1998-06-30,1998-06-30,2021-09-07,217500000.0,14310500000.0,13667125000.0,,,0.648,18.691,23200000.0,52800000.0,52800000.0,5626200000.0,682000000.0,,4.537,717800000.0,,,717800000.0,0.0,399300000.0,0.0,0.01,0.575,1125000000.0,1524300000.0,0.172,1524300000.0,1125000000.0,1018500000.0,2.59,2.53,2.59,2584300000.0,2461000000.0,2584300000.0,8309060558.0,7.0,5.451,1747500000.0,12.639,1.0,3228200000.0,0.365,0.0,106500000.0,14975500000.0,14283550000.0,0.0,9249000000.0,,,11726200000.0,,,7673760558.0,56700000.0,-802300000.0,229400000.0,704000000.0,-170800000.0,-1299300000.0,-366700000.0,499600000.0,1724300000.0,-1600000.0,682000000.0,682000000.0,682000000.0,0.0,0.0,0.077,2103200000.0,1125000000.0,0.0,0.222,2.969,11.252,21.429,219600000.0,0.0,55.5,0.867,0.867,2210200000.0,2314600000.0,8854400000.0,8854400000.0,0.0,0.05,0.277,0.079,0.127,0.0,1378500000.0,1.0,138265956.0,138265956.0,,64.039,14310500000.0,0.0,336500000.0,572100000.0,103.5,
93,UNM,MRT,1998-03-31,1998-03-31,1998-03-31,2021-09-07,181200000.0,13821200000.0,13273950000.0,,,0.583,17.968,-11200000.0,56000000.0,56000000.0,4925400000.0,596100000.0,,4.576,691300000.0,,,691300000.0,0.0,399300000.0,0.0,0.01,0.57,965800000.0,1365100000.0,0.176,1365100000.0,965800000.0,879400000.0,2.49,2.44,2.49,2478500000.0,2375000000.0,2478500000.0,8200671618.0,8.0,6.007,1279300000.0,9.274,1.0,2814300000.0,0.364,0.0,86400000.0,14456500000.0,13850475000.0,0.0,9107400000.0,,,11342700000.0,,,7612771618.0,11600000.0,-860300000.0,251300000.0,656900000.0,-139200000.0,-750200000.0,-527600000.0,389200000.0,1290500000.0,-1100000.0,596100000.0,596100000.0,596100000.0,0.0,0.0,0.077,1848500000.0,965800000.0,0.0,0.229,3.072,12.771,22.165,213700000.0,0.0,55.19,0.984,0.984,1994500000.0,2236300000.0,7739700000.0,7739700000.0,0.0,0.045,0.251,0.07,0.125,0.0,1182400000.0,1.0,137937518.0,137937518.0,,56.11,13821200000.0,0.0,283300000.0,547600000.0,100.199,
94,UNM,MRT,1997-12-31,1997-12-31,1997-12-31,2021-09-07,195400000.0,13440100000.0,13028250000.0,,,0.589,17.546,0.0,56800000.0,56800000.0,4856100000.0,617600000.0,,4.52,635800000.0,,,635800000.0,0.0,399300000.0,0.0,0.01,0.565,1001600000.0,1400900000.0,0.182,1400900000.0,1001600000.0,916700000.0,2.62,2.57,2.62,2434800000.0,2287475000.0,2434800000.0,8132336236.0,8.0,5.805,1332900000.0,9.606,1.0,2821200000.0,0.367,0.0,84900000.0,14019100000.0,13583325000.0,0.0,8958900000.0,,,11005300000.0,,,7545936236.0,-2700000.0,-860300000.0,103100000.0,685800000.0,-139200000.0,-910800000.0,-423100000.0,482500000.0,1332900000.0,-1700000.0,617600000.0,617600000.0,617600000.0,0.0,0.0,0.08,1819600000.0,1001600000.0,0.0,0.216,3.099,12.218,20.756,196200000.0,0.0,54.38,0.983,0.983,1832100000.0,2162500000.0,7677300000.0,7677300000.0,0.0,0.047,0.27,0.074,0.13,0.0,1017500000.0,1.0,138763079.0,138763079.0,,55.327,13440100000.0,0.0,299100000.0,516900000.0,96.856,
95,UNM,MRT,1997-09-30,1997-09-30,1997-09-30,2021-09-07,134700000.0,13096700000.0,13535100000.0,,,0.307,16.816,-42100000.0,45600000.0,45600000.0,2511400000.0,342100000.0,,4.582,632000000.0,,,632000000.0,0.0,0.0,0.0,0.012,0.56,540400000.0,540400000.0,0.13,540400000.0,540400000.0,499100000.0,2.43,,2.43,2346400000.0,2244550000.0,2346400000.0,6872307856.0,13.0,12.717,-900000.0,-0.006,1.0,1642000000.0,0.395,0.0,41300000.0,13683100000.0,14057900000.0,0.0,8851500000.0,,,10750300000.0,,,6366907856.0,9000000.0,0.0,-336300000.0,67700000.0,-79600000.0,-431500000.0,399900000.0,442000000.0,41200000.0,-600000.0,342100000.0,342100000.0,342100000.0,0.0,0.0,0.082,1101600000.0,540400000.0,0.0,0.23,2.713,18.611,18.778,197000000.0,0.0,45.63,1.533,1.533,1581100000.0,2106000000.0,4153400000.0,4153400000.0,0.0,0.025,0.152,0.038,0.13,0.0,844200000.0,1.0,139533374.0,139533374.0,,29.766,13096700000.0,0.0,157000000.0,474700000.0,93.861,
96,UNM,MRT,1997-06-30,1997-06-30,1997-06-30,2021-09-07,65400000.0,12737800000.0,,,,,16.054,-49300000.0,39000000.0,39000000.0,2520800000.0,294600000.0,,4.686,544400000.0,,,544400000.0,0.0,0.0,0.0,0.013,0.555,471800000.0,471800000.0,0.114,471800000.0,471800000.0,431000000.0,2.07,,2.07,2240300000.0,,2240300000.0,6445501950.0,14.0,13.662,164100000.0,1.176,1.0,1610500000.0,0.39,0.0,40800000.0,13243200000.0,,0.0,8650700000.0,,,10497500000.0,,,5896001950.0,-4000000.0,0.0,-307400000.0,-14300000.0,-79800000.0,-484400000.0,267200000.0,316500000.0,213400000.0,-200000.0,294600000.0,294600000.0,294600000.0,0.0,0.0,0.071,1138700000.0,471800000.0,0.0,0.268,2.632,20.014,20.411,192500000.0,0.0,42.25,1.427,1.427,1506800000.0,2034400000.0,4131300000.0,4131300000.0,0.0,,,,0.114,0.0,839500000.0,1.0,139550342.0,139550342.0,,29.604,12737800000.0,0.0,136400000.0,443900000.0,91.277,
97,UNM,MRT,1997-03-31,1997-03-31,1997-03-31,2021-09-07,19500000.0,12838400000.0,,,,,15.024,-54600000.0,61900000.0,61900000.0,2530400000.0,280900000.0,,5.032,611400000.0,,,611400000.0,0.0,0.0,0.0,0.015,0.55,451200000.0,451200000.0,0.109,451200000.0,451200000.0,410600000.0,1.94,,1.94,2128400000.0,,2128400000.0,5620671405.0,12.0,12.457,229300000.0,1.619,1.0,1599000000.0,0.387,0.0,40600000.0,13387900000.0,,0.0,8509800000.0,,,10710000000.0,,,5170771405.0,20000000.0,0.0,-304000000.0,9800000.0,-80100000.0,-612200000.0,349100000.0,403700000.0,283900000.0,-800000.0,280900000.0,280900000.0,280900000.0,0.0,0.0,0.068,1147800000.0,451200000.0,0.0,0.284,2.429,18.408,18.814,187600000.0,0.0,36.5,1.252,1.252,1435500000.0,1966700000.0,4129400000.0,4129400000.0,0.0,,,,0.109,0.0,829200000.0,1.0,141664970.0,141664970.0,,29.149,12838400000.0,0.0,129700000.0,426800000.0,90.625,
98,UNM,MRT,1996-12-31,1996-12-31,1996-12-31,2021-09-07,81100000.0,15467500000.0,15127650000.0,,,0.269,15.975,-54300000.0,77000000.0,77000000.0,2542800000.0,238000000.0,,5.835,526900000.0,,,526900000.0,0.0,0.0,0.0,0.015,0.545,382300000.0,382300000.0,0.094,382300000.0,382300000.0,341600000.0,1.63,1.61,1.63,2263100000.0,2283000000.0,2263100000.0,,,,238400000.0,1.683,1.0,1528900000.0,0.375,0.0,40700000.0,15917400000.0,15623250000.0,0.0,8724700000.0,,,13204400000.0,,,5117647041.0,35400000.0,0.0,-119100000.0,-57300000.0,-79800000.0,-544000000.0,287000000.0,341300000.0,292700000.0,-300000.0,238000000.0,238000000.0,238000000.0,0.0,0.0,0.058,1146600000.0,382300000.0,0.0,0.334,2.261,21.503,22.163,181000000.0,0.0,36.125,1.257,1.257,1366200000.0,1871400000.0,4071700000.0,4071700000.0,0.0,0.016,0.104,0.024,0.094,0.0,810900000.0,1.0,141664970.0,141664970.0,,28.742,15467500000.0,0.0,103600000.0,403100000.0,109.184,
99,UNM,MRT,1996-09-30,1996-09-30,1996-09-30,2021-09-07,,,,,,,,,,,,,,,,,,,,,,0.017,0.54,,,,,,,,,,,,,,,,,,1.0,,,,,,,,,,,,,,,,,,,,,,,,,,,,,,,,,,,,,,,,32.06,,,,,,,,,,,,,,1.0,,,,,,,,,,
100,UNM,MRT,1996-06-30,1996-06-30,1996-06-30,2021-09-07,,,,,,,,,,,,,,,,,,,,,,0.018,0.535,,,,,,,,,,,,,,,,,,1.0,,,,,,,,,,,,,,,,,,,,,,,,,,,,,,,,,,,,,,,,30.188,,,,,,,,,,,,,,1.0,,,,,,,,,,
101,UNM,MRT,1996-03-31,1996-03-31,1996-03-31,2021-09-07,,,,,,,,,,,,,,,,,,,,,,0.018,0.53,,,,,,,,,,,,,,,,,,1.0,,,,,,,,,,,,,,,,,,,,,,,,,,,,,,,,,,,,,,,,30.188,,,,,,,,,,,,,,1.0,,,,,,,,,,
102,UNM,MRT,1995-12-31,1995-12-31,1995-12-31,2021-09-07,190000000.0,14787800000.0,,,,,,-28900000.0,42500000.0,42500000.0,2720400000.0,281100000.0,,5.421,583800000.0,,,583800000.0,0.0,0.0,0.0,0.019,0.518,419100000.0,419100000.0,0.102,419100000.0,419100000.0,381900000.0,1.93,1.92,1.93,2302900000.0,,2302900000.0,,,,727200000.0,,1.0,1402500000.0,0.34,0.0,37200000.0,15329100000.0,,0.0,11692500000.0,,,12484900000.0,,,,6400000.0,0.0,0.0,155100000.0,-75100000.0,-124700000.0,-625700000.0,-596800000.0,756100000.0,700000.0,281100000.0,281100000.0,281100000.0,0.0,0.0,0.068,983400000.0,419100000.0,0.0,0.268,,,14.249,153700000.0,0.0,27.5,,,645200000.0,1713200000.0,4122900000.0,4122900000.0,0.0,,,,0.102,0.0,369900000.0,1.0,,,,,14787800000.0,0.0,100800000.0,412700000.0,,
103,UNM,MRT,1994-12-31,1994-12-31,1994-12-31,2021-09-07,,,,,,,,-29900000.0,,,2481700000.0,154700000.0,,,,,,,,0.0,,0.024,0.46,217300000.0,217300000.0,0.06,217300000.0,217300000.0,198600000.0,1.045,,1.045,,,,,,,670900000.0,,1.0,1130900000.0,0.313,,18700000.0,,,,,,,,,,,15300000.0,0.0,-183300000.0,190100000.0,-68300000.0,-246200000.0,-439400000.0,-409500000.0,700800000.0,100000.0,154700000.0,154700000.0,154700000.0,0.0,0.0,0.043,913600000.0,217300000.0,,0.44,,,18.062,,0.0,18.875,,,,,3612600000.0,3612600000.0,0.0,,,,0.06,0.0,355900000.0,1.0,,,,,,,43900000.0,,,
