None,ticker,dimension,calendardate,datekey,reportperiod,lastupdated,accoci,assets,assetsavg,assetsc,assetsnc,assetturnover,bvps,capex,cashneq,cashnequsd,cor,consolinc,currentratio,de,debt,debtc,debtnc,debtusd,deferredrev,depamor,deposits,divyield,dps,ebit,ebitda,ebitdamargin,ebitdausd,ebitusd,ebt,eps,epsdil,epsusd,equity,equityavg,equityusd,ev,evebit,evebitda,fcf,fcfps,fxusd,gp,grossmargin,intangibles,intexp,invcap,invcapavg,inventory,investments,investmentsc,investmentsnc,liabilities,liabilitiesc,liabilitiesnc,marketcap,ncf,ncfbus,ncfcommon,ncfdebt,ncfdiv,ncff,ncfi,ncfinv,ncfo,ncfx,netinc,netinccmn,netinccmnusd,netincdis,netincnci,netmargin,opex,opinc,payables,payoutratio,pb,pe,pe1,ppnenet,prefdivis,price,ps,ps1,receivables,retearn,revenue,revenueusd,rnd,roa,roe,roic,ros,sbcomp,sgna,sharefactor,sharesbas,shareswa,shareswadil,sps,tangibles,taxassets,taxexp,taxliabilities,tbvps,workingcapital
0,AN,MRY,2020-12-31,2020-12-31,2020-12-31,2021-10-21,0.0,9887200000.0,9864350000.0,4152700000.0,5734500000.0,2.067,36.644,-156000000.0,569600000.0,569600000.0,16823600000.0,381600000.0,0.997,2.056,2388300000.0,309200000.0,2079100000.0,2388300000.0,0.0,198900000.0,0.0,0.0,0.0,707400000.0,906300000.0,0.044,906300000.0,707400000.0,549900000.0,4.32,4.3,4.32,3235700000.0,3144550000.0,3235700000.0,8175999885.0,12.0,9.021,1051600000.0,11.909,1.0,3566400000.0,0.175,1706500000.0,157500000.0,5833500000.0,6092100000.0,2598500000.0,0.0,0.0,0.0,6651500000.0,4165900000.0,2485600000.0,6132099885.0,527200000.0,8600000.0,-314500000.0,-284100000.0,0.0,-606700000.0,-73700000.0,55400000.0,1207600000.0,0.0,381600000.0,381600000.0,381600000.0,200000.0,0.0,0.019,2996700000.0,569700000.0,3095100000.0,0.0,1.895,16.069,16.155,3447600000.0,0.0,69.79,0.301,0.302,845200000.0,4069400000.0,20390000000.0,20390000000.0,0.0,0.039,0.121,0.116,0.035,30200000.0,2422000000.0,1.0,87865022.0,88300000.0,88700000.0,230.917,8180700000.0,0.0,168300000.0,95900000.0,92.647,-13200000.0
1,AN,MRY,2019-12-31,2019-12-31,2019-12-31,2021-10-21,0.0,10543300000.0,10652225000.0,4411100000.0,6132200000.0,2.003,35.095,-269300000.0,42000000.0,42000000.0,17812700000.0,450000000.0,0.865,2.334,2409100000.0,525600000.0,1883500000.0,2409100000.0,0.0,180500000.0,0.0,0.0,0.0,856900000.0,1037400000.0,0.049,1037400000.0,856900000.0,611800000.0,4.99,4.97,4.99,3162100000.0,2956875000.0,3162100000.0,6865798039.0,8.0,6.618,499900000.0,5.548,1.0,3523000000.0,0.165,2083500000.0,245100000.0,5726700000.0,5692950000.0,3305800000.0,0.0,0.0,0.0,7381200000.0,5100200000.0,2281000000.0,4338398039.0,-6900000.0,110900000.0,-32000000.0,-625300000.0,0.0,-660300000.0,-115800000.0,0.0,769200000.0,0.0,450000000.0,450000000.0,450000000.0,800000.0,0.0,0.021,2748700000.0,774300000.0,3866100000.0,0.0,1.372,9.641,9.745,3507700000.0,0.0,48.63,0.203,0.205,916700000.0,3688300000.0,21335700000.0,21335700000.0,0.0,0.042,0.152,0.151,0.04,31100000.0,2558600000.0,1.0,89212380.0,90100000.0,90500000.0,236.8,8459800000.0,0.0,161800000.0,135100000.0,93.893,-689100000.0
2,AN,MRY,2018-12-31,2018-12-31,2018-12-31,2021-10-21,0.0,10665100000.0,10323450000.0,4884000000.0,5781100000.0,2.074,29.879,-400800000.0,48600000.0,48600000.0,18015500000.0,396000000.0,0.863,2.927,2600500000.0,674300000.0,1926200000.0,2600500000.0,0.0,166200000.0,0.0,0.0,0.0,779300000.0,945500000.0,0.044,945500000.0,779300000.0,529500000.0,4.36,4.34,4.36,2716000000.0,2576625000.0,2716000000.0,5725129283.0,7.0,6.055,110200000.0,1.212,1.0,3397300000.0,0.159,2108600000.0,249800000.0,5450300000.0,5351400000.0,3650500000.0,0.0,0.0,0.0,7949100000.0,5658100000.0,2291000000.0,3210329283.0,-21700000.0,106000000.0,-82200000.0,-150000000.0,0.0,-237400000.0,-295300000.0,-50000000.0,511000000.0,0.0,396000000.0,396000000.0,396000000.0,-100000.0,0.0,0.018,2684100000.0,713200000.0,4303900000.0,0.0,1.182,8.107,8.188,3155300000.0,0.0,35.7,0.15,0.152,976200000.0,3238300000.0,21412800000.0,21412800000.0,0.0,0.038,0.154,0.146,0.036,25500000.0,2509800000.0,1.0,89925190.0,90900000.0,91300000.0,235.564,8556500000.0,0.0,133500000.0,89800000.0,94.131,-774100000.0
3,AN,MRY,2017-12-31,2017-12-31,2017-12-31,2021-10-21,0.0,10271500000.0,10117175000.0,4797500000.0,5474000000.0,2.129,24.226,-292400000.0,69200000.0,69200000.0,18175600000.0,434600000.0,0.851,3.335,2703700000.0,744500000.0,1959200000.0,2703700000.0,0.0,158600000.0,0.0,0.0,0.0,853300000.0,1011900000.0,0.047,1011900000.0,853300000.0,636100000.0,4.44,4.43,4.44,2369300000.0,2375650000.0,2369300000.0,7487843484.0,9.0,7.4,247700000.0,2.533,1.0,3359000000.0,0.156,2101800000.0,217200000.0,5168500000.0,4702775000.0,3365600000.0,0.0,0.0,0.0,7902200000.0,5635700000.0,2266500000.0,4683543484.0,5700000.0,27800000.0,-395200000.0,88900000.0,0.0,-307400000.0,-227000000.0,0.0,540100000.0,0.0,434600000.0,434600000.0,434600000.0,400000.0,0.0,0.02,2594800000.0,764200000.0,4116700000.0,0.0,1.977,10.777,11.561,2962700000.0,0.0,51.33,0.217,0.233,1111000000.0,2832200000.0,21534600000.0,21534600000.0,0.0,0.043,0.183,0.181,0.04,20600000.0,2436200000.0,1.0,91243785.0,97800000.0,98200000.0,220.19,8169700000.0,0.0,201500000.0,71900000.0,83.535,-838200000.0
4,AN,MRY,2016-12-31,2016-12-31,2016-12-31,2021-10-21,0.0,10060000000.0,9883225000.0,4714800000.0,5345200000.0,2.186,22.408,-235800000.0,64800000.0,64800000.0,18295800000.0,430500000.0,0.809,3.354,2720600000.0,1109500000.0,1611100000.0,2720600000.0,0.0,143400000.0,0.0,0.0,0.0,893100000.0,1036500000.0,0.048,1036500000.0,893100000.0,701100000.0,4.18,4.15,4.18,2310300000.0,2194975000.0,2310300000.0,7611395368.0,9.0,7.343,280200000.0,2.718,1.0,3313200000.0,0.153,2109500000.0,192000000.0,4777100000.0,4839875000.0,3520100000.0,0.0,0.0,0.0,7749700000.0,5829200000.0,1920500000.0,4915795368.0,-12600000.0,-260000000.0,-488600000.0,469600000.0,0.0,-35600000.0,-493000000.0,0.0,516000000.0,0.0,430500000.0,430500000.0,430500000.0,1200000.0,0.0,0.02,2492800000.0,820400000.0,4152900000.0,0.0,2.128,11.419,11.639,2843200000.0,0.0,48.65,0.227,0.232,1032900000.0,3133300000.0,21609000000.0,21609000000.0,0.0,0.044,0.196,0.185,0.041,25100000.0,2349400000.0,1.0,101044098.0,103100000.0,103800000.0,209.593,7950500000.0,0.0,270600000.0,91500000.0,77.114,-1114400000.0
5,AN,MRY,2015-12-31,2015-12-31,2015-12-31,2021-10-21,0.0,9548200000.0,8919375000.0,4709700000.0,4838500000.0,2.339,20.846,-225700000.0,74100000.0,74100000.0,17600500000.0,442600000.0,0.911,3.064,2356500000.0,611200000.0,1745300000.0,2356500000.0,0.0,127400000.0,0.0,0.0,0.0,870800000.0,998200000.0,0.048,998200000.0,870800000.0,721600000.0,3.93,3.89,3.93,2349300000.0,2276275000.0,2349300000.0,8741078133.0,10.0,8.757,281500000.0,2.498,1.0,3261500000.0,0.156,1834400000.0,149200000.0,4828800000.0,4810550000.0,3612000000.0,0.0,0.0,0.0,7198900000.0,5167400000.0,2031500000.0,6599878133.0,-1300000.0,-277600000.0,-207300000.0,190300000.0,0.0,900000.0,-509400000.0,0.0,507200000.0,0.0,442600000.0,442600000.0,442600000.0,1100000.0,0.0,0.021,2406300000.0,855200000.0,4027000000.0,0.0,2.809,14.912,15.181,2667400000.0,0.0,59.66,0.316,0.322,908200000.0,2702800000.0,20862000000.0,20862000000.0,0.0,0.05,0.194,0.181,0.042,24000000.0,2263500000.0,1.0,110624843.0,112700000.0,113900000.0,185.111,7713800000.0,0.0,279000000.0,78600000.0,68.445,-457700000.0
6,AN,MRY,2014-12-31,2014-12-31,2014-12-31,2021-10-21,0.0,8399700000.0,7952250000.0,3999200000.0,4400500000.0,2.403,17.665,-203700000.0,75400000.0,75400000.0,16120100000.0,418700000.0,1.03,3.054,2128400000.0,25000000.0,2103400000.0,2128400000.0,0.0,106900000.0,0.0,0.0,0.0,821200000.0,928100000.0,0.049,928100000.0,821200000.0,681200000.0,3.57,3.52,3.57,2072100000.0,2069525000.0,2072100000.0,8700517743.0,11.0,9.375,281400000.0,2.399,1.0,2988700000.0,0.156,1669400000.0,140000000.0,4901300000.0,4560175000.0,2899000000.0,0.0,0.0,0.0,6327600000.0,3882000000.0,2445600000.0,6835017743.0,6200000.0,-163800000.0,-452600000.0,331700000.0,0.0,-102900000.0,-376000000.0,500000.0,485100000.0,0.0,418700000.0,418700000.0,418700000.0,1100000.0,0.0,0.022,2186500000.0,802200000.0,3361900000.0,0.0,3.299,16.324,16.922,2422000000.0,0.0,60.41,0.358,0.371,817800000.0,3756600000.0,19108800000.0,19108800000.0,0.0,0.053,0.202,0.18,0.043,26300000.0,2079600000.0,1.0,113143813.0,117300000.0,118900000.0,162.905,6730300000.0,0.0,262500000.0,137900000.0,57.377,117200000.0
7,AN,MRY,2013-12-31,2013-12-31,2013-12-31,2021-10-21,0.0,7914100000.0,7484025000.0,3830000000.0,4084100000.0,2.341,16.997,-157700000.0,69200000.0,69200000.0,14757700000.0,374900000.0,1.021,2.839,1839900000.0,30100000.0,1809800000.0,1839900000.0,0.0,95300000.0,0.0,0.0,0.0,745200000.0,840500000.0,0.048,840500000.0,745200000.0,603500000.0,3.09,3.04,3.09,2061700000.0,1931050000.0,2061700000.0,7840848218.0,11.0,9.329,326400000.0,2.691,1.0,2759900000.0,0.158,1594700000.0,141700000.0,4338300000.0,4338200000.0,2827200000.0,0.0,0.0,0.0,5852400000.0,3751800000.0,2100600000.0,6052848218.0,-500000.0,-77800000.0,-44600000.0,-185900000.0,0.0,-226800000.0,-257800000.0,0.0,484100000.0,0.0,374900000.0,374900000.0,374900000.0,900000.0,0.0,0.021,2030300000.0,729600000.0,3292000000.0,0.0,2.936,16.145,16.081,2235300000.0,0.0,49.69,0.346,0.344,740900000.0,3337900000.0,17517600000.0,17517600000.0,0.0,0.05,0.194,0.172,0.043,21300000.0,1935000000.0,1.0,121812200.0,121300000.0,123300000.0,144.415,6319400000.0,0.0,228600000.0,116500000.0,52.097,78200000.0
8,AN,MRY,2012-12-31,2012-12-31,2012-12-31,2021-10-21,0.0,7203000000.0,6639950000.0,3361100000.0,3841900000.0,2.36,13.639,-160000000.0,69700000.0,69700000.0,13181300000.0,316400000.0,1.05,3.266,2096100000.0,29800000.0,2066300000.0,2096100000.0,0.0,87300000.0,0.0,0.0,0.0,648300000.0,735600000.0,0.047,735600000.0,648300000.0,515900000.0,2.56,2.52,2.56,1688500000.0,1605825000.0,1688500000.0,6627690465.0,10.0,9.01,156600000.0,1.265,1.0,2486200000.0,0.159,1528700000.0,132400000.0,4499000000.0,4271700000.0,2396900000.0,0.0,0.0,0.0,5514500000.0,3201700000.0,2312800000.0,4833990465.0,-16900000.0,-134800000.0,-545000000.0,499300000.0,0.0,-35700000.0,-297800000.0,400000.0,316600000.0,0.0,316400000.0,316400000.0,316400000.0,900000.0,0.0,0.02,1840800000.0,645400000.0,2757400000.0,0.0,2.863,15.278,15.508,2095100000.0,0.0,39.7,0.309,0.314,698400000.0,2963000000.0,15667500000.0,15667500000.0,0.0,0.048,0.197,0.152,0.041,18600000.0,1749300000.0,1.0,121762984.0,123800000.0,125800000.0,126.555,5674300000.0,0.0,199500000.0,89400000.0,45.834,159400000.0
9,AN,MRY,2011-12-31,2011-12-31,2011-12-31,2021-10-21,0.0,6198800000.0,5947725000.0,2676200000.0,3522600000.0,2.326,13.084,-146100000.0,86600000.0,86600000.0,11528300000.0,281400000.0,1.087,2.272,1647000000.0,12600000.0,1634400000.0,1647000000.0,0.0,83700000.0,0.0,0.0,0.0,567200000.0,650900000.0,0.047,650900000.0,567200000.0,458500000.0,1.94,1.91,1.94,1894600000.0,2043550000.0,1894600000.0,6578146118.0,12.0,10.106,230300000.0,1.59,1.0,2304000000.0,0.167,1390000000.0,108700000.0,3906600000.0,3686225000.0,1809200000.0,0.0,0.0,0.0,4304200000.0,2462600000.0,1841600000.0,5158046118.0,-8500000.0,-59300000.0,-501800000.0,300300000.0,0.0,-178700000.0,-206200000.0,0.0,376400000.0,0.0,281400000.0,281400000.0,281400000.0,2800000.0,0.0,0.02,1733100000.0,570900000.0,2101200000.0,0.0,2.722,18.33,19.005,1950700000.0,0.0,36.87,0.373,0.386,587400000.0,2646600000.0,13832300000.0,13832300000.0,0.0,0.047,0.138,0.154,0.041,18400000.0,1649400000.0,1.0,139898186.0,144800000.0,147300000.0,95.527,4808800000.0,0.0,177100000.0,62300000.0,33.21,213600000.0
10,AN,MRY,2010-12-31,2010-12-31,2010-12-31,2021-10-21,0.0,5974200000.0,5681025000.0,2628800000.0,3345400000.0,2.193,13.25,-145000000.0,95100000.0,95100000.0,10333500000.0,226600000.0,1.096,1.874,1348700000.0,8100000.0,1340600000.0,1348700000.0,0.0,76800000.0,0.0,0.0,0.0,471200000.0,548000000.0,0.044,548000000.0,471200000.0,372600000.0,1.44,1.43,1.44,2078900000.0,2095500000.0,2078900000.0,5469614131.0,12.0,9.981,106800000.0,0.681,1.0,2127500000.0,0.171,1344400000.0,98600000.0,3484000000.0,3406950000.0,1867000000.0,0.0,0.0,0.0,3895300000.0,2399400000.0,1495900000.0,4173514131.0,-78400000.0,-60100000.0,-474500000.0,340900000.0,0.0,-130000000.0,-200200000.0,1300000.0,251800000.0,0.0,226600000.0,226600000.0,226600000.0,8700000.0,0.0,0.018,1628900000.0,498600000.0,2030400000.0,0.0,2.008,18.418,19.583,1838000000.0,0.0,28.2,0.335,0.355,462000000.0,2365200000.0,12461000000.0,12461000000.0,0.0,0.04,0.108,0.138,0.038,15900000.0,1552100000.0,1.0,147996955.0,156900000.0,158600000.0,79.42,4629800000.0,0.0,146000000.0,25900000.0,29.508,229400000.0
11,AN,MRY,2009-12-31,2009-12-31,2009-12-31,2021-10-21,0.0,5407300000.0,5331100000.0,2268400000.0,3138900000.0,2.001,13.049,-63900000.0,173500000.0,173500000.0,8756200000.0,198000000.0,1.217,1.348,1112600000.0,7600000.0,1105000000.0,1112600000.0,0.0,76700000.0,0.0,0.0,0.0,392400000.0,469100000.0,0.044,469100000.0,392400000.0,314100000.0,1.12,1.12,1.12,2303200000.0,2285400000.0,2303200000.0,4251087020.0,11.0,9.062,305400000.0,1.73,1.0,1909800000.0,0.179,1297600000.0,78300000.0,3185400000.0,3203975000.0,1392800000.0,0.0,0.0,0.0,3104100000.0,1863400000.0,1240700000.0,3341187020.0,63400000.0,65700000.0,-111300000.0,-182800000.0,0.0,-319900000.0,14000000.0,5100000.0,369300000.0,0.0,198000000.0,198000000.0,198000000.0,35100000.0,0.0,0.019,1519700000.0,390100000.0,1526300000.0,0.0,1.451,16.875,17.098,1713600000.0,0.0,19.15,0.313,0.317,406400000.0,2221000000.0,10666000000.0,10666000000.0,0.0,0.037,0.087,0.122,0.037,13500000.0,1446900000.0,1.0,174474518.0,176500000.0,177300000.0,60.431,4109700000.0,0.0,116100000.0,24600000.0,23.284,405000000.0
12,AN,MRY,2008-12-31,2008-12-31,2008-12-31,2021-10-21,-700000.0,6014100000.0,7281725000.0,2723500000.0,3290600000.0,1.818,12.363,-86500000.0,110200000.0,110200000.0,11013700000.0,-1243100000.0,1.109,1.736,1258900000.0,33300000.0,1225600000.0,1258900000.0,0.0,84000000.0,0.0,0.0,0.0,-1263100000.0,-1179100000.0,-0.089,-1179100000.0,-1263100000.0,-1432300000.0,-6.99,-6.99,-6.99,2198100000.0,2840500000.0,2198100000.0,3100210436.0,-2.0,-2.629,597700000.0,3.362,1.0,2225000000.0,0.168,1303400000.0,169200000.0,3403600000.0,3733800000.0,1758100000.0,0.0,0.0,0.0,3816000000.0,2455800000.0,1360200000.0,1747310436.0,76900000.0,17400000.0,-57800000.0,-454900000.0,0.0,-532200000.0,-75100000.0,11000000.0,684200000.0,0.0,-1243100000.0,-1243100000.0,-1243100000.0,30800000.0,0.0,-0.094,3501200000.0,-1276200000.0,1948100000.0,0.0,0.795,-1.406,-1.413,1798900000.0,0.0,9.88,0.132,0.133,370200000.0,2023000000.0,13238700000.0,13238700000.0,0.0,-0.171,-0.438,-0.338,-0.095,21000000.0,1675100000.0,1.0,176853283.0,177800000.0,177800000.0,74.458,4710700000.0,0.0,-189200000.0,0.0,26.494,267700000.0
13,AN,MRY,2007-12-31,2007-12-31,2007-12-31,2021-10-21,-200000.0,8479600000.0,8410225000.0,3304800000.0,5174800000.0,1.948,17.516,-152400000.0,33000000.0,33000000.0,13742200000.0,278700000.0,1.139,1.441,1775800000.0,23900000.0,1751900000.0,1775800000.0,0.0,84000000.0,0.0,0.0,0.0,679800000.0,763800000.0,0.047,763800000.0,679800000.0,447600000.0,1.41,1.39,1.41,3473500000.0,3629775000.0,3473500000.0,4584165325.0,7.0,6.002,52700000.0,0.266,1.0,2643000000.0,0.161,3053600000.0,232200000.0,4266300000.0,4033100000.0,2258100000.0,0.0,0.0,0.0,5006100000.0,2902500000.0,2103600000.0,2880865325.0,-20900000.0,48400000.0,-547600000.0,382500000.0,0.0,-136400000.0,-89600000.0,9100000.0,205100000.0,0.0,278700000.0,278700000.0,278700000.0,5300000.0,0.0,0.017,1961700000.0,681300000.0,2331800000.0,0.0,0.829,10.337,11.106,1955000000.0,0.0,15.66,0.176,0.19,702900000.0,3266100000.0,16385200000.0,16385200000.0,0.0,0.033,0.077,0.169,0.041,15300000.0,1876400000.0,1.0,183963303.0,198300000.0,200000000.0,82.628,5426000000.0,0.0,168900000.0,220700000.0,27.363,402300000.0
14,AN,MRY,2006-12-31,2006-12-31,2006-12-31,2021-10-21,-400000.0,8601400000.0,8636125000.0,3448400000.0,5153000000.0,2.11,16.486,-167800000.0,52800000.0,52800000.0,15297900000.0,316900000.0,1.144,1.317,1571500000.0,13600000.0,1557900000.0,1571500000.0,0.0,80000000.0,0.0,0.0,0.0,749300000.0,829300000.0,0.046,829300000.0,749300000.0,526000000.0,1.41,1.38,1.41,3712700000.0,3963625000.0,3712700000.0,5901609834.0,8.0,7.116,131700000.0,0.585,1.0,2920600000.0,0.16,3084700000.0,223300000.0,4020800000.0,3637850000.0,2305000000.0,0.0,0.0,0.0,4888700000.0,3014600000.0,1874100000.0,4429409834.0,-197500000.0,-142700000.0,-1304900000.0,1104400000.0,0.0,-188200000.0,-308800000.0,6900000.0,299500000.0,0.0,316900000.0,316900000.0,316900000.0,12100000.0,0.0,0.017,2133200000.0,787400000.0,2421900000.0,0.0,1.193,13.977,15.121,1893800000.0,0.0,21.32,0.243,0.264,795000000.0,2989400000.0,18218500000.0,18218500000.0,0.0,0.037,0.08,0.206,0.041,15200000.0,2057900000.0,1.0,207758435.0,225200000.0,229300000.0,80.899,5516700000.0,0.0,209100000.0,225400000.0,24.497,433800000.0
15,AN,MRY,2005-12-31,2005-12-31,2005-12-31,2021-10-21,1800000.0,8824500000.0,8607400000.0,3940100000.0,4884400000.0,2.127,17.775,-130000000.0,245700000.0,245700000.0,15395600000.0,496500000.0,1.155,0.89,525000000.0,40600000.0,484400000.0,525000000.0,0.0,76900000.0,0.0,0.0,0.0,887800000.0,964700000.0,0.053,964700000.0,887800000.0,722200000.0,1.89,1.85,1.89,4669500000.0,4516925000.0,4669500000.0,6099313296.0,7.0,6.322,449600000.0,1.711,1.0,2914700000.0,0.159,2944600000.0,165600000.0,2747000000.0,2934675000.0,2584600000.0,0.0,0.0,0.0,4155000000.0,3412200000.0,742800000.0,5701713296.0,134600000.0,39100000.0,-124300000.0,-278100000.0,0.0,-403200000.0,-41800000.0,-10500000.0,579600000.0,0.0,496500000.0,496500000.0,496500000.0,-103900000.0,0.0,0.027,2120400000.0,794300000.0,2654800000.0,0.0,1.221,11.484,11.497,1785900000.0,0.0,21.73,0.311,0.312,775000000.0,2672500000.0,18310300000.0,18310300000.0,0.0,0.058,0.11,0.303,0.048,0.0,2043400000.0,1.0,262389015.0,262700000.0,268000000.0,69.7,5879900000.0,0.0,225700000.0,186200000.0,22.383,527900000.0
16,AN,MRY,2004-12-31,2004-12-31,2004-12-31,2021-10-21,-1500000.0,8698900000.0,8909850000.0,3748400000.0,4950500000.0,2.065,15.985,-129600000.0,108200000.0,108200000.0,15533000000.0,433600000.0,1.099,1.041,812600000.0,14900000.0,797700000.0,812600000.0,0.0,79200000.0,0.0,0.0,0.0,793000000.0,872200000.0,0.047,872200000.0,793000000.0,642000000.0,1.63,1.59,1.63,4263100000.0,4112375000.0,4263100000.0,5809038340.0,7.0,6.66,432400000.0,1.621,1.0,2867500000.0,0.156,2946700000.0,151000000.0,3045600000.0,4450825000.0,2576000000.0,0.0,0.0,0.0,4435800000.0,3411000000.0,1024800000.0,5082438340.0,-68500000.0,-178500000.0,-142600000.0,-157100000.0,0.0,-300500000.0,-330000000.0,4800000.0,562000000.0,0.0,433600000.0,433600000.0,433600000.0,-40700000.0,0.0,0.024,2114100000.0,753400000.0,2634900000.0,0.0,1.192,11.721,11.785,1796200000.0,0.0,19.21,0.276,0.278,760000000.0,2176000000.0,18400500000.0,18400500000.0,0.0,0.049,0.105,0.178,0.043,0.0,2029800000.0,1.0,264572532.0,266700000.0,272500000.0,68.993,5752200000.0,0.0,208400000.0,156800000.0,21.568,337400000.0
17,AN,MRY,2003-12-31,2003-12-31,2003-12-31,2021-10-21,-3200000.0,8823100000.0,8698950000.0,4038100000.0,4785000000.0,2.101,14.131,-120900000.0,173400000.0,173400000.0,15436500000.0,479200000.0,1.06,1.234,824400000.0,15900000.0,808500000.0,824400000.0,0.0,67600000.0,0.0,0.0,0.0,710300000.0,777900000.0,0.043,777900000.0,710300000.0,572000000.0,1.71,1.67,1.71,3949700000.0,3923825000.0,3949700000.0,7992521008.0,11.0,10.274,360400000.0,1.289,1.0,2843600000.0,0.156,2877400000.0,138300000.0,2787400000.0,4656975000.0,2849200000.0,0.0,0.0,0.0,4873400000.0,3809300000.0,1064100000.0,5053121008.0,-8000000.0,-10500000.0,-457100000.0,49100000.0,0.0,-415700000.0,-73600000.0,-26900000.0,481300000.0,0.0,479200000.0,479200000.0,479200000.0,24900000.0,0.0,0.026,2114100000.0,729500000.0,2915800000.0,0.0,1.279,10.545,10.743,1666400000.0,0.0,18.37,0.276,0.281,754800000.0,1742400000.0,18280100000.0,18280100000.0,0.0,0.055,0.122,0.153,0.039,0.0,2043600000.0,1.0,275074633.0,279500000.0,287000000.0,65.403,5945700000.0,0.0,92800000.0,176600000.0,21.273,228800000.0
18,AN,MRY,2002-12-31,2002-12-31,2002-12-31,2021-10-21,4200000.0,8502700000.0,8387775000.0,3629100000.0,4873600000.0,2.23,12.347,-133100000.0,176200000.0,176200000.0,15791100000.0,381600000.0,1.218,1.174,2953800000.0,2311100000.0,642700000.0,2953800000.0,0.0,67900000.0,0.0,0.0,0.0,739400000.0,807300000.0,0.043,807300000.0,739400000.0,617100000.0,1.2,1.19,1.2,3910200000.0,3948050000.0,3910200000.0,6224114711.0,8.0,7.71,494400000.0,1.561,1.0,2910400000.0,0.156,2893700000.0,122300000.0,5405900000.0,5259650000.0,2598400000.0,0.0,0.0,0.0,4592500000.0,2980700000.0,1611800000.0,3928814711.0,46900000.0,-166500000.0,-311200000.0,-4000000.0,0.0,-327000000.0,-245200000.0,159900000.0,627500000.0,0.0,381600000.0,381600000.0,381600000.0,-1500000.0,0.0,0.02,2189800000.0,720600000.0,163300000.0,0.0,1.005,10.296,10.467,1678400000.0,0.0,12.56,0.21,0.213,759800000.0,1263200000.0,18701500000.0,18701500000.0,0.0,0.045,0.097,0.141,0.04,0.0,2132400000.0,1.0,312803719.0,316700000.0,321500000.0,59.051,5609000000.0,0.0,235500000.0,865300000.0,17.711,648400000.0
19,AN,MRY,2001-12-31,2001-12-31,2001-12-31,2021-10-21,1600000.0,8065400000.0,8311125000.0,3152500000.0,4912900000.0,2.405,11.481,-130100000.0,128100000.0,128100000.0,16988700000.0,232300000.0,1.223,1.107,2555900000.0,1908600000.0,647300000.0,2555900000.0,0.0,151900000.0,0.0,0.0,0.0,558500000.0,710400000.0,0.036,710400000.0,558500000.0,388100000.0,0.7,0.69,0.7,3827900000.0,3842075000.0,3827900000.0,6458546846.0,12.0,9.091,410000000.0,1.23,1.0,3000600000.0,0.15,2865200000.0,170400000.0,5049900000.0,5352575000.0,2178500000.0,0.0,0.0,0.0,4237500000.0,2578100000.0,1659400000.0,4006846846.0,43500000.0,-30800000.0,-247700000.0,-205300000.0,0.0,-453100000.0,-43500000.0,-72700000.0,540100000.0,0.0,232300000.0,232300000.0,232300000.0,12700000.0,0.0,0.012,2433900000.0,566700000.0,149700000.0,0.0,1.047,17.249,17.614,1583300000.0,0.0,12.33,0.2,0.206,802200000.0,881600000.0,19989300000.0,19989300000.0,0.0,0.028,0.06,0.104,0.028,0.0,2207200000.0,1.0,324967303.0,333400000.0,335200000.0,59.956,5200200000.0,0.0,155800000.0,853800000.0,15.597,574400000.0
20,AN,MRY,2000-12-31,2000-12-31,2000-12-31,2021-10-21,1000000.0,8867300000.0,9005175000.0,3879400000.0,4987900000.0,2.287,10.635,-83900000.0,84600000.0,84600000.0,17578300000.0,329900000.0,1.22,1.308,3311200000.0,2460800000.0,850400000.0,3311200000.0,0.0,133800000.0,0.0,0.0,0.0,773100000.0,906900000.0,0.044,906900000.0,773100000.0,526800000.0,0.91,0.91,0.91,3842500000.0,4003425000.0,3842500000.0,4945055316.0,6.0,5.453,347500000.0,0.962,1.0,3020700000.0,0.147,2920200000.0,246300000.0,5995100000.0,6031125000.0,2774400000.0,0.0,0.0,0.0,5024800000.0,3178600000.0,1846200000.0,2147255316.0,-153600000.0,-134600000.0,-187600000.0,-198900000.0,0.0,-386500000.0,28500000.0,248900000.0,431400000.0,0.0,329900000.0,329900000.0,329900000.0,-13100000.0,0.0,0.016,2297100000.0,723600000.0,143200000.0,0.0,0.559,6.509,6.593,1528600000.0,0.0,6.0,0.104,0.105,957900000.0,649300000.0,20599000000.0,20599000000.0,0.0,0.037,0.082,0.128,0.038,0.0,2177700000.0,1.0,357875886.0,361300000.0,361400000.0,57.014,5947100000.0,0.0,196900000.0,877200000.0,16.46,700800000.0
21,AN,MRY,1999-12-31,1999-12-31,1999-12-31,2021-10-21,6600000.0,9583100000.0,10916475000.0,4270500000.0,5312600000.0,1.841,10.705,-153900000.0,218600000.0,218600000.0,17308400000.0,282900000.0,1.363,1.083,3054400000.0,2218300000.0,836100000.0,3054400000.0,0.0,123000000.0,0.0,0.0,0.0,321800000.0,444800000.0,0.022,444800000.0,321800000.0,286900000.0,0.66,0.66,0.66,4601200000.0,5254625000.0,4601200000.0,5433682783.0,17.0,12.216,324700000.0,0.755,1.0,2790600000.0,0.139,2831000000.0,34900000.0,6453700000.0,7905775000.0,2706800000.0,175800000.0,0.0,175800000.0,4981900000.0,3134200000.0,1847700000.0,3726782783.0,-489900000.0,996900000.0,-1158000000.0,41200000.0,0.0,-1087800000.0,825600000.0,49000000.0,478600000.0,0.0,282900000.0,282900000.0,282900000.0,30600000.0,0.0,0.014,2806000000.0,-15400000.0,163100000.0,0.0,0.81,13.173,14.015,1360400000.0,0.0,9.25,0.185,0.198,1179500000.0,1213800000.0,20099000000.0,20099000000.0,0.0,0.026,0.054,0.041,0.016,0.0,2279400000.0,1.0,402895436.0,429800000.0,429800000.0,46.764,6752100000.0,0.0,4000000.0,804800000.0,15.71,1136300000.0
22,AN,MRY,1998-12-31,1998-12-31,1998-12-31,2021-10-21,-4300000.0,8412200000.0,11969150000.0,3061200000.0,5351000000.0,1.058,11.919,-244400000.0,183800000.0,183800000.0,10733000000.0,499500000.0,1.533,0.551,1865700000.0,1344800000.0,520900000.0,1865700000.0,0.0,79900000.0,0.0,0.0,0.0,747300000.0,827200000.0,0.065,827200000.0,747300000.0,626300000.0,1.1,1.06,1.1,5424200000.0,4746750000.0,5424200000.0,12406216300.0,17.0,14.998,-26600000.0,-0.058,1.0,1931600000.0,0.153,2080900000.0,121000000.0,6015900000.0,9981125000.0,1849500000.0,167700000.0,0.0,167700000.0,2988000000.0,1997300000.0,990700000.0,6861516300.0,598300000.0,684400000.0,-136000000.0,54800000.0,0.0,-49000000.0,-21900000.0,-358600000.0,217800000.0,0.0,499500000.0,499500000.0,499500000.0,-262100000.0,0.0,0.039,1468200000.0,463400000.0,117600000.0,0.0,1.265,13.737,13.355,1216400000.0,0.0,14.69,0.542,0.528,966400000.0,930900000.0,12664600000.0,12664600000.0,0.0,0.042,0.105,0.075,0.059,0.0,1388300000.0,1.0,467087563.0,455100000.0,470900000.0,27.828,6331300000.0,0.0,126800000.0,323000000.0,13.912,1063900000.0
23,AN,MRY,1997-12-31,1997-12-31,1997-12-31,2021-10-21,-2900000.0,10196200000.0,9222875000.0,6645200000.0,3551000000.0,0.664,8.116,-210000000.0,129200000.0,129200000.0,5459000000.0,439700000.0,1.741,1.926,4999900000.0,2730600000.0,2269300000.0,4999900000.0,0.0,38800000.0,0.0,0.0,0.0,452200000.0,491000000.0,0.08,491000000.0,452200000.0,447700000.0,1.09,1.02,1.09,3484300000.0,2920450000.0,3484300000.0,14844161834.0,33.0,30.233,-727700000.0,-1.695,1.0,663800000.0,0.108,1225600000.0,4500000.0,10024300000.0,8308400000.0,1083100000.0,13400000.0,0.0,13400000.0,6711900000.0,3817000000.0,2894900000.0,10007561834.0,-215500000.0,525400000.0,552700000.0,-475200000.0,0.0,85800000.0,417900000.0,102300000.0,-517700000.0,0.0,439700000.0,439700000.0,439700000.0,-196300000.0,0.0,0.072,757800000.0,-94000000.0,220600000.0,0.0,2.872,22.76,21.385,1295100000.0,0.0,23.31,1.634,1.634,846300000.0,431400000.0,6122800000.0,6122800000.0,0.0,0.048,0.151,0.054,0.074,0.0,672800000.0,1.0,429324832.0,429324832.0,,14.261,8970600000.0,0.0,8000000.0,196900000.0,20.895,2828200000.0
24,AN,MRY,1996-12-31,1996-12-31,1996-12-31,2021-10-21,0.0,6908500000.0,4869147500.0,5378900000.0,1529600000.0,1.157,,-105900000.0,364400000.0,364400000.0,4778500000.0,-6700000.0,1.365,3.865,4200700000.0,2921100000.0,1279600000.0,4200700000.0,0.0,800600000.0,0.0,0.0,0.0,46100000.0,846700000.0,0.15,846700000.0,46100000.0,8600000.0,-0.02,-0.02,-0.02,1419900000.0,1031199500.0,1419900000.0,,,,-565500000.0,,1.0,854600000.0,0.152,323800000.0,37500000.0,6481800000.0,4379827500.0,381100000.0,0.0,0.0,0.0,5488600000.0,3939200000.0,1549400000.0,,-13100000.0,-51500000.0,550900000.0,385700000.0,0.0,970400000.0,-354400000.0,42300000.0,-459600000.0,0.0,-6700000.0,-6700000.0,-6700000.0,-75900000.0,0.0,-0.001,872600000.0,-18000000.0,228100000.0,0.0,,,-1550.0,1205800000.0,0.0,31.0,,,598900000.0,28900000.0,5633100000.0,5633100000.0,0.0,-0.001,-0.006,0.011,0.008,0.0,847900000.0,1.0,,,,,6584700000.0,0.0,15300000.0,0.0,,1439700000.0
25,AN,MRY,1995-12-31,1995-12-31,1995-12-31,2021-10-21,0.0,2829795000.0,,2028526000.0,801269000.0,,,-3419400000.0,183395000.0,183395000.0,4252400000.0,34600000.0,1.052,3.404,1737587000.0,1588007000.0,149580000.0,1737587000.0,0.0,658200000.0,0.0,0.0,0.0,135500000.0,793700000.0,0.154,793700000.0,135500000.0,95400000.0,0.13,0.13,0.13,642499000.0,,642499000.0,,,,-2991062000.0,,1.0,907100000.0,0.176,177346000.0,40100000.0,2277855000.0,,14924000.0,0.0,0.0,0.0,2187296000.0,1928786000.0,258510000.0,,314100000.0,-1299400000.0,262400000.0,1123400000.0,0.0,1401100000.0,-1477500000.0,0.0,428338000.0,0.0,34600000.0,34600000.0,34600000.0,20200000.0,0.0,0.007,773500000.0,133600000.0,139200000.0,0.0,,,138.115,607762000.0,0.0,17.955,,,227361000.0,64166000.0,5159500000.0,5159500000.0,0.0,,,,0.026,0.0,782200000.0,1.0,,,,,2652449000.0,0.0,60800000.0,0.0,,99740000.0
26,AN,MRY,1994-12-31,1994-12-31,1994-12-31,2021-10-21,,,,,,,,-3448871000.0,,,681655000.0,27188000.0,,,,,,,,404804000.0,,0.0,0.0,63737000.0,468541000.0,0.294,468541000.0,63737000.0,47872000.0,,,,,,,,,,-3024493000.0,,1.0,914225000.0,0.573,,15865000.0,,,,,,,,,,,-430000.0,-11797000.0,16519000.0,176336000.0,0.0,200598000.0,-637574000.0,0.0,424378000.0,0.0,27188000.0,27188000.0,27188000.0,2764000.0,0.0,0.017,853363000.0,60862000.0,,,,,,,0.0,1.99,,,,,1595880000.0,1595880000.0,0.0,,,,0.04,0.0,847152000.0,1.0,,,,,,,20684000.0,,,
0,AN,MRQ,2021-09-30,2021-09-30,2021-09-30,2021-10-21,0.0,8140700000.0,,2374400000.0,5766300000.0,,33.712,-45100000.0,72000000.0,72000000.0,5107600000.0,361700000.0,0.978,2.455,2942200000.0,7200000.0,2935000000.0,2942200000.0,0.0,47600000.0,0.0,0.0,0.0,502500000.0,550100000.0,0.086,550100000.0,502500000.0,473500000.0,5.17,5.12,5.17,2356500000.0,,2356500000.0,10934361627.0,7.0,6.014,583800000.0,8.352,1.0,1271900000.0,0.199,1811100000.0,29000000.0,6772600000.0,,1496600000.0,0.0,0.0,0.0,5784200000.0,2427200000.0,3357000000.0,8717461627.0,12400000.0,-208600000.0,-901700000.0,503000000.0,0.0,-399500000.0,-217000000.0,0.0,628900000.0,0.0,361700000.0,361700000.0,361700000.0,0.0,0.0,0.057,771300000.0,500600000.0,1602600000.0,0.0,3.699,7.664,8.306,3504500000.0,0.0,121.76,0.348,0.34,628100000.0,4258100000.0,6379500000.0,6379500000.0,0.0,,,,,4300000.0,723700000.0,1.0,71595447.0,69900000.0,70700000.0,91.266,6329600000.0,0.0,111800000.0,80800000.0,90.552,-52800000.0
1,AN,MRQ,2021-06-30,2021-06-30,2021-06-30,2021-10-21,0.0,8381000000.0,,2801900000.0,5579100000.0,,36.208,-74900000.0,59500000.0,59500000.0,5652100000.0,384800000.0,0.921,1.934,2276400000.0,207000000.0,2069400000.0,2276400000.0,0.0,47900000.0,0.0,0.0,0.0,539000000.0,586900000.0,0.084,586900000.0,539000000.0,511500000.0,4.88,4.83,4.88,2856800000.0,,2856800000.0,9357789933.0,7.0,5.856,329100000.0,4.171,1.0,1326300000.0,0.19,1708000000.0,27500000.0,5849200000.0,,1756200000.0,0.0,0.0,0.0,5524200000.0,3040700000.0,2483500000.0,7630289933.0,-290400000.0,2400000.0,-702700000.0,87400000.0,0.0,-615300000.0,-79100000.0,-3300000.0,404000000.0,0.0,384800000.0,384800000.0,384800000.0,100000.0,0.0,0.055,796800000.0,529500000.0,1967400000.0,0.0,2.671,7.962,8.202,3397700000.0,0.0,94.81,0.317,0.311,773500000.0,3896400000.0,6978400000.0,6978400000.0,0.0,,,,,6500000.0,748900000.0,1.0,80479801.0,78900000.0,79700000.0,88.446,6673000000.0,0.0,126700000.0,75400000.0,84.575,-238800000.0
2,AN,MRQ,2021-03-31,2021-03-31,2021-03-31,2021-10-21,0.0,9267500000.0,,3666800000.0,5600700000.0,,38.434,-41300000.0,350000000.0,350000000.0,4871000000.0,239400000.0,1.016,1.902,2077500000.0,7100000.0,2070400000.0,2077500000.0,0.0,47900000.0,0.0,0.0,0.0,347800000.0,395700000.0,0.067,395700000.0,347800000.0,317200000.0,2.88,2.85,2.88,3193900000.0,,3193900000.0,9484439379.0,7.0,6.425,485000000.0,5.836,1.0,1032800000.0,0.175,1706000000.0,30600000.0,5679800000.0,,2254600000.0,0.0,0.0,0.0,6073600000.0,3609200000.0,2464400000.0,7665739379.0,-219600000.0,1900000.0,-289500000.0,-509900000.0,0.0,-816500000.0,70600000.0,109400000.0,526300000.0,0.0,239400000.0,239400000.0,239400000.0,100000.0,0.0,0.041,695800000.0,337000000.0,2711200000.0,0.0,2.4,8.984,9.454,3409600000.0,0.0,93.22,0.354,0.358,883500000.0,4308800000.0,5903800000.0,5903800000.0,0.0,,,,,20800000.0,647900000.0,1.0,82232776.0,83100000.0,83900000.0,71.045,7561500000.0,0.0,77800000.0,76300000.0,90.993,57600000.0
3,AN,MRQ,2020-12-31,2020-12-31,2020-12-31,2021-10-21,0.0,9887200000.0,,4152700000.0,5734500000.0,,37.278,-42900000.0,569600000.0,569600000.0,4798400000.0,151500000.0,0.997,2.056,2388300000.0,309200000.0,2079100000.0,2388300000.0,0.0,49900000.0,0.0,0.0,0.0,235600000.0,285500000.0,0.049,285500000.0,235600000.0,201300000.0,1.73,1.71,1.73,3235700000.0,,3235700000.0,8175999885.0,12.0,9.021,400000.0,0.005,1.0,986700000.0,0.171,1706500000.0,34300000.0,5833500000.0,,2598500000.0,0.0,0.0,0.0,6651500000.0,4165900000.0,2485600000.0,6132099885.0,219100000.0,6800000.0,-266000000.0,363800000.0,0.0,97900000.0,77900000.0,105400000.0,43300000.0,0.0,151500000.0,151500000.0,151500000.0,0.0,0.0,0.026,681900000.0,304800000.0,3095100000.0,0.0,1.895,16.069,16.155,3447600000.0,0.0,69.79,0.301,0.302,845200000.0,4069400000.0,5785100000.0,5785100000.0,0.0,,,,,7300000.0,632000000.0,1.0,87865022.0,86800000.0,87800000.0,66.649,8180700000.0,0.0,49800000.0,95900000.0,94.248,-13200000.0
4,AN,MRQ,2020-09-30,2020-09-30,2020-09-30,2021-10-21,0.0,9569300000.0,,3654900000.0,5914400000.0,,38.028,-37800000.0,350500000.0,350500000.0,4433400000.0,182600000.0,0.985,1.85,2394400000.0,307700000.0,2086700000.0,2394400000.0,0.0,51800000.0,0.0,0.0,0.0,278200000.0,330000000.0,0.061,330000000.0,278200000.0,243500000.0,2.07,2.05,2.07,3357900000.0,,3357900000.0,6764596937.0,9.0,7.251,232200000.0,2.63,1.0,971500000.0,0.18,1708300000.0,34700000.0,6194300000.0,,2482500000.0,0.0,0.0,0.0,6211400000.0,3710600000.0,2500800000.0,4616296937.0,93200000.0,2200000.0,30500000.0,-180300000.0,0.0,-149900000.0,-26900000.0,0.0,270000000.0,0.0,182600000.0,182600000.0,182600000.0,0.0,0.0,0.034,693200000.0,278300000.0,2653100000.0,0.0,1.375,11.904,11.975,3454100000.0,0.0,52.93,0.229,0.232,682500000.0,3917900000.0,5404900000.0,5404900000.0,0.0,,,,,7200000.0,641400000.0,1.0,87215132.0,88300000.0,88900000.0,61.211,7861000000.0,0.0,60900000.0,110100000.0,89.026,-55700000.0
5,AN,MRQ,2020-06-30,2020-06-30,2020-06-30,2021-10-21,0.0,9448500000.0,,3520200000.0,5928300000.0,,35.696,-33100000.0,257300000.0,257300000.0,3738000000.0,279800000.0,0.921,2.011,2405600000.0,307300000.0,2098300000.0,2405600000.0,0.0,49100000.0,0.0,0.0,0.0,415900000.0,465000000.0,0.103,465000000.0,415900000.0,376400000.0,3.18,3.18,3.18,3137700000.0,,3137700000.0,5695244661.0,9.0,6.75,747500000.0,8.504,1.0,795000000.0,0.175,1703300000.0,39500000.0,6072200000.0,,2432300000.0,0.0,0.0,0.0,6310800000.0,3821300000.0,2489500000.0,3277544661.0,-153700000.0,0.0,-1100000.0,-900500000.0,0.0,-901800000.0,-32500000.0,0.0,780600000.0,0.0,279800000.0,279800000.0,279800000.0,100000.0,0.0,0.062,597000000.0,198000000.0,2784200000.0,0.0,1.045,10.757,10.861,3484500000.0,0.0,37.58,0.162,0.163,673300000.0,3735300000.0,4533000000.0,4533000000.0,0.0,,,,,11200000.0,547900000.0,1.0,87215132.0,87900000.0,88100000.0,51.57,7745200000.0,0.0,96600000.0,118000000.0,88.114,-301100000.0
6,AN,MRQ,2020-03-31,2020-03-31,2020-03-31,2021-10-21,0.0,10552400000.0,,4748600000.0,5803800000.0,,31.632,-42200000.0,411000000.0,411000000.0,3853800000.0,-232300000.0,0.951,2.707,2828700000.0,445600000.0,2383100000.0,2828700000.0,0.0,48100000.0,0.0,0.0,0.0,-222300000.0,-174200000.0,-0.037,-174200000.0,-222300000.0,-271300000.0,-2.58,-2.58,-2.58,2846900000.0,,2846900000.0,4877747932.0,11.0,7.788,71500000.0,0.794,1.0,813200000.0,0.174,1705900000.0,49000000.0,6268400000.0,,3677000000.0,0.0,0.0,0.0,7705500000.0,4995800000.0,2709700000.0,2510647932.0,368600000.0,-400000.0,-77900000.0,432900000.0,0.0,347100000.0,-92200000.0,-50000000.0,113700000.0,0.0,-232300000.0,-232300000.0,-232300000.0,100000.0,0.0,-0.05,1024600000.0,-211400000.0,3908000000.0,0.0,0.882,19.973,20.043,3498400000.0,0.0,28.06,0.119,0.12,512900000.0,3455500000.0,4667000000.0,4667000000.0,0.0,,,,,4500000.0,600700000.0,1.0,89474267.0,90000000.0,90000000.0,51.856,8846500000.0,0.0,-39000000.0,66500000.0,98.294,-247200000.0
7,AN,MRQ,2019-12-31,2019-12-31,2019-12-31,2021-10-21,0.0,10543300000.0,,4411100000.0,6132200000.0,,35.095,-83000000.0,42000000.0,42000000.0,4653300000.0,157700000.0,0.865,2.334,2409100000.0,525600000.0,1883500000.0,2409100000.0,0.0,46800000.0,0.0,0.0,0.0,265300000.0,312100000.0,0.056,312100000.0,265300000.0,211200000.0,1.75,1.74,1.75,3162100000.0,,3162100000.0,6865798039.0,8.0,6.618,20700000.0,0.23,1.0,895600000.0,0.161,2083500000.0,54100000.0,5726700000.0,,3305800000.0,0.0,0.0,0.0,7381200000.0,5100200000.0,2281000000.0,4338398039.0,-3000000.0,48400000.0,4700000.0,-109100000.0,0.0,-104400000.0,-2300000.0,0.0,103700000.0,0.0,157700000.0,157700000.0,157700000.0,0.0,0.0,0.028,691600000.0,204000000.0,3866100000.0,0.0,1.372,9.641,9.745,3507700000.0,0.0,48.63,0.203,0.205,916700000.0,3688300000.0,5548900000.0,5548900000.0,0.0,,,,,3000000.0,644800000.0,1.0,89212380.0,90100000.0,90800000.0,61.586,8459800000.0,0.0,53500000.0,135100000.0,93.893,-689100000.0
8,AN,MRQ,2019-09-30,2019-09-30,2019-09-30,2021-10-21,0.0,10451800000.0,,4398800000.0,6053000000.0,,33.334,-63600000.0,45000000.0,45000000.0,4573800000.0,99500000.0,0.847,2.488,2572400000.0,694100000.0,1878300000.0,2572400000.0,0.0,45200000.0,0.0,0.0,0.0,195700000.0,240900000.0,0.044,240900000.0,195700000.0,136600000.0,1.11,1.1,1.11,2996700000.0,,2996700000.0,7213903818.0,9.0,7.5,176400000.0,1.962,1.0,887400000.0,0.162,2080600000.0,59100000.0,5703600000.0,,3280700000.0,0.0,0.0,0.0,7455100000.0,5195000000.0,2260100000.0,4516103818.0,-6400000.0,44500000.0,4800000.0,-234500000.0,0.0,-229700000.0,-16700000.0,0.0,240000000.0,0.0,99500000.0,99500000.0,99500000.0,500000.0,0.0,0.018,699000000.0,188400000.0,3748700000.0,0.0,1.507,11.73,11.846,3459600000.0,0.0,50.7,0.213,0.215,829500000.0,3530600000.0,5461200000.0,5461200000.0,0.0,,,,,9500000.0,653800000.0,1.0,89075026.0,89900000.0,90400000.0,60.747,8371200000.0,0.0,37100000.0,126600000.0,93.117,-796200000.0
9,AN,MRQ,2019-06-30,2019-06-30,2019-06-30,2021-10-21,0.0,10699500000.0,,4663600000.0,6035900000.0,,32.068,-62700000.0,51100000.0,51100000.0,4453000000.0,100800000.0,0.834,2.711,2748900000.0,863900000.0,1885000000.0,2748900000.0,0.0,44400000.0,0.0,0.0,0.0,203100000.0,247500000.0,0.046,247500000.0,203100000.0,138000000.0,1.12,1.12,1.12,2882900000.0,,2882900000.0,6447119295.0,8.0,6.649,103100000.0,1.147,1.0,890800000.0,0.167,2080500000.0,65100000.0,5726500000.0,,3517900000.0,0.0,0.0,0.0,7816600000.0,5590300000.0,2226300000.0,3741419295.0,2300000.0,4900000.0,-8400000.0,-106600000.0,0.0,-115300000.0,-48200000.0,0.0,165800000.0,0.0,100800000.0,100800000.0,100800000.0,200000.0,0.0,0.019,691000000.0,199800000.0,3996000000.0,0.0,1.298,9.412,9.51,3451200000.0,0.0,41.94,0.177,0.179,780800000.0,3431100000.0,5343800000.0,5343800000.0,0.0,,,,,4900000.0,637000000.0,1.0,89208853.0,89900000.0,90200000.0,59.442,8619000000.0,0.0,37200000.0,91700000.0,95.873,-926700000.0
10,AN,MRQ,2019-03-31,2019-03-31,2019-03-31,2021-10-21,0.0,10914300000.0,,4831800000.0,6082500000.0,,30.782,-60000000.0,48700000.0,48700000.0,4132600000.0,92000000.0,0.819,2.918,2754400000.0,863500000.0,1890900000.0,2754400000.0,0.0,44100000.0,0.0,0.0,0.0,192800000.0,236900000.0,0.048,236900000.0,192800000.0,126000000.0,1.02,1.01,1.02,2785800000.0,,2785800000.0,5768801622.0,7.0,6.039,199700000.0,2.207,1.0,849200000.0,0.17,2106500000.0,66800000.0,5615000000.0,,3771400000.0,0.0,0.0,0.0,8128500000.0,5898500000.0,2230000000.0,3216901622.0,200000.0,13100000.0,-33100000.0,-175100000.0,0.0,-210900000.0,-48600000.0,0.0,259700000.0,0.0,92000000.0,92000000.0,92000000.0,100000.0,0.0,0.018,667100000.0,182100000.0,4300300000.0,0.0,1.155,8.159,8.174,3473000000.0,0.0,35.72,0.152,0.153,782700000.0,3330300000.0,4981800000.0,4981800000.0,0.0,,,,,13700000.0,623000000.0,1.0,90058836.0,90500000.0,90700000.0,55.048,8807800000.0,0.0,34000000.0,90600000.0,97.324,-1066700000.0
11,AN,MRQ,2018-12-31,2018-12-31,2018-12-31,2021-10-21,0.0,10665100000.0,,4884000000.0,5781100000.0,,30.078,-141600000.0,48600000.0,48600000.0,4563800000.0,92700000.0,0.863,2.927,2600500000.0,674300000.0,1926200000.0,2600500000.0,0.0,42200000.0,0.0,0.0,0.0,194300000.0,236500000.0,0.044,236500000.0,194300000.0,128300000.0,1.03,1.03,1.03,2716000000.0,,2716000000.0,5725129283.0,7.0,6.055,-165700000.0,-1.835,1.0,847900000.0,0.157,2108600000.0,66000000.0,5450300000.0,,3650500000.0,0.0,0.0,0.0,7949100000.0,5658100000.0,2291000000.0,3210329283.0,-3900000.0,29700000.0,1800000.0,141500000.0,0.0,143300000.0,-123100000.0,-50000000.0,-24100000.0,0.0,92700000.0,92700000.0,92700000.0,200000.0,0.0,0.017,673700000.0,174200000.0,4303900000.0,0.0,1.182,8.107,8.188,3155300000.0,0.0,35.7,0.15,0.152,976200000.0,3238300000.0,5411700000.0,5411700000.0,0.0,,,,,3500000.0,631500000.0,1.0,89925190.0,90300000.0,90400000.0,59.93,8556500000.0,0.0,35600000.0,89800000.0,94.756,-774100000.0
12,AN,MRQ,2018-09-30,2018-09-30,2018-09-30,2021-10-21,0.0,10119800000.0,,4437800000.0,5682000000.0,,28.96,-80300000.0,52600000.0,52600000.0,4493900000.0,112000000.0,0.858,2.865,2567400000.0,605300000.0,1962100000.0,2567400000.0,0.0,42900000.0,0.0,0.0,0.0,205900000.0,248800000.0,0.047,248800000.0,205900000.0,144800000.0,1.24,1.23,1.24,2618000000.0,,2618000000.0,6340870474.0,8.0,6.458,164100000.0,1.815,1.0,855300000.0,0.16,2111800000.0,61100000.0,5351700000.0,,3381300000.0,0.0,0.0,0.0,7501800000.0,5171100000.0,2330700000.0,3733870474.0,-500000.0,-17800000.0,1800000.0,-156900000.0,0.0,-155100000.0,-89800000.0,0.0,244400000.0,0.0,112000000.0,112000000.0,112000000.0,300000.0,0.0,0.021,669100000.0,186200000.0,3877700000.0,0.0,1.426,8.214,8.411,3085500000.0,0.0,41.55,0.172,0.173,800500000.0,3145600000.0,5349200000.0,5349200000.0,0.0,,,,,3600000.0,626200000.0,1.0,89864512.0,90400000.0,90800000.0,59.173,8008000000.0,0.0,32800000.0,87500000.0,88.584,-733300000.0
13,AN,MRQ,2018-06-30,2018-06-30,2018-06-30,2021-10-21,0.0,10288600000.0,,4703900000.0,5584700000.0,,27.57,-77400000.0,53100000.0,53100000.0,4540200000.0,97600000.0,0.859,3.114,2660100000.0,702000000.0,1958100000.0,2660100000.0,0.0,41100000.0,0.0,0.0,0.0,191900000.0,233000000.0,0.043,233000000.0,191900000.0,129800000.0,1.08,1.07,1.08,2500600000.0,,2500600000.0,6999192727.0,8.0,7.089,14600000.0,0.161,1.0,851800000.0,0.158,2087400000.0,62100000.0,5331800000.0,,3587000000.0,0.0,0.0,0.0,7788000000.0,5476400000.0,2311600000.0,4413192727.0,-5100000.0,6800000.0,-75800000.0,50800000.0,0.0,-27900000.0,-69200000.0,0.0,92000000.0,0.0,97600000.0,97600000.0,97600000.0,-200000.0,0.0,0.018,674500000.0,177300000.0,4115000000.0,0.0,1.765,10.028,10.336,3023100000.0,0.0,48.58,0.203,0.202,854500000.0,3033600000.0,5392000000.0,5392000000.0,0.0,,,,,4100000.0,625300000.0,1.0,90843819.0,90700000.0,91200000.0,59.449,8201200000.0,0.0,32200000.0,76800000.0,90.421,-772500000.0
14,AN,MRQ,2018-03-31,2018-03-31,2018-03-31,2021-10-21,0.0,10220300000.0,,4646900000.0,5573400000.0,,26.839,-101500000.0,57500000.0,57500000.0,4417600000.0,93700000.0,0.855,3.135,2643500000.0,684800000.0,1958700000.0,2643500000.0,0.0,40000000.0,0.0,0.0,0.0,187200000.0,227200000.0,0.043,227200000.0,187200000.0,126600000.0,1.02,1.01,1.02,2471900000.0,,2471900000.0,6930063115.0,8.0,6.987,97200000.0,1.055,1.0,842300000.0,0.16,2100900000.0,60600000.0,5271800000.0,,3529300000.0,0.0,0.0,0.0,7748400000.0,5433600000.0,2314800000.0,4295563115.0,-12200000.0,87300000.0,-10000000.0,-185400000.0,0.0,-197700000.0,-13200000.0,0.0,198700000.0,0.0,93700000.0,93700000.0,93700000.0,-400000.0,0.0,0.018,666800000.0,175500000.0,4041400000.0,0.0,1.738,9.985,10.419,3000300000.0,0.0,46.78,0.198,0.199,883100000.0,2936000000.0,5259900000.0,5259900000.0,0.0,,,,,14300000.0,626800000.0,1.0,91824778.0,92100000.0,92700000.0,57.111,8119400000.0,0.0,32900000.0,76100000.0,88.159,-786700000.0
15,AN,MRQ,2017-12-31,2017-12-31,2017-12-31,2021-10-21,0.0,10271500000.0,,4797500000.0,5474000000.0,,25.894,-67400000.0,69200000.0,69200000.0,4816300000.0,151300000.0,0.851,3.335,2703700000.0,744500000.0,1959200000.0,2703700000.0,0.0,40600000.0,0.0,0.0,0.0,232200000.0,272800000.0,0.048,272800000.0,232200000.0,173700000.0,1.6,1.61,1.6,2369300000.0,,2369300000.0,7487843484.0,9.0,7.4,15700000.0,0.172,1.0,867200000.0,0.153,2101800000.0,58500000.0,5168500000.0,,3365600000.0,0.0,0.0,0.0,7902200000.0,5635700000.0,2266500000.0,4683543484.0,14500000.0,36900000.0,5300000.0,-50400000.0,0.0,-45100000.0,-23500000.0,0.0,83100000.0,0.0,151300000.0,151300000.0,151300000.0,200000.0,0.0,0.027,662700000.0,204500000.0,4116700000.0,0.0,1.977,10.777,11.561,2962700000.0,0.0,51.33,0.217,0.233,1111000000.0,2832200000.0,5683500000.0,5683500000.0,0.0,,,,,2500000.0,622100000.0,1.0,91243785.0,91500000.0,91900000.0,62.115,8169700000.0,0.0,22400000.0,71900000.0,89.286,-838200000.0
16,AN,MRQ,2017-09-30,2017-09-30,2017-09-30,2021-10-21,0.0,9954800000.0,,4450100000.0,5504700000.0,,22.616,-56800000.0,53300000.0,53300000.0,4586500000.0,97500000.0,0.726,3.524,2857600000.0,1561900000.0,1295700000.0,2857600000.0,0.0,41400000.0,0.0,0.0,0.0,212900000.0,254300000.0,0.047,254300000.0,212900000.0,157800000.0,1.0,1.0,1.0,2200500000.0,,2200500000.0,7282443293.0,8.0,7.193,161500000.0,1.66,1.0,845900000.0,0.156,2146100000.0,55100000.0,4484900000.0,,3408600000.0,0.0,0.0,0.0,7754300000.0,6128100000.0,1626200000.0,4766843293.0,1000000.0,9200000.0,-388400000.0,219700000.0,0.0,-168800000.0,-48500000.0,0.0,218300000.0,0.0,97500000.0,97500000.0,97500000.0,100000.0,0.0,0.018,648900000.0,197000000.0,3907100000.0,0.0,2.166,11.959,11.925,2949200000.0,0.0,47.46,0.223,0.216,901000000.0,3416500000.0,5432400000.0,5432400000.0,0.0,,,,,2600000.0,607500000.0,1.0,100439176.0,97300000.0,97700000.0,55.831,7808700000.0,0.0,60300000.0,99200000.0,80.254,-1678000000.0
17,AN,MRQ,2017-06-30,2017-06-30,2017-06-30,2021-10-21,0.0,10149700000.0,,4646200000.0,5503500000.0,,24.69,-78400000.0,52500000.0,52500000.0,4453200000.0,87700000.0,0.761,3.062,2568100000.0,1352000000.0,1216100000.0,2568100000.0,0.0,39300000.0,0.0,0.0,0.0,198200000.0,237500000.0,0.045,237500000.0,198200000.0,144900000.0,0.87,0.86,0.87,2498600000.0,,2498600000.0,6759080919.0,8.0,6.654,-25300000.0,-0.25,1.0,826100000.0,0.156,2143000000.0,53300000.0,4413800000.0,,3713200000.0,0.0,0.0,0.0,7651100000.0,6108500000.0,1542600000.0,4269180919.0,-2000000.0,-22400000.0,-33600000.0,58800000.0,0.0,24600000.0,-79700000.0,0.0,53100000.0,0.0,87700000.0,87700000.0,87700000.0,0.0,0.0,0.017,650600000.0,175500000.0,4181900000.0,0.0,1.709,10.453,10.462,2950700000.0,0.0,42.16,0.199,0.199,795100000.0,3319000000.0,5279300000.0,5279300000.0,0.0,,,,,10900000.0,611300000.0,1.0,101261407.0,101200000.0,101500000.0,52.167,8006700000.0,0.0,57200000.0,99500000.0,79.118,-1462300000.0
18,AN,MRQ,2017-03-31,2017-03-31,2017-03-31,2021-10-21,0.0,10092700000.0,,4676800000.0,5415900000.0,,24.077,-89800000.0,56300000.0,56300000.0,4319600000.0,98100000.0,0.817,3.146,2546200000.0,930400000.0,1615800000.0,2546200000.0,0.0,37300000.0,0.0,0.0,0.0,210000000.0,247300000.0,0.048,247300000.0,210000000.0,159700000.0,0.97,0.97,0.97,2434200000.0,,2434200000.0,6923417240.0,8.0,6.624,95800000.0,0.948,1.0,819800000.0,0.16,2116200000.0,50300000.0,4743900000.0,,3692600000.0,0.0,0.0,0.0,7658500000.0,5722500000.0,1936000000.0,4267617240.0,-7800000.0,4100000.0,21500000.0,-139200000.0,0.0,-118100000.0,-75300000.0,0.0,185600000.0,0.0,98100000.0,98100000.0,98100000.0,100000.0,0.0,0.019,632600000.0,187200000.0,4177100000.0,0.0,1.753,9.863,9.951,2897000000.0,0.0,42.29,0.197,0.198,830300000.0,3231300000.0,5139400000.0,5139400000.0,0.0,,,,,4600000.0,595300000.0,1.0,100913153.0,101100000.0,101600000.0,50.835,7976500000.0,0.0,61600000.0,95600000.0,78.897,-1045700000.0
19,AN,MRQ,2016-12-31,2016-12-31,2016-12-31,2021-10-21,0.0,10060000000.0,,4714800000.0,5345200000.0,,22.874,-55400000.0,64800000.0,64800000.0,4671400000.0,115300000.0,0.809,3.354,2720600000.0,1109500000.0,1611100000.0,2720600000.0,0.0,36400000.0,0.0,0.0,0.0,236900000.0,273300000.0,0.05,273300000.0,236900000.0,187200000.0,1.14,1.13,1.14,2310300000.0,,2310300000.0,7611395368.0,9.0,7.343,-18200000.0,-0.18,1.0,809100000.0,0.148,2109500000.0,49700000.0,4777100000.0,,3520100000.0,0.0,0.0,0.0,7749700000.0,5829200000.0,1920500000.0,4915795368.0,-700000.0,15000000.0,-25800000.0,26200000.0,0.0,-1700000.0,-36200000.0,0.0,37200000.0,0.0,115300000.0,115300000.0,115300000.0,300000.0,0.0,0.021,620600000.0,188500000.0,4152900000.0,0.0,2.128,11.419,11.639,2843200000.0,0.0,48.65,0.227,0.232,1032900000.0,3133300000.0,5480500000.0,5480500000.0,0.0,,,,,2600000.0,584200000.0,1.0,101044098.0,101000000.0,101700000.0,54.262,7950500000.0,0.0,71900000.0,91500000.0,78.718,-1114400000.0
20,AN,MRQ,2016-09-30,2016-09-30,2016-09-30,2021-10-21,0.0,9687000000.0,,4421900000.0,5265100000.0,,21.794,-69500000.0,62200000.0,62200000.0,4731100000.0,107300000.0,0.819,3.362,2757800000.0,988300000.0,1769500000.0,2757800000.0,0.0,36300000.0,0.0,0.0,0.0,221400000.0,257700000.0,0.046,257700000.0,221400000.0,174300000.0,1.05,1.05,1.05,2220800000.0,,2220800000.0,7626165176.0,9.0,7.638,181100000.0,1.777,1.0,836400000.0,0.15,2073400000.0,47100000.0,4911300000.0,,3448000000.0,0.0,0.0,0.0,7466200000.0,5397900000.0,2068300000.0,4972765176.0,7500000.0,-62100000.0,-43700000.0,-53400000.0,0.0,-112200000.0,-130900000.0,0.0,250600000.0,0.0,107300000.0,107300000.0,107300000.0,500000.0,0.0,0.019,627600000.0,208800000.0,3843500000.0,0.0,2.239,12.049,12.426,2807600000.0,0.0,48.71,0.232,0.231,788300000.0,3018000000.0,5567500000.0,5567500000.0,0.0,,,,,3100000.0,591300000.0,1.0,102089205.0,101900000.0,102600000.0,54.637,7613600000.0,0.0,67000000.0,89300000.0,74.716,-976000000.0
21,AN,MRQ,2016-06-30,2016-06-30,2016-06-30,2021-10-21,0.0,9788300000.0,,4663900000.0,5124400000.0,,20.974,-56200000.0,54700000.0,54700000.0,4599600000.0,112000000.0,0.836,3.535,2708100000.0,970100000.0,1738000000.0,2708100000.0,0.0,35900000.0,0.0,0.0,0.0,231000000.0,266900000.0,0.049,266900000.0,231000000.0,183000000.0,1.09,1.08,1.09,2158200000.0,,2158200000.0,7476507410.0,9.0,7.443,-26200000.0,-0.255,1.0,841800000.0,0.155,1971900000.0,48000000.0,4893400000.0,,3661400000.0,0.0,0.0,0.0,7630100000.0,5576400000.0,2053700000.0,4843807410.0,6900000.0,37600000.0,-48600000.0,40700000.0,0.0,-7900000.0,-15200000.0,0.0,30000000.0,0.0,112000000.0,112000000.0,112000000.0,100000.0,0.0,0.021,621100000.0,220700000.0,4091200000.0,0.0,2.244,11.427,11.985,2772200000.0,0.0,46.98,0.228,0.227,817200000.0,2910700000.0,5441400000.0,5441400000.0,0.0,,,,,4100000.0,585200000.0,1.0,103103606.0,102900000.0,103600000.0,52.88,7816400000.0,0.0,71000000.0,97500000.0,75.961,-912500000.0
22,AN,MRQ,2016-03-31,2016-03-31,2016-03-31,2021-10-21,0.0,9997600000.0,,4872700000.0,5124900000.0,,19.593,-54700000.0,47800000.0,47800000.0,4293700000.0,95900000.0,0.831,3.782,2680500000.0,937900000.0,1742600000.0,2680500000.0,0.0,34800000.0,0.0,0.0,0.0,203800000.0,238600000.0,0.047,238600000.0,203800000.0,156600000.0,0.9,0.89,0.9,2090600000.0,,2090600000.0,7297754924.0,8.0,7.355,143500000.0,1.345,1.0,825900000.0,0.161,1992100000.0,47200000.0,4777700000.0,,3927800000.0,0.0,0.0,0.0,7907000000.0,5860500000.0,2046500000.0,5005254924.0,-26300000.0,-250500000.0,-370500000.0,456100000.0,0.0,86200000.0,-310700000.0,0.0,198200000.0,0.0,95900000.0,95900000.0,95900000.0,300000.0,0.0,0.019,623500000.0,202400000.0,4349900000.0,0.0,2.394,11.722,12.156,2768100000.0,0.0,46.68,0.238,0.237,767600000.0,2798700000.0,5119600000.0,5119600000.0,0.0,,,,,15300000.0,588700000.0,1.0,107224827.0,106700000.0,107400000.0,47.981,8005500000.0,0.0,60700000.0,91500000.0,75.028,-987800000.0
23,AN,MRQ,2015-12-31,2015-12-31,2015-12-31,2021-10-21,0.0,9548200000.0,,4709700000.0,4838500000.0,,21.184,-68100000.0,74100000.0,74100000.0,4527600000.0,97500000.0,0.911,3.064,2356500000.0,611200000.0,1745300000.0,2356500000.0,0.0,33700000.0,0.0,0.0,0.0,201500000.0,235200000.0,0.044,235200000.0,201500000.0,158800000.0,0.88,0.88,0.88,2349300000.0,,2349300000.0,8741078133.0,10.0,8.757,-36200000.0,-0.326,1.0,812200000.0,0.152,1834400000.0,42700000.0,4828800000.0,,3612000000.0,0.0,0.0,0.0,7198900000.0,5167400000.0,2031500000.0,6599878133.0,10200000.0,-190000000.0,-20100000.0,250700000.0,0.0,234800000.0,-256500000.0,0.0,31900000.0,0.0,97500000.0,97500000.0,97500000.0,300000.0,0.0,0.018,617600000.0,194600000.0,4027000000.0,0.0,2.809,14.912,15.181,2667400000.0,0.0,59.66,0.316,0.322,908200000.0,2702800000.0,5339800000.0,5339800000.0,0.0,,,,,2800000.0,568500000.0,1.0,110624843.0,110900000.0,111800000.0,48.15,7713800000.0,0.0,61300000.0,78600000.0,69.556,-457700000.0
24,AN,MRQ,2015-09-30,2015-09-30,2015-09-30,2021-10-21,0.0,8851400000.0,,4251600000.0,4599800000.0,,20.15,-22700000.0,63900000.0,63900000.0,4523400000.0,118500000.0,0.95,2.908,2205100000.0,457300000.0,1747800000.0,2205100000.0,0.0,32900000.0,0.0,0.0,0.0,230900000.0,263800000.0,0.049,263800000.0,230900000.0,194800000.0,1.05,1.04,1.05,2264900000.0,,2264900000.0,8663306049.0,10.0,8.535,210300000.0,1.871,1.0,830300000.0,0.155,1752900000.0,36100000.0,4766200000.0,,3226900000.0,0.0,0.0,0.0,6586500000.0,4473500000.0,2113000000.0,6600006049.0,-1400000.0,-30200000.0,-144700000.0,-28800000.0,0.0,-171500000.0,-62900000.0,0.0,233000000.0,0.0,118500000.0,118500000.0,118500000.0,500000.0,0.0,0.022,601600000.0,228700000.0,3486200000.0,0.0,2.914,14.292,14.33,2494400000.0,0.0,58.18,0.321,0.318,758100000.0,4101700000.0,5353700000.0,5353700000.0,0.0,,,,,3800000.0,568700000.0,1.0,113441149.0,112400000.0,113600000.0,47.631,7098500000.0,0.0,76300000.0,161000000.0,63.154,-221900000.0
25,AN,MRQ,2015-06-30,2015-06-30,2015-06-30,2021-10-21,0.0,8839400000.0,,4273600000.0,4565800000.0,,20.082,-68700000.0,65300000.0,65300000.0,4405200000.0,115100000.0,0.972,2.868,2128600000.0,323100000.0,1805500000.0,2128600000.0,0.0,32100000.0,0.0,0.0,0.0,222500000.0,254600000.0,0.049,254600000.0,222500000.0,186700000.0,1.01,1.0,1.01,2285300000.0,,2285300000.0,9162910308.0,11.0,9.285,-26000000.0,-0.228,1.0,819100000.0,0.157,1733400000.0,35800000.0,4773600000.0,,3230700000.0,0.0,0.0,0.0,6554100000.0,4395700000.0,2158400000.0,7181310308.0,-8800000.0,-45400000.0,-45300000.0,100600000.0,0.0,58900000.0,-110400000.0,0.0,42700000.0,0.0,115100000.0,115100000.0,115100000.0,100000.0,0.0,0.022,600800000.0,218300000.0,3585800000.0,0.0,3.142,15.966,16.066,2489200000.0,0.0,62.98,0.357,0.356,770600000.0,3983200000.0,5224300000.0,5224300000.0,0.0,,,,,6300000.0,568700000.0,1.0,114025251.0,113800000.0,115100000.0,45.908,7106000000.0,0.0,71600000.0,146000000.0,62.443,-122100000.0
26,AN,MRQ,2015-03-31,2015-03-31,2015-03-31,2021-10-21,0.0,8438500000.0,,3985300000.0,4453200000.0,,19.415,-66200000.0,74100000.0,74100000.0,4144300000.0,111500000.0,1.034,2.826,2055700000.0,25200000.0,2030500000.0,2055700000.0,0.0,28700000.0,0.0,0.0,0.0,215900000.0,244600000.0,0.049,244600000.0,215900000.0,181300000.0,0.98,0.97,0.98,2205600000.0,,2205600000.0,9359478658.0,11.0,9.781,133400000.0,1.174,1.0,799900000.0,0.162,1690900000.0,34600000.0,4873600000.0,,2928400000.0,0.0,0.0,0.0,6232900000.0,3855600000.0,2377300000.0,7306478658.0,-1300000.0,-12000000.0,2800000.0,-132200000.0,0.0,-121300000.0,-79600000.0,0.0,199600000.0,0.0,111500000.0,111500000.0,111500000.0,200000.0,0.0,0.023,586300000.0,213600000.0,3290300000.0,0.0,3.313,16.793,17.155,2433300000.0,0.0,64.33,0.371,0.371,778000000.0,3868100000.0,4944200000.0,4944200000.0,0.0,,,,,11100000.0,557600000.0,1.0,113578092.0,113600000.0,115100000.0,43.523,6747600000.0,0.0,69800000.0,140600000.0,59.398,129700000.0
27,AN,MRQ,2014-12-31,2014-12-31,2014-12-31,2021-10-21,0.0,8399700000.0,,3999200000.0,4400500000.0,,18.224,-52000000.0,75400000.0,75400000.0,4264300000.0,116700000.0,1.03,3.054,2128400000.0,25000000.0,2103400000.0,2128400000.0,0.0,27900000.0,0.0,0.0,0.0,224100000.0,252000000.0,0.05,252000000.0,224100000.0,188300000.0,1.02,1.01,1.02,2072100000.0,,2072100000.0,8700517743.0,11.0,9.375,-19800000.0,-0.174,1.0,783500000.0,0.155,1669400000.0,35800000.0,4901300000.0,,2899000000.0,0.0,0.0,0.0,6327600000.0,3882000000.0,2445600000.0,6835017743.0,7900000.0,-172000000.0,-103900000.0,303800000.0,0.0,202500000.0,-226800000.0,0.0,32200000.0,0.0,116700000.0,116700000.0,116700000.0,200000.0,0.0,0.023,559900000.0,223600000.0,3361900000.0,0.0,3.299,16.324,16.922,2422000000.0,0.0,60.41,0.358,0.371,817800000.0,3756600000.0,5047800000.0,5047800000.0,0.0,,,,,4800000.0,532000000.0,1.0,113143813.0,113700000.0,115000000.0,44.396,6730300000.0,0.0,71600000.0,137900000.0,59.193,117200000.0
28,AN,MRQ,2014-09-30,2014-09-30,2014-09-30,2021-10-21,0.0,7793700000.0,,3606900000.0,4186800000.0,,17.197,-50100000.0,67500000.0,67500000.0,4156100000.0,106500000.0,1.018,2.874,1933000000.0,17500000.0,1915500000.0,1933000000.0,0.0,27200000.0,0.0,0.0,0.0,208400000.0,235600000.0,0.048,235600000.0,208400000.0,173600000.0,0.91,0.9,0.91,2012000000.0,,2012000000.0,7778408209.0,10.0,8.574,191900000.0,1.64,1.0,752900000.0,0.153,1604400000.0,34800000.0,4512300000.0,,2691400000.0,0.0,0.0,0.0,5781700000.0,3542500000.0,2239200000.0,5963708209.0,-1000000.0,-1600000.0,-188600000.0,-5200000.0,0.0,-189100000.0,-53900000.0,0.0,242000000.0,0.0,106500000.0,106500000.0,106500000.0,200000.0,0.0,0.022,549500000.0,203400000.0,3025800000.0,0.0,2.964,14.496,14.583,2293400000.0,0.0,50.31,0.321,0.317,651800000.0,3639900000.0,4909000000.0,4909000000.0,0.0,,,,,4200000.0,522300000.0,1.0,118539221.0,117000000.0,118500000.0,41.957,6189300000.0,0.0,67100000.0,129400000.0,52.9,64400000.0
29,AN,MRQ,2014-06-30,2014-06-30,2014-06-30,2021-10-21,0.0,7871600000.0,,3728000000.0,4143600000.0,,17.843,-52300000.0,68500000.0,68500000.0,4043600000.0,100400000.0,1.045,2.704,1883200000.0,17500000.0,1865700000.0,1883200000.0,0.0,26200000.0,0.0,0.0,0.0,198500000.0,224700000.0,0.047,224700000.0,198500000.0,163900000.0,0.84,0.83,0.84,2125100000.0,,2125100000.0,8860167699.0,11.0,10.044,-57000000.0,-0.479,1.0,744900000.0,0.156,1592800000.0,34600000.0,4524600000.0,,2776600000.0,0.0,0.0,0.0,5746500000.0,3568900000.0,2177600000.0,7125467699.0,-700000.0,-200000.0,-59200000.0,111200000.0,0.0,57000000.0,-53000000.0,0.0,-4700000.0,0.0,100400000.0,100400000.0,100400000.0,300000.0,0.0,0.021,550800000.0,194100000.0,3118500000.0,0.0,3.353,17.926,18.085,2272900000.0,0.0,59.68,0.393,0.392,691300000.0,3533400000.0,4788500000.0,4788500000.0,0.0,,,,,10000000.0,524600000.0,1.0,119394566.0,119100000.0,120800000.0,40.206,6278800000.0,0.0,63500000.0,124200000.0,52.719,159100000.0
30,AN,MRQ,2014-03-31,2014-03-31,2014-03-31,2021-10-21,0.0,7744000000.0,,3637700000.0,4106300000.0,,17.313,-49300000.0,69200000.0,69200000.0,3656100000.0,95100000.0,1.015,2.743,1803900000.0,11900000.0,1792000000.0,1803900000.0,0.0,25600000.0,0.0,0.0,0.0,190200000.0,215800000.0,0.049,215800000.0,190200000.0,155400000.0,0.8,0.78,0.8,2068900000.0,,2068900000.0,8108715616.0,11.0,9.399,166300000.0,1.392,1.0,707400000.0,0.162,1592700000.0,34800000.0,4302500000.0,,2712000000.0,0.0,0.0,0.0,5675100000.0,3583500000.0,2091600000.0,6338015616.0,0.0,10000000.0,-100900000.0,-78100000.0,0.0,-173300000.0,-42300000.0,500000.0,215600000.0,0.0,95100000.0,95100000.0,95100000.0,400000.0,0.0,0.022,526300000.0,181100000.0,3097500000.0,0.0,3.063,16.377,16.634,2244200000.0,0.0,53.23,0.356,0.358,663600000.0,3433000000.0,4363500000.0,4363500000.0,0.0,,,,,7300000.0,500700000.0,1.0,119068488.0,119500000.0,121300000.0,36.515,6151300000.0,0.0,60300000.0,119100000.0,51.475,54200000.0
31,AN,MRQ,2013-12-31,2013-12-31,2013-12-31,2021-10-21,0.0,7914100000.0,,3830000000.0,4084100000.0,,16.997,-50200000.0,69200000.0,69200000.0,3820700000.0,109400000.0,1.021,2.839,1839900000.0,30100000.0,1809800000.0,1839900000.0,0.0,25200000.0,0.0,0.0,0.0,205900000.0,231100000.0,0.051,231100000.0,205900000.0,170000000.0,0.9,0.89,0.9,2061700000.0,,2061700000.0,7840848218.0,11.0,9.329,-34400000.0,-0.284,1.0,703200000.0,0.155,1594700000.0,35900000.0,4338300000.0,,2827200000.0,0.0,0.0,0.0,5852400000.0,3751800000.0,2100600000.0,6052848218.0,900000.0,-15000000.0,-46500000.0,76100000.0,0.0,31100000.0,-46000000.0,0.0,15800000.0,0.0,109400000.0,109400000.0,109400000.0,300000.0,0.0,0.024,507700000.0,195500000.0,3292000000.0,0.0,2.936,16.145,16.081,2235300000.0,0.0,49.69,0.346,0.344,740900000.0,3337900000.0,4523900000.0,4523900000.0,0.0,,,,,4000000.0,482500000.0,1.0,121812200.0,121300000.0,123300000.0,37.295,6319400000.0,0.0,60600000.0,116500000.0,52.097,78200000.0
32,AN,MRQ,2013-09-30,2013-09-30,2013-09-30,2021-10-21,0.0,7374800000.0,,3358500000.0,4016300000.0,,16.407,-40100000.0,68300000.0,68300000.0,3774200000.0,92600000.0,1.024,2.7,1856300000.0,29800000.0,1826500000.0,1856300000.0,0.0,24100000.0,0.0,0.0,0.0,186400000.0,210500000.0,0.047,210500000.0,186400000.0,151400000.0,0.76,0.75,0.76,1993400000.0,,1993400000.0,8197383124.0,12.0,10.229,149400000.0,1.23,1.0,696600000.0,0.156,1581700000.0,35000000.0,4300700000.0,,2504800000.0,0.0,0.0,0.0,5381400000.0,3280400000.0,2101000000.0,6330283124.0,-1400000.0,-400000.0,9800000.0,-123900000.0,0.0,-110000000.0,-80900000.0,0.0,189500000.0,0.0,92600000.0,92600000.0,92600000.0,200000.0,0.0,0.021,509200000.0,187400000.0,2834300000.0,0.0,3.176,18.154,18.115,2186800000.0,0.0,52.17,0.369,0.369,599300000.0,3228500000.0,4470800000.0,4470800000.0,0.0,,,,,4500000.0,485100000.0,1.0,121339527.0,121500000.0,123500000.0,36.797,5793100000.0,0.0,58800000.0,104800000.0,47.68,78100000.0
33,AN,MRQ,2013-06-30,2013-06-30,2013-06-30,2021-10-21,0.0,7453000000.0,,3506500000.0,3946500000.0,,15.507,-30200000.0,69700000.0,69700000.0,3730400000.0,89900000.0,1.031,2.959,1936800000.0,29600000.0,1907200000.0,1936800000.0,0.0,23300000.0,0.0,0.0,0.0,182000000.0,205300000.0,0.046,205300000.0,182000000.0,146400000.0,0.74,0.73,0.74,1882500000.0,,1882500000.0,7175365643.0,10.0,9.203,13500000.0,0.111,1.0,696100000.0,0.157,1581200000.0,35600000.0,4339000000.0,,2625200000.0,0.0,0.0,0.0,5570500000.0,3399900000.0,2170600000.0,5264365643.0,23400000.0,-59600000.0,-1600000.0,71800000.0,0.0,70800000.0,-91100000.0,0.0,43700000.0,0.0,89900000.0,89900000.0,89900000.0,200000.0,0.0,0.02,517400000.0,178700000.0,2973800000.0,0.0,2.796,15.589,15.552,2122900000.0,0.0,43.39,0.317,0.317,621400000.0,3135900000.0,4426500000.0,4426500000.0,0.0,,,,,6100000.0,494100000.0,1.0,121326703.0,121400000.0,123300000.0,36.462,5871800000.0,0.0,56500000.0,97200000.0,48.367,106600000.0
34,AN,MRQ,2013-03-31,2013-03-31,2013-03-31,2021-10-21,0.0,7194200000.0,,3340900000.0,3853300000.0,,14.765,-37200000.0,46300000.0,46300000.0,3432400000.0,83000000.0,1.042,3.027,1957300000.0,13700000.0,1943600000.0,1957300000.0,0.0,22700000.0,0.0,0.0,0.0,170900000.0,193600000.0,0.047,193600000.0,170900000.0,135700000.0,0.69,0.67,0.69,1786600000.0,,1786600000.0,7319580681.0,11.0,9.66,197900000.0,1.636,1.0,664000000.0,0.162,1522700000.0,35200000.0,4374800000.0,,2499800000.0,0.0,0.0,0.0,5407600000.0,3207700000.0,2199900000.0,5293180681.0,-23400000.0,-2800000.0,-6300000.0,-209900000.0,0.0,-218700000.0,-39800000.0,0.0,235100000.0,0.0,83000000.0,83000000.0,83000000.0,200000.0,0.0,0.02,496000000.0,168000000.0,2744300000.0,0.0,2.963,16.217,16.204,2102400000.0,0.0,43.75,0.329,0.329,590100000.0,3046000000.0,4096400000.0,4096400000.0,0.0,,,,,6700000.0,473300000.0,1.0,120986987.0,121000000.0,123000000.0,33.855,5671500000.0,0.0,52700000.0,93700000.0,46.872,133200000.0
35,AN,MRQ,2012-12-31,2012-12-31,2012-12-31,2021-10-21,0.0,7203000000.0,,3361100000.0,3841900000.0,,13.84,-52800000.0,69700000.0,69700000.0,3539600000.0,83200000.0,1.05,3.266,2096100000.0,29800000.0,2066300000.0,2096100000.0,0.0,22400000.0,0.0,0.0,0.0,169600000.0,192000000.0,0.046,192000000.0,169600000.0,135300000.0,0.69,0.68,0.69,1688500000.0,,1688500000.0,6627690465.0,10.0,9.01,-47900000.0,-0.393,1.0,632600000.0,0.152,1528700000.0,34300000.0,4499000000.0,,2396900000.0,0.0,0.0,0.0,5514500000.0,3201700000.0,2312800000.0,4833990465.0,-28900000.0,-134800000.0,-27400000.0,175600000.0,0.0,150200000.0,-184000000.0,0.0,4900000.0,0.0,83200000.0,83200000.0,83200000.0,-300000.0,0.0,0.02,464400000.0,168200000.0,2757400000.0,0.0,2.863,15.278,15.508,2095100000.0,0.0,39.7,0.309,0.314,698400000.0,2963000000.0,4172200000.0,4172200000.0,0.0,,,,,3400000.0,442000000.0,1.0,121762984.0,122000000.0,124000000.0,34.198,5674300000.0,0.0,52100000.0,89400000.0,46.511,159400000.0
36,AN,MRQ,2012-09-30,2012-09-30,2012-09-30,2021-10-21,0.0,6563000000.0,,2958300000.0,3604700000.0,,13.519,-38500000.0,98600000.0,98600000.0,3311200000.0,81600000.0,1.044,3.005,1892300000.0,28200000.0,1864100000.0,1892300000.0,0.0,22900000.0,0.0,0.0,0.0,165900000.0,188800000.0,0.048,188800000.0,165900000.0,132300000.0,0.67,0.66,0.67,1638500000.0,,1638500000.0,7237269432.0,12.0,10.263,153700000.0,1.268,1.0,622600000.0,0.158,1385900000.0,33600000.0,4137000000.0,,2142100000.0,0.0,0.0,0.0,4924500000.0,2833800000.0,2090700000.0,5270869432.0,36500000.0,0.0,12600000.0,-135300000.0,0.0,-116700000.0,-39000000.0,0.0,192200000.0,0.0,81600000.0,81600000.0,81600000.0,300000.0,0.0,0.021,458700000.0,163900000.0,2419000000.0,0.0,3.217,17.419,18.349,2007700000.0,0.0,43.67,0.347,0.349,514200000.0,2879800000.0,3933800000.0,3933800000.0,0.0,,,,,4000000.0,435800000.0,1.0,120697720.0,121200000.0,123400000.0,32.457,5177100000.0,0.0,50700000.0,77800000.0,42.715,124500000.0
37,AN,MRQ,2012-06-30,2012-06-30,2012-06-30,2021-10-21,0.0,6461400000.0,,2883900000.0,3577500000.0,,12.557,-32900000.0,62100000.0,62100000.0,3276500000.0,78600000.0,1.062,3.228,2028500000.0,28200000.0,2000300000.0,2028500000.0,0.0,20800000.0,0.0,0.0,0.0,162500000.0,183300000.0,0.047,183300000.0,162500000.0,129200000.0,0.65,0.64,0.65,1528200000.0,,1528200000.0,6152778486.0,10.0,9.062,-13500000.0,-0.111,1.0,628000000.0,0.161,1385200000.0,33300000.0,4327300000.0,,2077700000.0,0.0,0.0,0.0,4933200000.0,2715300000.0,2217900000.0,4310178486.0,-14200000.0,0.0,-130000000.0,144500000.0,0.0,16400000.0,-50000000.0,0.0,19400000.0,0.0,78600000.0,78600000.0,78600000.0,400000.0,0.0,0.02,463600000.0,164400000.0,2323600000.0,0.0,2.82,14.776,16.036,1987000000.0,0.0,35.28,0.292,0.291,538900000.0,2798200000.0,3904500000.0,3904500000.0,0.0,,,,,5400000.0,438600000.0,1.0,122170592.0,121700000.0,123700000.0,32.083,5076200000.0,0.0,50600000.0,70600000.0,41.711,168600000.0
38,AN,MRQ,2012-03-31,2012-03-31,2012-03-31,2021-10-21,0.0,6332400000.0,,2781800000.0,3550600000.0,,12.035,-35800000.0,76300000.0,76300000.0,3054000000.0,73000000.0,1.045,3.038,1918900000.0,31700000.0,1887200000.0,1918900000.0,0.0,21200000.0,0.0,0.0,0.0,150300000.0,171500000.0,0.047,171500000.0,150300000.0,119100000.0,0.56,0.55,0.56,1568100000.0,,1568100000.0,6086623817.0,11.0,9.214,64300000.0,0.493,1.0,603000000.0,0.165,1389700000.0,31200000.0,4123500000.0,,1984600000.0,0.0,0.0,0.0,4764300000.0,2661800000.0,2102500000.0,4526223817.0,-10300000.0,0.0,-400200000.0,314500000.0,0.0,-85600000.0,-24800000.0,400000.0,100100000.0,0.0,73000000.0,73000000.0,73000000.0,500000.0,0.0,0.02,454100000.0,148900000.0,2233500000.0,0.0,2.886,15.881,16.819,1960900000.0,0.0,34.31,0.319,0.315,518100000.0,2719600000.0,3657000000.0,3657000000.0,0.0,,,,,5800000.0,432900000.0,1.0,131921417.0,130300000.0,132300000.0,28.066,4942700000.0,0.0,46100000.0,65500000.0,37.933,120000000.0
39,AN,MRQ,2011-12-31,2011-12-31,2011-12-31,2021-10-21,0.0,6198800000.0,,2676200000.0,3522600000.0,,13.679,-35300000.0,86600000.0,86600000.0,3099200000.0,69400000.0,1.087,2.272,1647000000.0,12600000.0,1634400000.0,1647000000.0,0.0,21000000.0,0.0,0.0,0.0,140600000.0,161600000.0,0.044,161600000.0,140600000.0,112300000.0,0.5,0.49,0.5,1894600000.0,,1894600000.0,6578146118.0,12.0,10.106,30000000.0,0.217,1.0,579200000.0,0.157,1390000000.0,28300000.0,3906600000.0,,1809200000.0,0.0,0.0,0.0,4304200000.0,2462600000.0,1841600000.0,5158046118.0,19300000.0,0.0,-233100000.0,214800000.0,0.0,-14500000.0,-31500000.0,0.0,65300000.0,0.0,69400000.0,69400000.0,69400000.0,500000.0,0.0,0.019,433700000.0,145500000.0,2101200000.0,0.0,2.722,18.33,19.005,1950700000.0,0.0,36.87,0.373,0.386,587400000.0,2646600000.0,3678400000.0,3678400000.0,0.0,,,,,2700000.0,412700000.0,1.0,139898186.0,138500000.0,140700000.0,26.559,4808800000.0,0.0,42900000.0,62300000.0,34.721,213600000.0
40,AN,MRQ,2011-09-30,2011-09-30,2011-09-30,2021-10-21,0.0,5766800000.0,,2296000000.0,3470800000.0,,14.023,-50200000.0,67300000.0,67300000.0,2931300000.0,70700000.0,1.063,1.848,1487400000.0,93200000.0,1394200000.0,1487400000.0,0.0,20900000.0,0.0,0.0,0.0,141700000.0,162600000.0,0.046,162600000.0,141700000.0,115600000.0,0.49,0.48,0.49,2024900000.0,,2024900000.0,6141668999.0,11.0,9.507,135800000.0,0.94,1.0,575200000.0,0.164,1390200000.0,26100000.0,3636900000.0,,1601700000.0,0.0,0.0,0.0,3741900000.0,2159800000.0,1582100000.0,4778468999.0,-14500000.0,3700000.0,-138000000.0,-20400000.0,0.0,-154500000.0,-46000000.0,0.0,186000000.0,0.0,70700000.0,70700000.0,70700000.0,0.0,0.0,0.02,432300000.0,142900000.0,1680300000.0,0.0,2.36,17.109,17.344,1919200000.0,0.0,32.78,0.357,0.353,402100000.0,2577200000.0,3506500000.0,3506500000.0,0.0,,,,,4200000.0,411400000.0,1.0,145773917.0,144400000.0,147000000.0,24.283,4376600000.0,0.0,44900000.0,43600000.0,30.309,136200000.0
41,AN,MRQ,2011-06-30,2011-06-30,2011-06-30,2021-10-21,0.0,5935900000.0,,2489100000.0,3446800000.0,,14.356,-37000000.0,81800000.0,81800000.0,2752900000.0,71900000.0,1.126,1.805,1445000000.0,11900000.0,1433100000.0,1445000000.0,0.0,21100000.0,0.0,0.0,0.0,143800000.0,164900000.0,0.049,164900000.0,143800000.0,117000000.0,0.49,0.48,0.49,2116100000.0,,2116100000.0,6666759215.0,12.0,10.736,-65400000.0,-0.444,1.0,583400000.0,0.175,1390000000.0,26800000.0,3697600000.0,,1780000000.0,0.0,0.0,0.0,3819800000.0,2211500000.0,1608300000.0,5414159215.0,-2500000.0,0.0,-103700000.0,166100000.0,0.0,66100000.0,-40200000.0,0.0,-28400000.0,0.0,71900000.0,71900000.0,71900000.0,1400000.0,0.0,0.022,438700000.0,144700000.0,1870700000.0,0.0,2.559,20.392,20.453,1884300000.0,0.0,36.61,0.411,0.41,404600000.0,2506500000.0,3336300000.0,3336300000.0,0.0,,,,,5600000.0,417600000.0,1.0,147887441.0,147400000.0,150000000.0,22.634,4545900000.0,0.0,45100000.0,32200000.0,30.841,277600000.0
42,AN,MRQ,2011-03-31,2011-03-31,2011-03-31,2021-10-21,0.0,5889400000.0,,2450800000.0,3438600000.0,,14.343,-23600000.0,84300000.0,84300000.0,2744900000.0,69400000.0,1.089,1.754,1336900000.0,8200000.0,1328700000.0,1336900000.0,0.0,20700000.0,0.0,0.0,0.0,141100000.0,161800000.0,0.049,161800000.0,141100000.0,113600000.0,0.47,0.46,0.47,2138600000.0,,2138600000.0,6526416104.0,13.0,11.266,129900000.0,0.871,1.0,566200000.0,0.171,1388100000.0,27500000.0,3503800000.0,,1731700000.0,0.0,0.0,0.0,3750800000.0,2250100000.0,1500700000.0,5272816104.0,-10800000.0,-63000000.0,-27000000.0,-60200000.0,0.0,-75800000.0,-88500000.0,0.0,153500000.0,0.0,69400000.0,69400000.0,69400000.0,900000.0,0.0,0.021,428400000.0,137800000.0,1864000000.0,0.0,2.466,21.897,22.245,1880400000.0,0.0,35.37,0.408,0.408,425500000.0,2434600000.0,3311100000.0,3311100000.0,0.0,,,,,5900000.0,407700000.0,1.0,149075943.0,149100000.0,151800000.0,22.207,4501300000.0,0.0,44200000.0,30500000.0,30.19,200700000.0
43,AN,MRQ,2010-12-31,2010-12-31,2010-12-31,2021-10-21,0.0,5974200000.0,,2628800000.0,3345400000.0,,14.085,-67500000.0,95100000.0,95100000.0,2701700000.0,67300000.0,1.096,1.874,1348700000.0,8100000.0,1340600000.0,1348700000.0,0.0,19600000.0,0.0,0.0,0.0,137100000.0,156700000.0,0.048,156700000.0,137100000.0,108500000.0,0.44,0.44,0.44,2078900000.0,,2078900000.0,5469614131.0,12.0,9.981,-13400000.0,-0.091,1.0,544500000.0,0.168,1344400000.0,28600000.0,3484000000.0,,1867000000.0,0.0,0.0,0.0,3895300000.0,2399400000.0,1495900000.0,4173514131.0,10600000.0,600000.0,2700000.0,23300000.0,0.0,23400000.0,-66900000.0,0.0,54100000.0,0.0,67300000.0,67300000.0,67300000.0,800000.0,0.0,0.021,411200000.0,133300000.0,2030400000.0,0.0,2.008,18.418,19.583,1838000000.0,0.0,28.2,0.335,0.355,462000000.0,2365200000.0,3246200000.0,3246200000.0,0.0,,,,,2300000.0,392700000.0,1.0,147996955.0,147600000.0,150200000.0,21.993,4629800000.0,0.0,41200000.0,25900000.0,31.367,229400000.0
44,AN,MRQ,2010-09-30,2010-09-30,2010-09-30,2021-10-21,0.0,5730700000.0,,2448500000.0,3282200000.0,,13.595,-37400000.0,84500000.0,84500000.0,2728500000.0,56900000.0,1.116,1.858,1380600000.0,8000000.0,1372600000.0,1380600000.0,0.0,18700000.0,0.0,0.0,0.0,118900000.0,137600000.0,0.042,137600000.0,118900000.0,92000000.0,0.39,0.38,0.39,2005200000.0,,2005200000.0,4669265733.0,11.0,9.241,27600000.0,0.187,1.0,545400000.0,0.167,1342600000.0,26900000.0,3490800000.0,,1739800000.0,0.0,0.0,0.0,3725500000.0,2193400000.0,1532100000.0,3403565733.0,-17100000.0,-53000000.0,-63500000.0,67200000.0,0.0,8400000.0,-90500000.0,0.0,65000000.0,0.0,56900000.0,56900000.0,56900000.0,1600000.0,0.0,0.017,422300000.0,123100000.0,1817000000.0,0.0,1.697,15.401,17.222,1780700000.0,0.0,23.25,0.283,0.286,392100000.0,2380300000.0,3273900000.0,3273900000.0,0.0,,,,,3000000.0,402900000.0,1.0,146389924.0,147500000.0,149600000.0,22.196,4388100000.0,0.0,35100000.0,41100000.0,29.75,255100000.0
45,AN,MRQ,2010-06-30,2010-06-30,2010-06-30,2021-10-21,-100000.0,5518100000.0,,2314000000.0,3204100000.0,,12.172,-26100000.0,101600000.0,101600000.0,2575000000.0,47200000.0,1.138,1.8,1367300000.0,7900000.0,1359400000.0,1367300000.0,0.0,19600000.0,0.0,0.0,0.0,103600000.0,123200000.0,0.04,123200000.0,103600000.0,79200000.0,0.29,0.29,0.29,1970600000.0,,1970600000.0,4229972478.0,10.0,8.319,37200000.0,0.23,1.0,529300000.0,0.171,1310800000.0,24400000.0,3438800000.0,,1580900000.0,0.0,0.0,0.0,3547500000.0,2034200000.0,1513300000.0,3280072478.0,-59000000.0,1900000.0,-376600000.0,275600000.0,0.0,-100800000.0,-21500000.0,500000.0,63300000.0,0.0,47200000.0,47200000.0,47200000.0,2800000.0,0.0,0.015,403000000.0,126300000.0,1666800000.0,0.0,1.665,14.317,14.773,1741900000.0,0.0,19.5,0.282,0.272,393900000.0,2323400000.0,3104300000.0,3104300000.0,0.0,,,,,4600000.0,383100000.0,1.0,168208845.0,161900000.0,163200000.0,19.174,4207300000.0,0.0,32000000.0,35900000.0,25.987,279800000.0
46,AN,MRQ,2010-03-31,2010-03-31,2010-03-31,2021-10-21,-100000.0,5501100000.0,,2331100000.0,3170000000.0,,13.634,-14000000.0,160800000.0,160800000.0,2328200000.0,55200000.0,1.211,1.364,1110700000.0,7700000.0,1103000000.0,1110700000.0,0.0,18900000.0,0.0,0.0,0.0,111600000.0,130500000.0,0.046,130500000.0,111600000.0,93000000.0,0.32,0.32,0.32,2327300000.0,,2327300000.0,4021883267.0,10.0,8.171,55400000.0,0.325,1.0,508400000.0,0.179,1311800000.0,18600000.0,3214200000.0,,1512400000.0,0.0,0.0,0.0,3173800000.0,1925000000.0,1248800000.0,3082983267.0,-12900000.0,-9600000.0,-37100000.0,-25200000.0,0.0,-61000000.0,-21300000.0,800000.0,69400000.0,0.0,55200000.0,55200000.0,55200000.0,3600000.0,0.0,0.019,392400000.0,116000000.0,1594500000.0,0.0,1.325,14.103,14.581,1728000000.0,0.0,18.08,0.277,0.278,403300000.0,2276200000.0,2836600000.0,2836600000.0,0.0,,,,,6000000.0,373400000.0,1.0,170518986.0,170700000.0,171700000.0,16.617,4189300000.0,0.0,37800000.0,29200000.0,24.542,406100000.0
47,AN,MRQ,2009-12-31,2009-12-31,2009-12-31,2021-10-21,0.0,5407300000.0,,2268400000.0,3138900000.0,,13.298,-34500000.0,173500000.0,173500000.0,2320900000.0,61700000.0,1.217,1.348,1112600000.0,7600000.0,1105000000.0,1112600000.0,0.0,18800000.0,0.0,0.0,0.0,95200000.0,114000000.0,0.041,114000000.0,95200000.0,75900000.0,0.35,0.36,0.35,2303200000.0,,2303200000.0,4251087020.0,11.0,9.062,-13900000.0,-0.08,1.0,473100000.0,0.169,1297600000.0,19300000.0,3185400000.0,,1392800000.0,0.0,0.0,0.0,3104100000.0,1863400000.0,1240700000.0,3341187020.0,-30800000.0,0.0,-74700000.0,54600000.0,0.0,-20600000.0,-30800000.0,300000.0,20600000.0,0.0,61700000.0,61700000.0,61700000.0,0.0,0.0,0.022,377700000.0,95400000.0,1526300000.0,0.0,1.451,16.875,17.098,1713600000.0,0.0,19.15,0.313,0.317,406400000.0,2221000000.0,2794000000.0,2794000000.0,0.0,,,,,2000000.0,360200000.0,1.0,174474518.0,173200000.0,174000000.0,16.132,4109700000.0,0.0,14200000.0,24600000.0,23.728,405000000.0
48,AN,MRQ,2009-09-30,2009-09-30,2009-09-30,2021-10-21,-200000.0,5094000000.0,,1921000000.0,3173000000.0,,12.978,-6400000.0,204500000.0,204500000.0,2381400000.0,65000000.0,1.23,1.204,1114400000.0,7500000.0,1106900000.0,1114400000.0,0.0,19200000.0,0.0,0.0,0.0,121600000.0,140800000.0,0.049,140800000.0,121600000.0,103800000.0,0.36,0.36,0.36,2311300000.0,,2311300000.0,4222771515.0,11.0,8.918,111400000.0,0.625,1.0,509600000.0,0.176,1300200000.0,17800000.0,3141700000.0,,1161100000.0,0.0,0.0,0.0,2782700000.0,1562000000.0,1220700000.0,3218671515.0,75400000.0,25400000.0,-46300000.0,-14100000.0,0.0,-65300000.0,22900000.0,1800000.0,117800000.0,0.0,65000000.0,65000000.0,65000000.0,-600000.0,0.0,0.022,392500000.0,117100000.0,1209600000.0,0.0,1.393,15.824,16.0,1725800000.0,0.0,18.08,0.311,0.311,313200000.0,2159300000.0,2891000000.0,2891000000.0,0.0,,,,,3000000.0,375500000.0,1.0,178023867.0,178100000.0,179200000.0,16.232,3793800000.0,0.0,38800000.0,0.0,21.302,359000000.0
49,AN,MRQ,2009-06-30,2009-06-30,2009-06-30,2021-10-21,-400000.0,5237200000.0,,2045900000.0,3191300000.0,,12.882,-6900000.0,128900000.0,128900000.0,2123700000.0,36700000.0,1.196,1.287,1133000000.0,13800000.0,1119200000.0,1133000000.0,0.0,18900000.0,0.0,0.0,0.0,88000000.0,106900000.0,0.041,106900000.0,88000000.0,68200000.0,0.21,0.21,0.21,2290400000.0,,2290400000.0,4151704958.0,-3.0,-3.251,100200000.0,0.564,1.0,473700000.0,0.182,1297400000.0,19800000.0,3232700000.0,,1257900000.0,0.0,0.0,0.0,2946800000.0,1711200000.0,1235600000.0,3072804958.0,67200000.0,34900000.0,9500000.0,-61200000.0,0.0,-68800000.0,28900000.0,600000.0,107100000.0,0.0,36700000.0,36700000.0,36700000.0,17300000.0,0.0,0.014,379100000.0,94600000.0,1329200000.0,0.0,1.342,-2.411,-2.403,1742800000.0,0.0,17.35,0.284,0.285,330600000.0,2094300000.0,2597400000.0,2597400000.0,0.0,,,,,4700000.0,362100000.0,1.0,177106914.0,177800000.0,178800000.0,14.609,3939800000.0,0.0,31500000.0,0.0,22.159,334700000.0
50,AN,MRQ,2009-03-31,2009-03-31,2009-03-31,2021-10-21,-700000.0,5585900000.0,,2255000000.0,3330900000.0,,12.651,-16100000.0,62000000.0,62000000.0,1944500000.0,34600000.0,1.077,1.497,1140900000.0,13900000.0,1127000000.0,1140900000.0,0.0,19800000.0,0.0,0.0,0.0,87600000.0,107400000.0,0.045,107400000.0,87600000.0,65900000.0,0.2,0.2,0.2,2236700000.0,,2236700000.0,3602623568.0,-3.0,-2.924,107700000.0,0.609,1.0,456300000.0,0.19,1314200000.0,21700000.0,3256100000.0,,1553400000.0,0.0,0.0,0.0,3349200000.0,2094500000.0,1254700000.0,2454723568.0,-48400000.0,5400000.0,200000.0,-162100000.0,0.0,-165200000.0,-7000000.0,2400000.0,123800000.0,0.0,34600000.0,34600000.0,34600000.0,18000000.0,0.0,0.014,373700000.0,82600000.0,1638800000.0,0.0,1.097,-1.949,-1.944,1854800000.0,0.0,13.88,0.207,0.207,336300000.0,2057600000.0,2400800000.0,2400800000.0,0.0,,,,,3800000.0,352300000.0,1.0,176853283.0,176800000.0,177000000.0,13.579,4271700000.0,0.0,31300000.0,0.0,24.161,160500000.0
51,AN,MRQ,2008-12-31,2008-12-31,2008-12-31,2021-10-21,-700000.0,6014100000.0,,2723500000.0,3290600000.0,,12.447,-13200000.0,110200000.0,110200000.0,2029000000.0,67100000.0,1.109,1.736,1258900000.0,33300000.0,1225600000.0,1258900000.0,0.0,20000000.0,0.0,0.0,0.0,98400000.0,118400000.0,0.048,118400000.0,98400000.0,59600000.0,0.36,0.36,0.36,2198100000.0,,2198100000.0,3100210436.0,-2.0,-2.629,104300000.0,0.591,1.0,430300000.0,0.175,1303400000.0,38800000.0,3403600000.0,,1758100000.0,0.0,0.0,0.0,3816000000.0,2455800000.0,1360200000.0,1747310436.0,49800000.0,7600000.0,0.0,-74800000.0,0.0,-82200000.0,14500000.0,2900000.0,117500000.0,0.0,67100000.0,67100000.0,67100000.0,6400000.0,0.0,0.027,358700000.0,71600000.0,1948100000.0,0.0,0.795,-1.406,-1.413,1798900000.0,0.0,9.88,0.132,0.133,370200000.0,2023000000.0,2459300000.0,2459300000.0,0.0,,,,,3000000.0,336900000.0,1.0,176853283.0,176600000.0,176600000.0,13.926,4710700000.0,0.0,-7500000.0,0.0,26.674,267700000.0
52,AN,MRQ,2008-09-30,2008-09-30,2008-09-30,2021-10-21,-600000.0,6238200000.0,,2695900000.0,3542300000.0,,12.042,-34200000.0,60800000.0,60800000.0,2799500000.0,-1412700000.0,1.031,1.932,1413700000.0,55700000.0,1358000000.0,1413700000.0,0.0,21300000.0,0.0,0.0,0.0,-1631000000.0,-1609700000.0,-0.479,-1609700000.0,-1631000000.0,-1670200000.0,-7.99,-7.99,-7.99,2127800000.0,,2127800000.0,3461637460.0,-3.0,-3.034,201700000.0,1.141,1.0,559800000.0,0.167,1325400000.0,39200000.0,3651000000.0,,1967500000.0,0.0,0.0,0.0,4110400000.0,2614700000.0,1495700000.0,1985637460.0,17600000.0,26900000.0,-2900000.0,-176300000.0,0.0,-191300000.0,-27000000.0,6000000.0,235900000.0,0.0,-1412700000.0,-1412700000.0,-1412700000.0,16900000.0,0.0,-0.421,2184200000.0,-1624400000.0,2064200000.0,0.0,0.933,-1.578,-1.579,1970200000.0,0.0,11.24,0.142,0.142,467500000.0,1955900000.0,3359300000.0,3359300000.0,0.0,,,,,5700000.0,423300000.0,1.0,176658137.0,176700000.0,176700000.0,19.011,4912800000.0,0.0,-257500000.0,0.0,27.803,81200000.0
53,AN,MRQ,2008-06-30,2008-06-30,2008-06-30,2021-10-21,-200000.0,8351400000.0,,3102000000.0,5249400000.0,,19.86,-17600000.0,42100000.0,42100000.0,3057200000.0,51800000.0,1.044,1.362,1518100000.0,37200000.0,1480900000.0,1518100000.0,0.0,20000000.0,0.0,0.0,0.0,131700000.0,151700000.0,0.041,151700000.0,131700000.0,90400000.0,0.29,0.29,0.29,3535100000.0,,3535100000.0,3453130339.0,6.0,5.145,121200000.0,0.681,1.0,606400000.0,0.166,3084100000.0,41300000.0,3773400000.0,,2295400000.0,0.0,0.0,0.0,4816300000.0,2969900000.0,1846400000.0,1788930339.0,8100000.0,2800000.0,-27200000.0,-87300000.0,0.0,-109500000.0,-21200000.0,-700000.0,138800000.0,0.0,51800000.0,51800000.0,51800000.0,3700000.0,0.0,0.014,471200000.0,135200000.0,2437900000.0,0.0,0.506,7.905,8.081,1956300000.0,0.0,10.02,0.118,0.118,558600000.0,3368600000.0,3663600000.0,3663600000.0,0.0,,,,,8500000.0,451400000.0,1.0,178535962.0,178000000.0,178700000.0,20.582,5267300000.0,0.0,38600000.0,224600000.0,29.592,132100000.0
54,AN,MRQ,2008-03-31,2008-03-31,2008-03-31,2021-10-21,-100000.0,8523200000.0,,3269700000.0,5253500000.0,,19.45,-21500000.0,34400000.0,34400000.0,3196100000.0,50700000.0,1.093,1.435,1698600000.0,30100000.0,1668500000.0,1698600000.0,0.0,22700000.0,0.0,0.0,0.0,139400000.0,162100000.0,0.042,162100000.0,139400000.0,88700000.0,0.28,0.28,0.28,3501000000.0,,3501000000.0,4437875673.0,7.0,6.127,170500000.0,0.947,1.0,643200000.0,0.168,3089400000.0,50700000.0,4107200000.0,,2377100000.0,0.0,0.0,0.0,5022200000.0,2990800000.0,2031400000.0,2694875673.0,1400000.0,-19900000.0,-27700000.0,-116500000.0,0.0,-149200000.0,-41400000.0,2800000.0,192000000.0,0.0,50700000.0,50700000.0,50700000.0,5000000.0,0.0,0.013,499000000.0,144200000.0,2429800000.0,0.0,0.77,10.702,11.341,1963600000.0,0.0,14.97,0.169,0.169,641000000.0,3316800000.0,3839300000.0,3839300000.0,0.0,,,,,3800000.0,474600000.0,1.0,180018415.0,180000000.0,180600000.0,21.329,5433800000.0,0.0,38000000.0,225000000.0,30.188,278900000.0
55,AN,MRQ,2007-12-31,2007-12-31,2007-12-31,2021-10-21,-200000.0,8479600000.0,,3304800000.0,5174800000.0,,19.043,-28000000.0,33000000.0,33000000.0,2650100000.0,51700000.0,1.139,1.441,1775800000.0,23900000.0,1751900000.0,1775800000.0,0.0,20000000.0,0.0,0.0,0.0,134900000.0,154900000.0,0.049,154900000.0,134900000.0,81500000.0,0.3,0.29,0.3,3473500000.0,,3473500000.0,4584165325.0,7.0,6.002,57100000.0,0.313,1.0,507700000.0,0.161,3053600000.0,53400000.0,4266300000.0,,2258100000.0,0.0,0.0,0.0,5006100000.0,2902500000.0,2103600000.0,2880865325.0,2100000.0,12100000.0,-88100000.0,-12600000.0,0.0,-76000000.0,-7000000.0,1700000.0,85100000.0,0.0,51700000.0,51700000.0,51700000.0,-5600000.0,0.0,0.016,380200000.0,127500000.0,2331800000.0,0.0,0.829,10.337,11.106,1955000000.0,0.0,15.66,0.176,0.19,702900000.0,3266100000.0,3157800000.0,3157800000.0,0.0,,,,,3500000.0,359800000.0,1.0,183963303.0,182400000.0,183200000.0,17.312,5426000000.0,0.0,29800000.0,220700000.0,29.748,402300000.0
56,AN,MRQ,2007-09-30,2007-09-30,2007-09-30,2021-10-21,-200000.0,8343000000.0,,3111600000.0,5231400000.0,,17.73,-47500000.0,28400000.0,28400000.0,3799200000.0,72100000.0,1.098,1.4,1731700000.0,79500000.0,1652200000.0,1731700000.0,0.0,21800000.0,0.0,0.0,0.0,180700000.0,202500000.0,0.045,202500000.0,180700000.0,118200000.0,0.37,0.37,0.37,3476800000.0,,3476800000.0,5077976525.0,7.0,6.314,106300000.0,0.542,1.0,714100000.0,0.158,3085300000.0,62500000.0,4128200000.0,,2230100000.0,0.0,0.0,0.0,4866200000.0,2832800000.0,2033400000.0,3580576525.0,-1800000.0,1000000.0,-308200000.0,207900000.0,0.0,-111400000.0,-44200000.0,7000000.0,153800000.0,0.0,72100000.0,72100000.0,72100000.0,4500000.0,0.0,0.016,529600000.0,184500000.0,2241800000.0,0.0,1.03,11.848,12.054,1964300000.0,0.0,17.72,0.207,0.201,669800000.0,3214400000.0,4513300000.0,4513300000.0,0.0,,,,,3800000.0,506700000.0,1.0,202064138.0,196100000.0,197500000.0,23.015,5257700000.0,0.0,46100000.0,199800000.0,26.811,278800000.0
57,AN,MRQ,2007-06-30,2007-06-30,2007-06-30,2021-10-21,-300000.0,8452400000.0,,3228000000.0,5224400000.0,,18.076,-34600000.0,31200000.0,31200000.0,3762800000.0,77300000.0,1.117,1.261,1528600000.0,66000000.0,1462600000.0,1528600000.0,0.0,21300000.0,0.0,0.0,0.0,183500000.0,204800000.0,0.046,204800000.0,183500000.0,124500000.0,0.37,0.37,0.37,3738100000.0,,3738100000.0,6040591439.0,8.0,7.34,-171600000.0,-0.83,1.0,714100000.0,0.16,3098600000.0,59000000.0,3962100000.0,,2346600000.0,0.0,0.0,0.0,4714300000.0,2889100000.0,1825200000.0,4708891439.0,-12400000.0,25200000.0,-177100000.0,306200000.0,0.0,131200000.0,-6600000.0,2500000.0,-137000000.0,0.0,77300000.0,77300000.0,77300000.0,2000000.0,0.0,0.017,528000000.0,186100000.0,2331100000.0,0.0,1.26,15.097,15.06,1946100000.0,0.0,22.44,0.268,0.264,672600000.0,3142300000.0,4476900000.0,4476900000.0,0.0,,,,,5000000.0,507400000.0,1.0,209843647.0,206800000.0,208600000.0,21.648,5353800000.0,0.0,47200000.0,203200000.0,25.889,338900000.0
58,AN,MRQ,2007-03-31,2007-03-31,2007-03-31,2021-10-21,-200000.0,8365900000.0,,3146800000.0,5219100000.0,,18.408,-42300000.0,42800000.0,42800000.0,3582100000.0,77600000.0,1.117,1.184,1374500000.0,20100000.0,1354400000.0,1374500000.0,0.0,20900000.0,0.0,0.0,0.0,181800000.0,202700000.0,0.047,202700000.0,181800000.0,123700000.0,0.37,0.37,0.37,3830700000.0,,3830700000.0,5960059521.0,8.0,7.278,60900000.0,0.293,1.0,717800000.0,0.167,3103600000.0,58100000.0,3775800000.0,,2258200000.0,0.0,0.0,0.0,4535200000.0,2818200000.0,1717000000.0,4440759521.0,-8800000.0,10100000.0,25800000.0,-119000000.0,0.0,-80200000.0,-31800000.0,-2100000.0,103200000.0,0.0,77600000.0,77600000.0,77600000.0,4900000.0,0.0,0.018,532000000.0,185800000.0,2292000000.0,0.0,1.159,14.451,14.648,1935800000.0,0.0,21.24,0.246,0.245,658400000.0,3065000000.0,4299900000.0,4299900000.0,0.0,,,,,3000000.0,511200000.0,1.0,209075307.0,208100000.0,210700000.0,20.663,5262300000.0,0.0,46100000.0,208700000.0,25.287,328600000.0
59,AN,MRQ,2006-12-31,2006-12-31,2006-12-31,2021-10-21,-400000.0,8601400000.0,,3448400000.0,5153000000.0,,17.918,-32000000.0,52800000.0,52800000.0,3337500000.0,75200000.0,1.144,1.317,1571500000.0,13600000.0,1557900000.0,1571500000.0,0.0,19400000.0,0.0,0.0,0.0,174800000.0,194200000.0,0.049,194200000.0,174800000.0,118600000.0,0.36,0.35,0.36,3712700000.0,,3712700000.0,5901609834.0,8.0,7.116,-106300000.0,-0.513,1.0,633100000.0,0.159,3084700000.0,56200000.0,4020800000.0,,2305000000.0,0.0,0.0,0.0,4888700000.0,3014600000.0,1874100000.0,4429409834.0,18300000.0,-73200000.0,-29700000.0,211200000.0,0.0,197700000.0,-105100000.0,2000000.0,-74300000.0,0.0,75200000.0,75200000.0,75200000.0,-2700000.0,0.0,0.019,461800000.0,171300000.0,2421900000.0,0.0,1.193,13.977,15.121,1893800000.0,0.0,21.32,0.243,0.264,795000000.0,2989400000.0,3970600000.0,3970600000.0,0.0,,,,,3300000.0,445900000.0,1.0,207758435.0,207200000.0,212200000.0,19.163,5516700000.0,0.0,43400000.0,225400000.0,26.625,433800000.0
60,AN,MRQ,2006-09-30,2006-09-30,2006-09-30,2021-10-21,-300000.0,8380400000.0,,3284200000.0,5096200000.0,,17.356,-87500000.0,29700000.0,29700000.0,4090200000.0,81800000.0,1.106,1.289,1501900000.0,39800000.0,1462100000.0,1501900000.0,0.0,20600000.0,0.0,0.0,0.0,200700000.0,221300000.0,0.046,221300000.0,200700000.0,137400000.0,0.39,0.38,0.39,3660400000.0,,3660400000.0,5909373925.0,8.0,7.203,133200000.0,0.632,1.0,764800000.0,0.158,3026300000.0,63300000.0,3857500000.0,,2363800000.0,0.0,0.0,0.0,4720000000.0,2968800000.0,1751200000.0,4451473925.0,-6600000.0,-18400000.0,-108200000.0,-14100000.0,0.0,-122100000.0,-105200000.0,2300000.0,220700000.0,0.0,81800000.0,81800000.0,81800000.0,3600000.0,0.0,0.017,561700000.0,203100000.0,2343700000.0,0.0,1.216,14.043,15.597,1897400000.0,0.0,20.9,0.245,0.242,713100000.0,2914200000.0,4855000000.0,4855000000.0,0.0,,,,,3200000.0,541400000.0,1.0,212989183.0,210900000.0,215000000.0,23.02,5354100000.0,0.0,55600000.0,209600000.0,25.387,315400000.0
61,AN,MRQ,2006-06-30,2006-06-30,2006-06-30,2021-10-21,800000.0,8751800000.0,,3744100000.0,5007700000.0,,16.711,-29000000.0,35600000.0,35600000.0,4111400000.0,72700000.0,1.122,1.376,1493500000.0,40700000.0,1452800000.0,1493500000.0,0.0,20600000.0,0.0,0.0,0.0,180100000.0,200700000.0,0.041,200700000.0,180100000.0,118800000.0,0.33,0.32,0.33,3683100000.0,,3683100000.0,4875438595.0,6.0,5.752,40700000.0,0.185,1.0,781300000.0,0.16,3010900000.0,61300000.0,3862600000.0,,2795700000.0,0.0,0.0,0.0,5068700000.0,3336200000.0,1732500000.0,4608438595.0,-221400000.0,13700000.0,-1199300000.0,932400000.0,0.0,-276000000.0,-15100000.0,1200000.0,69700000.0,0.0,72700000.0,72700000.0,72700000.0,1200000.0,0.0,0.015,568400000.0,212900000.0,2739800000.0,0.0,1.251,12.643,14.889,1824200000.0,0.0,21.44,0.25,0.257,734900000.0,2832400000.0,4892700000.0,4892700000.0,0.0,,,,,4200000.0,548400000.0,1.0,214945830.0,220400000.0,225200000.0,22.199,5740900000.0,0.0,46100000.0,200300000.0,26.048,407900000.0
62,AN,MRQ,2006-03-31,2006-03-31,2006-03-31,2021-10-21,100000.0,8810900000.0,,3824900000.0,4986000000.0,,18.258,-19300000.0,256600000.0,256600000.0,3816800000.0,87200000.0,1.175,0.836,523600000.0,40500000.0,483100000.0,523600000.0,0.0,19400000.0,0.0,0.0,0.0,194900000.0,214300000.0,0.047,214300000.0,194900000.0,151700000.0,0.33,0.33,0.33,4798300000.0,,4798300000.0,5938557461.0,7.0,6.142,64100000.0,0.244,1.0,754300000.0,0.165,3012300000.0,43200000.0,2810500000.0,,2673600000.0,0.0,0.0,0.0,4012600000.0,3255100000.0,757500000.0,5657357461.0,12200000.0,-64800000.0,32300000.0,-25100000.0,0.0,12200000.0,-83400000.0,1400000.0,83400000.0,0.0,87200000.0,87200000.0,87200000.0,10800000.0,0.0,0.019,552100000.0,202200000.0,2622400000.0,0.0,1.179,11.626,11.649,1816100000.0,0.0,21.55,0.306,0.307,684400000.0,2759700000.0,4571100000.0,4571100000.0,0.0,,,,,4500000.0,532700000.0,1.0,262522388.0,262800000.0,267400000.0,17.394,5798600000.0,0.0,64500000.0,197900000.0,22.065,569800000.0
63,AN,MRQ,2005-12-31,2005-12-31,2005-12-31,2021-10-21,1800000.0,8824500000.0,,3940100000.0,4884400000.0,,17.939,-70800000.0,245700000.0,245700000.0,3244600000.0,75300000.0,1.155,0.89,525000000.0,40600000.0,484400000.0,525000000.0,0.0,18200000.0,0.0,0.0,0.0,165900000.0,184100000.0,0.048,184100000.0,165900000.0,125100000.0,0.29,0.28,0.29,4669500000.0,,4669500000.0,6099313296.0,7.0,6.322,84300000.0,0.324,1.0,629100000.0,0.162,2944600000.0,40800000.0,2747000000.0,,2584600000.0,0.0,0.0,0.0,4155000000.0,3412200000.0,742800000.0,5701713296.0,-35100000.0,5100000.0,-13800000.0,-136600000.0,0.0,-151500000.0,-38700000.0,5700000.0,155100000.0,0.0,75300000.0,75300000.0,75300000.0,800000.0,0.0,0.019,462800000.0,166300000.0,2654800000.0,0.0,1.221,11.484,11.497,1785900000.0,0.0,21.73,0.311,0.312,775000000.0,2672500000.0,3873700000.0,3873700000.0,0.0,,,,,0.0,445200000.0,1.0,262389015.0,260300000.0,264700000.0,14.882,5879900000.0,0.0,49800000.0,186200000.0,22.589,527900000.0
64,AN,MRQ,2005-09-30,2005-09-30,2005-09-30,2021-10-21,1500000.0,8265100000.0,,3310300000.0,4954800000.0,,17.581,-7500000.0,277500000.0,277500000.0,4282000000.0,129300000.0,1.218,0.797,675100000.0,13700000.0,661400000.0,675100000.0,0.0,18900000.0,0.0,0.0,0.0,229600000.0,248500000.0,0.049,248500000.0,229600000.0,189600000.0,0.49,0.48,0.49,4599300000.0,,4599300000.0,5848374169.0,6.0,5.658,237900000.0,0.909,1.0,789000000.0,0.156,2961000000.0,40000000.0,2983300000.0,,2203500000.0,0.0,0.0,0.0,3665800000.0,2718400000.0,947400000.0,5218874169.0,229800000.0,8400000.0,-14600000.0,-11900000.0,0.0,-28400000.0,12800000.0,-3100000.0,245400000.0,0.0,129300000.0,129300000.0,129300000.0,-8700000.0,0.0,0.025,569700000.0,219300000.0,2154500000.0,0.0,1.135,8.953,9.036,1819200000.0,0.0,19.97,0.281,0.281,654000000.0,2597200000.0,5071000000.0,5071000000.0,0.0,,,,,0.0,549300000.0,1.0,261335712.0,261600000.0,267200000.0,19.385,5304100000.0,0.0,60300000.0,209700000.0,20.276,591900000.0
65,AN,MRQ,2005-06-30,2005-06-30,2005-06-30,2021-10-21,800000.0,8599000000.0,,3645500000.0,4953500000.0,,17.066,-34400000.0,47800000.0,47800000.0,4171700000.0,194800000.0,1.141,0.921,677300000.0,14500000.0,662800000.0,677300000.0,0.0,20000000.0,0.0,0.0,0.0,300000000.0,320000000.0,0.065,320000000.0,300000000.0,256500000.0,0.74,0.73,0.74,4476500000.0,,4476500000.0,6047979538.0,7.0,6.074,43400000.0,0.165,1.0,772300000.0,0.156,2954000000.0,43500000.0,3079700000.0,,2623600000.0,0.0,0.0,0.0,4122500000.0,3194800000.0,927700000.0,5390279538.0,18000000.0,14100000.0,-48000000.0,0.0,0.0,-45600000.0,-14200000.0,-13800000.0,77800000.0,0.0,194800000.0,194800000.0,194800000.0,-87900000.0,0.0,0.039,561800000.0,210500000.0,2630900000.0,0.0,1.204,9.872,9.913,1830100000.0,0.0,20.52,0.292,0.291,775100000.0,2467800000.0,4944000000.0,4944000000.0,0.0,,,,,0.0,542400000.0,1.0,262684188.0,262300000.0,267800000.0,18.849,5645000000.0,0.0,61700000.0,193700000.0,21.521,450700000.0
66,AN,MRQ,2005-03-31,2005-03-31,2005-03-31,2021-10-21,1200000.0,8741000000.0,,3751300000.0,4989700000.0,,16.342,-17300000.0,28700000.0,28700000.0,3765800000.0,97000000.0,1.071,1.022,686400000.0,14300000.0,672100000.0,686400000.0,0.0,19800000.0,0.0,0.0,0.0,193500000.0,213300000.0,0.047,213300000.0,193500000.0,151200000.0,0.37,0.36,0.37,4322400000.0,,4322400000.0,5737251563.0,7.0,6.477,84000000.0,0.318,1.0,739100000.0,0.164,2967800000.0,42300000.0,2928700000.0,,2856500000.0,0.0,0.0,0.0,4418600000.0,3502200000.0,916400000.0,5031851563.0,-78100000.0,11500000.0,-47900000.0,-129600000.0,0.0,-177700000.0,-1700000.0,700000.0,101300000.0,0.0,97000000.0,97000000.0,97000000.0,-7700000.0,0.0,0.022,539400000.0,199700000.0,2837700000.0,0.0,1.164,11.351,11.341,1819000000.0,0.0,18.94,0.274,0.273,711800000.0,2273000000.0,4504900000.0,4504900000.0,0.0,,,,,0.0,519500000.0,1.0,265673261.0,264500000.0,270300000.0,17.032,5773200000.0,0.0,54200000.0,175000000.0,21.827,249100000.0
67,AN,MRQ,2004-12-31,2004-12-31,2004-12-31,2021-10-21,-1500000.0,8698900000.0,,3748400000.0,4950500000.0,,16.111,-50000000.0,108200000.0,108200000.0,3436400000.0,161800000.0,1.099,1.041,812600000.0,14900000.0,797700000.0,812600000.0,0.0,21400000.0,0.0,0.0,0.0,230400000.0,251800000.0,0.062,251800000.0,230400000.0,193900000.0,0.61,0.6,0.61,4263100000.0,,4263100000.0,5809038340.0,7.0,6.66,199700000.0,0.755,1.0,646500000.0,0.158,2946700000.0,36500000.0,3045600000.0,,2576000000.0,0.0,0.0,0.0,4435800000.0,3411000000.0,1024800000.0,5082438340.0,13200000.0,-28300000.0,-19900000.0,-148800000.0,0.0,-169500000.0,-67600000.0,400000.0,249700000.0,0.0,161800000.0,161800000.0,161800000.0,-49900000.0,0.0,0.04,466000000.0,180500000.0,2634900000.0,0.0,1.192,11.721,11.785,1796200000.0,0.0,19.21,0.276,0.278,760000000.0,2176000000.0,4082900000.0,4082900000.0,0.0,,,,,0.0,440800000.0,1.0,264572532.0,264600000.0,270400000.0,15.43,5752200000.0,0.0,32100000.0,156800000.0,21.739,337400000.0
68,AN,MRQ,2004-09-30,2004-09-30,2004-09-30,2021-10-21,-3700000.0,8594000000.0,,3575700000.0,5018300000.0,,15.486,-26700000.0,90800000.0,90800000.0,4201100000.0,92400000.0,1.044,1.089,817400000.0,14700000.0,802700000.0,817400000.0,0.0,19800000.0,0.0,0.0,0.0,190800000.0,210600000.0,0.043,210600000.0,190800000.0,152100000.0,0.35,0.34,0.35,4113000000.0,,4113000000.0,8492367796.0,12.0,10.858,84400000.0,0.318,1.0,747600000.0,0.151,3003600000.0,38700000.0,2892700000.0,,2647100000.0,0.0,0.0,0.0,4481000000.0,3424300000.0,1056700000.0,4553567796.0,32500000.0,1100000.0,-64700000.0,-2500000.0,0.0,-67200000.0,-11200000.0,4400000.0,111100000.0,0.0,92400000.0,92400000.0,92400000.0,3300000.0,0.0,0.019,552400000.0,195200000.0,2622600000.0,0.0,1.107,12.977,13.138,1803200000.0,0.0,17.08,0.25,0.249,694700000.0,2014200000.0,4948700000.0,4948700000.0,0.0,,,,,0.0,531600000.0,1.0,266602330.0,265600000.0,270600000.0,18.632,5590400000.0,0.0,59700000.0,175000000.0,21.048,151400000.0
69,AN,MRQ,2004-06-30,2004-06-30,2004-06-30,2021-10-21,-1200000.0,9318900000.0,,4273900000.0,5045000000.0,,15.281,-32000000.0,56800000.0,56800000.0,4088000000.0,92100000.0,1.017,1.282,3995600000.0,3188900000.0,806700000.0,3995600000.0,0.0,19300000.0,0.0,0.0,0.0,190800000.0,210100000.0,0.043,210100000.0,190800000.0,150800000.0,0.34,0.34,0.34,4083000000.0,,4083000000.0,8329715697.0,12.0,10.479,77000000.0,0.288,1.0,748500000.0,0.155,3010300000.0,40000000.0,6044300000.0,,3357600000.0,0.0,0.0,0.0,5235900000.0,4203100000.0,1032800000.0,4572015697.0,25000000.0,-63400000.0,-12600000.0,-2200000.0,0.0,-14800000.0,-69000000.0,0.0,109000000.0,0.0,92100000.0,92100000.0,92100000.0,4400000.0,0.0,0.019,553000000.0,195500000.0,165900000.0,0.0,1.12,12.448,12.667,1809300000.0,0.0,17.1,0.248,0.248,726200000.0,1921800000.0,4836500000.0,4836500000.0,0.0,,,,,0.0,534900000.0,1.0,267369339.0,267200000.0,273200000.0,18.101,6308600000.0,0.0,58700000.0,148800000.0,23.61,70800000.0
70,AN,MRQ,2004-03-31,2004-03-31,2004-03-31,2021-10-21,-6800000.0,9027600000.0,,4035800000.0,4991800000.0,,14.818,-20900000.0,31100000.0,31100000.0,3870700000.0,87300000.0,1.007,1.262,3788800000.0,2981100000.0,807700000.0,3788800000.0,0.0,18700000.0,0.0,0.0,0.0,181300000.0,200000000.0,0.043,200000000.0,181300000.0,145100000.0,0.32,0.32,0.32,3990400000.0,,3990400000.0,8046784734.0,11.0,9.873,71300000.0,0.265,1.0,735200000.0,0.16,2956500000.0,36200000.0,5820700000.0,,3140800000.0,0.0,0.0,0.0,5037200000.0,4008100000.0,1029100000.0,4583384734.0,-139200000.0,-87900000.0,-45400000.0,-3600000.0,0.0,-49000000.0,-182200000.0,0.0,92200000.0,0.0,87300000.0,87300000.0,87300000.0,1200000.0,0.0,0.019,552900000.0,182300000.0,174700000.0,0.0,1.149,12.014,12.266,1793100000.0,0.0,17.05,0.247,0.247,736800000.0,1829700000.0,4605900000.0,4605900000.0,0.0,,,,,0.0,532400000.0,1.0,268820219.0,269300000.0,275700000.0,17.103,6071100000.0,0.0,57800000.0,140700000.0,22.544,27700000.0
71,AN,MRQ,2003-12-31,2003-12-31,2003-12-31,2021-10-21,-3200000.0,8823100000.0,,4038100000.0,4785000000.0,,14.457,-45700000.0,173400000.0,173400000.0,3237700000.0,79100000.0,1.06,1.234,824400000.0,15900000.0,808500000.0,824400000.0,0.0,15500000.0,0.0,0.0,0.0,145900000.0,161400000.0,0.042,161400000.0,145900000.0,116000000.0,0.29,0.28,0.29,3949700000.0,,3949700000.0,7992521008.0,11.0,10.274,305000000.0,1.116,1.0,592500000.0,0.155,2877400000.0,29900000.0,2787400000.0,,2849200000.0,0.0,0.0,0.0,4873400000.0,3809300000.0,1064100000.0,5053121008.0,134100000.0,15500000.0,-93800000.0,-37000000.0,0.0,-129200000.0,-88900000.0,-108700000.0,350700000.0,0.0,79100000.0,79100000.0,79100000.0,11100000.0,0.0,0.021,448000000.0,144500000.0,2915800000.0,0.0,1.279,10.545,10.743,1666400000.0,0.0,18.37,0.276,0.281,754800000.0,1742400000.0,3830200000.0,3830200000.0,0.0,,,,,0.0,425800000.0,1.0,275074633.0,273200000.0,282200000.0,14.02,5945700000.0,0.0,36900000.0,176600000.0,21.763,228800000.0
72,AN,MRQ,2003-09-30,2003-09-30,2003-09-30,2021-10-21,-4800000.0,8223000000.0,,3271200000.0,4951800000.0,,14.374,-30500000.0,33700000.0,33700000.0,4359300000.0,108800000.0,1.11,1.077,2973100000.0,2247400000.0,725700000.0,2973100000.0,0.0,17400000.0,0.0,0.0,0.0,206000000.0,223400000.0,0.043,223400000.0,206000000.0,172300000.0,0.4,0.38,0.4,3958700000.0,,3958700000.0,7933070651.0,11.0,10.042,-224800000.0,-0.816,1.0,783300000.0,0.152,2988100000.0,33700000.0,5226600000.0,,2373900000.0,0.0,0.0,0.0,4264300000.0,2947700000.0,1316600000.0,4824370651.0,-201800000.0,-3000000.0,-48600000.0,-3100000.0,0.0,-51700000.0,44700000.0,54800000.0,-194300000.0,0.0,108800000.0,108800000.0,108800000.0,700000.0,0.0,0.021,576100000.0,207200000.0,165700000.0,0.0,1.219,10.061,10.44,1709000000.0,0.0,17.54,0.263,0.264,750300000.0,1663300000.0,5142600000.0,5142600000.0,0.0,,,,,0.0,558700000.0,1.0,275049638.0,275400000.0,286600000.0,18.673,5234900000.0,0.0,63500000.0,503200000.0,19.008,323500000.0
73,AN,MRQ,2003-06-30,2003-06-30,2003-06-30,2021-10-21,-2400000.0,8931300000.0,,4028300000.0,4903000000.0,,13.917,-21100000.0,235400000.0,235400000.0,4206700000.0,106300000.0,1.083,1.299,3344100000.0,2614300000.0,729800000.0,3344100000.0,0.0,17200000.0,0.0,0.0,0.0,213000000.0,230200000.0,0.046,230200000.0,213000000.0,173000000.0,0.38,0.37,0.38,3885500000.0,,3885500000.0,7512161562.0,10.0,9.515,117300000.0,0.42,1.0,768700000.0,0.155,2985300000.0,40000000.0,5334200000.0,,2809300000.0,0.0,0.0,0.0,5045800000.0,3720500000.0,1325300000.0,4422661562.0,50200000.0,10800000.0,-123000000.0,28700000.0,0.0,-96400000.0,8800000.0,12900000.0,138400000.0,0.0,106300000.0,106300000.0,106300000.0,300000.0,0.0,0.021,561600000.0,207100000.0,174800000.0,0.0,1.138,9.264,9.704,1704400000.0,0.0,15.72,0.241,0.239,844900000.0,1554500000.0,4975400000.0,4975400000.0,0.0,,,,,0.0,545300000.0,1.0,281339794.0,279200000.0,285200000.0,17.82,5946000000.0,0.0,66700000.0,868700000.0,21.297,307800000.0
74,AN,MRQ,2003-03-31,2003-03-31,2003-03-31,2021-10-21,2100000.0,8818400000.0,,3849000000.0,4969400000.0,,13.435,-23600000.0,185700000.0,185700000.0,3751200000.0,185000000.0,1.057,1.26,3275200000.0,2577100000.0,698100000.0,3275200000.0,0.0,17500000.0,0.0,0.0,0.0,145500000.0,163000000.0,0.037,163000000.0,145500000.0,110400000.0,0.64,0.63,0.64,3901400000.0,,3901400000.0,6473610928.0,9.0,8.346,162900000.0,0.561,1.0,708100000.0,0.159,2987300000.0,35100000.0,5279700000.0,,2803500000.0,0.0,0.0,0.0,4917000000.0,3640900000.0,1276100000.0,3696010928.0,9500000.0,-33800000.0,-191700000.0,60500000.0,0.0,-138400000.0,-38200000.0,14100000.0,186500000.0,0.0,185000000.0,185000000.0,185000000.0,12300000.0,0.0,0.041,537900000.0,170200000.0,159700000.0,0.0,0.947,7.783,8.173,1703700000.0,0.0,12.75,0.201,0.201,715400000.0,1448200000.0,4459300000.0,4459300000.0,0.0,,,,,0.0,523000000.0,1.0,289883210.0,290400000.0,294200000.0,15.356,5831100000.0,0.0,-74600000.0,835900000.0,20.08,208100000.0
75,AN,MRQ,2002-12-31,2002-12-31,2002-12-31,2021-10-21,4200000.0,8502700000.0,,3629100000.0,4873600000.0,,12.72,-43700000.0,176200000.0,176200000.0,3122800000.0,79400000.0,1.218,1.174,2953800000.0,2311100000.0,642700000.0,2953800000.0,0.0,15400000.0,0.0,0.0,0.0,158000000.0,173400000.0,0.046,173400000.0,158000000.0,127700000.0,0.26,0.26,0.26,3910200000.0,,3910200000.0,6224114711.0,8.0,7.71,249300000.0,0.811,1.0,618700000.0,0.165,2893700000.0,30300000.0,5405900000.0,,2598400000.0,0.0,0.0,0.0,4592500000.0,2980700000.0,1611800000.0,3928814711.0,5300000.0,-2300000.0,-187800000.0,4200000.0,0.0,-195600000.0,-86600000.0,-300000.0,293000000.0,0.0,79400000.0,79400000.0,79400000.0,-1500000.0,0.0,0.021,473800000.0,144900000.0,163300000.0,0.0,1.005,10.296,10.467,1678400000.0,0.0,12.56,0.21,0.213,759800000.0,1263200000.0,3741500000.0,3741500000.0,0.0,,,,,0.0,460000000.0,1.0,312803719.0,307400000.0,309500000.0,12.171,5609000000.0,0.0,48300000.0,865300000.0,18.247,648400000.0
76,AN,MRQ,2002-09-30,2002-09-30,2002-09-30,2021-10-21,5600000.0,8199300000.0,,3245200000.0,4954100000.0,,12.654,-39700000.0,169700000.0,169700000.0,4411000000.0,106700000.0,1.302,1.04,2465000000.0,1827100000.0,637900000.0,2465000000.0,0.0,18500000.0,0.0,0.0,0.0,204400000.0,222900000.0,0.043,222900000.0,204400000.0,172800000.0,0.34,0.33,0.34,4020100000.0,,4020100000.0,6357999730.0,9.0,7.621,114400000.0,0.36,1.0,782700000.0,0.151,2980300000.0,31600000.0,5022300000.0,,2251700000.0,0.0,0.0,0.0,4179200000.0,2492000000.0,1687200000.0,3666499730.0,69500000.0,-32600000.0,-47000000.0,-2600000.0,0.0,-49500000.0,-34400000.0,108100000.0,154100000.0,0.0,106700000.0,106700000.0,106700000.0,0.0,0.0,0.021,581200000.0,201500000.0,147900000.0,0.0,0.912,11.862,11.755,1633700000.0,0.0,11.52,0.182,0.182,723800000.0,1183800000.0,5193700000.0,5193700000.0,0.0,,,,,0.0,568700000.0,1.0,318272546.0,317700000.0,321900000.0,16.348,5219000000.0,0.0,66100000.0,933900000.0,16.427,753200000.0
77,AN,MRQ,2002-06-30,2002-06-30,2002-06-30,2021-10-21,4400000.0,8503500000.0,,3500300000.0,5003200000.0,,12.352,-21300000.0,100200000.0,100200000.0,4246500000.0,103800000.0,1.24,1.148,2791700000.0,2151100000.0,640600000.0,2791700000.0,0.0,17700000.0,0.0,0.0,0.0,198700000.0,216400000.0,0.043,216400000.0,198700000.0,168100000.0,0.32,0.32,0.32,3958900000.0,,3958900000.0,7241117314.0,11.0,9.156,23600000.0,0.074,1.0,769100000.0,0.153,2954000000.0,30600000.0,5417500000.0,,2507300000.0,0.0,0.0,0.0,4544600000.0,2823500000.0,1721100000.0,4662117314.0,-5300000.0,-3900000.0,-60700000.0,-2600000.0,0.0,-63100000.0,13900000.0,37300000.0,44900000.0,0.0,103800000.0,103800000.0,103800000.0,0.0,0.0,0.021,572500000.0,196600000.0,152400000.0,0.0,1.178,16.556,16.477,1612800000.0,0.0,14.5,0.234,0.233,795100000.0,1077100000.0,5015600000.0,5015600000.0,0.0,,,,,0.0,555600000.0,1.0,321525332.0,320500000.0,328800000.0,15.649,5549500000.0,0.0,64300000.0,920300000.0,17.315,676800000.0
78,AN,MRQ,2002-03-31,2002-03-31,2002-03-31,2021-10-21,700000.0,8345600000.0,,3321200000.0,5024400000.0,,12.144,-28400000.0,105500000.0,105500000.0,4010800000.0,91700000.0,1.194,1.138,2684500000.0,2040200000.0,644300000.0,2684500000.0,0.0,16300000.0,0.0,0.0,0.0,178400000.0,194700000.0,0.041,194700000.0,178400000.0,148500000.0,0.29,0.28,0.29,3903000000.0,,3903000000.0,6918171582.0,11.0,9.089,107100000.0,0.333,1.0,739900000.0,0.156,2949800000.0,29900000.0,5192900000.0,,2363100000.0,0.0,0.0,0.0,4442600000.0,2781900000.0,1660700000.0,4490371582.0,-22600000.0,-127700000.0,-15700000.0,-3000000.0,0.0,-18800000.0,-138100000.0,14800000.0,135500000.0,0.0,91700000.0,91700000.0,91700000.0,0.0,0.0,0.019,564600000.0,175300000.0,162400000.0,0.0,1.15,17.003,17.049,1606300000.0,0.0,13.98,0.226,0.226,808300000.0,973300000.0,4750700000.0,4750700000.0,0.0,,,,,0.0,548100000.0,1.0,321199684.0,321400000.0,325900000.0,14.781,5395800000.0,0.0,56800000.0,855600000.0,16.788,539300000.0
79,AN,MRQ,2001-12-31,2001-12-31,2001-12-31,2021-10-21,1600000.0,8065400000.0,,3152500000.0,4912900000.0,,11.811,-63900000.0,128100000.0,128100000.0,4292700000.0,6900000.0,1.223,1.107,2555900000.0,1908600000.0,647300000.0,2555900000.0,0.0,41100000.0,0.0,0.0,0.0,159200000.0,200300000.0,0.039,200300000.0,159200000.0,19400000.0,0.03,0.02,0.03,3827900000.0,,3827900000.0,6458546846.0,12.0,9.091,74900000.0,0.231,1.0,853200000.0,0.166,2865200000.0,139800000.0,5049900000.0,,2178500000.0,0.0,0.0,0.0,4237500000.0,2578100000.0,1659400000.0,4006846846.0,39000000.0,-6600000.0,-63000000.0,30500000.0,0.0,-32600000.0,-67200000.0,-12700000.0,138800000.0,0.0,6900000.0,6900000.0,6900000.0,12700000.0,0.0,0.001,662800000.0,190400000.0,149700000.0,0.0,1.047,17.249,17.614,1583300000.0,0.0,12.33,0.2,0.206,802200000.0,881600000.0,5145900000.0,5145900000.0,0.0,,,,,0.0,557800000.0,1.0,324967303.0,324100000.0,326200000.0,15.878,5200200000.0,0.0,12500000.0,853800000.0,16.045,574400000.0
80,AN,MRQ,2001-09-30,2001-09-30,2001-09-30,2021-10-21,2000000.0,8153100000.0,,3382700000.0,4770400000.0,,11.71,-31500000.0,89100000.0,89100000.0,4279000000.0,79200000.0,1.28,1.102,2540800000.0,1929500000.0,611300000.0,2540800000.0,0.0,38400000.0,0.0,0.0,0.0,141100000.0,179500000.0,0.036,179500000.0,141100000.0,129900000.0,0.24,0.24,0.24,3878500000.0,,3878500000.0,5705023010.0,10.0,7.879,181400000.0,0.548,1.0,731800000.0,0.146,2881100000.0,11200000.0,5080700000.0,,2248800000.0,226800000.0,0.0,226800000.0,4274600000.0,2643000000.0,1631600000.0,2922923010.0,60600000.0,-52200000.0,-55900000.0,-82400000.0,0.0,-138300000.0,-14000000.0,-89600000.0,212900000.0,0.0,79200000.0,79200000.0,79200000.0,0.0,0.0,0.016,591900000.0,139900000.0,141200000.0,0.0,0.754,9.772,10.103,1545300000.0,0.0,8.79,0.15,0.149,980200000.0,874700000.0,5010800000.0,5010800000.0,0.0,,,,,0.0,554800000.0,1.0,332528215.0,331200000.0,333400000.0,15.129,5272000000.0,0.0,50700000.0,890900000.0,15.918,739700000.0
81,AN,MRQ,2001-06-30,2001-06-30,2001-06-30,2021-10-21,200000.0,8345800000.0,,3775100000.0,4570700000.0,,11.528,-16300000.0,26100000.0,26100000.0,4221900000.0,86300000.0,1.364,1.163,2808200000.0,2117500000.0,690700000.0,2808200000.0,0.0,36800000.0,0.0,0.0,0.0,149900000.0,186700000.0,0.038,186700000.0,149900000.0,141500000.0,0.26,0.26,0.26,3858500000.0,,3858500000.0,6938036847.0,11.0,8.78,37500000.0,0.112,1.0,723100000.0,0.146,2866900000.0,8400000.0,5492400000.0,,2439300000.0,31600000.0,0.0,31600000.0,4487300000.0,2768600000.0,1718700000.0,3894236847.0,-56900000.0,49800000.0,-30600000.0,-131500000.0,0.0,-162100000.0,51400000.0,22600000.0,53800000.0,0.0,86300000.0,86300000.0,86300000.0,0.0,0.0,0.017,594400000.0,128700000.0,141700000.0,0.0,1.009,12.442,13.034,1523700000.0,0.0,11.6,0.196,0.195,1071400000.0,795500000.0,4945000000.0,4945000000.0,0.0,,,,,0.0,544500000.0,1.0,335710073.0,334700000.0,337000000.0,14.774,5478900000.0,0.0,55200000.0,885000000.0,16.37,1006500000.0
82,AN,MRQ,2001-03-31,2001-03-31,2001-03-31,2021-10-21,400000.0,8680200000.0,,4055600000.0,4624600000.0,,11.063,-18400000.0,83000000.0,83000000.0,4195100000.0,59900000.0,1.337,1.282,3126800000.0,2301500000.0,825300000.0,3126800000.0,0.0,35600000.0,0.0,0.0,0.0,108300000.0,143900000.0,0.029,143900000.0,108300000.0,97300000.0,0.17,0.17,0.17,3803400000.0,,3803400000.0,6226022874.0,9.0,7.264,116200000.0,0.338,1.0,692500000.0,0.142,2902500000.0,11000000.0,5787300000.0,,2597400000.0,32900000.0,0.0,32900000.0,4876800000.0,3034200000.0,1842600000.0,3034322874.0,800000.0,-21800000.0,-98200000.0,-21900000.0,0.0,-120100000.0,-13700000.0,7000000.0,134600000.0,0.0,59900000.0,59900000.0,59900000.0,0.0,0.0,0.012,585500000.0,107000000.0,139500000.0,0.0,0.798,9.265,9.89,1548800000.0,0.0,9.0,0.15,0.153,1146200000.0,709200000.0,4887600000.0,4887600000.0,0.0,,,,,0.0,550100000.0,1.0,337146986.0,343800000.0,344300000.0,14.216,5777700000.0,0.0,37400000.0,887000000.0,16.805,1021400000.0
83,AN,MRQ,2000-12-31,2000-12-31,2000-12-31,2021-10-21,1000000.0,8867300000.0,,3879400000.0,4987900000.0,,10.806,-113800000.0,84600000.0,84600000.0,3984000000.0,73700000.0,1.22,1.308,3311200000.0,2460800000.0,850400000.0,3311200000.0,0.0,32700000.0,0.0,0.0,0.0,181300000.0,214000000.0,0.046,214000000.0,181300000.0,118000000.0,0.2,0.2,0.2,3842500000.0,,3842500000.0,4945055316.0,6.0,5.453,-13300000.0,-0.037,1.0,707200000.0,0.151,2920200000.0,63300000.0,5995100000.0,,2774400000.0,0.0,0.0,0.0,5024800000.0,3178600000.0,1846200000.0,2147255316.0,-51200000.0,30700000.0,-76900000.0,-82200000.0,0.0,-160300000.0,12200000.0,33300000.0,100500000.0,0.0,73700000.0,73700000.0,73700000.0,-11300000.0,0.0,0.016,547800000.0,159400000.0,143200000.0,0.0,0.559,6.509,6.593,1528600000.0,0.0,6.0,0.104,0.105,957900000.0,649300000.0,4691200000.0,4691200000.0,0.0,,,,,0.0,527300000.0,1.0,357875886.0,355600000.0,355400000.0,13.192,5947100000.0,0.0,44300000.0,877200000.0,16.724,700800000.0
84,AN,MRQ,2000-09-30,2000-09-30,2000-09-30,2021-10-21,7900000.0,8509200000.0,,3827900000.0,4681300000.0,,10.673,12000000.0,133500000.0,133500000.0,4560700000.0,93100000.0,1.382,1.207,2931300000.0,2004600000.0,926700000.0,2931300000.0,0.0,35000000.0,0.0,0.0,0.0,210600000.0,245600000.0,0.046,245600000.0,210600000.0,149000000.0,0.26,0.26,0.26,3856000000.0,,3856000000.0,5377050974.0,-300.0,45.453,252800000.0,0.7,1.0,777400000.0,0.146,2939900000.0,61600000.0,5597200000.0,,2403300000.0,81800000.0,0.0,81800000.0,4653200000.0,2769900000.0,1883300000.0,2166850974.0,-21200000.0,-700000.0,-3800000.0,-359400000.0,0.0,-362700000.0,97100000.0,102700000.0,240800000.0,0.0,93100000.0,93100000.0,93100000.0,0.0,0.0,0.017,580100000.0,197300000.0,136000000.0,0.0,0.562,-14.751,-33.333,1485000000.0,0.0,6.0,0.104,0.104,1102300000.0,579200000.0,5338100000.0,5338100000.0,0.0,,,,,0.0,547300000.0,1.0,361141829.0,361300000.0,361300000.0,14.775,5569300000.0,0.0,55900000.0,845100000.0,15.415,1058000000.0
85,AN,MRQ,2000-06-30,2000-06-30,2000-06-30,2021-10-21,10600000.0,8916300000.0,,4318800000.0,4597500000.0,,10.426,12300000.0,154800000.0,154800000.0,4555500000.0,100800000.0,1.333,1.368,3365000000.0,2380100000.0,984900000.0,3365000000.0,0.0,33000000.0,0.0,0.0,0.0,220600000.0,253600000.0,0.047,253600000.0,220600000.0,158700000.0,0.28,0.28,0.28,3764800000.0,,3764800000.0,5421390777.0,-144.0,56.709,-66800000.0,-0.185,1.0,784000000.0,0.147,2923500000.0,61900000.0,5963200000.0,,2799100000.0,99900000.0,0.0,99900000.0,5151500000.0,3239800000.0,1911700000.0,2550690777.0,-92800000.0,-55500000.0,0.0,52900000.0,0.0,51700000.0,2500000.0,71500000.0,-79100000.0,0.0,100800000.0,100800000.0,100800000.0,-4200000.0,0.0,0.019,580100000.0,203900000.0,138800000.0,0.0,0.678,-18.852,-37.174,1404700000.0,0.0,7.063,0.121,0.121,1191700000.0,482600000.0,5339500000.0,5339500000.0,0.0,,,,,0.0,547100000.0,1.0,361134189.0,361100000.0,361300000.0,14.787,5992800000.0,0.0,57900000.0,819600000.0,16.596,1079000000.0
86,AN,MRQ,2000-03-31,2000-03-31,2000-03-31,2021-10-21,2700000.0,9727900000.0,,4265200000.0,5462700000.0,,12.389,5600000.0,413400000.0,413400000.0,4478100000.0,62300000.0,1.362,1.138,3284100000.0,2252500000.0,1031600000.0,3284100000.0,0.0,33100000.0,0.0,0.0,0.0,160600000.0,193700000.0,0.037,193700000.0,160600000.0,101100000.0,0.17,0.17,0.17,4550400000.0,,4550400000.0,5582104606.0,18.0,12.768,174800000.0,0.476,1.0,752100000.0,0.144,2897500000.0,59500000.0,6569000000.0,,2658800000.0,157800000.0,0.0,157800000.0,5177500000.0,3132100000.0,2045400000.0,2866604606.0,11600000.0,-109100000.0,-106900000.0,189800000.0,0.0,84800000.0,-83300000.0,41400000.0,169200000.0,0.0,62300000.0,62300000.0,62300000.0,2400000.0,0.0,0.012,589100000.0,163000000.0,150300000.0,0.0,0.63,10.813,12.027,1339400000.0,0.0,7.938,0.138,0.14,1118500000.0,1276100000.0,5230200000.0,5230200000.0,0.0,,,,,0.0,556000000.0,1.0,361124289.0,367300000.0,367500000.0,14.24,6830400000.0,0.0,38800000.0,806300000.0,18.596,1133100000.0
87,AN,MRQ,1999-12-31,1999-12-31,1999-12-31,2021-10-21,6600000.0,9583100000.0,,4270500000.0,5312600000.0,,11.657,-45000000.0,218600000.0,218600000.0,4433500000.0,-403100000.0,1.363,1.083,3054400000.0,2218300000.0,836100000.0,3054400000.0,0.0,35100000.0,0.0,0.0,0.0,-609700000.0,-574600000.0,-0.115,-574600000.0,-609700000.0,-538700000.0,-0.89,-0.87,-0.89,4601200000.0,,4601200000.0,5433682783.0,17.0,12.216,78500000.0,0.199,1.0,573500000.0,0.115,2831000000.0,-71000000.0,6453700000.0,,2706800000.0,175800000.0,0.0,175800000.0,4981900000.0,3134200000.0,1847700000.0,3726782783.0,-56800000.0,-189200000.0,-298500000.0,360100000.0,0.0,62000000.0,-165400000.0,35800000.0,123500000.0,0.0,-403100000.0,-403100000.0,-403100000.0,468500000.0,0.0,-0.081,1062100000.0,-488600000.0,163100000.0,0.0,0.81,13.173,14.015,1360400000.0,0.0,9.25,0.185,0.198,1179500000.0,1213800000.0,5007000000.0,5007000000.0,0.0,,,,,0.0,623400000.0,1.0,402895436.0,394700000.0,371900000.0,12.686,6752100000.0,0.0,-135600000.0,804800000.0,17.107,1136300000.0
88,AN,MRQ,1999-09-30,1999-09-30,1999-09-30,2021-10-21,-3300000.0,9504600000.0,,3981500000.0,5523100000.0,,12.457,-26100000.0,398900000.0,398900000.0,4656600000.0,104700000.0,1.455,0.798,2105800000.0,1743300000.0,362500000.0,2105800000.0,0.0,32000000.0,0.0,0.0,0.0,190900000.0,222900000.0,0.041,222900000.0,190900000.0,156800000.0,0.25,0.24,0.25,5286700000.0,,5286700000.0,7012982975.0,6.0,5.618,319100000.0,0.752,1.0,803100000.0,0.147,2842300000.0,34100000.0,5633400000.0,,2221000000.0,185400000.0,0.0,185400000.0,4217900000.0,2735800000.0,1482100000.0,5857482975.0,-290200000.0,-125100000.0,-540900000.0,92100000.0,0.0,-423000000.0,-214100000.0,12500000.0,345200000.0,0.0,104700000.0,104700000.0,104700000.0,-12100000.0,0.0,0.019,632900000.0,170200000.0,162200000.0,0.0,1.108,7.31,6.906,1694700000.0,0.0,12.5,0.313,0.283,1263100000.0,1616900000.0,5459700000.0,5459700000.0,0.0,,,,,0.0,600900000.0,1.0,468598638.0,424400000.0,429700000.0,12.865,6662300000.0,0.0,52100000.0,913500000.0,15.698,1245700000.0
89,AN,MRQ,1999-06-30,1999-06-30,1999-06-30,2021-10-21,31300000.0,9409300000.0,,4142400000.0,5266900000.0,,12.912,-25200000.0,640100000.0,640100000.0,4362800000.0,501200000.0,1.637,0.64,1795600000.0,1751200000.0,44400000.0,1795600000.0,0.0,29500000.0,0.0,0.0,0.0,565700000.0,595200000.0,0.117,595200000.0,565700000.0,555800000.0,1.13,1.11,1.13,5736800000.0,,5736800000.0,15559409495.0,13.0,12.236,-34000000.0,-0.077,1.0,706800000.0,0.139,2568800000.0,9900000.0,5466000000.0,,2193200000.0,254400000.0,0.0,254400000.0,3672500000.0,2530000000.0,1142500000.0,8322709495.0,254000000.0,1743400000.0,-219300000.0,-1059900000.0,0.0,-1276200000.0,1695300000.0,-1100000.0,-8800000.0,0.0,501200000.0,501200000.0,501200000.0,-404100000.0,0.0,0.099,551900000.0,154900000.0,193800000.0,0.0,1.451,9.498,9.133,1663900000.0,0.0,17.81,0.496,0.472,1240500000.0,1512200000.0,5069600000.0,5069600000.0,0.0,,,,,0.0,551900000.0,1.0,467305418.0,444300000.0,453100000.0,11.41,6840500000.0,0.0,54600000.0,910600000.0,15.396,1612400000.0
90,AN,MRQ,1999-03-31,1999-03-31,1999-03-31,2021-10-21,-2900000.0,15168900000.0,,9093900000.0,6075000000.0,,11.823,-57600000.0,361700000.0,361700000.0,3952500000.0,80100000.0,1.662,1.812,7598400000.0,4005400000.0,3593000000.0,7598400000.0,0.0,26400000.0,0.0,0.0,0.0,119700000.0,146100000.0,0.032,146100000.0,119700000.0,113000000.0,0.18,0.17,0.18,5393800000.0,,5393800000.0,11775898716.0,15.0,18.145,-38900000.0,-0.085,1.0,610200000.0,0.134,2864900000.0,6700000.0,14070000000.0,,2130600000.0,163300000.0,0.0,163300000.0,9775100000.0,5470700000.0,4304400000.0,5617598716.0,-396900000.0,-432200000.0,-99300000.0,648900000.0,0.0,549400000.0,-490200000.0,1800000.0,18700000.0,0.0,80100000.0,80100000.0,80100000.0,-21700000.0,0.0,0.018,517300000.0,92900000.0,315700000.0,0.0,1.041,11.179,11.255,2187700000.0,0.0,12.38,0.377,0.379,1732400000.0,1011000000.0,4562700000.0,4562700000.0,0.0,,,,,0.0,517300000.0,1.0,453764032.0,456200000.0,465000000.0,10.002,12304000000.0,0.0,32900000.0,233700000.0,26.971,3623200000.0
91,AN,MRQ,1998-12-31,1998-12-31,1998-12-31,2021-10-21,-4300000.0,8412200000.0,,3061200000.0,5351000000.0,,11.919,-19800000.0,183800000.0,183800000.0,2962700000.0,115300000.0,1.533,0.551,1865700000.0,1344800000.0,520900000.0,1865700000.0,0.0,24400000.0,0.0,0.0,0.0,259700000.0,284100000.0,0.078,284100000.0,259700000.0,150400000.0,0.25,0.24,0.25,5424200000.0,,5424200000.0,12406216300.0,17.0,14.998,6900000.0,0.015,1.0,677900000.0,0.186,2080900000.0,109300000.0,6015900000.0,,1849500000.0,167700000.0,0.0,167700000.0,2988000000.0,1997300000.0,990700000.0,6861516300.0,402400000.0,-156000000.0,-111700000.0,670500000.0,0.0,559300000.0,-560700000.0,-281900000.0,26700000.0,0.0,115300000.0,115300000.0,115300000.0,-41100000.0,0.0,0.032,475000000.0,202900000.0,117600000.0,0.0,1.265,13.737,13.355,1216400000.0,0.0,14.69,0.542,0.528,966400000.0,930900000.0,3640600000.0,3640600000.0,0.0,,,,,0.0,395100000.0,1.0,467087563.0,455100000.0,,8.0,6331300000.0,0.0,35100000.0,323000000.0,13.912,1063900000.0
92,AN,MRQ,1998-09-30,1998-09-30,1998-09-30,2021-10-21,2300000.0,14099400000.0,,8366100000.0,5733300000.0,,11.781,-143300000.0,325100000.0,325100000.0,3003200000.0,179700000.0,1.633,1.601,5869800000.0,3421200000.0,2448600000.0,5869800000.0,0.0,19800000.0,0.0,0.0,0.0,226400000.0,246200000.0,0.07,246200000.0,226400000.0,225400000.0,0.39,0.38,0.39,5421100000.0,,5421100000.0,13386610197.0,24.0,-169.451,199700000.0,0.434,1.0,504800000.0,0.144,2922000000.0,1000000.0,11598900000.0,,1490800000.0,0.0,0.0,0.0,8678300000.0,5123200000.0,3555100000.0,6699610197.0,110000000.0,1146900000.0,-24300000.0,-1204100000.0,0.0,-1207400000.0,931700000.0,-76700000.0,343000000.0,0.0,179700000.0,179700000.0,179700000.0,-98400000.0,0.0,0.051,385100000.0,119700000.0,361200000.0,0.0,1.236,11.444,10.866,2811300000.0,0.0,14.56,0.784,0.784,1588300000.0,815600000.0,3508000000.0,3508000000.0,0.0,,,,,0.0,385100000.0,1.0,460138063.0,460138063.0,,7.624,11177400000.0,0.0,45700000.0,0.0,24.291,3242900000.0
93,AN,MRQ,1998-06-30,1998-06-30,1998-06-30,2021-10-21,-2500000.0,13369700000.0,,8357200000.0,5012500000.0,,9.26,8600000.0,233900000.0,233900000.0,2741000000.0,127400000.0,1.521,2.184,6920900000.0,3734400000.0,3186500000.0,6920900000.0,0.0,-195100000.0,0.0,0.0,0.0,167700000.0,-27400000.0,-0.009,-27400000.0,167700000.0,157900000.0,0.28,0.27,0.28,4199300000.0,,4199300000.0,17076212466.0,32.0,110.098,30200000.0,0.067,1.0,431600000.0,0.136,2478400000.0,9800000.0,12083100000.0,,1518400000.0,0.0,0.0,0.0,9170400000.0,5495200000.0,3675200000.0,11364612466.0,-39600000.0,-8000000.0,0.0,-142900000.0,0.0,-131500000.0,16100000.0,0.0,21600000.0,0.0,127400000.0,127400000.0,127400000.0,-73200000.0,0.0,0.04,336700000.0,94900000.0,429100000.0,0.0,2.706,21.402,20.048,2534100000.0,0.0,25.06,1.428,1.428,1358800000.0,635900000.0,3172600000.0,3172600000.0,0.0,,,,,0.0,336700000.0,1.0,453496108.0,453496108.0,,6.996,10891300000.0,0.0,30500000.0,0.0,24.016,2862000000.0
94,AN,MRQ,1998-03-31,1998-03-31,1998-03-31,2021-10-21,-3800000.0,11995300000.0,,7361600000.0,4633700000.0,,8.818,-89900000.0,273500000.0,273500000.0,2631500000.0,77100000.0,1.42,2.043,5985100000.0,3555300000.0,2429800000.0,5985100000.0,0.0,230800000.0,0.0,0.0,0.0,99800000.0,330600000.0,0.106,330600000.0,99800000.0,97800000.0,0.18,0.17,0.18,3942400000.0,,3942400000.0,16466199738.0,34.0,29.933,-263400000.0,-0.589,1.0,487600000.0,0.156,2295000000.0,2000000.0,10226600000.0,,1384300000.0,0.0,0.0,0.0,8052900000.0,5185300000.0,2867600000.0,11539199738.0,125500000.0,-298500000.0,0.0,731300000.0,0.0,730600000.0,-409000000.0,0.0,-173500000.0,0.0,77100000.0,77100000.0,77100000.0,-40300000.0,0.0,0.025,428600000.0,59000000.0,303700000.0,0.0,2.927,24.136,22.25,2338700000.0,0.0,25.81,1.581,1.581,1137100000.0,508500000.0,3119100000.0,3119100000.0,0.0,,,,,0.0,426300000.0,1.0,447082516.0,447082516.0,,6.977,9700300000.0,0.0,20700000.0,0.0,21.697,2176300000.0
95,AN,MRQ,1997-12-31,1997-12-31,1997-12-31,2021-10-21,-2900000.0,10196200000.0,,6645200000.0,3551000000.0,,8.116,114600000.0,129200000.0,129200000.0,-653500000.0,201200000.0,1.741,1.926,4999900000.0,2730600000.0,2269300000.0,4999900000.0,0.0,-697300000.0,0.0,0.0,0.0,68900000.0,-628400000.0,0.501,-628400000.0,68900000.0,78100000.0,0.49,0.46,0.49,3484300000.0,,3484300000.0,14844161834.0,33.0,30.233,-38900000.0,-0.091,1.0,-601100000.0,0.479,1225600000.0,-9200000.0,10024300000.0,,1083100000.0,13400000.0,0.0,13400000.0,6711900000.0,3817000000.0,2894900000.0,10007561834.0,-57300000.0,625100000.0,0.0,-531700000.0,0.0,-536400000.0,790000000.0,0.0,-153500000.0,0.0,201200000.0,201200000.0,201200000.0,-186800000.0,0.0,-0.16,-148200000.0,-452900000.0,220600000.0,0.0,2.872,22.76,21.385,1295100000.0,0.0,23.31,1.634,1.634,846300000.0,431400000.0,-1254600000.0,-1254600000.0,0.0,,,,,0.0,-245700000.0,1.0,429324832.0,429324832.0,,-2.922,8970600000.0,0.0,-123100000.0,196900000.0,20.895,2828200000.0
96,AN,MRQ,1997-09-30,1997-09-30,1997-09-30,2021-10-21,0.0,9737600000.0,,6519800000.0,3217800000.0,,7.954,3150000000.0,206200000.0,206200000.0,2390000000.0,125300000.0,1.299,2.18,5042800000.0,3772200000.0,1270600000.0,5042800000.0,0.0,282200000.0,0.0,0.0,0.0,198100000.0,480300000.0,0.164,480300000.0,198100000.0,195000000.0,0.3,0.29,0.3,3062600000.0,,3062600000.0,17172599831.0,77.0,15.036,2210300000.0,5.741,1.0,531300000.0,0.182,1211400000.0,3100000.0,8345500000.0,,931200000.0,0.0,0.0,0.0,6675000000.0,5017300000.0,1657700000.0,12705699831.0,36000000.0,-63300000.0,0.0,-231600000.0,0.0,-200600000.0,-133900000.0,0.0,-939700000.0,0.0,125300000.0,125300000.0,125300000.0,-3200000.0,0.0,0.043,339500000.0,191800000.0,261100000.0,0.0,4.149,93.356,,1934000000.0,0.0,33.0,1.492,1.492,819200000.0,231100000.0,2921300000.0,2921300000.0,0.0,,,,,0.0,341000000.0,1.0,385021207.0,385021207.0,,7.587,8526200000.0,0.0,69700000.0,0.0,22.145,1502500000.0
97,AN,MRQ,1997-06-30,1997-06-30,1997-06-30,2021-10-21,0.0,8924900000.0,,6154200000.0,2770700000.0,,7.586,-1886900000.0,130100000.0,130100000.0,2103000000.0,74500000.0,1.287,2.345,4597000000.0,3556600000.0,1040400000.0,4597000000.0,0.0,246200000.0,0.0,0.0,0.0,121400000.0,367600000.0,0.146,367600000.0,121400000.0,115200000.0,0.19,0.18,0.19,2668100000.0,,2668100000.0,13024115198.0,109.0,13.116,-1560100000.0,-4.436,1.0,410900000.0,0.163,990900000.0,6200000.0,7618500000.0,,758200000.0,0.0,0.0,0.0,6256800000.0,4782400000.0,1474400000.0,8725615198.0,-103600000.0,4200000.0,0.0,51000000.0,0.0,30700000.0,263500000.0,402300000.0,326800000.0,0.0,74500000.0,74500000.0,74500000.0,-3600000.0,0.0,0.03,297300000.0,113600000.0,241300000.0,0.0,3.27,156.093,190.846,1758000000.0,0.0,24.81,1.212,1.212,616100000.0,81200000.0,2513900000.0,2513900000.0,0.0,,,,,0.0,304600000.0,1.0,351697509.0,351697509.0,,7.148,7934000000.0,0.0,40700000.0,0.0,22.559,1371800000.0
98,AN,MRQ,1997-03-31,1997-03-31,1997-03-31,2021-10-21,43700000.0,8032800000.0,,5662900000.0,2369900000.0,,7.594,-1591400000.0,199200000.0,199200000.0,1619500000.0,38700000.0,1.335,2.256,4497700000.0,3377600000.0,1120100000.0,4497700000.0,0.0,209900000.0,0.0,0.0,0.0,63800000.0,273700000.0,0.141,273700000.0,63800000.0,59400000.0,0.1,0.09,0.1,2466800000.0,,2466800000.0,13163967306.0,206.0,14.559,-1342700000.0,-4.133,1.0,322700000.0,0.166,843400000.0,4400000.0,7245300000.0,,493700000.0,375000000.0,375000000.0,0.0,5566000000.0,4242600000.0,1323400000.0,11288642306.0,-94800000.0,-42300000.0,552700000.0,233500000.0,0.0,786400000.0,-507100000.0,-300000000.0,248700000.0,0.0,38700000.0,38700000.0,38700000.0,-2700000.0,0.0,0.02,269200000.0,53500000.0,273000000.0,0.0,4.576,990.232,,1496500000.0,0.0,34.75,1.825,1.825,522000000.0,25800000.0,1942200000.0,1942200000.0,0.0,,,,,0.0,272900000.0,1.0,324853016.0,324853016.0,,5.979,7189400000.0,0.0,20700000.0,0.0,22.131,1420300000.0
99,AN,MRQ,1996-12-31,1996-12-31,1996-12-31,2021-10-21,0.0,6908500000.0,,5378900000.0,1529600000.0,,,3742500000.0,364400000.0,364400000.0,1124200000.0,-102400000.0,1.365,3.865,4200700000.0,2921100000.0,1279600000.0,4200700000.0,0.0,182100000.0,0.0,0.0,0.0,-161600000.0,20500000.0,0.018,20500000.0,-161600000.0,-166200000.0,,,,1419900000.0,,1419900000.0,,,,2367600000.0,,1.0,15500000.0,0.014,323800000.0,4600000.0,6481800000.0,,381100000.0,0.0,0.0,0.0,5488600000.0,3939200000.0,1549400000.0,,-59900000.0,-17900000.0,341800000.0,-538700000.0,0.0,-120500000.0,1561700000.0,42300000.0,-1374900000.0,0.0,-102400000.0,-102400000.0,-102400000.0,-70000000.0,0.0,-0.09,214800000.0,-199300000.0,228100000.0,,,,-1550.0,1205800000.0,0.0,31.0,,,598900000.0,28900000.0,1139700000.0,1139700000.0,0.0,,,,,0.0,186600000.0,1.0,,,,,6584700000.0,0.0,-63800000.0,0.0,,1439700000.0
100,AN,MRQ,1996-09-30,1996-09-30,1996-09-30,2021-10-21,,,,,,,,-860600000.0,,,1289400000.0,45100000.0,,,,,,,,235500000.0,,0.0,0.0,95700000.0,331200000.0,0.207,331200000.0,95700000.0,83700000.0,,,,,,,,,,-536400000.0,,1.0,314200000.0,0.196,,12000000.0,,,,,,,,,,,-121700000.0,-16700000.0,5900000.0,-87600000.0,0.0,-95700000.0,-306900000.0,0.0,324200000.0,0.0,45100000.0,45100000.0,45100000.0,-2100000.0,0.0,0.028,228900000.0,85300000.0,,,,,,,0.0,28.83,,,,,1603600000.0,1603600000.0,0.0,,,,,0.0,226700000.0,1.0,,,,,,,38600000.0,,,
101,AN,MRQ,1996-06-30,1996-06-30,1996-06-30,2021-10-21,,,,,,,,-1476800000.0,,,1218300000.0,30000000.0,,,,,,,,212700000.0,,0.0,0.0,66100000.0,278800000.0,0.186,278800000.0,66100000.0,54600000.0,0.09,0.09,0.09,,,,,,,-1136400000.0,,1.0,283000000.0,0.189,,11500000.0,,,,,,,,,,,193700000.0,-14700000.0,198900000.0,641900000.0,0.0,813800000.0,-960500000.0,0.0,340400000.0,0.0,30000000.0,30000000.0,30000000.0,0.0,0.0,0.02,223800000.0,59200000.0,,0.0,,,,,0.0,28.95,,,,,1501300000.0,1501300000.0,0.0,,,,,0.0,226700000.0,1.0,,,,,,,24600000.0,,,
102,AN,MRQ,1996-03-31,1996-03-31,1996-03-31,2021-10-21,,,,,,,,-1511000000.0,,,811000000.0,12400000.0,,,,,,,,170300000.0,,0.0,0.0,32800000.0,203100000.0,0.2,203100000.0,32800000.0,24400000.0,0.04,0.04,0.04,,,,,,,-1260300000.0,,1.0,204900000.0,0.202,,8400000.0,,,,,,,,,,,-25200000.0,-2200000.0,4300000.0,370100000.0,0.0,372800000.0,-648700000.0,0.0,250700000.0,0.0,12400000.0,12400000.0,12400000.0,0.0,0.0,0.012,177100000.0,27800000.0,,0.0,,,,,0.0,15.595,,,,,1015900000.0,1015900000.0,0.0,,,,,0.0,179100000.0,1.0,,,,,,,12000000.0,,,
103,AN,MRQ,1995-12-31,1995-12-31,1995-12-31,2021-10-21,0.0,2829795000.0,,2028526000.0,801269000.0,,,,183395000.0,183395000.0,,,1.052,3.404,1737587000.0,1588007000.0,149580000.0,1737587000.0,0.0,,0.0,0.0,0.0,,,,,,,,,,642499000.0,,642499000.0,,,,,,1.0,,,177346000.0,,2277855000.0,,14924000.0,0.0,0.0,0.0,2187296000.0,1928786000.0,258510000.0,,,,,,,,,,,,,,,,,,,,139200000.0,,,,138.115,607762000.0,,17.955,,,227361000.0,64166000.0,,,,,,,,,,1.0,,,,,2652449000.0,0.0,,0.0,,99740000.0
0,AN,MRT,2021-09-30,2021-09-30,2021-09-30,2021-10-21,0.0,8140700000.0,8919100000.0,2374400000.0,5766300000.0,2.808,33.712,-204200000.0,72000000.0,72000000.0,20429100000.0,1137400000.0,0.978,2.455,2942200000.0,7200000.0,2935000000.0,2942200000.0,0.0,193300000.0,0.0,0.0,0.0,1624900000.0,1818200000.0,0.073,1818200000.0,1624900000.0,1503500000.0,14.66,14.51,14.66,2356500000.0,2910725000.0,2356500000.0,10934361627.0,7.0,6.014,1398300000.0,20.004,1.0,4617700000.0,0.184,1811100000.0,121400000.0,6772600000.0,6033775000.0,1496600000.0,0.0,0.0,0.0,5784200000.0,2427200000.0,3357000000.0,8717461627.0,-278500000.0,-197500000.0,-2159900000.0,444300000.0,0.0,-1733400000.0,-147600000.0,211500000.0,1602500000.0,0.0,1137400000.0,1137400000.0,1137400000.0,200000.0,0.0,0.045,2945800000.0,1671900000.0,1602600000.0,0.0,3.699,7.664,8.306,3504500000.0,0.0,121.76,0.348,0.34,628100000.0,4258100000.0,25046800000.0,25046800000.0,0.0,0.128,0.391,0.269,0.065,38900000.0,2752500000.0,1.0,71595447.0,69900000.0,70700000.0,358.323,6329600000.0,0.0,366100000.0,80800000.0,90.552,-52800000.0
1,AN,MRT,2021-06-30,2021-06-30,2021-06-30,2021-10-21,0.0,8381000000.0,9276250000.0,2801900000.0,5579100000.0,2.595,36.208,-196900000.0,59500000.0,59500000.0,19754900000.0,958300000.0,0.921,1.934,2276400000.0,207000000.0,2069400000.0,2276400000.0,0.0,197500000.0,0.0,0.0,0.0,1400600000.0,1598100000.0,0.066,1598100000.0,1400600000.0,1273500000.0,11.56,11.44,11.56,2856800000.0,3161075000.0,2856800000.0,9357789933.0,7.0,5.856,1046700000.0,13.266,1.0,4317300000.0,0.179,1708000000.0,127100000.0,5849200000.0,5889200000.0,1756200000.0,0.0,0.0,0.0,5524200000.0,3040700000.0,2483500000.0,7630289933.0,-197700000.0,13300000.0,-1227700000.0,-239000000.0,0.0,-1483800000.0,42500000.0,211500000.0,1243600000.0,0.0,958300000.0,958300000.0,958300000.0,200000.0,0.0,0.04,2867700000.0,1449600000.0,1967400000.0,0.0,2.671,7.962,8.202,3397700000.0,0.0,94.81,0.317,0.311,773500000.0,3896400000.0,24072200000.0,24072200000.0,0.0,0.103,0.303,0.238,0.058,41800000.0,2670200000.0,1.0,80479801.0,78900000.0,79700000.0,305.098,6673000000.0,0.0,315200000.0,75400000.0,84.575,-238800000.0
2,AN,MRT,2021-03-31,2021-03-31,2021-03-31,2021-10-21,0.0,9267500000.0,9543125000.0,3666800000.0,5600700000.0,2.266,38.434,-155100000.0,350000000.0,350000000.0,17840800000.0,853300000.0,1.016,1.902,2077500000.0,7100000.0,2070400000.0,2077500000.0,0.0,198700000.0,0.0,0.0,0.0,1277500000.0,1476200000.0,0.068,1476200000.0,1277500000.0,1138400000.0,9.86,9.79,9.86,3193900000.0,3231300000.0,3193900000.0,9484439379.0,7.0,6.425,1465100000.0,17.631,1.0,3786000000.0,0.175,1706000000.0,139100000.0,5679800000.0,5944950000.0,2254600000.0,0.0,0.0,0.0,6073600000.0,3609200000.0,2464400000.0,7665739379.0,-61000000.0,10900000.0,-526100000.0,-1226900000.0,0.0,-1770300000.0,89100000.0,214800000.0,1620200000.0,0.0,853300000.0,853300000.0,853300000.0,200000.0,0.0,0.039,2667900000.0,1118100000.0,2711200000.0,0.0,2.4,8.984,9.454,3409600000.0,0.0,93.22,0.354,0.358,883500000.0,4308800000.0,21626800000.0,21626800000.0,0.0,0.089,0.264,0.215,0.059,46500000.0,2469200000.0,1.0,82232776.0,83100000.0,83900000.0,260.25,7561500000.0,0.0,285100000.0,76300000.0,90.993,57600000.0
3,AN,MRT,2020-12-31,2020-12-31,2020-12-31,2021-10-21,0.0,9887200000.0,9864350000.0,4152700000.0,5734500000.0,2.067,36.644,-156000000.0,569600000.0,569600000.0,16823600000.0,381600000.0,0.997,2.056,2388300000.0,309200000.0,2079100000.0,2388300000.0,0.0,198900000.0,0.0,0.0,0.0,707400000.0,906300000.0,0.044,906300000.0,707400000.0,549900000.0,4.32,4.3,4.32,3235700000.0,3144550000.0,3235700000.0,8175999885.0,12.0,9.021,1051600000.0,11.909,1.0,3566400000.0,0.175,1706500000.0,157500000.0,5833500000.0,6092100000.0,2598500000.0,0.0,0.0,0.0,6651500000.0,4165900000.0,2485600000.0,6132099885.0,527200000.0,8600000.0,-314500000.0,-284100000.0,0.0,-606700000.0,-73700000.0,55400000.0,1207600000.0,0.0,381600000.0,381600000.0,381600000.0,200000.0,0.0,0.019,2996700000.0,569700000.0,3095100000.0,0.0,1.895,16.069,16.155,3447600000.0,0.0,69.79,0.301,0.302,845200000.0,4069400000.0,20390000000.0,20390000000.0,0.0,0.039,0.121,0.116,0.035,30200000.0,2422000000.0,1.0,87865022.0,88300000.0,88700000.0,230.917,8180700000.0,0.0,168300000.0,95900000.0,92.647,-13200000.0
4,AN,MRT,2020-09-30,2020-09-30,2020-09-30,2021-10-21,0.0,9569300000.0,10028375000.0,3654900000.0,5914400000.0,2.01,38.028,-196100000.0,350500000.0,350500000.0,16678500000.0,387800000.0,0.985,1.85,2394400000.0,307700000.0,2086700000.0,2394400000.0,0.0,195800000.0,0.0,0.0,0.0,737100000.0,932900000.0,0.046,932900000.0,737100000.0,559800000.0,4.42,4.39,4.42,3357900000.0,3126150000.0,3357900000.0,6764596937.0,9.0,7.251,1071900000.0,12.139,1.0,3475300000.0,0.172,1708300000.0,177300000.0,6194300000.0,6065400000.0,2482500000.0,0.0,0.0,0.0,6211400000.0,3710600000.0,2500800000.0,4616296937.0,305100000.0,50200000.0,-43800000.0,-757000000.0,0.0,-809000000.0,-153900000.0,-50000000.0,1268000000.0,0.0,387800000.0,387800000.0,387800000.0,200000.0,0.0,0.019,3006400000.0,468900000.0,2653100000.0,0.0,1.375,11.904,11.975,3454100000.0,0.0,52.93,0.229,0.232,682500000.0,3917900000.0,20153800000.0,20153800000.0,0.0,0.039,0.124,0.122,0.037,25900000.0,2434800000.0,1.0,87215132.0,88300000.0,88900000.0,228.242,7861000000.0,0.0,172000000.0,110100000.0,89.026,-55700000.0
5,AN,MRT,2020-06-30,2020-06-30,2020-06-30,2021-10-21,0.0,9448500000.0,10249000000.0,3520200000.0,5928300000.0,1.972,35.696,-221900000.0,257300000.0,257300000.0,16818900000.0,304700000.0,0.921,2.011,2405600000.0,307300000.0,2098300000.0,2405600000.0,0.0,189200000.0,0.0,0.0,0.0,654600000.0,843800000.0,0.042,843800000.0,654600000.0,452900000.0,3.46,3.44,3.46,3137700000.0,3035850000.0,3137700000.0,5695244661.0,9.0,6.75,1016100000.0,11.56,1.0,3391200000.0,0.168,1703300000.0,201700000.0,6072200000.0,5942725000.0,2432300000.0,0.0,0.0,0.0,6310800000.0,3821300000.0,2489500000.0,3277544661.0,205500000.0,92500000.0,-69500000.0,-811200000.0,0.0,-888800000.0,-143700000.0,-50000000.0,1238000000.0,0.0,304700000.0,304700000.0,304700000.0,700000.0,0.0,0.015,3012200000.0,379000000.0,2784200000.0,0.0,1.045,10.757,10.861,3484500000.0,0.0,37.58,0.162,0.163,673300000.0,3735300000.0,20210100000.0,20210100000.0,0.0,0.03,0.1,0.11,0.032,28200000.0,2447200000.0,1.0,87215132.0,87900000.0,88100000.0,229.922,7745200000.0,0.0,148200000.0,118000000.0,88.114,-301100000.0
6,AN,MRT,2020-03-31,2020-03-31,2020-03-31,2021-10-21,0.0,10552400000.0,10561750000.0,4748600000.0,5803800000.0,1.99,31.632,-251500000.0,411000000.0,411000000.0,17533900000.0,125700000.0,0.951,2.707,2828700000.0,445600000.0,2383100000.0,2828700000.0,0.0,184500000.0,0.0,0.0,0.0,441800000.0,626300000.0,0.03,626300000.0,441800000.0,214500000.0,1.4,1.38,1.4,2846900000.0,2972150000.0,2846900000.0,4877747932.0,11.0,7.788,371700000.0,4.13,1.0,3487000000.0,0.166,1705900000.0,227300000.0,6268400000.0,5856300000.0,3677000000.0,0.0,0.0,0.0,7705500000.0,4995800000.0,2709700000.0,2510647932.0,361500000.0,97400000.0,-76800000.0,-17300000.0,0.0,-102300000.0,-159400000.0,-50000000.0,623200000.0,0.0,125700000.0,125700000.0,125700000.0,800000.0,0.0,0.006,3106200000.0,380800000.0,3908000000.0,0.0,0.882,19.973,20.043,3498400000.0,0.0,28.06,0.119,0.12,512900000.0,3455500000.0,21020900000.0,21020900000.0,0.0,0.012,0.042,0.075,0.021,21900000.0,2536300000.0,1.0,89474267.0,90000000.0,90000000.0,233.566,8846500000.0,0.0,88800000.0,66500000.0,98.294,-247200000.0
7,AN,MRT,2019-12-31,2019-12-31,2019-12-31,2021-10-21,0.0,10543300000.0,10652225000.0,4411100000.0,6132200000.0,2.003,35.095,-269300000.0,42000000.0,42000000.0,17812700000.0,450000000.0,0.865,2.334,2409100000.0,525600000.0,1883500000.0,2409100000.0,0.0,180500000.0,0.0,0.0,0.0,856900000.0,1037400000.0,0.049,1037400000.0,856900000.0,611800000.0,4.99,4.97,4.99,3162100000.0,2956875000.0,3162100000.0,6865798039.0,8.0,6.618,499900000.0,5.548,1.0,3523000000.0,0.165,2083500000.0,245100000.0,5726700000.0,5692950000.0,3305800000.0,0.0,0.0,0.0,7381200000.0,5100200000.0,2281000000.0,4338398039.0,-6900000.0,110900000.0,-32000000.0,-625300000.0,0.0,-660300000.0,-115800000.0,0.0,769200000.0,0.0,450000000.0,450000000.0,450000000.0,800000.0,0.0,0.021,2748700000.0,774300000.0,3866100000.0,0.0,1.372,9.641,9.745,3507700000.0,0.0,48.63,0.203,0.205,916700000.0,3688300000.0,21335700000.0,21335700000.0,0.0,0.042,0.152,0.151,0.04,31100000.0,2558600000.0,1.0,89212380.0,90100000.0,90500000.0,236.8,8459800000.0,0.0,161800000.0,135100000.0,93.893,-689100000.0
8,AN,MRT,2019-09-30,2019-09-30,2019-09-30,2021-10-21,0.0,10451800000.0,10682675000.0,4398800000.0,6053000000.0,1.984,33.334,-327900000.0,45000000.0,45000000.0,17723200000.0,385000000.0,0.847,2.488,2572400000.0,694100000.0,1878300000.0,2572400000.0,0.0,175900000.0,0.0,0.0,0.0,785900000.0,961800000.0,0.045,961800000.0,785900000.0,528900000.0,4.28,4.26,4.28,2996700000.0,2845350000.0,2996700000.0,7213903818.0,9.0,7.5,313500000.0,3.487,1.0,3475300000.0,0.164,2080600000.0,257000000.0,5703600000.0,5623850000.0,3280700000.0,0.0,0.0,0.0,7455100000.0,5195000000.0,2260100000.0,4516103818.0,-7800000.0,92200000.0,-34900000.0,-374700000.0,0.0,-412600000.0,-236600000.0,-50000000.0,641400000.0,0.0,385000000.0,385000000.0,385000000.0,1000000.0,0.0,0.018,2730800000.0,744500000.0,3748700000.0,0.0,1.507,11.73,11.846,3459600000.0,0.0,50.7,0.213,0.215,829500000.0,3530600000.0,21198500000.0,21198500000.0,0.0,0.036,0.135,0.14,0.037,31600000.0,2545300000.0,1.0,89075026.0,89900000.0,90400000.0,235.801,8371200000.0,0.0,143900000.0,126600000.0,93.117,-796200000.0
9,AN,MRT,2019-06-30,2019-06-30,2019-06-30,2021-10-21,0.0,10699500000.0,10599675000.0,4663600000.0,6035900000.0,1.989,32.068,-344600000.0,51100000.0,51100000.0,17643300000.0,397500000.0,0.834,2.711,2748900000.0,863900000.0,1885000000.0,2748900000.0,0.0,173600000.0,0.0,0.0,0.0,796100000.0,969700000.0,0.046,969700000.0,796100000.0,537100000.0,4.41,4.39,4.41,2882900000.0,2750675000.0,2882900000.0,6447119295.0,8.0,6.649,301200000.0,3.35,1.0,3443200000.0,0.163,2080500000.0,259000000.0,5726500000.0,5535875000.0,3517900000.0,0.0,0.0,0.0,7816600000.0,5590300000.0,2226300000.0,3741419295.0,-1900000.0,29900000.0,-37900000.0,-297100000.0,0.0,-338000000.0,-309700000.0,-50000000.0,645800000.0,0.0,397500000.0,397500000.0,397500000.0,800000.0,0.0,0.019,2700900000.0,742300000.0,3996000000.0,0.0,1.298,9.412,9.51,3451200000.0,0.0,41.94,0.177,0.179,780800000.0,3431100000.0,21086500000.0,21086500000.0,0.0,0.038,0.145,0.144,0.038,25700000.0,2517700000.0,1.0,89208853.0,89900000.0,90200000.0,234.555,8619000000.0,0.0,139600000.0,91700000.0,95.873,-926700000.0
10,AN,MRT,2019-03-31,2019-03-31,2019-03-31,2021-10-21,0.0,10914300000.0,10496950000.0,4831800000.0,6082500000.0,2.013,30.782,-359300000.0,48700000.0,48700000.0,17730500000.0,394300000.0,0.819,2.918,2754400000.0,863500000.0,1890900000.0,2754400000.0,0.0,170300000.0,0.0,0.0,0.0,784900000.0,955200000.0,0.045,955200000.0,784900000.0,528900000.0,4.37,4.34,4.37,2785800000.0,2655100000.0,2785800000.0,5768801622.0,7.0,6.039,212700000.0,2.35,1.0,3404200000.0,0.161,2106500000.0,256000000.0,5615000000.0,5437200000.0,3771400000.0,0.0,0.0,0.0,8128500000.0,5898500000.0,2230000000.0,3216901622.0,-9300000.0,31800000.0,-105300000.0,-139700000.0,0.0,-250600000.0,-330700000.0,-50000000.0,572000000.0,0.0,394300000.0,394300000.0,394300000.0,400000.0,0.0,0.019,2684400000.0,719800000.0,4300300000.0,0.0,1.155,8.159,8.174,3473000000.0,0.0,35.72,0.152,0.153,782700000.0,3330300000.0,21134700000.0,21134700000.0,0.0,0.038,0.149,0.144,0.037,24900000.0,2506000000.0,1.0,90058836.0,90500000.0,90700000.0,233.533,8807800000.0,0.0,134600000.0,90600000.0,97.324,-1066700000.0
11,AN,MRT,2018-12-31,2018-12-31,2018-12-31,2021-10-21,0.0,10665100000.0,10323450000.0,4884000000.0,5781100000.0,2.074,29.879,-400800000.0,48600000.0,48600000.0,18015500000.0,396000000.0,0.863,2.927,2600500000.0,674300000.0,1926200000.0,2600500000.0,0.0,166200000.0,0.0,0.0,0.0,779300000.0,945500000.0,0.044,945500000.0,779300000.0,529500000.0,4.36,4.34,4.36,2716000000.0,2576625000.0,2716000000.0,5725129283.0,7.0,6.055,110200000.0,1.212,1.0,3397300000.0,0.159,2108600000.0,249800000.0,5450300000.0,5351400000.0,3650500000.0,0.0,0.0,0.0,7949100000.0,5658100000.0,2291000000.0,3210329283.0,-21700000.0,106000000.0,-82200000.0,-150000000.0,0.0,-237400000.0,-295300000.0,-50000000.0,511000000.0,0.0,396000000.0,396000000.0,396000000.0,-100000.0,0.0,0.018,2684100000.0,713200000.0,4303900000.0,0.0,1.182,8.107,8.188,3155300000.0,0.0,35.7,0.15,0.152,976200000.0,3238300000.0,21412800000.0,21412800000.0,0.0,0.038,0.154,0.146,0.036,25500000.0,2509800000.0,1.0,89925190.0,90900000.0,91300000.0,235.564,8556500000.0,0.0,133500000.0,89800000.0,94.131,-774100000.0
12,AN,MRT,2018-09-30,2018-09-30,2018-09-30,2021-10-21,0.0,10119800000.0,10225050000.0,4437800000.0,5682000000.0,2.121,28.96,-326600000.0,52600000.0,52600000.0,18268000000.0,454600000.0,0.858,2.865,2567400000.0,605300000.0,1962100000.0,2567400000.0,0.0,164600000.0,0.0,0.0,0.0,817200000.0,981800000.0,0.045,981800000.0,817200000.0,574900000.0,4.94,4.92,4.94,2618000000.0,2489950000.0,2618000000.0,6340870474.0,8.0,6.458,291600000.0,3.226,1.0,3416600000.0,0.158,2111800000.0,242300000.0,5351700000.0,5280950000.0,3381300000.0,0.0,0.0,0.0,7501800000.0,5171100000.0,2330700000.0,3733870474.0,-3300000.0,113200000.0,-78700000.0,-341900000.0,0.0,-425800000.0,-195700000.0,0.0,618200000.0,0.0,454600000.0,454600000.0,454600000.0,-100000.0,0.0,0.021,2673100000.0,743500000.0,3877700000.0,0.0,1.426,8.214,8.411,3085500000.0,0.0,41.55,0.172,0.173,800500000.0,3145600000.0,21684600000.0,21684600000.0,0.0,0.044,0.183,0.155,0.038,24500000.0,2500400000.0,1.0,89864512.0,90400000.0,90800000.0,239.874,8008000000.0,0.0,120300000.0,87500000.0,88.584,-733300000.0
13,AN,MRT,2018-06-30,2018-06-30,2018-06-30,2021-10-21,0.0,10288600000.0,10183800000.0,4703900000.0,5584700000.0,2.137,27.57,-303100000.0,53100000.0,53100000.0,18360600000.0,440100000.0,0.859,3.114,2660100000.0,702000000.0,1958100000.0,2660100000.0,0.0,163100000.0,0.0,0.0,0.0,824200000.0,987300000.0,0.045,987300000.0,824200000.0,587900000.0,4.7,4.69,4.7,2500600000.0,2385575000.0,2500600000.0,6999192727.0,8.0,7.089,289000000.0,3.186,1.0,3407200000.0,0.157,2087400000.0,236300000.0,5331800000.0,5064250000.0,3587000000.0,0.0,0.0,0.0,7788000000.0,5476400000.0,2311600000.0,4413192727.0,-1800000.0,140200000.0,-468900000.0,34700000.0,0.0,-439500000.0,-154400000.0,0.0,592100000.0,0.0,440100000.0,440100000.0,440100000.0,-300000.0,0.0,0.02,2652900000.0,754300000.0,4115000000.0,0.0,1.765,10.028,10.336,3023100000.0,0.0,48.58,0.203,0.202,854500000.0,3033600000.0,21767800000.0,21767800000.0,0.0,0.043,0.184,0.163,0.038,23500000.0,2481700000.0,1.0,90843819.0,90700000.0,91200000.0,239.998,8201200000.0,0.0,147800000.0,76800000.0,90.421,-772500000.0
14,AN,MRT,2018-03-31,2018-03-31,2018-03-31,2021-10-21,0.0,10220300000.0,10149075000.0,4646900000.0,5573400000.0,2.134,26.839,-304100000.0,57500000.0,57500000.0,18273600000.0,430200000.0,0.855,3.135,2643500000.0,684800000.0,1958700000.0,2643500000.0,0.0,161300000.0,0.0,0.0,0.0,830500000.0,991800000.0,0.046,991800000.0,830500000.0,603000000.0,4.49,4.48,4.49,2471900000.0,2385075000.0,2471900000.0,6930063115.0,8.0,6.987,249100000.0,2.705,1.0,3381500000.0,0.156,2100900000.0,227500000.0,5271800000.0,4834750000.0,3529300000.0,0.0,0.0,0.0,7748400000.0,5433600000.0,2314800000.0,4295563115.0,1300000.0,111000000.0,-426700000.0,42700000.0,0.0,-387000000.0,-164900000.0,0.0,553200000.0,0.0,430200000.0,430200000.0,430200000.0,-100000.0,0.0,0.02,2629000000.0,752500000.0,4041400000.0,0.0,1.738,9.985,10.419,3000300000.0,0.0,46.78,0.198,0.199,883100000.0,2936000000.0,21655100000.0,21655100000.0,0.0,0.042,0.18,0.172,0.038,30300000.0,2467700000.0,1.0,91824778.0,92100000.0,92700000.0,235.126,8119400000.0,0.0,172800000.0,76100000.0,88.159,-786700000.0
15,AN,MRT,2017-12-31,2017-12-31,2017-12-31,2021-10-21,0.0,10271500000.0,10117175000.0,4797500000.0,5474000000.0,2.129,24.226,-292400000.0,69200000.0,69200000.0,18175600000.0,434600000.0,0.851,3.335,2703700000.0,744500000.0,1959200000.0,2703700000.0,0.0,158600000.0,0.0,0.0,0.0,853300000.0,1011900000.0,0.047,1011900000.0,853300000.0,636100000.0,4.44,4.43,4.44,2369300000.0,2375650000.0,2369300000.0,7487843484.0,9.0,7.4,247700000.0,2.533,1.0,3359000000.0,0.156,2101800000.0,217200000.0,5168500000.0,4702775000.0,3365600000.0,0.0,0.0,0.0,7902200000.0,5635700000.0,2266500000.0,4683543484.0,5700000.0,27800000.0,-395200000.0,88900000.0,0.0,-307400000.0,-227000000.0,0.0,540100000.0,0.0,434600000.0,434600000.0,434600000.0,400000.0,0.0,0.02,2594800000.0,764200000.0,4116700000.0,0.0,1.977,10.777,11.561,2962700000.0,0.0,51.33,0.217,0.233,1111000000.0,2832200000.0,21534600000.0,21534600000.0,0.0,0.043,0.183,0.181,0.04,20600000.0,2436200000.0,1.0,91243785.0,97800000.0,98200000.0,220.19,8169700000.0,0.0,201500000.0,71900000.0,83.535,-838200000.0
16,AN,MRT,2017-09-30,2017-09-30,2017-09-30,2021-10-21,0.0,9954800000.0,10064300000.0,4450100000.0,5504700000.0,2.12,22.616,-280400000.0,53300000.0,53300000.0,18030700000.0,398600000.0,0.726,3.524,2857600000.0,1561900000.0,1295700000.0,2857600000.0,0.0,154400000.0,0.0,0.0,0.0,858000000.0,1012400000.0,0.047,1012400000.0,858000000.0,649600000.0,3.98,3.96,3.98,2200500000.0,2360900000.0,2200500000.0,7282443293.0,8.0,7.193,213800000.0,2.197,1.0,3300900000.0,0.155,2146100000.0,208400000.0,4484900000.0,4604925000.0,3408600000.0,0.0,0.0,0.0,7754300000.0,6128100000.0,1626200000.0,4766843293.0,-9500000.0,5900000.0,-426300000.0,165500000.0,0.0,-264000000.0,-239700000.0,0.0,494200000.0,0.0,398600000.0,398600000.0,398600000.0,500000.0,0.0,0.019,2552700000.0,748200000.0,3907100000.0,0.0,2.166,11.959,11.925,2949200000.0,0.0,47.46,0.223,0.216,901000000.0,3416500000.0,21331600000.0,21331600000.0,0.0,0.04,0.169,0.186,0.04,20700000.0,2398300000.0,1.0,100439176.0,97300000.0,97700000.0,219.235,7808700000.0,0.0,251000000.0,99200000.0,80.254,-1678000000.0
17,AN,MRT,2017-06-30,2017-06-30,2017-06-30,2021-10-21,0.0,10149700000.0,9997350000.0,4646200000.0,5503500000.0,2.147,24.69,-293100000.0,52500000.0,52500000.0,18175300000.0,408400000.0,0.761,3.062,2568100000.0,1352000000.0,1216100000.0,2568100000.0,0.0,149300000.0,0.0,0.0,0.0,866500000.0,1015800000.0,0.047,1015800000.0,866500000.0,666100000.0,4.03,4.01,4.03,2498600000.0,2365975000.0,2498600000.0,6759080919.0,8.0,6.654,233400000.0,2.306,1.0,3291400000.0,0.153,2143000000.0,200400000.0,4413800000.0,4711525000.0,3713200000.0,0.0,0.0,0.0,7651100000.0,6108500000.0,1542600000.0,4269180919.0,-3000000.0,-65400000.0,-81600000.0,-107600000.0,0.0,-207400000.0,-322100000.0,0.0,526500000.0,0.0,408400000.0,408400000.0,408400000.0,900000.0,0.0,0.019,2531400000.0,760000000.0,4181900000.0,0.0,1.709,10.453,10.462,2950700000.0,0.0,42.16,0.199,0.199,795100000.0,3319000000.0,21466700000.0,21466700000.0,0.0,0.041,0.173,0.184,0.04,21200000.0,2382100000.0,1.0,101261407.0,101200000.0,101500000.0,212.122,8006700000.0,0.0,257700000.0,99500000.0,79.118,-1462300000.0
18,AN,MRT,2017-03-31,2017-03-31,2017-03-31,2021-10-21,0.0,10092700000.0,9907000000.0,4676800000.0,5415900000.0,2.183,24.077,-270900000.0,56300000.0,56300000.0,18321700000.0,432700000.0,0.817,3.146,2546200000.0,930400000.0,1615800000.0,2546200000.0,0.0,145900000.0,0.0,0.0,0.0,899300000.0,1045200000.0,0.048,1045200000.0,899300000.0,704200000.0,4.25,4.23,4.25,2434200000.0,2280875000.0,2434200000.0,6923417240.0,8.0,6.624,232500000.0,2.3,1.0,3307100000.0,0.153,2116200000.0,195100000.0,4743900000.0,4831425000.0,3692600000.0,0.0,0.0,0.0,7658500000.0,5722500000.0,1936000000.0,4267617240.0,5900000.0,-5400000.0,-96600000.0,-125700000.0,0.0,-239900000.0,-257600000.0,0.0,503400000.0,0.0,432700000.0,432700000.0,432700000.0,1000000.0,0.0,0.02,2501900000.0,805200000.0,4177100000.0,0.0,1.753,9.863,9.951,2897000000.0,0.0,42.29,0.197,0.198,830300000.0,3231300000.0,21628800000.0,21628800000.0,0.0,0.044,0.19,0.186,0.042,14400000.0,2356000000.0,1.0,100913153.0,101100000.0,101600000.0,213.935,7976500000.0,0.0,271500000.0,95600000.0,78.897,-1045700000.0
19,AN,MRT,2016-12-31,2016-12-31,2016-12-31,2021-10-21,0.0,10060000000.0,9883225000.0,4714800000.0,5345200000.0,2.186,22.408,-235800000.0,64800000.0,64800000.0,18295800000.0,430500000.0,0.809,3.354,2720600000.0,1109500000.0,1611100000.0,2720600000.0,0.0,143400000.0,0.0,0.0,0.0,893100000.0,1036500000.0,0.048,1036500000.0,893100000.0,701100000.0,4.18,4.15,4.18,2310300000.0,2194975000.0,2310300000.0,7611395368.0,9.0,7.343,280200000.0,2.718,1.0,3313200000.0,0.153,2109500000.0,192000000.0,4777100000.0,4839875000.0,3520100000.0,0.0,0.0,0.0,7749700000.0,5829200000.0,1920500000.0,4915795368.0,-12600000.0,-260000000.0,-488600000.0,469600000.0,0.0,-35600000.0,-493000000.0,0.0,516000000.0,0.0,430500000.0,430500000.0,430500000.0,1200000.0,0.0,0.02,2492800000.0,820400000.0,4152900000.0,0.0,2.128,11.419,11.639,2843200000.0,0.0,48.65,0.227,0.232,1032900000.0,3133300000.0,21609000000.0,21609000000.0,0.0,0.044,0.196,0.185,0.041,25100000.0,2349400000.0,1.0,101044098.0,103100000.0,103800000.0,209.593,7950500000.0,0.0,270600000.0,91500000.0,77.114,-1114400000.0
20,AN,MRT,2016-09-30,2016-09-30,2016-09-30,2021-10-21,0.0,9687000000.0,9755275000.0,4421900000.0,5265100000.0,2.201,21.794,-248500000.0,62200000.0,62200000.0,18152000000.0,412700000.0,0.819,3.362,2757800000.0,988300000.0,1769500000.0,2757800000.0,0.0,140700000.0,0.0,0.0,0.0,857700000.0,998400000.0,0.047,998400000.0,857700000.0,672700000.0,3.92,3.9,3.92,2220800000.0,2204725000.0,2220800000.0,7626165176.0,9.0,7.638,262200000.0,2.573,1.0,3316300000.0,0.154,2073400000.0,185000000.0,4911300000.0,4852800000.0,3448000000.0,0.0,0.0,0.0,7466200000.0,5397900000.0,2068300000.0,4972765176.0,-1700000.0,-465000000.0,-482900000.0,694100000.0,0.0,200900000.0,-713300000.0,0.0,510700000.0,0.0,412700000.0,412700000.0,412700000.0,1200000.0,0.0,0.019,2489800000.0,826500000.0,3843500000.0,0.0,2.239,12.049,12.426,2807600000.0,0.0,48.71,0.232,0.231,788300000.0,3018000000.0,21468300000.0,21468300000.0,0.0,0.042,0.187,0.177,0.04,25300000.0,2333700000.0,1.0,102089205.0,101900000.0,102600000.0,210.68,7613600000.0,0.0,260000000.0,89300000.0,74.716,-976000000.0
21,AN,MRT,2016-06-30,2016-06-30,2016-06-30,2021-10-21,0.0,9788300000.0,9546375000.0,4663900000.0,5124400000.0,2.226,20.974,-201700000.0,54700000.0,54700000.0,17944300000.0,423900000.0,0.836,3.535,2708100000.0,970100000.0,1738000000.0,2708100000.0,0.0,137300000.0,0.0,0.0,0.0,867200000.0,1004500000.0,0.047,1004500000.0,867200000.0,693200000.0,3.92,3.89,3.92,2158200000.0,2215750000.0,2158200000.0,7476507410.0,9.0,7.443,291400000.0,2.832,1.0,3310200000.0,0.156,1971900000.0,174000000.0,4893400000.0,4816525000.0,3661400000.0,0.0,0.0,0.0,7630100000.0,5576400000.0,2053700000.0,4843807410.0,-10600000.0,-433100000.0,-583900000.0,718700000.0,0.0,141600000.0,-645300000.0,0.0,493100000.0,0.0,423900000.0,423900000.0,423900000.0,1200000.0,0.0,0.02,2463800000.0,846400000.0,4091200000.0,0.0,2.244,11.427,11.985,2772200000.0,0.0,46.98,0.228,0.227,817200000.0,2910700000.0,21254500000.0,21254500000.0,0.0,0.044,0.191,0.18,0.041,26000000.0,2311100000.0,1.0,103103606.0,102900000.0,103600000.0,206.555,7816400000.0,0.0,269300000.0,97500000.0,75.961,-912500000.0
22,AN,MRT,2016-03-31,2016-03-31,2016-03-31,2021-10-21,0.0,9997600000.0,9309150000.0,4872700000.0,5124900000.0,2.26,19.593,-214200000.0,47800000.0,47800000.0,17749900000.0,427000000.0,0.831,3.782,2680500000.0,937900000.0,1742600000.0,2680500000.0,0.0,133500000.0,0.0,0.0,0.0,858700000.0,992200000.0,0.047,992200000.0,858700000.0,696900000.0,3.84,3.81,3.84,2090600000.0,2247525000.0,2090600000.0,7297754924.0,8.0,7.355,291600000.0,2.733,1.0,3287500000.0,0.156,1992100000.0,161800000.0,4777700000.0,4786575000.0,3927800000.0,0.0,0.0,0.0,7907000000.0,5860500000.0,2046500000.0,5005254924.0,-26300000.0,-516100000.0,-580600000.0,778600000.0,0.0,208400000.0,-740500000.0,0.0,505800000.0,0.0,427000000.0,427000000.0,427000000.0,1200000.0,0.0,0.02,2443500000.0,844000000.0,4349900000.0,0.0,2.394,11.722,12.156,2768100000.0,0.0,46.68,0.238,0.237,767600000.0,2798700000.0,21037400000.0,21037400000.0,0.0,0.046,0.19,0.179,0.041,28200000.0,2294600000.0,1.0,107224827.0,106700000.0,107400000.0,197.164,8005500000.0,0.0,269900000.0,91500000.0,75.028,-987800000.0
23,AN,MRT,2015-12-31,2015-12-31,2015-12-31,2021-10-21,0.0,9548200000.0,8919375000.0,4709700000.0,4838500000.0,2.339,20.846,-225700000.0,74100000.0,74100000.0,17600500000.0,442600000.0,0.911,3.064,2356500000.0,611200000.0,1745300000.0,2356500000.0,0.0,127400000.0,0.0,0.0,0.0,870800000.0,998200000.0,0.048,998200000.0,870800000.0,721600000.0,3.93,3.89,3.93,2349300000.0,2276275000.0,2349300000.0,8741078133.0,10.0,8.757,281500000.0,2.498,1.0,3261500000.0,0.156,1834400000.0,149200000.0,4828800000.0,4810550000.0,3612000000.0,0.0,0.0,0.0,7198900000.0,5167400000.0,2031500000.0,6599878133.0,-1300000.0,-277600000.0,-207300000.0,190300000.0,0.0,900000.0,-509400000.0,0.0,507200000.0,0.0,442600000.0,442600000.0,442600000.0,1100000.0,0.0,0.021,2406300000.0,855200000.0,4027000000.0,0.0,2.809,14.912,15.181,2667400000.0,0.0,59.66,0.316,0.322,908200000.0,2702800000.0,20862000000.0,20862000000.0,0.0,0.05,0.194,0.181,0.042,24000000.0,2263500000.0,1.0,110624843.0,112700000.0,113900000.0,185.111,7713800000.0,0.0,279000000.0,78600000.0,68.445,-457700000.0
24,AN,MRT,2015-09-30,2015-09-30,2015-09-30,2021-10-21,0.0,8851400000.0,8632250000.0,4251600000.0,4599800000.0,2.383,20.15,-209600000.0,63900000.0,63900000.0,17337200000.0,461800000.0,0.95,2.908,2205100000.0,457300000.0,1747800000.0,2205100000.0,0.0,121600000.0,0.0,0.0,0.0,893400000.0,1015000000.0,0.049,1015000000.0,893400000.0,751100000.0,4.06,4.02,4.06,2264900000.0,2206975000.0,2264900000.0,8663306049.0,10.0,8.535,297900000.0,2.65,1.0,3232800000.0,0.157,1752900000.0,142300000.0,4766200000.0,4828675000.0,3226900000.0,0.0,0.0,0.0,6586500000.0,4473500000.0,2113000000.0,6600006049.0,-3600000.0,-259600000.0,-291100000.0,243400000.0,0.0,-31400000.0,-479700000.0,0.0,507500000.0,0.0,461800000.0,461800000.0,461800000.0,1000000.0,0.0,0.022,2348600000.0,884200000.0,3486200000.0,0.0,2.914,14.292,14.33,2494400000.0,0.0,58.18,0.321,0.318,758100000.0,4101700000.0,20570000000.0,20570000000.0,0.0,0.053,0.209,0.185,0.043,26000000.0,2227000000.0,1.0,113441149.0,112400000.0,113600000.0,183.007,7098500000.0,0.0,289300000.0,161000000.0,63.154,-221900000.0
25,AN,MRT,2015-06-30,2015-06-30,2015-06-30,2021-10-21,0.0,8839400000.0,8367825000.0,4273600000.0,4565800000.0,2.405,20.082,-237000000.0,65300000.0,65300000.0,16969900000.0,449800000.0,0.972,2.868,2128600000.0,323100000.0,1805500000.0,2128600000.0,0.0,115900000.0,0.0,0.0,0.0,870900000.0,986800000.0,0.049,986800000.0,870900000.0,729900000.0,3.92,3.88,3.92,2285300000.0,2143750000.0,2285300000.0,9162910308.0,11.0,9.285,279500000.0,2.456,1.0,3155400000.0,0.157,1733400000.0,141000000.0,4773600000.0,4765200000.0,3230700000.0,0.0,0.0,0.0,6554100000.0,4395700000.0,2158400000.0,7181310308.0,-3200000.0,-231000000.0,-335000000.0,267000000.0,0.0,-49000000.0,-470700000.0,0.0,516500000.0,0.0,449800000.0,449800000.0,449800000.0,700000.0,0.0,0.022,2296500000.0,858900000.0,3585800000.0,0.0,3.142,15.966,16.066,2489200000.0,0.0,62.98,0.357,0.356,770600000.0,3983200000.0,20125300000.0,20125300000.0,0.0,0.054,0.21,0.183,0.043,26400000.0,2180600000.0,1.0,114025251.0,113800000.0,115100000.0,176.848,7106000000.0,0.0,280100000.0,146000000.0,62.443,-122100000.0
26,AN,MRT,2015-03-31,2015-03-31,2015-03-31,2021-10-21,0.0,8438500000.0,8125875000.0,3985300000.0,4453200000.0,2.423,19.415,-220600000.0,74100000.0,74100000.0,16608300000.0,435100000.0,1.034,2.826,2055700000.0,25200000.0,2030500000.0,2055700000.0,0.0,110000000.0,0.0,0.0,0.0,846900000.0,956900000.0,0.049,956900000.0,846900000.0,707100000.0,3.75,3.71,3.75,2205600000.0,2103700000.0,2205600000.0,9359478658.0,11.0,9.781,248500000.0,2.188,1.0,3081200000.0,0.156,1690900000.0,139800000.0,4873600000.0,4702950000.0,2928400000.0,0.0,0.0,0.0,6232900000.0,3855600000.0,2377300000.0,7306478658.0,4900000.0,-185800000.0,-348900000.0,277600000.0,0.0,-50900000.0,-413300000.0,0.0,469100000.0,0.0,435100000.0,435100000.0,435100000.0,900000.0,0.0,0.022,2246500000.0,834700000.0,3290300000.0,0.0,3.313,16.793,17.155,2433300000.0,0.0,64.33,0.371,0.371,778000000.0,3868100000.0,19689500000.0,19689500000.0,0.0,0.054,0.207,0.18,0.043,30100000.0,2136500000.0,1.0,113578092.0,113600000.0,115100000.0,173.323,6747600000.0,0.0,272000000.0,140600000.0,59.398,129700000.0
27,AN,MRT,2014-12-31,2014-12-31,2014-12-31,2021-10-21,0.0,8399700000.0,7952250000.0,3999200000.0,4400500000.0,2.403,17.665,-203700000.0,75400000.0,75400000.0,16120100000.0,418700000.0,1.03,3.054,2128400000.0,25000000.0,2103400000.0,2128400000.0,0.0,106900000.0,0.0,0.0,0.0,821200000.0,928100000.0,0.049,928100000.0,821200000.0,681200000.0,3.57,3.52,3.57,2072100000.0,2069525000.0,2072100000.0,8700517743.0,11.0,9.375,281400000.0,2.399,1.0,2988700000.0,0.156,1669400000.0,140000000.0,4901300000.0,4560175000.0,2899000000.0,0.0,0.0,0.0,6327600000.0,3882000000.0,2445600000.0,6835017743.0,6200000.0,-163800000.0,-452600000.0,331700000.0,0.0,-102900000.0,-376000000.0,500000.0,485100000.0,0.0,418700000.0,418700000.0,418700000.0,1100000.0,0.0,0.022,2186500000.0,802200000.0,3361900000.0,0.0,3.299,16.324,16.922,2422000000.0,0.0,60.41,0.358,0.371,817800000.0,3756600000.0,19108800000.0,19108800000.0,0.0,0.053,0.202,0.18,0.043,26300000.0,2079600000.0,1.0,113143813.0,117300000.0,118900000.0,162.905,6730300000.0,0.0,262500000.0,137900000.0,57.377,117200000.0
28,AN,MRT,2014-09-30,2014-09-30,2014-09-30,2021-10-21,0.0,7793700000.0,7830850000.0,3606900000.0,4186800000.0,2.373,17.197,-201900000.0,67500000.0,67500000.0,15676500000.0,411400000.0,1.018,2.874,1933000000.0,17500000.0,1915500000.0,1933000000.0,0.0,104200000.0,0.0,0.0,0.0,803000000.0,907200000.0,0.049,907200000.0,803000000.0,662900000.0,3.45,3.4,3.45,2012000000.0,2066925000.0,2012000000.0,7778408209.0,10.0,8.574,266800000.0,2.28,1.0,2908400000.0,0.156,1604400000.0,140100000.0,4512300000.0,4419425000.0,2691400000.0,0.0,0.0,0.0,5781700000.0,3542500000.0,2239200000.0,5963708209.0,-800000.0,-6800000.0,-395200000.0,104000000.0,0.0,-274300000.0,-195200000.0,500000.0,468700000.0,0.0,411400000.0,411400000.0,411400000.0,1200000.0,0.0,0.022,2134300000.0,774100000.0,3025800000.0,0.0,2.964,14.496,14.583,2293400000.0,0.0,50.31,0.321,0.317,651800000.0,3639900000.0,18584900000.0,18584900000.0,0.0,0.053,0.199,0.182,0.043,25500000.0,2030100000.0,1.0,118539221.0,117000000.0,118500000.0,158.845,6189300000.0,0.0,251500000.0,129400000.0,52.9,64400000.0
29,AN,MRT,2014-06-30,2014-06-30,2014-06-30,2021-10-21,0.0,7871600000.0,7726125000.0,3728000000.0,4143600000.0,2.349,17.843,-191900000.0,68500000.0,68500000.0,15294600000.0,397500000.0,1.045,2.704,1883200000.0,17500000.0,1865700000.0,1883200000.0,0.0,101100000.0,0.0,0.0,0.0,781000000.0,882100000.0,0.049,882100000.0,781000000.0,640700000.0,3.3,3.25,3.3,2125100000.0,2062275000.0,2125100000.0,8860167699.0,11.0,10.044,224300000.0,1.883,1.0,2852100000.0,0.157,1592800000.0,140300000.0,4524600000.0,4366525000.0,2776600000.0,0.0,0.0,0.0,5746500000.0,3568900000.0,2177600000.0,7125467699.0,-1200000.0,-5600000.0,-196800000.0,-14700000.0,0.0,-195200000.0,-222200000.0,500000.0,416200000.0,0.0,397500000.0,397500000.0,397500000.0,1200000.0,0.0,0.022,2094000000.0,758100000.0,3118500000.0,0.0,3.353,17.926,18.085,2272900000.0,0.0,59.68,0.393,0.392,691300000.0,3533400000.0,18146700000.0,18146700000.0,0.0,0.051,0.193,0.179,0.043,25800000.0,1992900000.0,1.0,119394566.0,119100000.0,120800000.0,152.365,6278800000.0,0.0,243200000.0,124200000.0,52.719,159100000.0
30,AN,MRT,2014-03-31,2014-03-31,2014-03-31,2021-10-21,0.0,7744000000.0,7621475000.0,3637700000.0,4106300000.0,2.333,17.313,-169800000.0,69200000.0,69200000.0,14981400000.0,387000000.0,1.015,2.743,1803900000.0,11900000.0,1792000000.0,1803900000.0,0.0,98200000.0,0.0,0.0,0.0,764500000.0,862700000.0,0.049,862700000.0,764500000.0,623200000.0,3.2,3.15,3.2,2068900000.0,2001625000.0,2068900000.0,8108715616.0,11.0,9.399,294800000.0,2.467,1.0,2803300000.0,0.158,1592700000.0,141300000.0,4302500000.0,4320125000.0,2712000000.0,0.0,0.0,0.0,5675100000.0,3583500000.0,2091600000.0,6338015616.0,22900000.0,-65000000.0,-139200000.0,-54100000.0,0.0,-181400000.0,-260300000.0,500000.0,464600000.0,0.0,387000000.0,387000000.0,387000000.0,1100000.0,0.0,0.022,2060600000.0,742700000.0,3097500000.0,0.0,3.063,16.377,16.634,2244200000.0,0.0,53.23,0.356,0.358,663600000.0,3433000000.0,17784700000.0,17784700000.0,0.0,0.051,0.193,0.177,0.043,21900000.0,1962400000.0,1.0,119068488.0,119500000.0,121300000.0,148.826,6151300000.0,0.0,236200000.0,119100000.0,51.475,54200000.0
31,AN,MRT,2013-12-31,2013-12-31,2013-12-31,2021-10-21,0.0,7914100000.0,7484025000.0,3830000000.0,4084100000.0,2.341,16.997,-157700000.0,69200000.0,69200000.0,14757700000.0,374900000.0,1.021,2.839,1839900000.0,30100000.0,1809800000.0,1839900000.0,0.0,95300000.0,0.0,0.0,0.0,745200000.0,840500000.0,0.048,840500000.0,745200000.0,603500000.0,3.09,3.04,3.09,2061700000.0,1931050000.0,2061700000.0,7840848218.0,11.0,9.329,326400000.0,2.691,1.0,2759900000.0,0.158,1594700000.0,141700000.0,4338300000.0,4338200000.0,2827200000.0,0.0,0.0,0.0,5852400000.0,3751800000.0,2100600000.0,6052848218.0,-500000.0,-77800000.0,-44600000.0,-185900000.0,0.0,-226800000.0,-257800000.0,0.0,484100000.0,0.0,374900000.0,374900000.0,374900000.0,900000.0,0.0,0.021,2030300000.0,729600000.0,3292000000.0,0.0,2.936,16.145,16.081,2235300000.0,0.0,49.69,0.346,0.344,740900000.0,3337900000.0,17517600000.0,17517600000.0,0.0,0.05,0.194,0.172,0.043,21300000.0,1935000000.0,1.0,121812200.0,121300000.0,123300000.0,144.415,6319400000.0,0.0,228600000.0,116500000.0,52.097,78200000.0
32,AN,MRT,2013-09-30,2013-09-30,2013-09-30,2021-10-21,0.0,7374800000.0,7306250000.0,3358500000.0,4016300000.0,2.349,16.407,-160300000.0,68300000.0,68300000.0,14476600000.0,348700000.0,1.024,2.7,1856300000.0,29800000.0,1826500000.0,1856300000.0,0.0,92500000.0,0.0,0.0,0.0,708900000.0,801400000.0,0.047,801400000.0,708900000.0,568800000.0,2.88,2.83,2.88,1993400000.0,1837750000.0,1993400000.0,8197383124.0,12.0,10.229,312900000.0,2.575,1.0,2689300000.0,0.157,1581700000.0,140100000.0,4300700000.0,4378375000.0,2504800000.0,0.0,0.0,0.0,5381400000.0,3280400000.0,2101000000.0,6330283124.0,-30300000.0,-197600000.0,-25500000.0,-86400000.0,0.0,-107700000.0,-395800000.0,0.0,473200000.0,0.0,348700000.0,348700000.0,348700000.0,300000.0,0.0,0.02,1987000000.0,702300000.0,2834300000.0,0.0,3.176,18.154,18.115,2186800000.0,0.0,52.17,0.369,0.369,599300000.0,3228500000.0,17165900000.0,17165900000.0,0.0,0.048,0.19,0.162,0.041,20700000.0,1894500000.0,1.0,121339527.0,121500000.0,123500000.0,141.283,5793100000.0,0.0,220100000.0,104800000.0,47.68,78100000.0
33,AN,MRT,2013-06-30,2013-06-30,2013-06-30,2021-10-21,0.0,7453000000.0,7103300000.0,3506500000.0,3946500000.0,2.341,15.507,-158700000.0,69700000.0,69700000.0,14013600000.0,337700000.0,1.031,2.959,1936800000.0,29600000.0,1907200000.0,1936800000.0,0.0,91300000.0,0.0,0.0,0.0,688400000.0,779700000.0,0.047,779700000.0,688400000.0,549700000.0,2.79,2.74,2.79,1882500000.0,1749025000.0,1882500000.0,7175365643.0,10.0,9.203,317200000.0,2.613,1.0,2615300000.0,0.157,1581200000.0,138700000.0,4339000000.0,4337450000.0,2625200000.0,0.0,0.0,0.0,5570500000.0,3399900000.0,2170600000.0,5264365643.0,7600000.0,-197200000.0,-22700000.0,-97800000.0,0.0,-114400000.0,-353900000.0,0.0,475900000.0,0.0,337700000.0,337700000.0,337700000.0,400000.0,0.0,0.02,1936500000.0,678800000.0,2973800000.0,0.0,2.796,15.589,15.552,2122900000.0,0.0,43.39,0.317,0.317,621400000.0,3135900000.0,16628900000.0,16628900000.0,0.0,0.048,0.193,0.159,0.041,20200000.0,1845200000.0,1.0,121326703.0,121400000.0,123300000.0,136.976,5871800000.0,0.0,212000000.0,97200000.0,48.367,106600000.0
34,AN,MRT,2013-03-31,2013-03-31,2013-03-31,2021-10-21,0.0,7194200000.0,6855400000.0,3340900000.0,3853300000.0,2.35,14.765,-161400000.0,46300000.0,46300000.0,13559700000.0,326400000.0,1.042,3.027,1957300000.0,13700000.0,1943600000.0,1957300000.0,0.0,88800000.0,0.0,0.0,0.0,668900000.0,757700000.0,0.047,757700000.0,668900000.0,532500000.0,2.7,2.65,2.7,1786600000.0,1660450000.0,1786600000.0,7319580681.0,11.0,9.66,290200000.0,2.398,1.0,2547200000.0,0.158,1522700000.0,136400000.0,4374800000.0,4334525000.0,2499800000.0,0.0,0.0,0.0,5407600000.0,3207700000.0,2199900000.0,5293180681.0,-30000000.0,-137600000.0,-151100000.0,-25100000.0,0.0,-168800000.0,-312800000.0,0.0,451600000.0,0.0,326400000.0,326400000.0,326400000.0,600000.0,0.0,0.02,1882700000.0,664500000.0,2744300000.0,0.0,2.963,16.217,16.204,2102400000.0,0.0,43.75,0.329,0.329,590100000.0,3046000000.0,16106900000.0,16106900000.0,0.0,0.048,0.197,0.154,0.042,19500000.0,1789700000.0,1.0,120986987.0,121000000.0,123000000.0,133.115,5671500000.0,0.0,206100000.0,93700000.0,46.872,133200000.0
35,AN,MRT,2012-12-31,2012-12-31,2012-12-31,2021-10-21,0.0,7203000000.0,6639950000.0,3361100000.0,3841900000.0,2.36,13.639,-160000000.0,69700000.0,69700000.0,13181300000.0,316400000.0,1.05,3.266,2096100000.0,29800000.0,2066300000.0,2096100000.0,0.0,87300000.0,0.0,0.0,0.0,648300000.0,735600000.0,0.047,735600000.0,648300000.0,515900000.0,2.56,2.52,2.56,1688500000.0,1605825000.0,1688500000.0,6627690465.0,10.0,9.01,156600000.0,1.265,1.0,2486200000.0,0.159,1528700000.0,132400000.0,4499000000.0,4271700000.0,2396900000.0,0.0,0.0,0.0,5514500000.0,3201700000.0,2312800000.0,4833990465.0,-16900000.0,-134800000.0,-545000000.0,499300000.0,0.0,-35700000.0,-297800000.0,400000.0,316600000.0,0.0,316400000.0,316400000.0,316400000.0,900000.0,0.0,0.02,1840800000.0,645400000.0,2757400000.0,0.0,2.863,15.278,15.508,2095100000.0,0.0,39.7,0.309,0.314,698400000.0,2963000000.0,15667500000.0,15667500000.0,0.0,0.048,0.197,0.152,0.041,18600000.0,1749300000.0,1.0,121762984.0,123800000.0,125800000.0,126.555,5674300000.0,0.0,199500000.0,89400000.0,45.834,159400000.0
36,AN,MRT,2012-09-30,2012-09-30,2012-09-30,2021-10-21,0.0,6563000000.0,6388900000.0,2958300000.0,3604700000.0,2.375,13.519,-142500000.0,98600000.0,98600000.0,12740900000.0,302600000.0,1.044,3.005,1892300000.0,28200000.0,1864100000.0,1892300000.0,0.0,85900000.0,0.0,0.0,0.0,619300000.0,705200000.0,0.046,705200000.0,619300000.0,492900000.0,2.38,2.34,2.38,1638500000.0,1657350000.0,1638500000.0,7237269432.0,12.0,10.263,234500000.0,1.935,1.0,2432800000.0,0.16,1385900000.0,126400000.0,4137000000.0,4123600000.0,2142100000.0,0.0,0.0,0.0,4924500000.0,2833800000.0,2090700000.0,5270869432.0,31300000.0,0.0,-750700000.0,538500000.0,0.0,-200400000.0,-145300000.0,400000.0,377000000.0,0.0,302600000.0,302600000.0,302600000.0,1700000.0,0.0,0.02,1810100000.0,622700000.0,2419000000.0,0.0,3.217,17.419,18.349,2007700000.0,0.0,43.67,0.347,0.349,514200000.0,2879800000.0,15173700000.0,15173700000.0,0.0,0.047,0.183,0.15,0.041,17900000.0,1720000000.0,1.0,120697720.0,121200000.0,123400000.0,125.196,5177100000.0,0.0,190300000.0,77800000.0,42.715,124500000.0
37,AN,MRT,2012-06-30,2012-06-30,2012-06-30,2021-10-21,0.0,6461400000.0,6189850000.0,2883900000.0,3577500000.0,2.382,12.557,-154200000.0,62100000.0,62100000.0,12361000000.0,291700000.0,1.062,3.228,2028500000.0,28200000.0,2000300000.0,2028500000.0,0.0,83900000.0,0.0,0.0,0.0,595100000.0,679000000.0,0.046,679000000.0,595100000.0,476200000.0,2.2,2.16,2.2,1528200000.0,1753950000.0,1528200000.0,6152778486.0,10.0,9.062,216600000.0,1.78,1.0,2385400000.0,0.162,1385200000.0,118900000.0,4327300000.0,3998575000.0,2077700000.0,0.0,0.0,0.0,4933200000.0,2715300000.0,2217900000.0,4310178486.0,-19700000.0,3700000.0,-901300000.0,653400000.0,0.0,-238200000.0,-152300000.0,400000.0,370800000.0,0.0,291700000.0,291700000.0,291700000.0,1400000.0,0.0,0.02,1783700000.0,601700000.0,2323600000.0,0.0,2.82,14.776,16.036,1987000000.0,0.0,35.28,0.292,0.291,538900000.0,2798200000.0,14746400000.0,14746400000.0,0.0,0.047,0.166,0.149,0.04,18100000.0,1695600000.0,1.0,122170592.0,121700000.0,123700000.0,121.17,5076200000.0,0.0,184500000.0,70600000.0,41.711,168600000.0
38,AN,MRT,2012-03-31,2012-03-31,2012-03-31,2021-10-21,0.0,6332400000.0,6058475000.0,2781800000.0,3550600000.0,2.34,12.035,-158300000.0,76300000.0,76300000.0,11837400000.0,285000000.0,1.045,3.038,1918900000.0,31700000.0,1887200000.0,1918900000.0,0.0,84200000.0,0.0,0.0,0.0,576400000.0,660600000.0,0.047,660600000.0,576400000.0,464000000.0,2.04,2.0,2.04,1568100000.0,1900925000.0,1568100000.0,6086623817.0,11.0,9.214,164700000.0,1.264,1.0,2340800000.0,0.165,1389700000.0,112400000.0,4123500000.0,3841150000.0,1984600000.0,0.0,0.0,0.0,4764300000.0,2661800000.0,2102500000.0,4526223817.0,-8000000.0,3700000.0,-875000000.0,675000000.0,0.0,-188500000.0,-142500000.0,400000.0,323000000.0,0.0,285000000.0,285000000.0,285000000.0,2400000.0,0.0,0.02,1758800000.0,582000000.0,2233500000.0,0.0,2.886,15.881,16.819,1960900000.0,0.0,34.31,0.319,0.315,518100000.0,2719600000.0,14178200000.0,14178200000.0,0.0,0.047,0.15,0.15,0.041,18300000.0,1674600000.0,1.0,131921417.0,130300000.0,132300000.0,108.812,4942700000.0,0.0,179000000.0,65500000.0,37.933,120000000.0
39,AN,MRT,2011-12-31,2011-12-31,2011-12-31,2021-10-21,0.0,6198800000.0,5947725000.0,2676200000.0,3522600000.0,2.326,13.084,-146100000.0,86600000.0,86600000.0,11528300000.0,281400000.0,1.087,2.272,1647000000.0,12600000.0,1634400000.0,1647000000.0,0.0,83700000.0,0.0,0.0,0.0,567200000.0,650900000.0,0.047,650900000.0,567200000.0,458500000.0,1.94,1.91,1.94,1894600000.0,2043550000.0,1894600000.0,6578146118.0,12.0,10.106,230300000.0,1.59,1.0,2304000000.0,0.167,1390000000.0,108700000.0,3906600000.0,3686225000.0,1809200000.0,0.0,0.0,0.0,4304200000.0,2462600000.0,1841600000.0,5158046118.0,-8500000.0,-59300000.0,-501800000.0,300300000.0,0.0,-178700000.0,-206200000.0,0.0,376400000.0,0.0,281400000.0,281400000.0,281400000.0,2800000.0,0.0,0.02,1733100000.0,570900000.0,2101200000.0,0.0,2.722,18.33,19.005,1950700000.0,0.0,36.87,0.373,0.386,587400000.0,2646600000.0,13832300000.0,13832300000.0,0.0,0.047,0.138,0.154,0.041,18400000.0,1649400000.0,1.0,139898186.0,144800000.0,147300000.0,95.527,4808800000.0,0.0,177100000.0,62300000.0,33.21,213600000.0
40,AN,MRT,2011-09-30,2011-09-30,2011-09-30,2021-10-21,0.0,5766800000.0,5891575000.0,2296000000.0,3470800000.0,2.274,14.023,-178300000.0,67300000.0,67300000.0,11130800000.0,279300000.0,1.063,1.848,1487400000.0,93200000.0,1394200000.0,1487400000.0,0.0,82300000.0,0.0,0.0,0.0,563700000.0,646000000.0,0.048,646000000.0,563700000.0,454700000.0,1.89,1.86,1.89,2024900000.0,2089625000.0,2024900000.0,6141668999.0,11.0,9.507,186900000.0,1.294,1.0,2269300000.0,0.169,1390200000.0,109000000.0,3636900000.0,3580575000.0,1601700000.0,0.0,0.0,0.0,3741900000.0,2159800000.0,1582100000.0,4778468999.0,-17200000.0,-58700000.0,-266000000.0,108800000.0,0.0,-140800000.0,-241600000.0,0.0,365200000.0,0.0,279300000.0,279300000.0,279300000.0,3100000.0,0.0,0.021,1710600000.0,558700000.0,1680300000.0,0.0,2.36,17.109,17.344,1919200000.0,0.0,32.78,0.357,0.353,402100000.0,2577200000.0,13400100000.0,13400100000.0,0.0,0.047,0.134,0.157,0.042,18000000.0,1629400000.0,1.0,145773917.0,144400000.0,147000000.0,92.798,4376600000.0,0.0,175400000.0,43600000.0,30.309,136200000.0
41,AN,MRT,2011-06-30,2011-06-30,2011-06-30,2021-10-21,0.0,5935900000.0,5882550000.0,2489100000.0,3446800000.0,2.238,14.356,-165500000.0,81800000.0,81800000.0,10928000000.0,265500000.0,1.126,1.805,1445000000.0,11900000.0,1433100000.0,1445000000.0,0.0,80100000.0,0.0,0.0,0.0,540900000.0,621000000.0,0.047,621000000.0,540900000.0,431100000.0,1.79,1.76,1.79,2116100000.0,2084700000.0,2116100000.0,6666759215.0,12.0,10.736,78700000.0,0.534,1.0,2239500000.0,0.17,1390000000.0,109800000.0,3697600000.0,3544050000.0,1780000000.0,0.0,0.0,0.0,3819800000.0,2211500000.0,1608300000.0,5414159215.0,-19800000.0,-115400000.0,-191500000.0,196400000.0,0.0,22100000.0,-286100000.0,0.0,244200000.0,0.0,265500000.0,265500000.0,265500000.0,4700000.0,0.0,0.02,1700600000.0,538900000.0,1870700000.0,0.0,2.559,20.392,20.453,1884300000.0,0.0,36.61,0.411,0.41,404600000.0,2506500000.0,13167500000.0,13167500000.0,0.0,0.045,0.127,0.153,0.041,16800000.0,1620900000.0,1.0,147887441.0,147400000.0,150000000.0,89.332,4545900000.0,0.0,165600000.0,32200000.0,30.841,277600000.0
42,AN,MRT,2011-03-31,2011-03-31,2011-03-31,2021-10-21,0.0,5889400000.0,5778100000.0,2450800000.0,3438600000.0,2.239,14.343,-154600000.0,84300000.0,84300000.0,10750100000.0,240800000.0,1.089,1.754,1336900000.0,8200000.0,1328700000.0,1336900000.0,0.0,78600000.0,0.0,0.0,0.0,500700000.0,579300000.0,0.045,579300000.0,500700000.0,393300000.0,1.59,1.57,1.59,2138600000.0,2048325000.0,2138600000.0,6526416104.0,13.0,11.266,181300000.0,1.216,1.0,2185400000.0,0.169,1388100000.0,107400000.0,3503800000.0,3479350000.0,1731700000.0,0.0,0.0,0.0,3750800000.0,2250100000.0,1500700000.0,5272816104.0,-76300000.0,-113500000.0,-464400000.0,305900000.0,0.0,-144800000.0,-267400000.0,500000.0,335900000.0,0.0,240800000.0,240800000.0,240800000.0,6100000.0,0.0,0.019,1664900000.0,520500000.0,1864000000.0,0.0,2.466,21.897,22.245,1880400000.0,0.0,35.37,0.408,0.408,425500000.0,2434600000.0,12935500000.0,12935500000.0,0.0,0.042,0.118,0.144,0.039,15800000.0,1586400000.0,1.0,149075943.0,149100000.0,151800000.0,86.757,4501300000.0,0.0,152500000.0,30500000.0,30.19,200700000.0
43,AN,MRT,2010-12-31,2010-12-31,2010-12-31,2021-10-21,0.0,5974200000.0,5681025000.0,2628800000.0,3345400000.0,2.193,13.25,-145000000.0,95100000.0,95100000.0,10333500000.0,226600000.0,1.096,1.874,1348700000.0,8100000.0,1340600000.0,1348700000.0,0.0,76800000.0,0.0,0.0,0.0,471200000.0,548000000.0,0.044,548000000.0,471200000.0,372600000.0,1.44,1.43,1.44,2078900000.0,2095500000.0,2078900000.0,5469614131.0,12.0,9.981,106800000.0,0.681,1.0,2127500000.0,0.171,1344400000.0,98600000.0,3484000000.0,3406950000.0,1867000000.0,0.0,0.0,0.0,3895300000.0,2399400000.0,1495900000.0,4173514131.0,-78400000.0,-60100000.0,-474500000.0,340900000.0,0.0,-130000000.0,-200200000.0,1300000.0,251800000.0,0.0,226600000.0,226600000.0,226600000.0,8700000.0,0.0,0.018,1628900000.0,498600000.0,2030400000.0,0.0,2.008,18.418,19.583,1838000000.0,0.0,28.2,0.335,0.355,462000000.0,2365200000.0,12461000000.0,12461000000.0,0.0,0.04,0.108,0.138,0.038,15900000.0,1552100000.0,1.0,147996955.0,156900000.0,158600000.0,79.42,4629800000.0,0.0,146000000.0,25900000.0,29.508,229400000.0
44,AN,MRT,2010-09-30,2010-09-30,2010-09-30,2021-10-21,0.0,5730700000.0,5539300000.0,2448500000.0,3282200000.0,2.168,13.595,-112000000.0,84500000.0,84500000.0,9952600000.0,221000000.0,1.116,1.858,1380600000.0,8000000.0,1372600000.0,1380600000.0,0.0,76000000.0,0.0,0.0,0.0,429300000.0,505300000.0,0.042,505300000.0,429300000.0,340100000.0,1.35,1.35,1.35,2005200000.0,2151575000.0,2005200000.0,4669265733.0,11.0,9.241,106300000.0,0.721,1.0,2056200000.0,0.171,1342600000.0,89200000.0,3490800000.0,3332300000.0,1739800000.0,0.0,0.0,0.0,3725500000.0,2193400000.0,1532100000.0,3403565733.0,-119800000.0,-60700000.0,-551900000.0,372200000.0,0.0,-174000000.0,-164100000.0,1600000.0,218300000.0,0.0,221000000.0,221000000.0,221000000.0,8000000.0,0.0,0.018,1595400000.0,460800000.0,1817000000.0,0.0,1.697,15.401,17.222,1780700000.0,0.0,23.25,0.283,0.286,392100000.0,2380300000.0,12008800000.0,12008800000.0,0.0,0.04,0.103,0.129,0.036,15600000.0,1519600000.0,1.0,146389924.0,147500000.0,149600000.0,81.416,4388100000.0,0.0,119100000.0,41100000.0,29.75,255100000.0
45,AN,MRT,2010-06-30,2010-06-30,2010-06-30,2021-10-21,-100000.0,5518100000.0,5380125000.0,2314000000.0,3204100000.0,2.161,12.172,-81000000.0,101600000.0,101600000.0,9605500000.0,229100000.0,1.138,1.8,1367300000.0,7900000.0,1359400000.0,1367300000.0,0.0,76500000.0,0.0,0.0,0.0,432000000.0,508500000.0,0.044,508500000.0,432000000.0,351900000.0,1.32,1.33,1.32,1970600000.0,2228100000.0,1970600000.0,4229972478.0,10.0,8.319,190100000.0,1.174,1.0,2020400000.0,0.174,1310800000.0,80100000.0,3438800000.0,3245025000.0,1580900000.0,0.0,0.0,0.0,3547500000.0,2034200000.0,1513300000.0,3280072478.0,-27300000.0,17700000.0,-534700000.0,290900000.0,0.0,-247700000.0,-50700000.0,3400000.0,271100000.0,0.0,229100000.0,229100000.0,229100000.0,5800000.0,0.0,0.02,1565600000.0,454800000.0,1666800000.0,0.0,1.665,14.317,14.773,1741900000.0,0.0,19.5,0.282,0.272,393900000.0,2323400000.0,11625900000.0,11625900000.0,0.0,0.043,0.103,0.133,0.037,15600000.0,1492200000.0,1.0,168208845.0,161900000.0,163200000.0,71.809,4207300000.0,0.0,122800000.0,35900000.0,25.987,279800000.0
46,AN,MRT,2010-03-31,2010-03-31,2010-03-31,2021-10-21,-100000.0,5501100000.0,5309900000.0,2331100000.0,3170000000.0,2.094,13.634,-61800000.0,160800000.0,160800000.0,9154200000.0,218600000.0,1.211,1.364,1110700000.0,7700000.0,1103000000.0,1110700000.0,0.0,75800000.0,0.0,0.0,0.0,416400000.0,492200000.0,0.044,492200000.0,416400000.0,340900000.0,1.24,1.25,1.24,2327300000.0,2308050000.0,2327300000.0,4021883267.0,10.0,8.171,253100000.0,1.483,1.0,1964800000.0,0.177,1311800000.0,75500000.0,3214200000.0,3193500000.0,1512400000.0,0.0,0.0,0.0,3173800000.0,1925000000.0,1248800000.0,3082983267.0,98900000.0,50700000.0,-148600000.0,-45900000.0,0.0,-215700000.0,-300000.0,3500000.0,314900000.0,0.0,218600000.0,218600000.0,218600000.0,20300000.0,0.0,0.02,1541700000.0,423100000.0,1594500000.0,0.0,1.325,14.103,14.581,1728000000.0,0.0,18.08,0.277,0.278,403300000.0,2276200000.0,11119000000.0,11119000000.0,0.0,0.041,0.095,0.13,0.037,15700000.0,1471200000.0,1.0,170518986.0,170700000.0,171700000.0,65.138,4189300000.0,0.0,122300000.0,29200000.0,24.542,406100000.0
47,AN,MRT,2009-12-31,2009-12-31,2009-12-31,2021-10-21,0.0,5407300000.0,5331100000.0,2268400000.0,3138900000.0,2.001,13.049,-63900000.0,173500000.0,173500000.0,8756200000.0,198000000.0,1.217,1.348,1112600000.0,7600000.0,1105000000.0,1112600000.0,0.0,76700000.0,0.0,0.0,0.0,392400000.0,469100000.0,0.044,469100000.0,392400000.0,314100000.0,1.12,1.12,1.12,2303200000.0,2285400000.0,2303200000.0,4251087020.0,11.0,9.062,305400000.0,1.73,1.0,1909800000.0,0.179,1297600000.0,78300000.0,3185400000.0,3203975000.0,1392800000.0,0.0,0.0,0.0,3104100000.0,1863400000.0,1240700000.0,3341187020.0,63400000.0,65700000.0,-111300000.0,-182800000.0,0.0,-319900000.0,14000000.0,5100000.0,369300000.0,0.0,198000000.0,198000000.0,198000000.0,35100000.0,0.0,0.019,1519700000.0,390100000.0,1526300000.0,0.0,1.451,16.875,17.098,1713600000.0,0.0,19.15,0.313,0.317,406400000.0,2221000000.0,10666000000.0,10666000000.0,0.0,0.037,0.087,0.122,0.037,13500000.0,1446900000.0,1.0,174474518.0,176500000.0,177300000.0,60.431,4109700000.0,0.0,116100000.0,24600000.0,23.284,405000000.0
48,AN,MRT,2009-09-30,2009-09-30,2009-09-30,2021-10-21,-200000.0,5094000000.0,5482800000.0,1921000000.0,3173000000.0,1.887,12.978,-42600000.0,204500000.0,204500000.0,8478600000.0,203400000.0,1.23,1.204,1114400000.0,7500000.0,1106900000.0,1114400000.0,0.0,77900000.0,0.0,0.0,0.0,395600000.0,473500000.0,0.046,473500000.0,395600000.0,297500000.0,1.13,1.13,1.13,2311300000.0,2259125000.0,2311300000.0,4222771515.0,11.0,8.918,423600000.0,2.378,1.0,1869900000.0,0.181,1300200000.0,98100000.0,3141700000.0,3258525000.0,1161100000.0,0.0,0.0,0.0,2782700000.0,1562000000.0,1220700000.0,3218671515.0,144000000.0,73300000.0,-36600000.0,-312200000.0,0.0,-381500000.0,59300000.0,7700000.0,466200000.0,0.0,203400000.0,203400000.0,203400000.0,41100000.0,0.0,0.02,1504000000.0,365900000.0,1209600000.0,0.0,1.393,15.824,16.0,1725800000.0,0.0,18.08,0.311,0.311,313200000.0,2159300000.0,10348500000.0,10348500000.0,0.0,0.037,0.09,0.121,0.038,14500000.0,1426800000.0,1.0,178023867.0,178100000.0,179200000.0,58.105,3793800000.0,0.0,94100000.0,0.0,21.302,359000000.0
49,AN,MRT,2009-06-30,2009-06-30,2009-06-30,2021-10-21,-400000.0,5237200000.0,5768850000.0,2045900000.0,3191300000.0,1.875,12.882,-70400000.0,128900000.0,128900000.0,8896700000.0,-1274300000.0,1.196,1.287,1133000000.0,13800000.0,1119200000.0,1133000000.0,0.0,80000000.0,0.0,0.0,0.0,-1357000000.0,-1277000000.0,-0.118,-1277000000.0,-1357000000.0,-1476500000.0,-7.22,-7.22,-7.22,2290400000.0,2213250000.0,2290400000.0,4151704958.0,-3.0,-3.251,513900000.0,2.89,1.0,1920100000.0,0.178,1297400000.0,119500000.0,3232700000.0,3385850000.0,1257900000.0,0.0,0.0,0.0,2946800000.0,1711200000.0,1235600000.0,3072804958.0,86200000.0,74800000.0,6800000.0,-474400000.0,0.0,-507500000.0,9400000.0,11900000.0,584300000.0,0.0,-1274300000.0,-1274300000.0,-1274300000.0,58600000.0,0.0,-0.118,3295700000.0,-1375600000.0,1329200000.0,0.0,1.342,-2.411,-2.403,1742800000.0,0.0,17.35,0.284,0.285,330600000.0,2094300000.0,10816800000.0,10816800000.0,0.0,-0.221,-0.576,-0.401,-0.125,17200000.0,1474600000.0,1.0,177106914.0,177800000.0,178800000.0,60.837,3939800000.0,0.0,-202200000.0,0.0,22.159,334700000.0
50,AN,MRT,2009-03-31,2009-03-31,2009-03-31,2021-10-21,-700000.0,5585900000.0,6547400000.0,2255000000.0,3330900000.0,1.815,12.651,-81100000.0,62000000.0,62000000.0,9830200000.0,-1259200000.0,1.077,1.497,1140900000.0,13900000.0,1127000000.0,1140900000.0,0.0,81100000.0,0.0,0.0,0.0,-1313300000.0,-1232200000.0,-0.104,-1232200000.0,-1313300000.0,-1454300000.0,-7.14,-7.14,-7.14,2236700000.0,2524425000.0,2236700000.0,3602623568.0,-3.0,-2.924,534900000.0,3.025,1.0,2052800000.0,0.173,1314200000.0,141000000.0,3256100000.0,3521025000.0,1553400000.0,0.0,0.0,0.0,3349200000.0,2094500000.0,1254700000.0,2454723568.0,27100000.0,42700000.0,-29900000.0,-500500000.0,0.0,-548200000.0,-40700000.0,10600000.0,616000000.0,0.0,-1259200000.0,-1259200000.0,-1259200000.0,45000000.0,0.0,-0.106,3387800000.0,-1335000000.0,1638800000.0,0.0,1.097,-1.949,-1.944,1854800000.0,0.0,13.88,0.207,0.207,336300000.0,2057600000.0,11883000000.0,11883000000.0,0.0,-0.192,-0.499,-0.373,-0.111,21000000.0,1563900000.0,1.0,176853283.0,176800000.0,177000000.0,67.212,4271700000.0,0.0,-195100000.0,0.0,24.161,160500000.0
51,AN,MRT,2008-12-31,2008-12-31,2008-12-31,2021-10-21,-700000.0,6014100000.0,7281725000.0,2723500000.0,3290600000.0,1.818,12.363,-86500000.0,110200000.0,110200000.0,11013700000.0,-1243100000.0,1.109,1.736,1258900000.0,33300000.0,1225600000.0,1258900000.0,0.0,84000000.0,0.0,0.0,0.0,-1263100000.0,-1179100000.0,-0.089,-1179100000.0,-1263100000.0,-1432300000.0,-6.99,-6.99,-6.99,2198100000.0,2840500000.0,2198100000.0,3100210436.0,-2.0,-2.629,597700000.0,3.362,1.0,2225000000.0,0.168,1303400000.0,169200000.0,3403600000.0,3733800000.0,1758100000.0,0.0,0.0,0.0,3816000000.0,2455800000.0,1360200000.0,1747310436.0,76900000.0,17400000.0,-57800000.0,-454900000.0,0.0,-532200000.0,-75100000.0,11000000.0,684200000.0,0.0,-1243100000.0,-1243100000.0,-1243100000.0,30800000.0,0.0,-0.094,3501200000.0,-1276200000.0,1948100000.0,0.0,0.795,-1.406,-1.413,1798900000.0,0.0,9.88,0.132,0.133,370200000.0,2023000000.0,13238700000.0,13238700000.0,0.0,-0.171,-0.438,-0.338,-0.095,21000000.0,1675100000.0,1.0,176853283.0,177800000.0,177800000.0,74.458,4710700000.0,0.0,-189200000.0,0.0,26.494,267700000.0
52,AN,MRT,2008-09-30,2008-09-30,2008-09-30,2021-10-21,-600000.0,6238200000.0,7898100000.0,2695900000.0,3542300000.0,1.775,12.042,-101300000.0,60800000.0,60800000.0,11702900000.0,-1258500000.0,1.031,1.932,1413700000.0,55700000.0,1358000000.0,1413700000.0,0.0,84000000.0,0.0,0.0,0.0,-1225000000.0,-1141000000.0,-0.081,-1141000000.0,-1225000000.0,-1409600000.0,-7.12,-7.13,-7.12,2127800000.0,3159350000.0,2127800000.0,3461637460.0,-3.0,-3.034,550500000.0,3.115,1.0,2317100000.0,0.165,1325400000.0,184600000.0,3651000000.0,3949475000.0,1967500000.0,0.0,0.0,0.0,4110400000.0,2614700000.0,1495700000.0,1985637460.0,29200000.0,21900000.0,-145900000.0,-392700000.0,0.0,-526000000.0,-96600000.0,9800000.0,651800000.0,0.0,-1258500000.0,-1258500000.0,-1258500000.0,20000000.0,0.0,-0.09,3534600000.0,-1217500000.0,2064200000.0,0.0,0.933,-1.578,-1.579,1970200000.0,0.0,11.24,0.142,0.142,467500000.0,1955900000.0,14020000000.0,14020000000.0,0.0,-0.159,-0.398,-0.31,-0.087,21500000.0,1709100000.0,1.0,176658137.0,176700000.0,176700000.0,79.344,4912800000.0,0.0,-151100000.0,0.0,27.803,81200000.0
53,AN,MRT,2008-06-30,2008-06-30,2008-06-30,2021-10-21,-200000.0,8351400000.0,8424300000.0,3102000000.0,5249400000.0,1.801,19.86,-114600000.0,42100000.0,42100000.0,12702600000.0,226300000.0,1.044,1.362,1518100000.0,37200000.0,1480900000.0,1518100000.0,0.0,84500000.0,0.0,0.0,0.0,586700000.0,671200000.0,0.044,671200000.0,586700000.0,378800000.0,1.24,1.23,1.24,3535100000.0,3496600000.0,3535100000.0,3453130339.0,6.0,5.145,455100000.0,2.557,1.0,2471400000.0,0.163,3084100000.0,207900000.0,3773400000.0,4068775000.0,2295400000.0,0.0,0.0,0.0,4816300000.0,2969900000.0,1846400000.0,1788930339.0,9800000.0,-4000000.0,-451200000.0,-8500000.0,0.0,-446100000.0,-113800000.0,10800000.0,569700000.0,0.0,226300000.0,226300000.0,226300000.0,7600000.0,0.0,0.015,1880000000.0,591400000.0,2437900000.0,0.0,0.506,7.905,8.081,1956300000.0,0.0,10.02,0.118,0.118,558600000.0,3368600000.0,15174000000.0,15174000000.0,0.0,0.027,0.065,0.144,0.039,19600000.0,1792500000.0,1.0,178535962.0,178000000.0,178700000.0,85.247,5267300000.0,0.0,152500000.0,224600000.0,29.592,132100000.0
54,AN,MRT,2008-03-31,2008-03-31,2008-03-31,2021-10-21,-100000.0,8523200000.0,8449550000.0,3269700000.0,5253500000.0,1.892,19.45,-131600000.0,34400000.0,34400000.0,13408200000.0,251800000.0,1.093,1.435,1698600000.0,30100000.0,1668500000.0,1698600000.0,0.0,85800000.0,0.0,0.0,0.0,638500000.0,724300000.0,0.045,724300000.0,638500000.0,412900000.0,1.32,1.31,1.32,3501000000.0,3547350000.0,3501000000.0,4437875673.0,7.0,6.127,162300000.0,0.902,1.0,2579100000.0,0.161,3089400000.0,225600000.0,4107200000.0,4115950000.0,2377100000.0,0.0,0.0,0.0,5022200000.0,2990800000.0,2031400000.0,2694875673.0,-10700000.0,18400000.0,-601100000.0,385000000.0,0.0,-205400000.0,-99200000.0,14000000.0,293900000.0,0.0,251800000.0,251800000.0,251800000.0,5900000.0,0.0,0.016,1936800000.0,642300000.0,2429800000.0,0.0,0.77,10.702,11.341,1963600000.0,0.0,14.97,0.169,0.169,641000000.0,3316800000.0,15987300000.0,15987300000.0,0.0,0.03,0.071,0.155,0.04,16100000.0,1848500000.0,1.0,180018415.0,180000000.0,180600000.0,88.818,5433800000.0,0.0,161100000.0,225000000.0,30.188,278900000.0
55,AN,MRT,2007-12-31,2007-12-31,2007-12-31,2021-10-21,-200000.0,8479600000.0,8410225000.0,3304800000.0,5174800000.0,1.948,17.516,-152400000.0,33000000.0,33000000.0,13742200000.0,278700000.0,1.139,1.441,1775800000.0,23900000.0,1751900000.0,1775800000.0,0.0,84000000.0,0.0,0.0,0.0,679800000.0,763800000.0,0.047,763800000.0,679800000.0,447600000.0,1.41,1.39,1.41,3473500000.0,3629775000.0,3473500000.0,4584165325.0,7.0,6.002,52700000.0,0.266,1.0,2643000000.0,0.161,3053600000.0,232200000.0,4266300000.0,4033100000.0,2258100000.0,0.0,0.0,0.0,5006100000.0,2902500000.0,2103600000.0,2880865325.0,-20900000.0,48400000.0,-547600000.0,382500000.0,0.0,-136400000.0,-89600000.0,9100000.0,205100000.0,0.0,278700000.0,278700000.0,278700000.0,5300000.0,0.0,0.017,1961700000.0,681300000.0,2331800000.0,0.0,0.829,10.337,11.106,1955000000.0,0.0,15.66,0.176,0.19,702900000.0,3266100000.0,16385200000.0,16385200000.0,0.0,0.033,0.077,0.169,0.041,15300000.0,1876400000.0,1.0,183963303.0,198300000.0,200000000.0,82.628,5426000000.0,0.0,168900000.0,220700000.0,27.363,402300000.0
56,AN,MRT,2007-09-30,2007-09-30,2007-09-30,2021-10-21,-200000.0,8343000000.0,8440675000.0,3111600000.0,5231400000.0,2.045,17.73,-156400000.0,28400000.0,28400000.0,14481600000.0,302200000.0,1.098,1.4,1731700000.0,79500000.0,1652200000.0,1731700000.0,0.0,83400000.0,0.0,0.0,0.0,720800000.0,804200000.0,0.047,804200000.0,720800000.0,485000000.0,1.47,1.46,1.47,3476800000.0,3689575000.0,3476800000.0,5077976525.0,7.0,6.314,-110700000.0,-0.565,1.0,2779100000.0,0.161,3085300000.0,235800000.0,4128200000.0,3971725000.0,2230100000.0,0.0,0.0,0.0,4866200000.0,2832800000.0,2033400000.0,3580576525.0,-4700000.0,-36900000.0,-489200000.0,606300000.0,0.0,137300000.0,-187700000.0,9400000.0,45700000.0,0.0,302200000.0,302200000.0,302200000.0,8700000.0,0.0,0.018,2051400000.0,727700000.0,2241800000.0,0.0,1.03,11.848,12.054,1964300000.0,0.0,17.72,0.207,0.201,669800000.0,3214400000.0,17260700000.0,17260700000.0,0.0,0.036,0.082,0.181,0.042,15100000.0,1971200000.0,1.0,202064138.0,196100000.0,197500000.0,88.02,5257700000.0,0.0,182800000.0,199800000.0,26.811,278800000.0
57,AN,MRT,2007-06-30,2007-06-30,2007-06-30,2021-10-21,-300000.0,8452400000.0,8450025000.0,3228000000.0,5224400000.0,2.083,18.076,-196400000.0,31200000.0,31200000.0,14772600000.0,311900000.0,1.117,1.261,1528600000.0,66000000.0,1462600000.0,1528600000.0,0.0,82200000.0,0.0,0.0,0.0,740800000.0,823000000.0,0.047,823000000.0,740800000.0,504200000.0,1.49,1.47,1.49,3738100000.0,3735475000.0,3738100000.0,6040591439.0,8.0,7.34,-83800000.0,-0.405,1.0,2829800000.0,0.161,3098600000.0,236600000.0,3962100000.0,3904050000.0,2346600000.0,0.0,0.0,0.0,4714300000.0,2889100000.0,1825200000.0,4708891439.0,-9500000.0,-56300000.0,-289200000.0,384300000.0,0.0,126600000.0,-248700000.0,4700000.0,112600000.0,0.0,311900000.0,311900000.0,311900000.0,7800000.0,0.0,0.018,2083500000.0,746300000.0,2331100000.0,0.0,1.26,15.097,15.06,1946100000.0,0.0,22.44,0.268,0.264,672600000.0,3142300000.0,17602400000.0,17602400000.0,0.0,0.037,0.083,0.19,0.042,14500000.0,2005900000.0,1.0,209843647.0,206800000.0,208600000.0,85.118,5353800000.0,0.0,192300000.0,203200000.0,25.889,338900000.0
58,AN,MRT,2007-03-31,2007-03-31,2007-03-31,2021-10-21,-200000.0,8365900000.0,8524875000.0,3146800000.0,5219100000.0,2.114,18.408,-190800000.0,42800000.0,42800000.0,15121200000.0,307300000.0,1.117,1.184,1374500000.0,20100000.0,1354400000.0,1374500000.0,0.0,81500000.0,0.0,0.0,0.0,737400000.0,818900000.0,0.045,818900000.0,737400000.0,498500000.0,1.45,1.42,1.45,3830700000.0,3721725000.0,3830700000.0,5960059521.0,8.0,7.278,128500000.0,0.617,1.0,2897000000.0,0.161,3103600000.0,238900000.0,3775800000.0,3879175000.0,2258200000.0,0.0,0.0,0.0,4535200000.0,2818200000.0,1717000000.0,4440759521.0,-218500000.0,-67800000.0,-1311400000.0,1010500000.0,0.0,-280600000.0,-257200000.0,3400000.0,319300000.0,0.0,307300000.0,307300000.0,307300000.0,7000000.0,0.0,0.017,2123900000.0,773100000.0,2292000000.0,0.0,1.159,14.451,14.648,1935800000.0,0.0,21.24,0.246,0.245,658400000.0,3065000000.0,18018200000.0,18018200000.0,0.0,0.036,0.083,0.19,0.041,13700000.0,2046900000.0,1.0,209075307.0,208100000.0,210700000.0,86.584,5262300000.0,0.0,191200000.0,208700000.0,25.287,328600000.0
59,AN,MRT,2006-12-31,2006-12-31,2006-12-31,2021-10-21,-400000.0,8601400000.0,8636125000.0,3448400000.0,5153000000.0,2.11,16.486,-167800000.0,52800000.0,52800000.0,15297900000.0,316900000.0,1.144,1.317,1571500000.0,13600000.0,1557900000.0,1571500000.0,0.0,80000000.0,0.0,0.0,0.0,749300000.0,829300000.0,0.046,829300000.0,749300000.0,526000000.0,1.41,1.38,1.41,3712700000.0,3963625000.0,3712700000.0,5901609834.0,8.0,7.116,131700000.0,0.585,1.0,2920600000.0,0.16,3084700000.0,223300000.0,4020800000.0,3637850000.0,2305000000.0,0.0,0.0,0.0,4888700000.0,3014600000.0,1874100000.0,4429409834.0,-197500000.0,-142700000.0,-1304900000.0,1104400000.0,0.0,-188200000.0,-308800000.0,6900000.0,299500000.0,0.0,316900000.0,316900000.0,316900000.0,12100000.0,0.0,0.017,2133200000.0,787400000.0,2421900000.0,0.0,1.193,13.977,15.121,1893800000.0,0.0,21.32,0.243,0.264,795000000.0,2989400000.0,18218500000.0,18218500000.0,0.0,0.037,0.08,0.206,0.041,15200000.0,2057900000.0,1.0,207758435.0,225200000.0,229300000.0,80.899,5516700000.0,0.0,209100000.0,225400000.0,24.497,433800000.0
60,AN,MRT,2006-09-30,2006-09-30,2006-09-30,2021-10-21,-300000.0,8380400000.0,8691900000.0,3284200000.0,5096200000.0,2.093,17.356,-206600000.0,29700000.0,29700000.0,15263000000.0,317000000.0,1.106,1.289,1501900000.0,39800000.0,1462100000.0,1501900000.0,0.0,78800000.0,0.0,0.0,0.0,741600000.0,820400000.0,0.045,820400000.0,741600000.0,533000000.0,1.34,1.31,1.34,3660400000.0,4202825000.0,3660400000.0,5909373925.0,8.0,7.203,322300000.0,1.528,1.0,2929500000.0,0.161,3026300000.0,208600000.0,3857500000.0,3319400000.0,2363800000.0,0.0,0.0,0.0,4720000000.0,2968800000.0,1751200000.0,4451473925.0,-250900000.0,-64400000.0,-1289000000.0,756600000.0,0.0,-537400000.0,-242400000.0,10600000.0,528900000.0,0.0,317000000.0,317000000.0,317000000.0,16400000.0,0.0,0.017,2145000000.0,784500000.0,2343700000.0,0.0,1.216,14.043,15.597,1897400000.0,0.0,20.9,0.245,0.242,713100000.0,2914200000.0,18192500000.0,18192500000.0,0.0,0.036,0.075,0.223,0.041,11900000.0,2067700000.0,1.0,212989183.0,210900000.0,215000000.0,86.261,5354100000.0,0.0,216000000.0,209600000.0,25.387,315400000.0
61,AN,MRT,2006-06-30,2006-06-30,2006-06-30,2021-10-21,800000.0,8751800000.0,8663075000.0,3744100000.0,5007700000.0,2.125,16.711,-126600000.0,35600000.0,35600000.0,15454800000.0,364500000.0,1.122,1.376,1493500000.0,40700000.0,1452800000.0,1493500000.0,0.0,77100000.0,0.0,0.0,0.0,770500000.0,847600000.0,0.046,847600000.0,770500000.0,585200000.0,1.44,1.41,1.44,3683100000.0,4437550000.0,3683100000.0,4875438595.0,6.0,5.752,427000000.0,1.937,1.0,2953700000.0,0.16,3010900000.0,185300000.0,3862600000.0,3100850000.0,2795700000.0,0.0,0.0,0.0,5068700000.0,3336200000.0,1732500000.0,4608438595.0,-14500000.0,-37600000.0,-1195400000.0,758800000.0,0.0,-443700000.0,-124400000.0,5200000.0,553600000.0,0.0,364500000.0,364500000.0,364500000.0,4100000.0,0.0,0.02,2153000000.0,800700000.0,2739800000.0,0.0,1.251,12.643,14.889,1824200000.0,0.0,21.44,0.25,0.257,734900000.0,2832400000.0,18408500000.0,18408500000.0,0.0,0.042,0.082,0.248,0.042,8700000.0,2075600000.0,1.0,214945830.0,220400000.0,225200000.0,83.523,5740900000.0,0.0,220700000.0,200300000.0,26.048,407900000.0
62,AN,MRT,2006-03-31,2006-03-31,2006-03-31,2021-10-21,100000.0,8810900000.0,8624875000.0,3824900000.0,4986000000.0,2.14,18.258,-132000000.0,256600000.0,256600000.0,15515100000.0,486600000.0,1.175,0.836,523600000.0,40500000.0,483100000.0,523600000.0,0.0,76500000.0,0.0,0.0,0.0,890400000.0,966900000.0,0.052,966900000.0,890400000.0,722900000.0,1.85,1.82,1.85,4798300000.0,4635900000.0,4798300000.0,5938557461.0,7.0,6.142,429700000.0,1.635,1.0,2944700000.0,0.16,3012300000.0,167500000.0,2810500000.0,2905125000.0,2673600000.0,0.0,0.0,0.0,4012600000.0,3255100000.0,757500000.0,5657357461.0,224900000.0,-37200000.0,-44100000.0,-173600000.0,0.0,-213300000.0,-123500000.0,-9800000.0,561700000.0,0.0,486600000.0,486600000.0,486600000.0,-85000000.0,0.0,0.026,2146400000.0,798300000.0,2622400000.0,0.0,1.179,11.626,11.649,1816100000.0,0.0,21.55,0.306,0.307,684400000.0,2759700000.0,18459800000.0,18459800000.0,0.0,0.056,0.105,0.306,0.048,4500000.0,2069600000.0,1.0,262522388.0,262800000.0,267400000.0,70.243,5798600000.0,0.0,236300000.0,197900000.0,22.065,569800000.0
63,AN,MRT,2005-12-31,2005-12-31,2005-12-31,2021-10-21,1800000.0,8824500000.0,8607400000.0,3940100000.0,4884400000.0,2.127,17.775,-130000000.0,245700000.0,245700000.0,15395600000.0,496500000.0,1.155,0.89,525000000.0,40600000.0,484400000.0,525000000.0,0.0,76900000.0,0.0,0.0,0.0,887800000.0,964700000.0,0.053,964700000.0,887800000.0,722200000.0,1.89,1.85,1.89,4669500000.0,4516925000.0,4669500000.0,6099313296.0,7.0,6.322,449600000.0,1.711,1.0,2914700000.0,0.159,2944600000.0,165600000.0,2747000000.0,2934675000.0,2584600000.0,0.0,0.0,0.0,4155000000.0,3412200000.0,742800000.0,5701713296.0,134600000.0,39100000.0,-124300000.0,-278100000.0,0.0,-403200000.0,-41800000.0,-10500000.0,579600000.0,0.0,496500000.0,496500000.0,496500000.0,-103900000.0,0.0,0.027,2120400000.0,794300000.0,2654800000.0,0.0,1.221,11.484,11.497,1785900000.0,0.0,21.73,0.311,0.312,775000000.0,2672500000.0,18310300000.0,18310300000.0,0.0,0.058,0.11,0.303,0.048,0.0,2043400000.0,1.0,262389015.0,262700000.0,268000000.0,69.7,5879900000.0,0.0,225700000.0,186200000.0,22.383,527900000.0
64,AN,MRT,2005-09-30,2005-09-30,2005-09-30,2021-10-21,1500000.0,8265100000.0,8576000000.0,3310300000.0,4954800000.0,2.169,17.581,-109200000.0,277500000.0,277500000.0,15655900000.0,582900000.0,1.218,0.797,675100000.0,13700000.0,661400000.0,675100000.0,0.0,80100000.0,0.0,0.0,0.0,953500000.0,1033600000.0,0.056,1033600000.0,953500000.0,791200000.0,2.21,2.17,2.21,4599300000.0,4415325000.0,4599300000.0,5848374169.0,6.0,5.658,565000000.0,2.16,1.0,2946900000.0,0.158,2961000000.0,162300000.0,2983300000.0,3009325000.0,2203500000.0,0.0,0.0,0.0,3665800000.0,2718400000.0,947400000.0,5218874169.0,182900000.0,5700000.0,-130400000.0,-290300000.0,0.0,-421200000.0,-70700000.0,-15800000.0,674200000.0,0.0,582900000.0,582900000.0,582900000.0,-154200000.0,0.0,0.031,2136900000.0,810000000.0,2154500000.0,0.0,1.135,8.953,9.036,1819200000.0,0.0,19.97,0.281,0.281,654000000.0,2597200000.0,18602800000.0,18602800000.0,0.0,0.068,0.132,0.317,0.051,0.0,2052000000.0,1.0,261335712.0,261600000.0,267200000.0,71.112,5304100000.0,0.0,208300000.0,209700000.0,20.276,591900000.0
65,AN,MRT,2005-06-30,2005-06-30,2005-06-30,2021-10-21,800000.0,8599000000.0,8658225000.0,3645500000.0,4953500000.0,2.134,17.066,-128400000.0,47800000.0,47800000.0,15575000000.0,546000000.0,1.141,0.921,677300000.0,14500000.0,662800000.0,677300000.0,0.0,81000000.0,0.0,0.0,0.0,914700000.0,995700000.0,0.054,995700000.0,914700000.0,753700000.0,2.07,2.03,2.07,4476500000.0,4293750000.0,4476500000.0,6047979538.0,7.0,6.074,411500000.0,1.569,1.0,2905500000.0,0.157,2954000000.0,161000000.0,3079700000.0,2986675000.0,2623600000.0,0.0,0.0,0.0,4122500000.0,3194800000.0,927700000.0,5390279538.0,-14400000.0,-1600000.0,-180500000.0,-280900000.0,0.0,-460000000.0,-94700000.0,-8300000.0,539900000.0,0.0,546000000.0,546000000.0,546000000.0,-142200000.0,0.0,0.03,2119600000.0,785900000.0,2630900000.0,0.0,1.204,9.872,9.913,1830100000.0,0.0,20.52,0.292,0.291,775100000.0,2467800000.0,18480500000.0,18480500000.0,0.0,0.063,0.127,0.306,0.049,0.0,2034300000.0,1.0,262684188.0,262300000.0,267800000.0,70.456,5645000000.0,0.0,207700000.0,193700000.0,21.521,450700000.0
66,AN,MRT,2005-03-31,2005-03-31,2005-03-31,2021-10-21,1200000.0,8741000000.0,8838200000.0,3751300000.0,4989700000.0,2.079,16.342,-126000000.0,28700000.0,28700000.0,15491300000.0,443300000.0,1.071,1.022,686400000.0,14300000.0,672100000.0,686400000.0,0.0,80300000.0,0.0,0.0,0.0,805500000.0,885800000.0,0.048,885800000.0,805500000.0,648000000.0,1.67,1.64,1.67,4322400000.0,4195375000.0,4322400000.0,5737251563.0,7.0,6.477,445100000.0,1.683,1.0,2881700000.0,0.157,2967800000.0,157500000.0,2928700000.0,3727825000.0,2856500000.0,0.0,0.0,0.0,4418600000.0,3502200000.0,916400000.0,5031851563.0,-7400000.0,-79100000.0,-145100000.0,-283100000.0,0.0,-429200000.0,-149500000.0,5500000.0,571100000.0,0.0,443300000.0,443300000.0,443300000.0,-49900000.0,0.0,0.024,2110800000.0,770900000.0,2837700000.0,0.0,1.164,11.351,11.341,1819000000.0,0.0,18.94,0.274,0.273,711800000.0,2273000000.0,18373000000.0,18373000000.0,0.0,0.05,0.106,0.216,0.044,0.0,2026800000.0,1.0,265673261.0,264500000.0,270300000.0,69.463,5773200000.0,0.0,204700000.0,175000000.0,21.827,249100000.0
67,AN,MRT,2004-12-31,2004-12-31,2004-12-31,2021-10-21,-1500000.0,8698900000.0,8909850000.0,3748400000.0,4950500000.0,2.065,15.985,-129600000.0,108200000.0,108200000.0,15533000000.0,433600000.0,1.099,1.041,812600000.0,14900000.0,797700000.0,812600000.0,0.0,79200000.0,0.0,0.0,0.0,793000000.0,872200000.0,0.047,872200000.0,793000000.0,642000000.0,1.63,1.59,1.63,4263100000.0,4112375000.0,4263100000.0,5809038340.0,7.0,6.66,432400000.0,1.621,1.0,2867500000.0,0.156,2946700000.0,151000000.0,3045600000.0,4450825000.0,2576000000.0,0.0,0.0,0.0,4435800000.0,3411000000.0,1024800000.0,5082438340.0,-68500000.0,-178500000.0,-142600000.0,-157100000.0,0.0,-300500000.0,-330000000.0,4800000.0,562000000.0,0.0,433600000.0,433600000.0,433600000.0,-40700000.0,0.0,0.024,2114100000.0,753400000.0,2634900000.0,0.0,1.192,11.721,11.785,1796200000.0,0.0,19.21,0.276,0.278,760000000.0,2176000000.0,18400500000.0,18400500000.0,0.0,0.049,0.105,0.178,0.043,0.0,2029800000.0,1.0,264572532.0,266700000.0,272500000.0,68.993,5752200000.0,0.0,208400000.0,156800000.0,21.568,337400000.0
68,AN,MRT,2004-09-30,2004-09-30,2004-09-30,2021-10-21,-3700000.0,8594000000.0,8940900000.0,3575700000.0,5018300000.0,2.038,15.486,-125300000.0,90800000.0,90800000.0,15397500000.0,350900000.0,1.044,1.089,817400000.0,14700000.0,802700000.0,817400000.0,0.0,73300000.0,0.0,0.0,0.0,708800000.0,782100000.0,0.043,782100000.0,708800000.0,564000000.0,1.3,1.28,1.3,4113000000.0,4034025000.0,4113000000.0,8492367796.0,12.0,10.858,537700000.0,2.024,1.0,2823800000.0,0.155,3003600000.0,144800000.0,2892700000.0,4386275000.0,2647100000.0,0.0,0.0,0.0,4481000000.0,3424300000.0,1056700000.0,4553567796.0,52400000.0,-134700000.0,-216500000.0,-45300000.0,0.0,-260200000.0,-351300000.0,-104300000.0,663000000.0,0.0,350900000.0,350900000.0,350900000.0,20000000.0,0.0,0.019,2106300000.0,717500000.0,2622600000.0,0.0,1.107,12.977,13.138,1803200000.0,0.0,17.08,0.25,0.249,694700000.0,2014200000.0,18221300000.0,18221300000.0,0.0,0.039,0.087,0.162,0.039,0.0,2024700000.0,1.0,266602330.0,265600000.0,270600000.0,68.604,5590400000.0,0.0,213100000.0,175000000.0,21.048,151400000.0
69,AN,MRT,2004-06-30,2004-06-30,2004-06-30,2021-10-21,-1200000.0,9318900000.0,8848150000.0,4273900000.0,5045000000.0,2.081,15.281,-129100000.0,56800000.0,56800000.0,15555700000.0,367300000.0,1.017,1.282,3995600000.0,3188900000.0,806700000.0,3995600000.0,0.0,70900000.0,0.0,0.0,0.0,724000000.0,794900000.0,0.043,794900000.0,724000000.0,584200000.0,1.35,1.32,1.35,4083000000.0,3995450000.0,4083000000.0,8329715697.0,12.0,10.479,228500000.0,0.855,1.0,2859500000.0,0.155,3010300000.0,139800000.0,6044300000.0,4969750000.0,3357600000.0,0.0,0.0,0.0,5235900000.0,4203100000.0,1032800000.0,4572015697.0,-181900000.0,-138800000.0,-200400000.0,-45900000.0,0.0,-244700000.0,-295400000.0,-53900000.0,357600000.0,0.0,367300000.0,367300000.0,367300000.0,17400000.0,0.0,0.02,2130000000.0,729500000.0,165900000.0,0.0,1.12,12.448,12.667,1809300000.0,0.0,17.1,0.248,0.248,726200000.0,1921800000.0,18415200000.0,18415200000.0,0.0,0.042,0.092,0.146,0.039,0.0,2051800000.0,1.0,267369339.0,267200000.0,273200000.0,68.919,6308600000.0,0.0,216900000.0,148800000.0,23.61,70800000.0
70,AN,MRT,2004-03-31,2004-03-31,2004-03-31,2021-10-21,-6800000.0,9027600000.0,8751250000.0,4035800000.0,4991800000.0,2.12,14.818,-118200000.0,31100000.0,31100000.0,15674400000.0,381500000.0,1.007,1.262,3788800000.0,2981100000.0,807700000.0,3788800000.0,0.0,68800000.0,0.0,0.0,0.0,746200000.0,815000000.0,0.044,815000000.0,746200000.0,606400000.0,1.39,1.35,1.39,3990400000.0,3946075000.0,3990400000.0,8046784734.0,11.0,9.873,268800000.0,0.998,1.0,2879700000.0,0.155,2956500000.0,139800000.0,5820700000.0,4792225000.0,3140800000.0,0.0,0.0,0.0,5037200000.0,4008100000.0,1029100000.0,4583384734.0,-156700000.0,-64600000.0,-310800000.0,-15000000.0,0.0,-326300000.0,-217600000.0,-41000000.0,387000000.0,0.0,381500000.0,381500000.0,381500000.0,13300000.0,0.0,0.021,2138600000.0,741100000.0,174700000.0,0.0,1.149,12.014,12.266,1793100000.0,0.0,17.05,0.247,0.247,736800000.0,1829700000.0,18554100000.0,18554100000.0,0.0,0.044,0.097,0.156,0.04,0.0,2062200000.0,1.0,268820219.0,269300000.0,275700000.0,68.898,6071100000.0,0.0,224900000.0,140700000.0,22.544,27700000.0
71,AN,MRT,2003-12-31,2003-12-31,2003-12-31,2021-10-21,-3200000.0,8823100000.0,8698950000.0,4038100000.0,4785000000.0,2.101,14.131,-120900000.0,173400000.0,173400000.0,15436500000.0,479200000.0,1.06,1.234,824400000.0,15900000.0,808500000.0,824400000.0,0.0,67600000.0,0.0,0.0,0.0,710300000.0,777900000.0,0.043,777900000.0,710300000.0,572000000.0,1.71,1.67,1.71,3949700000.0,3923825000.0,3949700000.0,7992521008.0,11.0,10.274,360400000.0,1.289,1.0,2843600000.0,0.156,2877400000.0,138300000.0,2787400000.0,4656975000.0,2849200000.0,0.0,0.0,0.0,4873400000.0,3809300000.0,1064100000.0,5053121008.0,-8000000.0,-10500000.0,-457100000.0,49100000.0,0.0,-415700000.0,-73600000.0,-26900000.0,481300000.0,0.0,479200000.0,479200000.0,479200000.0,24900000.0,0.0,0.026,2114100000.0,729500000.0,2915800000.0,0.0,1.279,10.545,10.743,1666400000.0,0.0,18.37,0.276,0.281,754800000.0,1742400000.0,18280100000.0,18280100000.0,0.0,0.055,0.122,0.153,0.039,0.0,2043600000.0,1.0,275074633.0,279500000.0,287000000.0,65.403,5945700000.0,0.0,92800000.0,176600000.0,21.273,228800000.0
72,AN,MRT,2003-09-30,2003-09-30,2003-09-30,2021-10-21,-4800000.0,8223000000.0,8618850000.0,3271200000.0,4951800000.0,2.125,14.374,-118900000.0,33700000.0,33700000.0,15440000000.0,479500000.0,1.11,1.077,2973100000.0,2247400000.0,725700000.0,2973100000.0,0.0,67500000.0,0.0,0.0,0.0,722500000.0,790000000.0,0.043,790000000.0,722500000.0,583400000.0,1.68,1.64,1.68,3958700000.0,3913950000.0,3958700000.0,7933070651.0,11.0,10.042,304700000.0,1.106,1.0,2878800000.0,0.157,2988100000.0,139100000.0,5226600000.0,5311600000.0,2373900000.0,0.0,0.0,0.0,4264300000.0,2947700000.0,1316600000.0,4824370651.0,-136800000.0,-28300000.0,-551100000.0,90300000.0,0.0,-482100000.0,-71300000.0,81500000.0,423600000.0,0.0,479500000.0,479500000.0,479500000.0,11800000.0,0.0,0.026,2149400000.0,729400000.0,165700000.0,0.0,1.219,10.061,10.44,1709000000.0,0.0,17.54,0.263,0.264,750300000.0,1663300000.0,18318800000.0,18318800000.0,0.0,0.056,0.123,0.136,0.039,0.0,2087000000.0,1.0,275049638.0,275400000.0,286600000.0,66.517,5234900000.0,0.0,103900000.0,503200000.0,19.008,323500000.0
73,AN,MRT,2003-06-30,2003-06-30,2003-06-30,2021-10-21,-2400000.0,8931300000.0,8612925000.0,4028300000.0,4903000000.0,2.133,13.917,-128100000.0,235400000.0,235400000.0,15491700000.0,477400000.0,1.083,1.299,3344100000.0,2614300000.0,729800000.0,3344100000.0,0.0,68600000.0,0.0,0.0,0.0,720900000.0,789500000.0,0.043,789500000.0,720900000.0,583900000.0,1.62,1.59,1.62,3885500000.0,3929300000.0,3885500000.0,7512161562.0,10.0,9.515,643900000.0,2.306,1.0,2878200000.0,0.157,2985300000.0,137000000.0,5334200000.0,5260525000.0,2809300000.0,0.0,0.0,0.0,5045800000.0,3720500000.0,1325300000.0,4422661562.0,134500000.0,-57900000.0,-549500000.0,90800000.0,0.0,-479900000.0,-150400000.0,134800000.0,772000000.0,0.0,477400000.0,477400000.0,477400000.0,11100000.0,0.0,0.026,2154500000.0,723700000.0,174800000.0,0.0,1.138,9.264,9.704,1704400000.0,0.0,15.72,0.241,0.239,844900000.0,1554500000.0,18369900000.0,18369900000.0,0.0,0.055,0.121,0.137,0.039,0.0,2097000000.0,1.0,281339794.0,279200000.0,285200000.0,65.795,5946000000.0,0.0,106500000.0,868700000.0,21.297,307800000.0
74,AN,MRT,2003-03-31,2003-03-31,2003-03-31,2021-10-21,2100000.0,8818400000.0,8505975000.0,3849000000.0,4969400000.0,2.164,13.435,-128300000.0,185700000.0,185700000.0,15531500000.0,474900000.0,1.057,1.26,3275200000.0,2577100000.0,698100000.0,3275200000.0,0.0,69100000.0,0.0,0.0,0.0,706600000.0,775700000.0,0.042,775700000.0,706600000.0,579000000.0,1.56,1.54,1.56,3901400000.0,3947650000.0,3901400000.0,6473610928.0,9.0,8.346,550200000.0,1.895,1.0,2878600000.0,0.156,2987300000.0,127600000.0,5279700000.0,5281350000.0,2803500000.0,0.0,0.0,0.0,4917000000.0,3640900000.0,1276100000.0,3696010928.0,79000000.0,-72600000.0,-487200000.0,59500000.0,0.0,-446600000.0,-145300000.0,159200000.0,678500000.0,0.0,474900000.0,474900000.0,474900000.0,10800000.0,0.0,0.026,2165400000.0,713200000.0,159700000.0,0.0,0.947,7.783,8.173,1703700000.0,0.0,12.75,0.201,0.201,715400000.0,1448200000.0,18410100000.0,18410100000.0,0.0,0.056,0.12,0.134,0.038,0.0,2107300000.0,1.0,289883210.0,290400000.0,294200000.0,63.396,5831100000.0,0.0,104100000.0,835900000.0,20.08,208100000.0
75,AN,MRT,2002-12-31,2002-12-31,2002-12-31,2021-10-21,4200000.0,8502700000.0,8387775000.0,3629100000.0,4873600000.0,2.23,12.347,-133100000.0,176200000.0,176200000.0,15791100000.0,381600000.0,1.218,1.174,2953800000.0,2311100000.0,642700000.0,2953800000.0,0.0,67900000.0,0.0,0.0,0.0,739400000.0,807300000.0,0.043,807300000.0,739400000.0,617100000.0,1.2,1.19,1.2,3910200000.0,3948050000.0,3910200000.0,6224114711.0,8.0,7.71,494400000.0,1.561,1.0,2910400000.0,0.156,2893700000.0,122300000.0,5405900000.0,5259650000.0,2598400000.0,0.0,0.0,0.0,4592500000.0,2980700000.0,1611800000.0,3928814711.0,46900000.0,-166500000.0,-311200000.0,-4000000.0,0.0,-327000000.0,-245200000.0,159900000.0,627500000.0,0.0,381600000.0,381600000.0,381600000.0,-1500000.0,0.0,0.02,2189800000.0,720600000.0,163300000.0,0.0,1.005,10.296,10.467,1678400000.0,0.0,12.56,0.21,0.213,759800000.0,1263200000.0,18701500000.0,18701500000.0,0.0,0.045,0.097,0.141,0.04,0.0,2132400000.0,1.0,312803719.0,316700000.0,321500000.0,59.051,5609000000.0,0.0,235500000.0,865300000.0,17.711,648400000.0
76,AN,MRT,2002-09-30,2002-09-30,2002-09-30,2021-10-21,5600000.0,8199300000.0,8278450000.0,3245200000.0,4954100000.0,2.429,12.654,-153300000.0,169700000.0,169700000.0,16961000000.0,309100000.0,1.302,1.04,2465000000.0,1827100000.0,637900000.0,2465000000.0,0.0,93600000.0,0.0,0.0,0.0,740700000.0,834300000.0,0.041,834300000.0,740700000.0,508800000.0,0.98,0.95,0.98,4020100000.0,3927475000.0,4020100000.0,6357999730.0,9.0,7.621,320000000.0,1.007,1.0,3144900000.0,0.156,2980300000.0,231900000.0,5022300000.0,5170650000.0,2251700000.0,0.0,0.0,0.0,4179200000.0,2492000000.0,1687200000.0,3666499730.0,80600000.0,-170800000.0,-186400000.0,22300000.0,0.0,-164000000.0,-225800000.0,147500000.0,473300000.0,0.0,309100000.0,309100000.0,309100000.0,12700000.0,0.0,0.015,2381100000.0,763800000.0,147900000.0,0.0,0.912,11.862,11.755,1633700000.0,0.0,11.52,0.182,0.182,723800000.0,1183800000.0,20105900000.0,20105900000.0,0.0,0.037,0.079,0.143,0.037,0.0,2230200000.0,1.0,318272546.0,317700000.0,321900000.0,63.286,5219000000.0,0.0,199700000.0,933900000.0,16.427,753200000.0
77,AN,MRT,2002-06-30,2002-06-30,2002-06-30,2021-10-21,4400000.0,8503500000.0,8266900000.0,3500300000.0,5003200000.0,2.41,12.352,-145100000.0,100200000.0,100200000.0,16829000000.0,281600000.0,1.24,1.148,2791700000.0,2151100000.0,640600000.0,2791700000.0,0.0,113500000.0,0.0,0.0,0.0,677400000.0,790900000.0,0.04,790900000.0,677400000.0,465900000.0,0.88,0.86,0.88,3958900000.0,3892075000.0,3958900000.0,7241117314.0,11.0,9.156,387000000.0,1.207,1.0,3094000000.0,0.155,2954000000.0,211500000.0,5417500000.0,5185250000.0,2507300000.0,0.0,0.0,0.0,4544600000.0,2823500000.0,1721100000.0,4662117314.0,71700000.0,-190400000.0,-195300000.0,-57500000.0,0.0,-252800000.0,-205400000.0,-50200000.0,532100000.0,0.0,281600000.0,281600000.0,281600000.0,12700000.0,0.0,0.014,2391800000.0,702200000.0,152400000.0,0.0,1.178,16.556,16.477,1612800000.0,0.0,14.5,0.234,0.233,795100000.0,1077100000.0,19923000000.0,19923000000.0,0.0,0.034,0.072,0.131,0.034,0.0,2216300000.0,1.0,321525332.0,320500000.0,328800000.0,62.162,5549500000.0,0.0,184300000.0,920300000.0,17.315,676800000.0
78,AN,MRT,2002-03-31,2002-03-31,2002-03-31,2021-10-21,700000.0,8345600000.0,8227475000.0,3321200000.0,5024400000.0,2.413,12.144,-140100000.0,105500000.0,105500000.0,16804400000.0,264100000.0,1.194,1.138,2684500000.0,2040200000.0,644300000.0,2684500000.0,0.0,132600000.0,0.0,0.0,0.0,628600000.0,761200000.0,0.038,761200000.0,628600000.0,439300000.0,0.82,0.8,0.82,3903000000.0,3866975000.0,3903000000.0,6918171582.0,11.0,9.089,400900000.0,1.247,1.0,3048000000.0,0.154,2949800000.0,189300000.0,5192900000.0,5203975000.0,2363100000.0,0.0,0.0,0.0,4442600000.0,2781900000.0,1660700000.0,4490371582.0,20100000.0,-136700000.0,-165200000.0,-186400000.0,0.0,-351800000.0,-167900000.0,-64900000.0,541000000.0,0.0,264100000.0,264100000.0,264100000.0,12700000.0,0.0,0.013,2413700000.0,634300000.0,162400000.0,0.0,1.15,17.003,17.049,1606300000.0,0.0,13.98,0.226,0.226,808300000.0,973300000.0,19852400000.0,19852400000.0,0.0,0.032,0.068,0.121,0.032,0.0,2205200000.0,1.0,321199684.0,321400000.0,325900000.0,61.769,5395800000.0,0.0,175200000.0,855600000.0,16.788,539300000.0
79,AN,MRT,2001-12-31,2001-12-31,2001-12-31,2021-10-21,1600000.0,8065400000.0,8311125000.0,3152500000.0,4912900000.0,2.405,11.481,-130100000.0,128100000.0,128100000.0,16988700000.0,232300000.0,1.223,1.107,2555900000.0,1908600000.0,647300000.0,2555900000.0,0.0,151900000.0,0.0,0.0,0.0,558500000.0,710400000.0,0.036,710400000.0,558500000.0,388100000.0,0.7,0.69,0.7,3827900000.0,3842075000.0,3827900000.0,6458546846.0,12.0,9.091,410000000.0,1.23,1.0,3000600000.0,0.15,2865200000.0,170400000.0,5049900000.0,5352575000.0,2178500000.0,0.0,0.0,0.0,4237500000.0,2578100000.0,1659400000.0,4006846846.0,43500000.0,-30800000.0,-247700000.0,-205300000.0,0.0,-453100000.0,-43500000.0,-72700000.0,540100000.0,0.0,232300000.0,232300000.0,232300000.0,12700000.0,0.0,0.012,2433900000.0,566700000.0,149700000.0,0.0,1.047,17.249,17.614,1583300000.0,0.0,12.33,0.2,0.206,802200000.0,881600000.0,19989300000.0,19989300000.0,0.0,0.028,0.06,0.104,0.028,0.0,2207200000.0,1.0,324967303.0,333400000.0,335200000.0,59.956,5200200000.0,0.0,155800000.0,853800000.0,15.597,574400000.0
80,AN,MRT,2001-09-30,2001-09-30,2001-09-30,2021-10-21,2000000.0,8153100000.0,8511600000.0,3382700000.0,4770400000.0,2.295,11.71,-180000000.0,89100000.0,89100000.0,16680000000.0,299100000.0,1.28,1.102,2540800000.0,1929500000.0,611300000.0,2540800000.0,0.0,143500000.0,0.0,0.0,0.0,580600000.0,724100000.0,0.037,724100000.0,580600000.0,486700000.0,0.87,0.87,0.87,3878500000.0,3845725000.0,3878500000.0,5705023010.0,10.0,7.879,321800000.0,0.972,1.0,2854600000.0,0.146,2881100000.0,93900000.0,5080700000.0,5588875000.0,2248800000.0,226800000.0,0.0,226800000.0,4274600000.0,2643000000.0,1631600000.0,2922923010.0,-46700000.0,6500000.0,-261600000.0,-318000000.0,0.0,-580800000.0,35900000.0,-26700000.0,501800000.0,0.0,299100000.0,299100000.0,299100000.0,-11300000.0,0.0,0.015,2319600000.0,535000000.0,141200000.0,0.0,0.754,9.772,10.103,1545300000.0,0.0,8.79,0.15,0.149,980200000.0,874700000.0,19534600000.0,19534600000.0,0.0,0.035,0.078,0.104,0.03,0.0,2176700000.0,1.0,332528215.0,331200000.0,333400000.0,58.981,5272000000.0,0.0,187600000.0,890900000.0,15.918,739700000.0
81,AN,MRT,2001-06-30,2001-06-30,2001-06-30,2021-10-21,200000.0,8345800000.0,8600625000.0,3775100000.0,4570700000.0,2.309,11.528,-136500000.0,26100000.0,26100000.0,16961700000.0,313000000.0,1.364,1.163,2808200000.0,2117500000.0,690700000.0,2808200000.0,0.0,140100000.0,0.0,0.0,0.0,650100000.0,790200000.0,0.04,790200000.0,650100000.0,505800000.0,0.89,0.89,0.89,3858500000.0,3840100000.0,3858500000.0,6938036847.0,11.0,8.78,393200000.0,1.175,1.0,2900200000.0,0.146,2866900000.0,144300000.0,5492400000.0,5718000000.0,2439300000.0,31600000.0,0.0,31600000.0,4487300000.0,2768600000.0,1718700000.0,3894236847.0,-128500000.0,58000000.0,-209500000.0,-595000000.0,0.0,-805200000.0,147000000.0,165600000.0,529700000.0,0.0,313000000.0,313000000.0,313000000.0,-11300000.0,0.0,0.016,2307800000.0,592400000.0,141700000.0,0.0,1.009,12.442,13.034,1523700000.0,0.0,11.6,0.196,0.195,1071400000.0,795500000.0,19861900000.0,19861900000.0,0.0,0.036,0.082,0.114,0.033,0.0,2169200000.0,1.0,335710073.0,334700000.0,337000000.0,59.342,5478900000.0,0.0,192800000.0,885000000.0,16.37,1006500000.0
82,AN,MRT,2001-03-31,2001-03-31,2001-03-31,2021-10-21,400000.0,8680200000.0,8743250000.0,4055600000.0,4624600000.0,2.317,11.063,-107900000.0,83000000.0,83000000.0,17295300000.0,327500000.0,1.337,1.282,3126800000.0,2301500000.0,825300000.0,3126800000.0,0.0,136300000.0,0.0,0.0,0.0,720800000.0,857100000.0,0.042,857100000.0,720800000.0,523000000.0,0.91,0.91,0.91,3803400000.0,3816675000.0,3803400000.0,6226022874.0,9.0,7.264,288900000.0,0.84,1.0,2961100000.0,0.146,2902500000.0,197800000.0,5787300000.0,5835700000.0,2597400000.0,32900000.0,0.0,32900000.0,4876800000.0,3034200000.0,1842600000.0,3034322874.0,-164400000.0,-47300000.0,-178900000.0,-410600000.0,0.0,-591400000.0,98100000.0,214500000.0,396800000.0,0.0,327500000.0,327500000.0,327500000.0,-15500000.0,0.0,0.016,2293500000.0,667600000.0,139500000.0,0.0,0.798,9.265,9.89,1548800000.0,0.0,9.0,0.15,0.153,1146200000.0,709200000.0,20256400000.0,20256400000.0,0.0,0.037,0.086,0.124,0.036,0.0,2171800000.0,1.0,337146986.0,343800000.0,344300000.0,58.919,5777700000.0,0.0,195500000.0,887000000.0,16.805,1021400000.0
83,AN,MRT,2000-12-31,2000-12-31,2000-12-31,2021-10-21,1000000.0,8867300000.0,9005175000.0,3879400000.0,4987900000.0,2.287,10.635,-83900000.0,84600000.0,84600000.0,17578300000.0,329900000.0,1.22,1.308,3311200000.0,2460800000.0,850400000.0,3311200000.0,0.0,133800000.0,0.0,0.0,0.0,773100000.0,906900000.0,0.044,906900000.0,773100000.0,526800000.0,0.91,0.91,0.91,3842500000.0,4003425000.0,3842500000.0,4945055316.0,6.0,5.453,347500000.0,0.962,1.0,3020700000.0,0.147,2920200000.0,246300000.0,5995100000.0,6031125000.0,2774400000.0,0.0,0.0,0.0,5024800000.0,3178600000.0,1846200000.0,2147255316.0,-153600000.0,-134600000.0,-187600000.0,-198900000.0,0.0,-386500000.0,28500000.0,248900000.0,431400000.0,0.0,329900000.0,329900000.0,329900000.0,-13100000.0,0.0,0.016,2297100000.0,723600000.0,143200000.0,0.0,0.559,6.509,6.593,1528600000.0,0.0,6.0,0.104,0.105,957900000.0,649300000.0,20599000000.0,20599000000.0,0.0,0.037,0.082,0.128,0.038,0.0,2177700000.0,1.0,357875886.0,361300000.0,361400000.0,57.014,5947100000.0,0.0,196900000.0,877200000.0,16.46,700800000.0
84,AN,MRT,2000-09-30,2000-09-30,2000-09-30,2021-10-21,7900000.0,8509200000.0,9184125000.0,3827900000.0,4681300000.0,2.277,10.673,-15100000.0,133500000.0,133500000.0,18027800000.0,-146900000.0,1.382,1.207,2931300000.0,2004600000.0,926700000.0,2931300000.0,0.0,136200000.0,0.0,0.0,0.0,-17900000.0,118300000.0,0.006,118300000.0,-17900000.0,-129900000.0,-0.18,-0.16,-0.18,3856000000.0,4193100000.0,3856000000.0,5377050974.0,-300.0,45.453,439300000.0,1.216,1.0,2887000000.0,0.138,2939900000.0,112000000.0,5597200000.0,6145775000.0,2403300000.0,81800000.0,0.0,81800000.0,4653200000.0,2769900000.0,1883300000.0,2166850974.0,-159200000.0,-354500000.0,-409200000.0,243400000.0,0.0,-164200000.0,-149100000.0,251400000.0,454400000.0,0.0,-146900000.0,-146900000.0,-146900000.0,466700000.0,0.0,-0.007,2811400000.0,75600000.0,136000000.0,0.0,0.562,-14.751,-33.333,1485000000.0,0.0,6.0,0.104,0.104,1102300000.0,579200000.0,20914800000.0,20914800000.0,0.0,-0.016,-0.035,-0.003,-0.001,0.0,2273800000.0,1.0,361141829.0,361300000.0,361300000.0,57.888,5569300000.0,0.0,17000000.0,845100000.0,15.415,1058000000.0
85,AN,MRT,2000-06-30,2000-06-30,2000-06-30,2021-10-21,10600000.0,8916300000.0,9432975000.0,4318800000.0,4597500000.0,2.23,10.426,-53200000.0,154800000.0,154800000.0,18123700000.0,-135300000.0,1.333,1.368,3365000000.0,2380100000.0,984900000.0,3365000000.0,0.0,133200000.0,0.0,0.0,0.0,-37600000.0,95600000.0,0.005,95600000.0,-37600000.0,-122100000.0,-0.19,-0.18,-0.19,3764800000.0,4550775000.0,3764800000.0,5421390777.0,-144.0,56.709,505600000.0,1.4,1.0,2912700000.0,0.138,2923500000.0,84500000.0,5963200000.0,6154825000.0,2799100000.0,99900000.0,0.0,99900000.0,5151500000.0,3239800000.0,1911700000.0,2550690777.0,-428200000.0,-478900000.0,-946300000.0,694900000.0,0.0,-224500000.0,-460300000.0,161200000.0,558800000.0,0.0,-135300000.0,-135300000.0,-135300000.0,454600000.0,0.0,-0.006,2864200000.0,48500000.0,138800000.0,0.0,0.678,-18.852,-37.174,1404700000.0,0.0,7.063,0.121,0.121,1191700000.0,482600000.0,21036400000.0,21036400000.0,0.0,-0.014,-0.03,-0.006,-0.002,0.0,2327400000.0,1.0,361134189.0,361100000.0,361300000.0,58.256,5992800000.0,0.0,13200000.0,819600000.0,16.596,1079000000.0
86,AN,MRT,2000-03-31,2000-03-31,2000-03-31,2021-10-21,2700000.0,9727900000.0,9556225000.0,4265200000.0,5462700000.0,2.173,12.389,-90700000.0,413400000.0,413400000.0,17931000000.0,265100000.0,1.362,1.138,3284100000.0,2252500000.0,1031600000.0,3284100000.0,0.0,129700000.0,0.0,0.0,0.0,307500000.0,437200000.0,0.021,437200000.0,307500000.0,275000000.0,0.66,0.65,0.66,4550400000.0,5043775000.0,4550400000.0,5582104606.0,18.0,12.768,538400000.0,1.466,1.0,2835500000.0,0.137,2897500000.0,32500000.0,6569000000.0,6030525000.0,2658800000.0,157800000.0,0.0,157800000.0,5177500000.0,3132100000.0,2045400000.0,2866604606.0,-81400000.0,1320000000.0,-1165600000.0,-417900000.0,0.0,-1552400000.0,1232500000.0,88600000.0,629100000.0,0.0,265100000.0,265100000.0,265100000.0,54700000.0,0.0,0.013,2836000000.0,-500000.0,150300000.0,0.0,0.63,10.813,12.027,1339400000.0,0.0,7.938,0.138,0.14,1118500000.0,1276100000.0,20766500000.0,20766500000.0,0.0,0.028,0.053,0.051,0.015,0.0,2332200000.0,1.0,361124289.0,367300000.0,367500000.0,56.538,6830400000.0,0.0,9900000.0,806300000.0,18.596,1133100000.0
87,AN,MRT,1999-12-31,1999-12-31,1999-12-31,2021-10-21,6600000.0,9583100000.0,10916475000.0,4270500000.0,5312600000.0,1.841,10.705,-153900000.0,218600000.0,218600000.0,17308400000.0,282900000.0,1.363,1.083,3054400000.0,2218300000.0,836100000.0,3054400000.0,0.0,123000000.0,0.0,0.0,0.0,321800000.0,444800000.0,0.022,444800000.0,321800000.0,286900000.0,0.66,0.66,0.66,4601200000.0,5254625000.0,4601200000.0,5433682783.0,17.0,12.216,324700000.0,0.755,1.0,2790600000.0,0.139,2831000000.0,34900000.0,6453700000.0,7905775000.0,2706800000.0,175800000.0,0.0,175800000.0,4981900000.0,3134200000.0,1847700000.0,3726782783.0,-489900000.0,996900000.0,-1158000000.0,41200000.0,0.0,-1087800000.0,825600000.0,49000000.0,478600000.0,0.0,282900000.0,282900000.0,282900000.0,30600000.0,0.0,0.014,2806000000.0,-15400000.0,163100000.0,0.0,0.81,13.173,14.015,1360400000.0,0.0,9.25,0.185,0.198,1179500000.0,1213800000.0,20099000000.0,20099000000.0,0.0,0.026,0.054,0.041,0.016,0.0,2279400000.0,1.0,402895436.0,429800000.0,429800000.0,46.764,6752100000.0,0.0,4000000.0,804800000.0,15.71,1136300000.0
88,AN,MRT,1999-09-30,1999-09-30,1999-09-30,2021-10-21,-3300000.0,9504600000.0,10623750000.0,3981500000.0,5523100000.0,1.763,12.457,-128700000.0,398900000.0,398900000.0,15934600000.0,801300000.0,1.455,0.798,2105800000.0,1743300000.0,362500000.0,2105800000.0,0.0,112300000.0,0.0,0.0,0.0,1136000000.0,1248300000.0,0.067,1248300000.0,1136000000.0,976000000.0,1.81,1.76,1.81,5286700000.0,5460375000.0,5286700000.0,7012982975.0,6.0,5.618,253100000.0,0.596,1.0,2798000000.0,0.149,2842300000.0,160000000.0,5633400000.0,7796325000.0,2221000000.0,185400000.0,0.0,185400000.0,4217900000.0,2735800000.0,1482100000.0,5857482975.0,-30700000.0,1030100000.0,-971200000.0,351600000.0,0.0,-590500000.0,430300000.0,-268700000.0,381800000.0,0.0,801300000.0,801300000.0,801300000.0,-479000000.0,0.0,0.043,2177100000.0,620900000.0,162200000.0,0.0,1.108,7.31,6.906,1694700000.0,0.0,12.5,0.313,0.283,1263100000.0,1616900000.0,18732600000.0,18732600000.0,0.0,0.075,0.147,0.146,0.061,0.0,2065200000.0,1.0,468598638.0,424400000.0,,44.139,6662300000.0,0.0,174700000.0,913500000.0,15.698,1245700000.0
89,AN,MRT,1999-06-30,1999-06-30,1999-06-30,2021-10-21,31300000.0,9409300000.0,11772450000.0,4142400000.0,5266900000.0,1.425,12.912,-245900000.0,640100000.0,640100000.0,14281200000.0,876300000.0,1.637,0.64,1795600000.0,1751200000.0,44400000.0,1795600000.0,0.0,100100000.0,0.0,0.0,0.0,1171500000.0,1271600000.0,0.076,1271600000.0,1171500000.0,1044600000.0,1.95,1.9,1.95,5736800000.0,5493975000.0,5736800000.0,15559409495.0,13.0,12.236,133700000.0,0.301,1.0,2499700000.0,0.149,2568800000.0,126900000.0,5466000000.0,9287700000.0,2193200000.0,254400000.0,0.0,254400000.0,3672500000.0,2530000000.0,1142500000.0,8322709495.0,369500000.0,2302100000.0,-454600000.0,-944600000.0,0.0,-1374900000.0,1576100000.0,-357900000.0,379600000.0,0.0,876300000.0,876300000.0,876300000.0,-565300000.0,0.0,0.052,1929300000.0,570400000.0,193800000.0,0.0,1.451,9.498,9.133,1663900000.0,0.0,17.81,0.496,0.472,1240500000.0,1512200000.0,16780900000.0,16780900000.0,0.0,0.074,0.16,0.126,0.07,0.0,1849400000.0,1.0,467305418.0,444300000.0,,37.769,6840500000.0,0.0,168300000.0,910600000.0,15.396,1612400000.0
90,AN,MRT,1999-03-31,1999-03-31,1999-03-31,2021-10-21,-2900000.0,15168900000.0,12762550000.0,9093900000.0,6075000000.0,1.166,11.823,-212100000.0,361700000.0,361700000.0,12659400000.0,502500000.0,1.662,1.812,7598400000.0,4005400000.0,3593000000.0,7598400000.0,0.0,-124500000.0,0.0,0.0,0.0,773500000.0,649000000.0,0.044,649000000.0,773500000.0,646700000.0,1.1,1.06,1.1,5393800000.0,5109600000.0,5393800000.0,11775898716.0,15.0,18.145,197900000.0,0.434,1.0,2224500000.0,0.149,2864900000.0,126800000.0,14070000000.0,10941975000.0,2130600000.0,163300000.0,0.0,163300000.0,9775100000.0,5470700000.0,4304400000.0,5617598716.0,75900000.0,550700000.0,-235300000.0,-27600000.0,0.0,-230200000.0,-103100000.0,-356800000.0,410000000.0,0.0,502500000.0,502500000.0,502500000.0,-234400000.0,0.0,0.034,1714100000.0,510400000.0,315700000.0,0.0,1.041,11.179,11.255,2187700000.0,0.0,12.38,0.377,0.379,1732400000.0,1011000000.0,14883900000.0,14883900000.0,0.0,0.039,0.098,0.071,0.052,0.0,1634200000.0,1.0,453764032.0,456200000.0,,32.626,12304000000.0,0.0,144200000.0,233700000.0,26.971,3623200000.0
91,AN,MRT,1998-12-31,1998-12-31,1998-12-31,2021-10-21,-4300000.0,8412200000.0,11969150000.0,3061200000.0,5351000000.0,1.058,11.919,-244400000.0,183800000.0,183800000.0,10733000000.0,499500000.0,1.533,0.551,1865700000.0,1344800000.0,520900000.0,1865700000.0,0.0,79900000.0,0.0,0.0,0.0,747300000.0,827200000.0,0.065,827200000.0,747300000.0,626300000.0,1.1,1.06,1.1,5424200000.0,4746750000.0,5424200000.0,12406216300.0,17.0,14.998,-26600000.0,-0.058,1.0,1931600000.0,0.153,2080900000.0,121000000.0,6015900000.0,9981125000.0,1849500000.0,167700000.0,0.0,167700000.0,2988000000.0,1997300000.0,990700000.0,6861516300.0,598300000.0,684400000.0,-136000000.0,54800000.0,0.0,-49000000.0,-21900000.0,-358600000.0,217800000.0,0.0,499500000.0,499500000.0,499500000.0,-262100000.0,0.0,0.039,1468200000.0,463400000.0,117600000.0,0.0,1.265,13.737,13.355,1216400000.0,0.0,14.69,0.542,0.528,966400000.0,930900000.0,12664600000.0,12664600000.0,0.0,0.042,0.105,0.075,0.059,0.0,1388300000.0,1.0,467087563.0,455100000.0,470900000.0,27.828,6331300000.0,0.0,126800000.0,323000000.0,13.912,1063900000.0
92,AN,MRT,1998-09-30,1998-09-30,1998-09-30,2021-10-21,2300000.0,14099400000.0,12415150000.0,8366100000.0,5733300000.0,0.688,11.781,-110000000.0,325100000.0,325100000.0,7722200000.0,585400000.0,1.633,1.601,5869800000.0,3421200000.0,2448600000.0,5869800000.0,0.0,-641800000.0,0.0,0.0,0.0,562800000.0,-79000000.0,-0.009,-79000000.0,562800000.0,559200000.0,1.34,1.28,1.34,5421100000.0,4261775000.0,5421100000.0,13386610197.0,24.0,-169.451,-72400000.0,-0.157,1.0,822900000.0,0.096,2922000000.0,3600000.0,11598900000.0,10983225000.0,1490800000.0,0.0,0.0,0.0,8678300000.0,5123200000.0,3555100000.0,6699610197.0,138600000.0,1465500000.0,-24300000.0,-1147400000.0,0.0,-1144700000.0,1328800000.0,-76700000.0,37600000.0,0.0,585400000.0,585400000.0,585400000.0,-398700000.0,0.0,0.069,1002200000.0,-179300000.0,361200000.0,0.0,1.236,11.444,10.866,2811300000.0,0.0,14.56,0.784,0.784,1588300000.0,815600000.0,8545100000.0,8545100000.0,0.0,0.047,0.137,0.051,0.066,0.0,902400000.0,1.0,460138063.0,460138063.0,,18.571,11177400000.0,0.0,-26200000.0,0.0,24.291,3242900000.0
93,AN,MRT,1998-06-30,1998-06-30,1998-06-30,2021-10-21,-2500000.0,13369700000.0,11324700000.0,8357200000.0,5012500000.0,0.703,9.26,3183300000.0,233900000.0,233900000.0,7109000000.0,531000000.0,1.521,2.184,6920900000.0,3734400000.0,3186500000.0,6920900000.0,0.0,-379400000.0,0.0,0.0,0.0,534500000.0,155100000.0,0.019,155100000.0,534500000.0,528800000.0,1.25,1.19,1.25,4199300000.0,3672150000.0,4199300000.0,17076212466.0,32.0,110.098,1938200000.0,4.274,1.0,849400000.0,0.107,2478400000.0,5700000.0,12083100000.0,10169875000.0,1518400000.0,0.0,0.0,0.0,9170400000.0,5495200000.0,3675200000.0,11364612466.0,64600000.0,255300000.0,0.0,-174900000.0,0.0,-137900000.0,263200000.0,0.0,-1245100000.0,0.0,531000000.0,531000000.0,531000000.0,-303500000.0,0.0,0.067,956600000.0,-107200000.0,429100000.0,0.0,2.706,21.402,20.048,2534100000.0,0.0,25.06,1.428,1.428,1358800000.0,635900000.0,7958400000.0,7958400000.0,0.0,0.047,0.145,0.053,0.067,0.0,858300000.0,1.0,453496108.0,453496108.0,,17.549,10891300000.0,0.0,-2200000.0,0.0,24.016,2862000000.0
94,AN,MRT,1998-03-31,1998-03-31,1998-03-31,2021-10-21,-3800000.0,11995300000.0,10213500000.0,7361600000.0,4633700000.0,0.715,8.818,1287800000.0,273500000.0,273500000.0,6471000000.0,478100000.0,1.42,2.043,5985100000.0,3555300000.0,2429800000.0,5985100000.0,0.0,61900000.0,0.0,0.0,0.0,488200000.0,550100000.0,0.075,550100000.0,488200000.0,486100000.0,1.16,1.1,1.16,3942400000.0,3289350000.0,3942400000.0,16466199738.0,34.0,29.933,347900000.0,0.778,1.0,828700000.0,0.114,2295000000.0,2100000.0,10226600000.0,9053725000.0,1384300000.0,0.0,0.0,0.0,8052900000.0,5185300000.0,2867600000.0,11539199738.0,600000.0,267500000.0,0.0,19000000.0,0.0,24300000.0,510600000.0,402300000.0,-939900000.0,0.0,478100000.0,478100000.0,478100000.0,-233900000.0,0.0,0.065,917200000.0,-88500000.0,303700000.0,0.0,2.927,24.136,22.25,2338700000.0,0.0,25.81,1.581,1.581,1137100000.0,508500000.0,7299700000.0,7299700000.0,0.0,0.047,0.145,0.054,0.067,0.0,826200000.0,1.0,447082516.0,447082516.0,,16.327,9700300000.0,0.0,8000000.0,0.0,21.697,2176300000.0
95,AN,MRT,1997-12-31,1997-12-31,1997-12-31,2021-10-21,-2900000.0,10196200000.0,9222875000.0,6645200000.0,3551000000.0,0.664,8.116,-210000000.0,129200000.0,129200000.0,5459000000.0,439700000.0,1.741,1.926,4999900000.0,2730600000.0,2269300000.0,4999900000.0,0.0,38800000.0,0.0,0.0,0.0,452200000.0,491000000.0,0.08,491000000.0,452200000.0,447700000.0,1.09,1.02,1.09,3484300000.0,2920450000.0,3484300000.0,14844161834.0,33.0,30.233,-727700000.0,-1.695,1.0,663800000.0,0.108,1225600000.0,4500000.0,10024300000.0,8308400000.0,1083100000.0,13400000.0,0.0,13400000.0,6711900000.0,3817000000.0,2894900000.0,10007561834.0,-215500000.0,525400000.0,552700000.0,-475200000.0,0.0,85800000.0,417900000.0,102300000.0,-517700000.0,0.0,439700000.0,439700000.0,439700000.0,-196300000.0,0.0,0.072,757800000.0,-94000000.0,220600000.0,0.0,2.872,22.76,21.385,1295100000.0,0.0,23.31,1.634,1.634,846300000.0,431400000.0,6122800000.0,6122800000.0,0.0,0.048,0.151,0.054,0.074,0.0,672800000.0,1.0,429324832.0,429324832.0,,14.261,8970600000.0,0.0,8000000.0,196900000.0,20.895,2828200000.0
96,AN,MRT,1997-09-30,1997-09-30,1997-09-30,2021-10-21,0.0,9737600000.0,8400950000.0,6519800000.0,3217800000.0,1.014,7.954,3414200000.0,206200000.0,206200000.0,7236700000.0,136100000.0,1.299,2.18,5042800000.0,3772200000.0,1270600000.0,5042800000.0,0.0,920400000.0,0.0,0.0,0.0,221700000.0,1142100000.0,0.134,1142100000.0,221700000.0,203400000.0,,,,3062600000.0,2404350000.0,3062600000.0,17172599831.0,77.0,15.036,1675100000.0,4.351,1.0,1280400000.0,0.15,1211400000.0,18300000.0,8345500000.0,7422775000.0,931200000.0,0.0,0.0,0.0,6675000000.0,5017300000.0,1657700000.0,12705699831.0,-222300000.0,-119300000.0,894500000.0,-485800000.0,0.0,496000000.0,1184200000.0,144600000.0,-1739100000.0,0.0,136100000.0,136100000.0,136100000.0,-79500000.0,0.0,0.016,1120800000.0,159600000.0,261100000.0,,4.149,93.356,,1934000000.0,0.0,33.0,1.492,1.492,819200000.0,231100000.0,8517100000.0,8517100000.0,0.0,0.016,0.057,0.03,0.026,0.0,1105100000.0,1.0,385021207.0,385021207.0,,22.121,8526200000.0,0.0,67300000.0,0.0,22.145,1502500000.0
97,AN,MRT,1997-06-30,1997-06-30,1997-06-30,2021-10-21,0.0,8924900000.0,,6154200000.0,2770700000.0,,7.586,-596400000.0,130100000.0,130100000.0,6136100000.0,55900000.0,1.287,2.345,4597000000.0,3556600000.0,1040400000.0,4597000000.0,0.0,873700000.0,0.0,0.0,0.0,119300000.0,993000000.0,0.138,993000000.0,119300000.0,92100000.0,0.13,0.1,0.13,2668100000.0,,2668100000.0,13024115198.0,109.0,13.116,-1071600000.0,-3.047,1.0,1063300000.0,0.148,990900000.0,27200000.0,7618500000.0,,758200000.0,0.0,0.0,0.0,6256800000.0,4782400000.0,1474400000.0,8725615198.0,-380000000.0,-72700000.0,900400000.0,-341800000.0,0.0,600900000.0,1011200000.0,144600000.0,-475200000.0,0.0,55900000.0,55900000.0,55900000.0,-78400000.0,0.0,0.008,1010200000.0,53100000.0,241300000.0,0.0,3.27,156.093,190.846,1758000000.0,0.0,24.81,1.212,1.212,616100000.0,81200000.0,7199400000.0,7199400000.0,0.0,,,,0.017,0.0,990800000.0,1.0,351697509.0,351697509.0,,20.47,7934000000.0,0.0,36200000.0,0.0,22.559,1371800000.0
98,AN,MRT,1997-03-31,1997-03-31,1997-03-31,2021-10-21,43700000.0,8032800000.0,,5662900000.0,2369900000.0,,7.594,-186300000.0,199200000.0,199200000.0,5251400000.0,11400000.0,1.335,2.256,4497700000.0,3377600000.0,1120100000.0,4497700000.0,0.0,840200000.0,0.0,0.0,0.0,64000000.0,904200000.0,0.146,904200000.0,64000000.0,31500000.0,,,,2466800000.0,,2466800000.0,13163967306.0,206.0,14.559,-647900000.0,-1.994,1.0,935400000.0,0.151,843400000.0,32500000.0,7245300000.0,,493700000.0,375000000.0,375000000.0,0.0,5566000000.0,4242600000.0,1323400000.0,11288642306.0,-82700000.0,-91600000.0,1099300000.0,249100000.0,0.0,1384000000.0,-212800000.0,-257700000.0,-461600000.0,0.0,11400000.0,11400000.0,11400000.0,-74800000.0,0.0,0.002,936700000.0,-1300000.0,273000000.0,,4.576,990.232,,1496500000.0,0.0,34.75,1.825,1.825,522000000.0,25800000.0,6186800000.0,6186800000.0,0.0,,,,0.01,0.0,912900000.0,1.0,324853016.0,324853016.0,,19.045,7189400000.0,0.0,20100000.0,0.0,22.131,1420300000.0
99,AN,MRT,1996-12-31,1996-12-31,1996-12-31,2021-10-21,0.0,6908500000.0,4869147500.0,5378900000.0,1529600000.0,1.157,,-105900000.0,364400000.0,364400000.0,4778500000.0,-6700000.0,1.365,3.865,4200700000.0,2921100000.0,1279600000.0,4200700000.0,0.0,800600000.0,0.0,0.0,0.0,46100000.0,846700000.0,0.15,846700000.0,46100000.0,8600000.0,-0.02,-0.02,-0.02,1419900000.0,1031199500.0,1419900000.0,,,,-565500000.0,,1.0,854600000.0,0.152,323800000.0,37500000.0,6481800000.0,4379827500.0,381100000.0,0.0,0.0,0.0,5488600000.0,3939200000.0,1549400000.0,,-13100000.0,-51500000.0,550900000.0,385700000.0,0.0,970400000.0,-354400000.0,42300000.0,-459600000.0,0.0,-6700000.0,-6700000.0,-6700000.0,-75900000.0,0.0,-0.001,872600000.0,-18000000.0,228100000.0,0.0,,,-1550.0,1205800000.0,0.0,31.0,,,598900000.0,28900000.0,5633100000.0,5633100000.0,0.0,-0.001,-0.006,0.011,0.008,0.0,847900000.0,1.0,,,,,6584700000.0,0.0,15300000.0,0.0,,1439700000.0
100,AN,MRT,1996-09-30,1996-09-30,1996-09-30,2021-10-21,,,,,,,,,,,,,,,,,,,,,,0.0,0.0,,,,,,,,,,,,,,,,,,1.0,,,,,,,,,,,,,,,,,,,,,,,,,,,,,,,,,,,,,,,,28.83,,,,,,,,,,,,,,1.0,,,,,,,,,,
101,AN,MRT,1996-06-30,1996-06-30,1996-06-30,2021-10-21,,,,,,,,,,,,,,,,,,,,,,0.0,0.0,,,,,,,,,,,,,,,,,,1.0,,,,,,,,,,,,,,,,,,,,,,,,,,,,,,,,,,,,,,,,28.95,,,,,,,,,,,,,,1.0,,,,,,,,,,
102,AN,MRT,1996-03-31,1996-03-31,1996-03-31,2021-10-21,,,,,,,,,,,,,,,,,,,,,,0.0,0.0,,,,,,,,,,,,,,,,,,1.0,,,,,,,,,,,,,,,,,,,,,,,,,,,,,,,,,,,,,,,,15.595,,,,,,,,,,,,,,1.0,,,,,,,,,,
103,AN,MRT,1995-12-31,1995-12-31,1995-12-31,2021-10-21,0.0,2829795000.0,,2028526000.0,801269000.0,,,-3419400000.0,183395000.0,183395000.0,4252400000.0,34600000.0,1.052,3.404,1737587000.0,1588007000.0,149580000.0,1737587000.0,0.0,658200000.0,0.0,0.0,0.0,135500000.0,793700000.0,0.154,793700000.0,135500000.0,95400000.0,0.13,0.13,0.13,642499000.0,,642499000.0,,,,-2991062000.0,,1.0,907100000.0,0.176,177346000.0,40100000.0,2277855000.0,,14924000.0,0.0,0.0,0.0,2187296000.0,1928786000.0,258510000.0,,314100000.0,-1299400000.0,262400000.0,1123400000.0,0.0,1401100000.0,-1477500000.0,0.0,428338000.0,0.0,34600000.0,34600000.0,34600000.0,20200000.0,0.0,0.007,773500000.0,133600000.0,139200000.0,0.0,,,138.115,607762000.0,0.0,17.955,,,227361000.0,64166000.0,5159500000.0,5159500000.0,0.0,,,,0.026,0.0,782200000.0,1.0,,,,,2652449000.0,0.0,60800000.0,0.0,,99740000.0
104,AN,MRT,1994-12-31,1994-12-31,1994-12-31,2021-10-21,,,,,,,,-3448871000.0,,,681655000.0,27188000.0,,,,,,,,404804000.0,,0.0,0.0,63737000.0,468541000.0,0.294,468541000.0,63737000.0,47872000.0,,,,,,,,,,-3024493000.0,,1.0,914225000.0,0.573,,15865000.0,,,,,,,,,,,-430000.0,-11797000.0,16519000.0,176336000.0,0.0,200598000.0,-637574000.0,0.0,424378000.0,0.0,27188000.0,27188000.0,27188000.0,2764000.0,0.0,0.017,853363000.0,60862000.0,,,,,,,0.0,1.99,,,,,1595880000.0,1595880000.0,0.0,,,,0.04,0.0,847152000.0,1.0,,,,,,,20684000.0,,,
