None,ticker,dimension,calendardate,datekey,reportperiod,lastupdated,accoci,assets,assetsavg,assetsc,assetsnc,assetturnover,bvps,capex,cashneq,cashnequsd,cor,consolinc,currentratio,de,debt,debtc,debtnc,debtusd,deferredrev,depamor,deposits,divyield,dps,ebit,ebitda,ebitdamargin,ebitdausd,ebitusd,ebt,eps,epsdil,epsusd,equity,equityavg,equityusd,ev,evebit,evebitda,fcf,fcfps,fxusd,gp,grossmargin,intangibles,intexp,invcap,invcapavg,inventory,investments,investmentsc,investmentsnc,liabilities,liabilitiesc,liabilitiesnc,marketcap,ncf,ncfbus,ncfcommon,ncfdebt,ncfdiv,ncff,ncfi,ncfinv,ncfo,ncfx,netinc,netinccmn,netinccmnusd,netincdis,netincnci,netmargin,opex,opinc,payables,payoutratio,pb,pe,pe1,ppnenet,prefdivis,price,ps,ps1,receivables,retearn,revenue,revenueusd,rnd,roa,roe,roic,ros,sbcomp,sgna,sharefactor,sharesbas,shareswa,shareswadil,sps,tangibles,taxassets,taxexp,taxliabilities,tbvps,workingcapital
0,BSX,MRY,2020-12-31,2020-12-31,2020-12-31,2021-08-07,207000000.0,30777000000.0,30639500000.0,6694000000.0,24083000000.0,0.324,10.818,-277000000.0,1734000000.0,1734000000.0,3465000000.0,-82000000.0,1.819,1.008,9143000000.0,13000000.0,9130000000.0,9143000000.0,0.0,1123000000.0,0.0,0.0,0.0,281000000.0,1404000000.0,0.142,1404000000.0,281000000.0,-80000000.0,-0.08,-0.08,-0.08,15326000000.0,15077500000.0,15326000000.0,58791576451.0,209.0,41.874,1231000000.0,0.869,1.0,6448000000.0,0.65,15868000000.0,361000000.0,18637000000.0,18358250000.0,1351000000.0,0.0,0.0,0.0,15451000000.0,3681000000.0,11770000000.0,51477576451.0,1388000000.0,12000000.0,492000000.0,-999000000.0,0.0,293000000.0,-411000000.0,0.0,1508000000.0,0.0,-82000000.0,-115000000.0,-115000000.0,0.0,0.0,-0.012,6527000000.0,-79000000.0,513000000.0,0.0,3.359,-447.631,-449.375,2084000000.0,33000000.0,35.95,5.193,5.138,1531000000.0,-2378000000.0,9913000000.0,9913000000.0,1143000000.0,-0.004,-0.008,0.015,0.028,170000000.0,3787000000.0,1.0,1431921459.0,1416700000.0,1416700000.0,6.997,14909000000.0,4404000000.0,2000000.0,330000000.0,10.524,3013000000.0
1,BSX,MRY,2019-12-31,2019-12-31,2019-12-31,2021-08-07,270000000.0,30565000000.0,26358000000.0,4699000000.0,25866000000.0,0.407,9.973,-402000000.0,217000000.0,217000000.0,3116000000.0,4700000000.0,0.966,1.203,10008000000.0,1416000000.0,8592000000.0,10008000000.0,0.0,1011000000.0,0.0,0.0,0.0,1160000000.0,2171000000.0,0.202,2171000000.0,1160000000.0,687000000.0,3.38,3.33,3.38,13877000000.0,10558500000.0,13877000000.0,73638702830.0,63.0,33.919,1434000000.0,1.031,1.0,7619000000.0,0.71,18062000000.0,473000000.0,17428000000.0,15043750000.0,1579000000.0,0.0,0.0,0.0,16688000000.0,4866000000.0,11822000000.0,63028702830.0,-222000000.0,-4292000000.0,58000000.0,2794000000.0,0.0,2973000000.0,-5041000000.0,-199000000.0,1836000000.0,0.0,4700000000.0,4700000000.0,4700000000.0,0.0,0.0,0.438,6102000000.0,1517000000.0,542000000.0,0.0,4.542,13.41,13.379,2079000000.0,0.0,45.22,5.871,5.862,1828000000.0,-2253000000.0,10735000000.0,10735000000.0,1174000000.0,0.178,0.445,0.077,0.108,157000000.0,3941000000.0,1.0,1393823592.0,1391500000.0,1410600000.0,7.715,12503000000.0,4391000000.0,-4013000000.0,595000000.0,8.985,-167000000.0
2,BSX,MRY,2018-12-31,2018-12-31,2018-12-31,2021-08-07,33000000.0,20999000000.0,20048750000.0,4003000000.0,16996000000.0,0.49,6.319,-302000000.0,146000000.0,146000000.0,2813000000.0,1671000000.0,0.761,1.406,7056000000.0,2253000000.0,4803000000.0,7056000000.0,0.0,894000000.0,0.0,0.0,0.0,1663000000.0,2557000000.0,0.26,2557000000.0,1663000000.0,1422000000.0,1.21,1.19,1.21,8726000000.0,7947250000.0,8726000000.0,55361519601.0,33.0,21.651,8000000.0,0.006,1.0,7010000000.0,0.714,14283000000.0,241000000.0,8366000000.0,7800500000.0,1166000000.0,0.0,0.0,0.0,12273000000.0,5260000000.0,7013000000.0,48903519601.0,-188000000.0,-1448000000.0,45000000.0,1405000000.0,0.0,1432000000.0,-1921000000.0,0.0,310000000.0,0.0,1671000000.0,1671000000.0,1671000000.0,0.0,0.0,0.17,5504000000.0,1506000000.0,349000000.0,0.0,5.604,29.266,29.207,1782000000.0,0.0,35.34,4.978,4.968,1608000000.0,-6953000000.0,9823000000.0,9823000000.0,1113000000.0,0.083,0.21,0.213,0.169,140000000.0,3569000000.0,1.0,1383800781.0,1381000000.0,1401400000.0,7.113,6716000000.0,248000000.0,-249000000.0,328000000.0,4.863,-1257000000.0
3,BSX,MRY,2017-12-31,2017-12-31,2017-12-31,2021-08-07,-59000000.0,19042000000.0,18500750000.0,3822000000.0,15220000000.0,0.489,5.118,-319000000.0,188000000.0,188000000.0,2593000000.0,104000000.0,0.676,1.716,5616000000.0,1801000000.0,3815000000.0,5616000000.0,0.0,844000000.0,0.0,0.0,0.0,1161000000.0,2005000000.0,0.222,2005000000.0,1161000000.0,932000000.0,0.08,0.08,0.08,7012000000.0,7222000000.0,7012000000.0,39513516866.0,34.0,19.707,1107000000.0,0.808,1.0,6455000000.0,0.713,12835000000.0,229000000.0,5981000000.0,6728500000.0,1078000000.0,0.0,0.0,0.0,12030000000.0,5654000000.0,6376000000.0,34041516866.0,530000000.0,-560000000.0,20000000.0,123000000.0,0.0,110000000.0,-1010000000.0,0.0,1426000000.0,0.0,104000000.0,104000000.0,104000000.0,0.0,0.0,0.011,5170000000.0,1285000000.0,530000000.0,0.0,4.855,327.322,309.875,1697000000.0,0.0,24.79,3.762,3.754,1548000000.0,-8390000000.0,9048000000.0,9048000000.0,997000000.0,0.006,0.014,0.173,0.128,127000000.0,3294000000.0,1.0,1373195517.0,1370100000.0,1392700000.0,6.604,6207000000.0,66000000.0,828000000.0,191000000.0,4.53,-1832000000.0
4,BSX,MRY,2016-12-31,2016-12-31,2016-12-31,2021-08-07,1000000.0,18096000000.0,17837250000.0,3239000000.0,14857000000.0,0.47,4.959,-347000000.0,196000000.0,196000000.0,2424000000.0,347000000.0,0.903,1.688,5484000000.0,64000000.0,5420000000.0,5484000000.0,0.0,815000000.0,0.0,0.0,0.0,410000000.0,1225000000.0,0.146,1225000000.0,410000000.0,177000000.0,0.26,0.25,0.26,6733000000.0,6473000000.0,6733000000.0,34641074592.0,84.0,28.278,835000000.0,0.615,1.0,5962000000.0,0.711,12561000000.0,233000000.0,7236000000.0,7479750000.0,955000000.0,0.0,0.0,0.0,11363000000.0,3587000000.0,7776000000.0,29453074592.0,87000000.0,-408000000.0,49000000.0,-190000000.0,0.0,-206000000.0,-887000000.0,0.0,1182000000.0,-2000000.0,347000000.0,347000000.0,347000000.0,0.0,0.0,0.041,5515000000.0,447000000.0,447000000.0,0.0,4.374,84.879,83.192,1630000000.0,0.0,21.63,3.512,3.502,1472000000.0,-8581000000.0,8386000000.0,8386000000.0,920000000.0,0.019,0.054,0.055,0.049,116000000.0,3099000000.0,1.0,1361677050.0,1357600000.0,1377200000.0,6.177,5535000000.0,75000000.0,-170000000.0,18000000.0,4.077,-348000000.0
5,BSX,MRY,2015-12-31,2015-12-31,2015-12-31,2021-08-07,88000000.0,18133000000.0,17485750000.0,3471000000.0,14662000000.0,0.428,4.712,-247000000.0,319000000.0,319000000.0,2173000000.0,-239000000.0,1.428,1.869,5677000000.0,3000000.0,5674000000.0,5677000000.0,0.0,769000000.0,0.0,0.0,0.0,-366000000.0,403000000.0,0.054,403000000.0,-366000000.0,-650000000.0,-0.18,-0.18,-0.18,6320000000.0,6452750000.0,6320000000.0,30314396556.0,-83.0,75.222,444000000.0,0.331,1.0,5304000000.0,0.709,12667000000.0,284000000.0,8394000000.0,7961750000.0,1016000000.0,0.0,0.0,0.0,11813000000.0,2430000000.0,9383000000.0,24805396556.0,-223000000.0,-1734000000.0,48000000.0,1385000000.0,0.0,1276000000.0,-2186000000.0,61000000.0,691000000.0,-4000000.0,-239000000.0,-239000000.0,-239000000.0,0.0,0.0,-0.032,5587000000.0,-283000000.0,209000000.0,0.0,3.925,-103.788,-102.444,1490000000.0,0.0,18.44,3.318,3.308,1275000000.0,-8927000000.0,7477000000.0,7477000000.0,876000000.0,-0.014,-0.037,-0.046,-0.049,107000000.0,2873000000.0,1.0,1345195041.0,1341200000.0,1341200000.0,5.575,5466000000.0,496000000.0,-411000000.0,735000000.0,4.075,1041000000.0
6,BSX,MRY,2014-12-31,2014-12-31,2014-12-31,2021-08-07,144000000.0,17024000000.0,16638500000.0,3606000000.0,13418000000.0,0.444,4.876,-259000000.0,587000000.0,587000000.0,2210000000.0,-119000000.0,1.267,1.637,4244000000.0,403000000.0,3841000000.0,4244000000.0,0.0,725000000.0,0.0,0.0,0.0,-293000000.0,432000000.0,0.059,432000000.0,-293000000.0,-509000000.0,-0.09,-0.09,-0.09,6457000000.0,6559000000.0,6457000000.0,21581991042.0,-74.0,49.958,1010000000.0,0.763,1.0,5170000000.0,0.701,11504000000.0,216000000.0,6331000000.0,6996250000.0,946000000.0,0.0,0.0,0.0,10567000000.0,2846000000.0,7721000000.0,17575991042.0,370000000.0,-474000000.0,-116000000.0,0.0,0.0,-150000000.0,-745000000.0,14000000.0,1269000000.0,-4000000.0,-119000000.0,-119000000.0,-119000000.0,0.0,0.0,-0.016,5483000000.0,-313000000.0,262000000.0,0.0,2.722,-147.697,-147.222,1507000000.0,0.0,13.25,2.382,2.378,1183000000.0,-8689000000.0,7380000000.0,7380000000.0,817000000.0,-0.007,-0.018,-0.042,-0.04,103000000.0,2902000000.0,1.0,1326489890.0,1324300000.0,1324300000.0,5.573,5520000000.0,447000000.0,-390000000.0,1214000000.0,4.168,760000000.0
7,BSX,MRY,2013-12-31,2013-12-31,2013-12-31,2021-08-07,106000000.0,16571000000.0,16811750000.0,3011000000.0,13560000000.0,0.425,4.875,-192000000.0,217000000.0,217000000.0,2174000000.0,-121000000.0,1.651,1.534,4240000000.0,3000000.0,4237000000.0,4240000000.0,0.0,689000000.0,0.0,0.0,0.0,101000000.0,790000000.0,0.111,790000000.0,101000000.0,-223000000.0,-0.09,-0.09,-0.09,6539000000.0,6552000000.0,6539000000.0,19727361312.0,195.0,24.971,918000000.0,0.684,1.0,4969000000.0,0.696,11643000000.0,324000000.0,7127000000.0,7094250000.0,897000000.0,0.0,0.0,0.0,10032000000.0,1824000000.0,8208000000.0,16049361312.0,10000000.0,-244000000.0,-454000000.0,-10000000.0,0.0,-624000000.0,-475000000.0,5000000.0,1110000000.0,-1000000.0,-121000000.0,-121000000.0,-121000000.0,0.0,0.0,-0.017,4887000000.0,82000000.0,246000000.0,0.0,2.454,-132.639,-133.556,1546000000.0,0.0,12.02,2.247,2.257,1307000000.0,-8570000000.0,7143000000.0,7143000000.0,861000000.0,-0.007,-0.018,0.014,0.014,105000000.0,2674000000.0,1.0,1335221407.0,1341200000.0,1341200000.0,5.326,4928000000.0,288000000.0,-102000000.0,1402000000.0,3.674,1187000000.0
8,BSX,MRY,2012-12-31,2012-12-31,2012-12-31,2021-08-07,-33000000.0,17154000000.0,18263750000.0,3022000000.0,14132000000.0,0.397,4.884,-210000000.0,207000000.0,207000000.0,2349000000.0,-4068000000.0,1.705,1.497,4256000000.0,4000000.0,4252000000.0,4256000000.0,0.0,683000000.0,0.0,0.0,0.0,-3846000000.0,-3163000000.0,-0.436,-3163000000.0,-3846000000.0,-4107000000.0,-2.89,-2.89,-2.89,6870000000.0,8205500000.0,6870000000.0,11770196830.0,-3.0,-3.721,1070000000.0,0.761,1.0,4900000000.0,0.676,12262000000.0,261000000.0,7169000000.0,7202750000.0,884000000.0,0.0,0.0,0.0,10284000000.0,1772000000.0,8512000000.0,7867196830.0,-60000000.0,-356000000.0,-599000000.0,-19000000.0,0.0,-764000000.0,-579000000.0,9000000.0,1280000000.0,3000000.0,-4068000000.0,-4068000000.0,-4068000000.0,0.0,0.0,-0.561,8783000000.0,-3883000000.0,232000000.0,0.0,1.145,-1.934,-1.983,1564000000.0,0.0,5.73,1.085,1.112,1217000000.0,-8449000000.0,7249000000.0,7249000000.0,886000000.0,-0.223,-0.496,-0.534,-0.531,108000000.0,2535000000.0,1.0,1372983740.0,1406700000.0,1406700000.0,5.153,4892000000.0,433000000.0,-39000000.0,1713000000.0,3.478,1250000000.0
9,BSX,MRY,2011-12-31,2011-12-31,2011-12-31,2021-08-07,-138000000.0,21290000000.0,21605250000.0,3105000000.0,18185000000.0,0.353,7.522,-288000000.0,267000000.0,267000000.0,2659000000.0,441000000.0,1.718,0.875,4261000000.0,4000000.0,4257000000.0,4261000000.0,0.0,717000000.0,0.0,0.0,0.0,923000000.0,1640000000.0,0.215,1640000000.0,923000000.0,642000000.0,0.29,0.29,0.29,11353000000.0,11445750000.0,11353000000.0,11898240657.0,13.0,7.255,720000000.0,0.477,1.0,4963000000.0,0.651,16234000000.0,281000000.0,7243000000.0,7397250000.0,931000000.0,0.0,0.0,0.0,9937000000.0,1807000000.0,8130000000.0,7911240657.0,54000000.0,1070000000.0,-471000000.0,-1250000000.0,0.0,-1728000000.0,776000000.0,5000000.0,1008000000.0,-2000000.0,441000000.0,441000000.0,441000000.0,0.0,0.0,0.058,4837000000.0,126000000.0,203000000.0,0.0,0.697,17.939,18.414,1670000000.0,0.0,5.34,1.038,1.057,1246000000.0,-4381000000.0,7622000000.0,7622000000.0,895000000.0,0.02,0.039,0.125,0.121,128000000.0,2487000000.0,1.0,1481505741.0,1509300000.0,1519000000.0,5.05,5056000000.0,458000000.0,201000000.0,1865000000.0,3.35,1298000000.0
10,BSX,MRY,2010-12-31,2010-12-31,2010-12-31,2021-08-07,-129000000.0,22128000000.0,22621500000.0,3615000000.0,18513000000.0,0.345,7.442,-267000000.0,213000000.0,213000000.0,2599000000.0,-1065000000.0,1.386,0.959,5438000000.0,504000000.0,4934000000.0,5438000000.0,0.0,816000000.0,0.0,0.0,0.0,-670000000.0,146000000.0,0.019,146000000.0,-670000000.0,-1063000000.0,-0.7,-0.7,-0.7,11296000000.0,11002000000.0,11296000000.0,16919979862.0,-25.0,115.89,58000000.0,0.038,1.0,5207000000.0,0.667,16529000000.0,393000000.0,8215000000.0,8010250000.0,894000000.0,0.0,0.0,0.0,10832000000.0,2609000000.0,8223000000.0,11506979862.0,-651000000.0,-199000000.0,31000000.0,-527000000.0,0.0,-508000000.0,-468000000.0,4000000.0,325000000.0,0.0,-1065000000.0,-1065000000.0,-1065000000.0,0.0,0.0,-0.136,5863000000.0,-656000000.0,184000000.0,0.0,1.019,-10.805,-10.814,1697000000.0,0.0,7.57,1.474,1.472,1320000000.0,-4822000000.0,7806000000.0,7806000000.0,939000000.0,-0.047,-0.097,-0.084,-0.086,150000000.0,2580000000.0,1.0,1520076600.0,1517800000.0,1517800000.0,5.143,5599000000.0,429000000.0,2000000.0,1644000000.0,3.689,1006000000.0
11,BSX,MRY,2009-12-31,2009-12-31,2009-12-31,2021-08-07,-43000000.0,25177000000.0,25926000000.0,4599000000.0,20578000000.0,0.316,8.158,-307000000.0,864000000.0,864000000.0,2576000000.0,-1025000000.0,1.522,1.047,5918000000.0,3000000.0,5915000000.0,5918000000.0,0.0,834000000.0,0.0,0.0,0.0,-901000000.0,-67000000.0,-0.008,-67000000.0,-901000000.0,-1308000000.0,-0.68,-0.68,-0.68,12301000000.0,13072000000.0,12301000000.0,18242869910.0,-20.0,-272.282,528000000.0,0.35,1.0,5612000000.0,0.685,18603000000.0,407000000.0,8606000000.0,8899750000.0,891000000.0,0.0,0.0,0.0,12876000000.0,3022000000.0,9854000000.0,13593869910.0,-777000000.0,-527000000.0,33000000.0,-853000000.0,0.0,-820000000.0,-793000000.0,91000000.0,835000000.0,1000000.0,-1025000000.0,-1025000000.0,-1025000000.0,0.0,0.0,-0.125,6506000000.0,-894000000.0,212000000.0,0.0,1.105,-13.262,-13.235,1722000000.0,0.0,9.0,1.66,1.657,1375000000.0,-3757000000.0,8188000000.0,8188000000.0,1035000000.0,-0.04,-0.078,-0.101,-0.11,144000000.0,2635000000.0,1.0,1510429990.0,1507900000.0,1507900000.0,5.43,6574000000.0,572000000.0,-283000000.0,1875000000.0,4.36,1577000000.0
12,BSX,MRY,2008-12-31,2008-12-31,2008-12-31,2021-08-07,-53000000.0,27139000000.0,29303000000.0,5452000000.0,21687000000.0,0.275,8.791,-360000000.0,1641000000.0,1641000000.0,2469000000.0,-2036000000.0,1.686,1.06,6745000000.0,2000000.0,6743000000.0,6745000000.0,0.0,864000000.0,0.0,0.0,0.0,-1563000000.0,-699000000.0,-0.087,-699000000.0,-1563000000.0,-2031000000.0,-1.36,-1.36,-1.36,13174000000.0,14972500000.0,13174000000.0,16661793709.0,-11.0,-23.837,856000000.0,0.571,1.0,5581000000.0,0.693,19665000000.0,468000000.0,9345000000.0,9446750000.0,853000000.0,0.0,0.0,0.0,13965000000.0,3233000000.0,10732000000.0,11621793709.0,189000000.0,591000000.0,71000000.0,-1425000000.0,0.0,-1350000000.0,324000000.0,149000000.0,1216000000.0,-1000000.0,-2036000000.0,-2036000000.0,-2036000000.0,0.0,0.0,-0.253,7336000000.0,-1755000000.0,239000000.0,0.0,0.882,-5.708,-5.691,1728000000.0,0.0,7.74,1.444,1.441,1402000000.0,-2732000000.0,8050000000.0,8050000000.0,1006000000.0,-0.069,-0.136,-0.165,-0.194,138000000.0,2589000000.0,1.0,1501523735.0,1498500000.0,1498500000.0,5.372,7474000000.0,911000000.0,5000000.0,2262000000.0,4.988,2219000000.0
13,BSX,MRY,2007-12-31,2007-12-31,2007-12-31,2021-08-07,9000000.0,31197000000.0,31216250000.0,5941000000.0,25256000000.0,0.268,10.153,-333000000.0,1452000000.0,1452000000.0,2342000000.0,-495000000.0,1.828,1.066,8189000000.0,256000000.0,7933000000.0,8189000000.0,0.0,918000000.0,0.0,0.0,0.0,1000000.0,919000000.0,0.11,919000000.0,1000000.0,-569000000.0,-0.33,-0.33,-0.33,15097000000.0,15491250000.0,15097000000.0,24257838459.0,24258.0,26.396,601000000.0,0.404,1.0,6015000000.0,0.72,23067000000.0,570000000.0,11617000000.0,11599250000.0,725000000.0,317000000.0,0.0,317000000.0,16100000000.0,3250000000.0,12850000000.0,17337838459.0,-216000000.0,-261000000.0,132000000.0,-754000000.0,0.0,-680000000.0,-474000000.0,243000000.0,934000000.0,4000000.0,-495000000.0,-495000000.0,-495000000.0,0.0,0.0,-0.059,6029000000.0,-14000000.0,139000000.0,0.0,1.148,-35.026,-35.242,1715000000.0,0.0,11.63,2.075,2.069,1502000000.0,-693000000.0,8357000000.0,8357000000.0,1091000000.0,-0.016,-0.032,0.0,0.0,122000000.0,2909000000.0,1.0,1490785766.0,1486900000.0,1486900000.0,5.62,8130000000.0,679000000.0,-74000000.0,2406000000.0,5.468,2691000000.0
14,BSX,MRY,2006-12-31,2006-12-31,2006-12-31,2021-08-07,57000000.0,30882000000.0,25338500000.0,6030000000.0,24852000000.0,0.309,12.011,-323000000.0,1668000000.0,1668000000.0,2207000000.0,-3577000000.0,2.292,1.019,8902000000.0,7000000.0,8895000000.0,8902000000.0,0.0,725000000.0,0.0,0.0,0.0,-3100000000.0,-2375000000.0,-0.304,-2375000000.0,-3100000000.0,-3535000000.0,-2.81,-2.81,-2.81,15298000000.0,12467750000.0,15298000000.0,32679647025.0,-11.0,-13.76,1522000000.0,1.195,1.0,5614000000.0,0.718,22378000000.0,435000000.0,13107000000.0,10636500000.0,684000000.0,596000000.0,0.0,596000000.0,15584000000.0,2631000000.0,12953000000.0,25322647025.0,979000000.0,-9083000000.0,1545000000.0,6888000000.0,0.0,8439000000.0,-9312000000.0,94000000.0,1845000000.0,7000000.0,-3577000000.0,-3577000000.0,-3577000000.0,0.0,0.0,-0.457,8563000000.0,-2949000000.0,204000000.0,0.0,1.655,-7.079,-6.114,1644000000.0,0.0,17.18,3.238,2.798,1388000000.0,-174000000.0,7821000000.0,7821000000.0,1008000000.0,-0.141,-0.287,-0.291,-0.396,113000000.0,2675000000.0,1.0,1473960828.0,1273700000.0,1273700000.0,6.14,8504000000.0,369000000.0,42000000.0,2983000000.0,6.677,3399000000.0
15,BSX,MRY,2005-12-31,2005-12-31,2005-12-31,2021-08-07,21000000.0,8196000000.0,8043500000.0,2631000000.0,5565000000.0,0.781,5.185,-322000000.0,689000000.0,689000000.0,1386000000.0,628000000.0,1.779,0.914,2020000000.0,156000000.0,1864000000.0,2020000000.0,0.0,314000000.0,0.0,0.0,0.0,981000000.0,1295000000.0,0.206,1295000000.0,981000000.0,891000000.0,0.76,0.75,0.76,4282000000.0,4197500000.0,4282000000.0,21838164850.0,22.0,16.863,581000000.0,0.704,1.0,4897000000.0,0.779,3735000000.0,90000000.0,4313000000.0,4245250000.0,418000000.0,753000000.0,159000000.0,594000000.0,3914000000.0,1479000000.0,2435000000.0,20069164850.0,-607000000.0,-211000000.0,-640000000.0,-313000000.0,0.0,-954000000.0,-551000000.0,-18000000.0,903000000.0,-5000000.0,628000000.0,628000000.0,628000000.0,0.0,0.0,0.1,3929000000.0,968000000.0,105000000.0,0.0,4.687,31.957,32.224,1011000000.0,0.0,24.49,3.194,3.219,932000000.0,3410000000.0,6283000000.0,6283000000.0,680000000.0,0.078,0.15,0.231,0.156,47000000.0,1814000000.0,1.0,819484069.0,825800000.0,837600000.0,7.608,4461000000.0,152000000.0,263000000.0,279000000.0,5.402,1152000000.0
16,BSX,MRY,2004-12-31,2004-12-31,2004-12-31,2021-08-07,-84000000.0,8170000000.0,7357250000.0,3289000000.0,4881000000.0,0.764,4.766,-274000000.0,1296000000.0,1296000000.0,1292000000.0,1062000000.0,1.263,1.03,2367000000.0,1228000000.0,1139000000.0,2367000000.0,0.0,275000000.0,0.0,0.0,0.0,1558000000.0,1833000000.0,0.326,1833000000.0,1558000000.0,1494000000.0,1.27,1.24,1.27,4025000000.0,3738250000.0,4025000000.0,31412152764.0,20.0,17.137,1530000000.0,1.812,1.0,4332000000.0,0.77,3340000000.0,64000000.0,3296000000.0,3558750000.0,360000000.0,873000000.0,344000000.0,529000000.0,4145000000.0,2605000000.0,1540000000.0,30021152764.0,625000000.0,-911000000.0,-135000000.0,577000000.0,0.0,439000000.0,-1622000000.0,-437000000.0,1804000000.0,4000000.0,1062000000.0,1062000000.0,1062000000.0,0.0,0.0,0.189,2758000000.0,1574000000.0,108000000.0,0.0,7.459,28.269,27.992,870000000.0,0.0,35.55,5.338,5.338,900000000.0,2790000000.0,5624000000.0,5624000000.0,569000000.0,0.144,0.284,0.438,0.277,276000000.0,1742000000.0,1.0,844476871.0,844476871.0,,6.66,4830000000.0,241000000.0,432000000.0,514000000.0,5.72,684000000.0
17,BSX,MRY,2003-12-31,2003-12-31,2003-12-31,2021-08-07,-49000000.0,5699000000.0,5108750000.0,1880000000.0,3819000000.0,0.68,3.494,-187000000.0,671000000.0,671000000.0,961000000.0,472000000.0,1.35,0.991,1725000000.0,553000000.0,1172000000.0,1725000000.0,0.0,196000000.0,0.0,0.0,0.0,689000000.0,885000000.0,0.255,885000000.0,689000000.0,643000000.0,0.57,0.56,0.57,2862000000.0,2641000000.0,2862000000.0,31215166693.0,45.0,35.271,600000000.0,0.732,1.0,2515000000.0,0.724,2461000000.0,46000000.0,2899000000.0,2405750000.0,281000000.0,639000000.0,81000000.0,558000000.0,2837000000.0,1393000000.0,1444000000.0,30112166693.0,411000000.0,-296000000.0,-310000000.0,793000000.0,0.0,487000000.0,-871000000.0,-388000000.0,787000000.0,8000000.0,472000000.0,472000000.0,472000000.0,0.0,0.0,0.136,1818000000.0,697000000.0,78000000.0,0.0,10.521,63.797,64.491,744000000.0,0.0,36.76,8.663,8.663,542000000.0,1789000000.0,3476000000.0,3476000000.0,452000000.0,0.092,0.179,0.286,0.198,155000000.0,1171000000.0,1.0,819155786.0,819155786.0,,4.243,3238000000.0,245000000.0,171000000.0,236000000.0,3.953,487000000.0
18,BSX,MRY,2002-12-31,2002-12-31,2002-12-31,2021-08-07,-127000000.0,4450000000.0,4212250000.0,1208000000.0,3242000000.0,0.693,3.024,-110000000.0,260000000.0,260000000.0,870000000.0,373000000.0,1.309,0.804,935000000.0,88000000.0,847000000.0,935000000.0,0.0,161000000.0,0.0,0.0,0.0,592000000.0,753000000.0,0.258,753000000.0,592000000.0,549000000.0,0.46,0.45,0.46,2467000000.0,2238000000.0,2467000000.0,18190412969.0,31.0,24.157,626000000.0,0.767,1.0,2049000000.0,0.702,2367000000.0,43000000.0,1835000000.0,1944750000.0,243000000.0,210000000.0,0.0,210000000.0,1983000000.0,923000000.0,1060000000.0,17341412969.0,80000000.0,-377000000.0,107000000.0,-283000000.0,0.0,-175000000.0,-485000000.0,2000000.0,736000000.0,4000000.0,373000000.0,373000000.0,373000000.0,0.0,0.0,0.128,1439000000.0,610000000.0,66000000.0,0.0,7.029,46.492,46.217,636000000.0,0.0,21.26,5.941,5.941,435000000.0,1394000000.0,2919000000.0,2919000000.0,343000000.0,0.089,0.167,0.304,0.203,28000000.0,1002000000.0,1.0,815682642.0,815682642.0,,3.579,2083000000.0,168000000.0,176000000.0,202000000.0,2.554,285000000.0
19,BSX,MRY,2001-12-31,2001-12-31,2001-12-31,2021-08-07,-62000000.0,3974000000.0,3713250000.0,1106000000.0,2868000000.0,0.72,2.498,-116000000.0,180000000.0,180000000.0,919000000.0,-54000000.0,1.331,0.972,1204000000.0,231000000.0,973000000.0,1204000000.0,0.0,232000000.0,0.0,0.0,0.0,103000000.0,335000000.0,0.125,335000000.0,103000000.0,44000000.0,-0.07,-0.07,-0.07,2015000000.0,1909250000.0,2015000000.0,10836588900.0,105.0,32.348,374000000.0,0.464,1.0,1754000000.0,0.656,2064000000.0,59000000.0,2103000000.0,1870500000.0,303000000.0,154000000.0,0.0,154000000.0,1959000000.0,831000000.0,1128000000.0,9728588900.0,126000000.0,-620000000.0,42000000.0,395000000.0,0.0,437000000.0,-800000000.0,17000000.0,490000000.0,-1000000.0,-54000000.0,-54000000.0,-54000000.0,0.0,0.0,-0.02,1654000000.0,100000000.0,54000000.0,0.0,4.828,-180.159,-172.286,592000000.0,0.0,12.06,3.64,3.64,370000000.0,1031000000.0,2673000000.0,2673000000.0,275000000.0,-0.015,-0.028,0.055,0.039,8000000.0,926000000.0,1.0,806682330.0,806682330.0,,3.314,1910000000.0,174000000.0,98000000.0,158000000.0,2.368,275000000.0
20,BSX,MRY,2000-12-31,2000-12-31,2000-12-31,2021-08-07,-98000000.0,3427000000.0,3459250000.0,992000000.0,2435000000.0,0.77,2.387,-72000000.0,54000000.0,54000000.0,832000000.0,373000000.0,1.211,0.771,834000000.0,260000000.0,574000000.0,834000000.0,0.0,181000000.0,0.0,0.0,0.0,597000000.0,778000000.0,0.292,778000000.0,597000000.0,527000000.0,0.46,0.455,0.46,1935000000.0,1879250000.0,1935000000.0,6363453024.0,11.0,8.179,667000000.0,0.823,1.0,1832000000.0,0.688,1671000000.0,70000000.0,1717000000.0,1784750000.0,354000000.0,105000000.0,6000000.0,99000000.0,1492000000.0,819000000.0,673000000.0,5548453024.0,-10000000.0,0.0,-193000000.0,-447000000.0,0.0,-638000000.0,-107000000.0,15000000.0,739000000.0,-4000000.0,373000000.0,373000000.0,373000000.0,0.0,0.0,0.14,1252000000.0,580000000.0,67000000.0,0.0,2.867,14.875,14.88,567000000.0,0.0,6.845,2.083,2.083,361000000.0,1116000000.0,2664000000.0,2664000000.0,199000000.0,0.108,0.198,0.335,0.224,5000000.0,867000000.0,1.0,810584810.0,810584810.0,,3.287,1756000000.0,226000000.0,154000000.0,137000000.0,2.166,173000000.0
21,BSX,MRY,1999-12-31,1999-12-31,1999-12-31,2021-08-07,-116000000.0,3572000000.0,3708250000.0,1055000000.0,2517000000.0,0.766,2.079,-59000000.0,64000000.0,64000000.0,986000000.0,371000000.0,1.0,1.072,1288000000.0,600000000.0,688000000.0,1288000000.0,0.0,178000000.0,0.0,0.0,0.0,680000000.0,858000000.0,0.302,858000000.0,680000000.0,562000000.0,0.46,0.45,0.46,1724000000.0,1514000000.0,1724000000.0,10321662672.0,15.0,12.03,717000000.0,0.864,1.0,1856000000.0,0.653,1726000000.0,118000000.0,2015000000.0,2323000000.0,376000000.0,69000000.0,14000000.0,55000000.0,1848000000.0,1055000000.0,793000000.0,9073662672.0,-6000000.0,-128000000.0,528000000.0,-1120000000.0,0.0,-593000000.0,-185000000.0,5000000.0,776000000.0,-4000000.0,371000000.0,371000000.0,371000000.0,0.0,0.0,0.131,1167000000.0,689000000.0,92000000.0,0.0,5.263,24.457,23.783,604000000.0,0.0,10.94,3.193,3.193,445000000.0,752000000.0,2842000000.0,2842000000.0,197000000.0,0.1,0.245,0.293,0.239,49000000.0,842000000.0,1.0,829402438.0,829402438.0,,3.427,1846000000.0,238000000.0,191000000.0,42000000.0,2.226,0.0
22,BSX,MRY,1998-12-31,1998-12-31,1998-12-31,2021-08-07,-71000000.0,3893000000.0,3027142500.0,1267000000.0,2626000000.0,0.738,1.045,-174000000.0,70000000.0,70000000.0,735000000.0,-264000000.0,0.782,3.742,2391000000.0,1027000000.0,1364000000.0,2391000000.0,0.0,129000000.0,0.0,0.0,0.0,-207000000.0,-78000000.0,-0.035,-78000000.0,-207000000.0,-275000000.0,-0.34,-0.34,-0.34,821000000.0,926627750.0,821000000.0,12977199076.0,-63.0,-166.374,119000000.0,0.151,1.0,1499000000.0,0.671,1814000000.0,68000000.0,2780000000.0,2135038250.0,462000000.0,39000000.0,5000000.0,34000000.0,3072000000.0,1620000000.0,1452000000.0,10534167076.0,12000000.0,-2060000000.0,66000000.0,1882000000.0,0.0,1943000000.0,-2225000000.0,11000000.0,293000000.0,1000000.0,-264000000.0,-264000000.0,-264000000.0,0.0,0.0,-0.118,1706000000.0,-207000000.0,109000000.0,0.0,12.831,-39.902,-39.426,680000000.0,0.0,13.405,4.715,4.715,538000000.0,381000000.0,2234000000.0,2234000000.0,200000000.0,-0.087,-0.285,-0.097,-0.093,34000000.0,755000000.0,1.0,785838648.0,785838648.0,,2.843,2079000000.0,199000000.0,-11000000.0,19000000.0,2.646,-353000000.0
23,BSX,MRY,1997-12-31,1997-12-31,1997-12-31,2021-08-07,-76857000.0,1924270000.0,1754657500.0,1020484000.0,903786000.0,1.044,1.233,-220000000.0,57993000.0,57993000.0,546000000.0,110000000.0,1.286,1.01,493533000.0,447208000.0,46325000.0,493533000.0,0.0,87000000.0,0.0,0.0,0.0,208000000.0,295000000.0,0.161,295000000.0,208000000.0,194000000.0,0.14,0.14,0.14,957298000.0,976206500.0,957298000.0,,,,-140000000.0,-0.18,1.0,1285000000.0,0.702,313346000.0,14000000.0,1253056000.0,1102452000.0,391580000.0,88555000.0,22316000.0,66239000.0,966972000.0,793408000.0,173564000.0,8907533180.0,-14000000.0,-18000000.0,-90000000.0,252000000.0,0.0,162000000.0,-251000000.0,26000000.0,80000000.0,-5000000.0,110000000.0,110000000.0,110000000.0,0.0,0.0,0.06,1060000000.0,225000000.0,98878000.0,0.0,9.305,80.978,81.929,498967000.0,0.0,11.47,4.865,4.865,365463000.0,677608000.0,1831000000.0,1831000000.0,167000000.0,0.063,0.113,0.189,0.114,0.0,663000000.0,1.0,776594000.0,776594000.0,,2.358,1610924000.0,146956000.0,84000000.0,69470000.0,2.074,227076000.0
24,BSX,MRY,1996-12-31,1996-12-31,1996-12-31,2021-08-07,-19078000.0,1585045000.0,,816817000.0,768228000.0,,,-145332000.0,72175000.0,72175000.0,427838000.0,167094000.0,1.695,0.593,240556000.0,240556000.0,0.0,240556000.0,0.0,66317000.0,0.0,0.0,0.0,314848000.0,381165000.0,0.246,381165000.0,314848000.0,303330000.0,0.215,0.21,0.215,995115000.0,,995115000.0,,,,-3353000.0,,1.0,1123400000.0,0.724,319762000.0,11518000.0,951848000.0,,236670000.0,101341000.0,45606000.0,55735000.0,589930000.0,481816000.0,108114000.0,,-62656000.0,-264493000.0,13810000.0,184684000.0,0.0,199256000.0,-401303000.0,23465000.0,141979000.0,-2588000.0,167094000.0,167094000.0,167094000.0,0.0,0.0,0.108,810229000.0,313171000.0,66877000.0,0.0,,,69.767,362302000.0,0.0,15.0,,,321025000.0,574051000.0,1551238000.0,1551238000.0,134919000.0,,,,0.203,0.0,492332000.0,1.0,,,,,1265283000.0,97364000.0,136236000.0,87378000.0,,335001000.0
25,BSX,MRY,1995-12-31,1995-12-31,1995-12-31,2021-08-07,,,,,,,,-74800000.0,,,342747000.0,-18419000.0,,,,,,,,43396000.0,,0.0,0.0,72269000.0,115665000.0,0.097,115665000.0,72269000.0,62678000.0,-0.025,-0.025,-0.025,,,,,,,-42264000.0,,1.0,848074000.0,0.712,,9591000.0,,,,,,,,,,,-144929000.0,-96792000.0,48922000.0,-38906000.0,0.0,9909000.0,-182435000.0,58812000.0,32536000.0,-4939000.0,-18419000.0,-18419000.0,-18419000.0,0.0,0.0,-0.015,795963000.0,52111000.0,,0.0,,,-492.5,,0.0,12.312,,,,,1190821000.0,1190821000.0,105788000.0,,,,0.061,0.0,391548000.0,1.0,,,,,,,81097000.0,,,
0,BSX,MRQ,2021-06-30,2021-06-30,2021-06-30,2021-08-07,237000000.0,31168000000.0,,6758000000.0,24410000000.0,,11.216,-82000000.0,2675000000.0,2675000000.0,945000000.0,186000000.0,1.659,0.955,9109000000.0,262000000.0,8847000000.0,9109000000.0,0.0,263000000.0,0.0,0.0,0.0,235000000.0,498000000.0,0.162,498000000.0,235000000.0,149000000.0,0.12,0.12,0.12,15942000000.0,,15942000000.0,67837148160.0,75.0,26.53,561000000.0,0.395,1.0,2132000000.0,0.693,16662000000.0,86000000.0,16867000000.0,,1430000000.0,0.0,0.0,0.0,15226000000.0,4073000000.0,11153000000.0,60758148160.0,645000000.0,0.0,19000000.0,0.0,0.0,2000000.0,0.0,84000000.0,643000000.0,0.0,186000000.0,172000000.0,172000000.0,0.0,0.0,0.056,1872000000.0,260000000.0,689000000.0,0.0,3.811,115.51,115.568,2082000000.0,14000000.0,42.76,5.426,5.428,1675000000.0,-1878000000.0,3077000000.0,3077000000.0,298000000.0,,,,,47000000.0,1121000000.0,1.0,1420910855.0,1421300000.0,1432500000.0,2.165,14506000000.0,4238000000.0,-37000000.0,115000000.0,10.206,2685000000.0
1,BSX,MRQ,2021-03-31,2021-03-31,2021-03-31,2021-08-07,254000000.0,30900000000.0,,6101000000.0,24799000000.0,,11.08,-49000000.0,2016000000.0,2016000000.0,894000000.0,341000000.0,1.798,0.966,9095000000.0,13000000.0,9082000000.0,9095000000.0,0.0,268000000.0,0.0,0.0,0.0,407000000.0,675000000.0,0.245,675000000.0,407000000.0,325000000.0,0.23,0.23,0.23,15719000000.0,,15719000000.0,62182454576.0,108.0,27.711,235000000.0,0.166,1.0,1858000000.0,0.675,16859000000.0,82000000.0,17727000000.0,,1407000000.0,0.0,0.0,0.0,15181000000.0,3393000000.0,11788000000.0,54773454576.0,258000000.0,95000000.0,-28000000.0,0.0,0.0,-95000000.0,71000000.0,38000000.0,284000000.0,0.0,341000000.0,327000000.0,327000000.0,0.0,0.0,0.119,1495000000.0,363000000.0,615000000.0,0.0,3.485,272.505,276.071,2053000000.0,14000000.0,38.65,5.411,5.417,1631000000.0,-2050000000.0,2752000000.0,2752000000.0,276000000.0,,,,,47000000.0,1019000000.0,1.0,1417165707.0,1418700000.0,1430800000.0,1.94,14041000000.0,4365000000.0,-16000000.0,336000000.0,9.897,2708000000.0
2,BSX,MRQ,2020-12-31,2020-12-31,2020-12-31,2021-08-07,207000000.0,30777000000.0,,6694000000.0,24083000000.0,,10.734,-132000000.0,1734000000.0,1734000000.0,1000000000.0,210000000.0,1.819,1.008,9143000000.0,13000000.0,9130000000.0,9143000000.0,0.0,1123000000.0,0.0,0.0,0.0,402000000.0,1525000000.0,0.563,1525000000.0,402000000.0,306000000.0,0.14,0.14,0.14,15326000000.0,,15326000000.0,58791576451.0,209.0,41.874,541000000.0,0.379,1.0,1709000000.0,0.631,15868000000.0,96000000.0,18637000000.0,,1351000000.0,0.0,0.0,0.0,15451000000.0,3681000000.0,11770000000.0,51477576451.0,-287000000.0,0.0,-531000000.0,-260000000.0,0.0,-819000000.0,-147000000.0,0.0,673000000.0,8000000.0,210000000.0,196000000.0,196000000.0,0.0,0.0,0.072,1657000000.0,52000000.0,513000000.0,0.0,3.359,-447.631,-449.375,2084000000.0,14000000.0,35.95,5.193,5.138,1531000000.0,-2378000000.0,2709000000.0,2709000000.0,286000000.0,,,,,170000000.0,1027000000.0,1.0,1431921459.0,1427800000.0,1427800000.0,1.897,14909000000.0,4404000000.0,96000000.0,330000000.0,10.442,3013000000.0
3,BSX,MRQ,2020-09-30,2020-09-30,2020-09-30,2021-08-07,151000000.0,30845000000.0,,6160000000.0,24685000000.0,,10.877,-26000000.0,2022000000.0,2022000000.0,869000000.0,-155000000.0,1.866,0.982,9336000000.0,11000000.0,9325000000.0,9336000000.0,0.0,0.0,0.0,0.0,0.0,-141000000.0,-141000000.0,-0.053,-141000000.0,-141000000.0,-227000000.0,-0.12,-0.12,-0.12,15564000000.0,,15564000000.0,62474079064.0,1179.0,38.66,617000000.0,0.431,1.0,1790000000.0,0.673,16934000000.0,86000000.0,17923000000.0,,1472000000.0,0.0,0.0,0.0,15281000000.0,3302000000.0,11979000000.0,54666079064.0,266000000.0,0.0,57000000.0,-250000000.0,0.0,-249000000.0,-129000000.0,0.0,643000000.0,1000000.0,-155000000.0,-169000000.0,-169000000.0,0.0,0.0,-0.064,1996000000.0,-206000000.0,452000000.0,0.0,3.512,14.835,14.419,2064000000.0,14000000.0,38.21,5.408,5.409,1598000000.0,-2574000000.0,2659000000.0,2659000000.0,315000000.0,,,,,0.0,984000000.0,1.0,1430674668.0,1430900000.0,1430900000.0,1.858,13911000000.0,4346000000.0,-72000000.0,522000000.0,9.722,2858000000.0
4,BSX,MRQ,2020-06-30,2020-06-30,2020-06-30,2021-08-07,131000000.0,30823000000.0,,5803000000.0,25020000000.0,,11.068,-45000000.0,1724000000.0,1724000000.0,791000000.0,-147000000.0,1.867,0.974,9532000000.0,254000000.0,9278000000.0,9532000000.0,0.0,275000000.0,0.0,0.0,0.0,-90000000.0,185000000.0,0.092,185000000.0,-90000000.0,-181000000.0,-0.11,-0.11,-0.11,15616000000.0,,15616000000.0,59096182783.0,156.0,30.415,224000000.0,0.159,1.0,1212000000.0,0.605,17261000000.0,91000000.0,18262000000.0,,1516000000.0,0.0,0.0,0.0,15207000000.0,3108000000.0,12099000000.0,49131182783.0,1316000000.0,12000000.0,981000000.0,-835000000.0,0.0,1105000000.0,-59000000.0,0.0,269000000.0,0.0,-148000000.0,-153000000.0,-153000000.0,0.0,1000000.0,-0.076,1282000000.0,-70000000.0,408000000.0,0.0,3.146,12.345,12.276,2079000000.0,5000000.0,35.11,4.837,4.877,1457000000.0,-2405000000.0,2003000000.0,2003000000.0,242000000.0,,,,,46000000.0,798000000.0,1.0,1399350122.0,1410900000.0,1410900000.0,1.42,13562000000.0,4363000000.0,-33000000.0,585000000.0,9.612,2695000000.0
5,BSX,MRQ,2020-03-31,2020-03-31,2020-03-31,2021-08-07,168000000.0,30113000000.0,,4823000000.0,25290000000.0,,9.878,-74000000.0,370000000.0,370000000.0,806000000.0,11000000.0,1.213,1.181,10335000000.0,1004000000.0,9331000000.0,10335000000.0,0.0,277000000.0,0.0,0.0,0.0,111000000.0,388000000.0,0.153,388000000.0,111000000.0,23000000.0,0.01,0.01,0.01,13804000000.0,,13804000000.0,55348854238.0,79.0,27.786,-151000000.0,-0.108,1.0,1737000000.0,0.683,17491000000.0,88000000.0,18611000000.0,,1628000000.0,0.0,0.0,0.0,16309000000.0,3976000000.0,12333000000.0,45557854238.0,93000000.0,0.0,-15000000.0,346000000.0,0.0,256000000.0,-76000000.0,0.0,-77000000.0,0.0,11000000.0,11000000.0,11000000.0,0.0,0.0,0.004,1591000000.0,146000000.0,605000000.0,0.0,3.3,10.627,10.594,2098000000.0,0.0,32.63,4.224,4.228,1577000000.0,-2252000000.0,2543000000.0,2543000000.0,300000000.0,,,,,42000000.0,978000000.0,1.0,1396195349.0,1397400000.0,1413500000.0,1.82,12622000000.0,4367000000.0,12000000.0,589000000.0,9.032,847000000.0
6,BSX,MRQ,2019-12-31,2019-12-31,2019-12-31,2021-08-07,270000000.0,30565000000.0,,4699000000.0,25866000000.0,,9.953,-132000000.0,217000000.0,217000000.0,851000000.0,3996000000.0,0.966,1.203,10008000000.0,1416000000.0,8592000000.0,10008000000.0,0.0,1011000000.0,0.0,0.0,0.0,173000000.0,1184000000.0,0.408,1184000000.0,173000000.0,-6000000.0,2.87,2.83,2.87,13877000000.0,,13877000000.0,73638702830.0,63.0,33.919,560000000.0,0.402,1.0,2053000000.0,0.707,18062000000.0,179000000.0,17428000000.0,,1579000000.0,0.0,0.0,0.0,16688000000.0,4866000000.0,11822000000.0,63028702830.0,-69000000.0,0.0,9000000.0,-990000000.0,0.0,-724000000.0,-49000000.0,95000000.0,692000000.0,2000000.0,3996000000.0,3996000000.0,3996000000.0,0.0,0.0,1.376,1843000000.0,210000000.0,542000000.0,0.0,4.542,13.41,13.379,2079000000.0,0.0,45.22,5.871,5.862,1828000000.0,-2253000000.0,2904000000.0,2904000000.0,308000000.0,,,,,157000000.0,1092000000.0,1.0,1393823592.0,1394200000.0,1413300000.0,2.083,12503000000.0,4391000000.0,-4002000000.0,595000000.0,8.968,-167000000.0
7,BSX,MRQ,2019-09-30,2019-09-30,2019-09-30,2021-08-07,138000000.0,26756000000.0,,4847000000.0,21909000000.0,,6.962,-118000000.0,277000000.0,277000000.0,777000000.0,126000000.0,1.139,1.759,10887000000.0,1297000000.0,9590000000.0,10887000000.0,0.0,0.0,0.0,0.0,0.0,186000000.0,186000000.0,0.069,186000000.0,186000000.0,91000000.0,0.09,0.09,0.09,9699000000.0,,9699000000.0,66097088704.0,49.0,29.508,384000000.0,0.276,1.0,1930000000.0,0.713,18089000000.0,95000000.0,15023000000.0,,1566000000.0,0.0,0.0,0.0,17057000000.0,4254000000.0,12803000000.0,56680088704.0,-2147000000.0,-3529000000.0,47000000.0,1338000000.0,0.0,1314000000.0,-3962000000.0,-294000000.0,502000000.0,-2000000.0,126000000.0,126000000.0,126000000.0,0.0,0.0,0.047,1547000000.0,383000000.0,512000000.0,0.0,5.844,52.0,51.506,1942000000.0,0.0,40.69,5.454,5.455,1796000000.0,-6249000000.0,2707000000.0,2707000000.0,306000000.0,,,,,0.0,1012000000.0,1.0,1392973426.0,1393100000.0,1412200000.0,1.943,8667000000.0,189000000.0,-35000000.0,807000000.0,6.221,593000000.0
8,BSX,MRQ,2019-06-30,2019-06-30,2019-06-30,2021-08-07,78000000.0,24309000000.0,,6334000000.0,17975000000.0,,6.776,-91000000.0,123000000.0,123000000.0,758000000.0,154000000.0,1.306,1.579,9540000000.0,1949000000.0,7591000000.0,9540000000.0,0.0,0.0,0.0,0.0,0.0,234000000.0,234000000.0,0.089,234000000.0,234000000.0,145000000.0,0.11,0.11,0.11,9425000000.0,,9425000000.0,68859244708.0,41.0,26.814,201000000.0,0.145,1.0,1873000000.0,0.712,14937000000.0,89000000.0,13939000000.0,,1300000000.0,0.0,0.0,0.0,14884000000.0,4850000000.0,10034000000.0,59770244708.0,-73000000.0,-442000000.0,9000000.0,305000000.0,0.0,256000000.0,-620000000.0,0.0,292000000.0,0.0,154000000.0,154000000.0,154000000.0,0.0,0.0,0.059,1489000000.0,384000000.0,524000000.0,0.0,6.342,42.815,42.554,1820000000.0,0.0,42.98,5.931,5.932,1712000000.0,-6375000000.0,2631000000.0,2631000000.0,280000000.0,,,,,0.0,968000000.0,1.0,1390652506.0,1391000000.0,1408600000.0,1.891,9372000000.0,175000000.0,-9000000.0,416000000.0,6.738,1484000000.0
9,BSX,MRQ,2019-03-31,2019-03-31,2019-03-31,2021-08-07,87000000.0,23802000000.0,,6234000000.0,17568000000.0,,6.653,-61000000.0,139000000.0,139000000.0,730000000.0,424000000.0,1.392,1.578,9228000000.0,1638000000.0,7590000000.0,9228000000.0,0.0,0.0,0.0,0.0,0.0,566000000.0,566000000.0,0.227,566000000.0,566000000.0,457000000.0,0.31,0.3,0.31,9233000000.0,,9233000000.0,60103218720.0,33.0,21.96,289000000.0,0.208,1.0,1763000000.0,0.707,14627000000.0,109000000.0,13785000000.0,,1228000000.0,0.0,0.0,0.0,14569000000.0,4479000000.0,10090000000.0,53193218720.0,2067000000.0,-321000000.0,-7000000.0,2141000000.0,0.0,2127000000.0,-410000000.0,0.0,350000000.0,0.0,424000000.0,424000000.0,424000000.0,0.0,0.0,0.17,1222000000.0,541000000.0,498000000.0,0.0,5.761,29.601,29.523,1782000000.0,0.0,38.38,5.353,5.36,1621000000.0,-6528000000.0,2493000000.0,2493000000.0,280000000.0,,,,,0.0,869000000.0,1.0,1385961926.0,1387700000.0,1408400000.0,1.796,9175000000.0,163000000.0,33000000.0,441000000.0,6.612,1755000000.0
10,BSX,MRQ,2018-12-31,2018-12-31,2018-12-31,2021-08-07,33000000.0,20999000000.0,,4003000000.0,16996000000.0,,6.305,-92000000.0,146000000.0,146000000.0,729000000.0,386000000.0,0.761,1.406,7056000000.0,2253000000.0,4803000000.0,7056000000.0,0.0,894000000.0,0.0,0.0,0.0,360000000.0,1254000000.0,0.49,1254000000.0,360000000.0,296000000.0,0.28,0.27,0.28,8726000000.0,,8726000000.0,55361519601.0,33.0,21.651,-73000000.0,-0.053,1.0,1832000000.0,0.715,14283000000.0,64000000.0,8366000000.0,,1166000000.0,0.0,0.0,0.0,12273000000.0,5260000000.0,7013000000.0,48903519601.0,-151000000.0,-480000000.0,5000000.0,422000000.0,0.0,425000000.0,-595000000.0,0.0,19000000.0,9000000.0,386000000.0,386000000.0,386000000.0,0.0,0.0,0.151,1513000000.0,319000000.0,349000000.0,0.0,5.604,29.266,29.207,1782000000.0,0.0,35.34,4.978,4.968,1608000000.0,-6953000000.0,2561000000.0,2561000000.0,288000000.0,,,,,140000000.0,953000000.0,1.0,1383800781.0,1384000000.0,1406200000.0,1.85,6716000000.0,248000000.0,-90000000.0,328000000.0,4.853,-1257000000.0
11,BSX,MRQ,2018-09-30,2018-09-30,2018-09-30,2021-08-07,25000000.0,20379000000.0,,3971000000.0,16408000000.0,,5.994,-76000000.0,168000000.0,168000000.0,672000000.0,432000000.0,0.781,1.459,6626000000.0,1820000000.0,4806000000.0,6626000000.0,0.0,0.0,0.0,0.0,0.0,514000000.0,514000000.0,0.215,514000000.0,514000000.0,456000000.0,0.31,0.31,0.31,8289000000.0,,8289000000.0,59527603914.0,38.0,24.507,425000000.0,0.307,1.0,1721000000.0,0.719,13885000000.0,58000000.0,7870000000.0,,1134000000.0,0.0,0.0,0.0,12090000000.0,5082000000.0,7008000000.0,53242603914.0,-14000000.0,-550000000.0,39000000.0,124000000.0,0.0,151000000.0,-662000000.0,0.0,501000000.0,-4000000.0,432000000.0,432000000.0,432000000.0,0.0,0.0,0.181,1332000000.0,389000000.0,453000000.0,0.0,6.423,79.467,80.208,1730000000.0,0.0,38.5,5.506,5.505,1580000000.0,-7339000000.0,2393000000.0,2393000000.0,289000000.0,,,,,0.0,870000000.0,1.0,1382924777.0,1382800000.0,1403900000.0,1.731,6494000000.0,43000000.0,24000000.0,428000000.0,4.696,-1111000000.0
12,BSX,MRQ,2018-06-30,2018-06-30,2018-06-30,2021-08-07,-16000000.0,19615000000.0,,3929000000.0,15686000000.0,,5.61,-74000000.0,208000000.0,208000000.0,739000000.0,555000000.0,0.827,1.533,6493000000.0,1685000000.0,4808000000.0,6493000000.0,0.0,0.0,0.0,0.0,0.0,403000000.0,403000000.0,0.162,403000000.0,403000000.0,346000000.0,0.4,0.4,0.4,7744000000.0,,7744000000.0,50597803415.0,35.0,22.182,-477000000.0,-0.346,1.0,1751000000.0,0.703,13176000000.0,57000000.0,7971000000.0,,1087000000.0,0.0,0.0,0.0,11871000000.0,4753000000.0,7118000000.0,45119803415.0,-174000000.0,-409000000.0,13000000.0,717000000.0,0.0,726000000.0,-491000000.0,0.0,-403000000.0,-6000000.0,555000000.0,555000000.0,555000000.0,0.0,0.0,0.223,1360000000.0,391000000.0,403000000.0,0.0,5.826,86.602,86.053,1715000000.0,0.0,32.7,4.75,4.752,1587000000.0,-7770000000.0,2490000000.0,2490000000.0,275000000.0,,,,,0.0,886000000.0,1.0,1379810502.0,1380500000.0,1398900000.0,1.804,6439000000.0,46000000.0,-209000000.0,364000000.0,4.664,-824000000.0
13,BSX,MRQ,2018-03-31,2018-03-31,2018-03-31,2021-08-07,-128000000.0,19202000000.0,,4080000000.0,15122000000.0,,5.107,-60000000.0,287000000.0,287000000.0,672000000.0,298000000.0,0.818,1.731,5765000000.0,962000000.0,4803000000.0,5765000000.0,0.0,0.0,0.0,0.0,0.0,385000000.0,385000000.0,0.162,385000000.0,385000000.0,324000000.0,0.22,0.21,0.22,7030000000.0,,7030000000.0,42990562974.0,36.0,21.209,133000000.0,0.097,1.0,1707000000.0,0.718,12697000000.0,61000000.0,6995000000.0,,1113000000.0,0.0,0.0,0.0,12172000000.0,4988000000.0,7184000000.0,37562562974.0,151000000.0,-9000000.0,-12000000.0,142000000.0,0.0,130000000.0,-173000000.0,0.0,193000000.0,1000000.0,298000000.0,298000000.0,298000000.0,0.0,0.0,0.125,1299000000.0,408000000.0,404000000.0,0.0,5.343,335.38,303.556,1700000000.0,0.0,27.32,4.054,4.058,1580000000.0,-8326000000.0,2379000000.0,2379000000.0,261000000.0,,,,,0.0,860000000.0,1.0,1374910797.0,1376500000.0,1396800000.0,1.728,6505000000.0,50000000.0,26000000.0,128000000.0,4.726,-908000000.0
14,BSX,MRQ,2017-12-31,2017-12-31,2017-12-31,2021-08-07,-59000000.0,19042000000.0,,3822000000.0,15220000000.0,,5.107,-79000000.0,188000000.0,188000000.0,674000000.0,-615000000.0,0.676,1.716,5616000000.0,1801000000.0,3815000000.0,5616000000.0,0.0,844000000.0,0.0,0.0,0.0,283000000.0,1127000000.0,0.468,1127000000.0,283000000.0,226000000.0,-0.45,-0.44,-0.45,7012000000.0,,7012000000.0,39513516866.0,34.0,19.707,605000000.0,0.441,1.0,1734000000.0,0.72,12835000000.0,57000000.0,5981000000.0,,1078000000.0,0.0,0.0,0.0,12030000000.0,5654000000.0,6376000000.0,34041516866.0,328000000.0,-168000000.0,5000000.0,-70000000.0,0.0,-68000000.0,-289000000.0,0.0,684000000.0,-3000000.0,-615000000.0,-615000000.0,-615000000.0,0.0,0.0,-0.255,1416000000.0,318000000.0,530000000.0,0.0,4.855,327.322,309.875,1697000000.0,0.0,24.79,3.762,3.754,1548000000.0,-8390000000.0,2408000000.0,2408000000.0,263000000.0,,,,,127000000.0,886000000.0,1.0,1373195517.0,1373100000.0,1395400000.0,1.754,6207000000.0,66000000.0,841000000.0,191000000.0,4.52,-1832000000.0
15,BSX,MRQ,2017-09-30,2017-09-30,2017-09-30,2021-08-07,-51000000.0,18636000000.0,,3478000000.0,15158000000.0,,5.531,-60000000.0,210000000.0,210000000.0,637000000.0,283000000.0,0.72,1.456,5682000000.0,1266000000.0,4416000000.0,5682000000.0,0.0,0.0,0.0,0.0,0.0,366000000.0,366000000.0,0.165,366000000.0,366000000.0,309000000.0,0.21,0.2,0.21,7588000000.0,,7588000000.0,45664945873.0,45.0,24.831,392000000.0,0.286,1.0,1585000000.0,0.713,12665000000.0,57000000.0,6615000000.0,,1077000000.0,0.0,0.0,0.0,11048000000.0,4828000000.0,6220000000.0,40024945873.0,213000000.0,0.0,33000000.0,-160000000.0,0.0,-139000000.0,-102000000.0,0.0,452000000.0,1000000.0,283000000.0,283000000.0,283000000.0,0.0,0.0,0.127,1208000000.0,377000000.0,371000000.0,0.0,5.275,47.479,46.302,1678000000.0,0.0,29.17,4.533,4.532,1470000000.0,-7785000000.0,2222000000.0,2222000000.0,254000000.0,,,,,0.0,800000000.0,1.0,1372127044.0,1372000000.0,1394100000.0,1.62,5971000000.0,76000000.0,26000000.0,66000000.0,4.352,-1350000000.0
16,BSX,MRQ,2017-06-30,2017-06-30,2017-06-30,2021-08-07,-53000000.0,18382000000.0,,3222000000.0,15160000000.0,,5.282,-68000000.0,195000000.0,195000000.0,632000000.0,146000000.0,0.749,1.541,5835000000.0,1018000000.0,4817000000.0,5835000000.0,0.0,0.0,0.0,0.0,0.0,149000000.0,149000000.0,0.066,149000000.0,149000000.0,91000000.0,0.11,0.11,0.11,7235000000.0,,7235000000.0,43317816039.0,45.0,24.227,229000000.0,0.167,1.0,1625000000.0,0.72,12792000000.0,58000000.0,6930000000.0,,1023000000.0,0.0,0.0,0.0,11147000000.0,4300000000.0,6847000000.0,37959816039.0,150000000.0,-392000000.0,10000000.0,322000000.0,0.0,332000000.0,-479000000.0,0.0,297000000.0,1000000.0,146000000.0,146000000.0,146000000.0,0.0,0.0,0.065,1400000000.0,225000000.0,376000000.0,0.0,5.247,48.172,46.983,1651000000.0,0.0,27.72,4.357,4.358,1444000000.0,-8068000000.0,2257000000.0,2257000000.0,244000000.0,,,,,0.0,815000000.0,1.0,1369401733.0,1369800000.0,1391100000.0,1.648,5590000000.0,75000000.0,-55000000.0,58000000.0,4.081,-1078000000.0
17,BSX,MRQ,2017-03-31,2017-03-31,2017-03-31,2021-08-07,-46000000.0,17943000000.0,,3026000000.0,14917000000.0,,5.166,-112000000.0,156000000.0,156000000.0,650000000.0,290000000.0,0.867,1.544,5514000000.0,5000000.0,5509000000.0,5514000000.0,0.0,0.0,0.0,0.0,0.0,362000000.0,362000000.0,0.168,362000000.0,362000000.0,305000000.0,0.21,0.21,0.21,7053000000.0,,7053000000.0,39197962477.0,81.0,30.129,-119000000.0,-0.087,1.0,1510000000.0,0.699,12423000000.0,57000000.0,7388000000.0,,971000000.0,0.0,0.0,0.0,10890000000.0,3490000000.0,7400000000.0,33909962477.0,-161000000.0,0.0,-28000000.0,31000000.0,0.0,-15000000.0,-140000000.0,0.0,-7000000.0,1000000.0,290000000.0,290000000.0,290000000.0,0.0,0.0,0.134,1146000000.0,364000000.0,376000000.0,0.0,4.808,77.954,75.364,1652000000.0,0.0,24.87,3.951,3.957,1429000000.0,-8215000000.0,2160000000.0,2160000000.0,235000000.0,,,,,0.0,794000000.0,1.0,1363488640.0,1365400000.0,1390200000.0,1.582,5520000000.0,65000000.0,15000000.0,19000000.0,4.043,-464000000.0
18,BSX,MRQ,2016-12-31,2016-12-31,2016-12-31,2021-08-07,1000000.0,18096000000.0,,3239000000.0,14857000000.0,,4.943,-167000000.0,196000000.0,196000000.0,619000000.0,124000000.0,0.903,1.688,5484000000.0,64000000.0,5420000000.0,5484000000.0,0.0,815000000.0,0.0,0.0,0.0,147000000.0,962000000.0,0.439,962000000.0,147000000.0,89000000.0,0.1,0.09,0.1,6733000000.0,,6733000000.0,34641074592.0,84.0,28.278,509000000.0,0.374,1.0,1572000000.0,0.717,12561000000.0,58000000.0,7236000000.0,,955000000.0,0.0,0.0,0.0,11363000000.0,3587000000.0,7776000000.0,29453074592.0,169000000.0,-233000000.0,-2000000.0,60000000.0,0.0,28000000.0,-532000000.0,0.0,676000000.0,-3000000.0,124000000.0,124000000.0,124000000.0,0.0,0.0,0.057,1432000000.0,140000000.0,447000000.0,0.0,4.374,84.879,83.192,1630000000.0,0.0,21.63,3.512,3.502,1472000000.0,-8581000000.0,2191000000.0,2191000000.0,256000000.0,,,,,116000000.0,831000000.0,1.0,1361677050.0,1362100000.0,1384100000.0,1.609,5535000000.0,75000000.0,-35000000.0,18000000.0,4.064,-348000000.0
19,BSX,MRQ,2016-09-30,2016-09-30,2016-09-30,2021-08-07,-99000000.0,17697000000.0,,3181000000.0,14516000000.0,,4.764,-71000000.0,237000000.0,237000000.0,594000000.0,228000000.0,1.055,1.73,5425000000.0,254000000.0,5171000000.0,5425000000.0,0.0,0.0,0.0,0.0,0.0,315000000.0,315000000.0,0.15,315000000.0,315000000.0,257000000.0,0.17,0.17,0.17,6482000000.0,,6482000000.0,37374691468.0,-2492.0,49.569,-102000000.0,-0.075,1.0,1511000000.0,0.718,12336000000.0,58000000.0,7533000000.0,,998000000.0,0.0,0.0,0.0,11215000000.0,3016000000.0,8199000000.0,32385691468.0,-201000000.0,-134000000.0,34000000.0,0.0,0.0,34000000.0,-205000000.0,0.0,-31000000.0,1000000.0,228000000.0,228000000.0,228000000.0,0.0,0.0,0.108,1163000000.0,348000000.0,298000000.0,0.0,4.996,399.823,396.667,1500000000.0,0.0,23.8,3.963,3.962,1385000000.0,-8706000000.0,2105000000.0,2105000000.0,232000000.0,,,,,0.0,772000000.0,1.0,1360743339.0,1360600000.0,1379700000.0,1.547,5361000000.0,84000000.0,29000000.0,26000000.0,3.94,165000000.0
20,BSX,MRQ,2016-06-30,2016-06-30,2016-06-30,2021-08-07,-70000000.0,17838000000.0,,3330000000.0,14508000000.0,,4.582,-79000000.0,438000000.0,438000000.0,639000000.0,-207000000.0,1.047,1.868,5427000000.0,254000000.0,5173000000.0,5427000000.0,0.0,0.0,0.0,0.0,0.0,-338000000.0,-338000000.0,-0.159,-338000000.0,-338000000.0,-397000000.0,-0.15,-0.15,-0.15,6220000000.0,,6220000000.0,37048978425.0,-58.0,284.992,342000000.0,0.252,1.0,1487000000.0,0.699,12405000000.0,59000000.0,7240000000.0,,981000000.0,0.0,0.0,0.0,11618000000.0,3182000000.0,8436000000.0,31709978425.0,100000000.0,-23000000.0,47000000.0,-250000000.0,0.0,-217000000.0,-102000000.0,0.0,421000000.0,-2000000.0,-207000000.0,-207000000.0,-207000000.0,0.0,0.0,-0.097,1821000000.0,-334000000.0,284000000.0,0.0,5.098,-91.913,-89.885,1487000000.0,0.0,23.37,3.986,3.987,1387000000.0,-8934000000.0,2126000000.0,2126000000.0,222000000.0,,,,,0.0,779000000.0,1.0,1356866856.0,1357400000.0,1357400000.0,1.566,5433000000.0,78000000.0,-190000000.0,24000000.0,4.003,148000000.0
21,BSX,MRQ,2016-03-31,2016-03-31,2016-03-31,2021-08-07,35000000.0,17718000000.0,,3164000000.0,14554000000.0,,4.782,-30000000.0,338000000.0,338000000.0,573000000.0,202000000.0,1.213,1.744,5677000000.0,253000000.0,5424000000.0,5677000000.0,0.0,0.0,0.0,0.0,0.0,287000000.0,287000000.0,0.146,287000000.0,287000000.0,228000000.0,0.15,0.15,0.15,6457000000.0,,6457000000.0,30720393019.0,-341.0,45.244,86000000.0,0.064,1.0,1391000000.0,0.708,12539000000.0,59000000.0,7910000000.0,,1022000000.0,0.0,0.0,0.0,11261000000.0,2608000000.0,8653000000.0,25362393019.0,19000000.0,-18000000.0,-30000000.0,0.0,0.0,-51000000.0,-48000000.0,0.0,116000000.0,2000000.0,202000000.0,202000000.0,202000000.0,0.0,0.0,0.103,1098000000.0,293000000.0,232000000.0,0.0,3.928,-704.511,-627.0,1464000000.0,0.0,18.81,3.305,3.31,1291000000.0,-8725000000.0,1964000000.0,1964000000.0,210000000.0,,,,,0.0,716000000.0,1.0,1348346253.0,1350400000.0,1369900000.0,1.454,5179000000.0,76000000.0,26000000.0,295000000.0,3.835,556000000.0
22,BSX,MRQ,2015-12-31,2015-12-31,2015-12-31,2021-08-07,88000000.0,18133000000.0,,3471000000.0,14662000000.0,,4.696,-85000000.0,319000000.0,319000000.0,573000000.0,-142000000.0,1.428,1.869,5677000000.0,3000000.0,5674000000.0,5677000000.0,0.0,769000000.0,0.0,0.0,0.0,-279000000.0,490000000.0,0.248,490000000.0,-279000000.0,-338000000.0,-0.11,-0.11,-0.11,6320000000.0,,6320000000.0,30314396556.0,-83.0,75.222,335000000.0,0.249,1.0,1405000000.0,0.71,12667000000.0,59000000.0,8394000000.0,,1016000000.0,0.0,0.0,0.0,11813000000.0,2430000000.0,9383000000.0,24805396556.0,14000000.0,-92000000.0,13000000.0,-195000000.0,0.0,-237000000.0,-170000000.0,271000000.0,420000000.0,1000000.0,-142000000.0,-142000000.0,-142000000.0,0.0,0.0,-0.072,1632000000.0,-227000000.0,209000000.0,0.0,3.925,-103.788,-102.444,1490000000.0,0.0,18.44,3.318,3.308,1275000000.0,-8927000000.0,1978000000.0,1978000000.0,244000000.0,,,,,107000000.0,778000000.0,1.0,1345195041.0,1345700000.0,1345700000.0,1.47,5466000000.0,496000000.0,-196000000.0,735000000.0,4.062,1041000000.0
23,BSX,MRQ,2015-09-30,2015-09-30,2015-09-30,2021-08-07,81000000.0,18215000000.0,,3462000000.0,14753000000.0,,4.769,-70000000.0,350000000.0,350000000.0,539000000.0,-198000000.0,1.547,1.842,5859000000.0,63000000.0,5796000000.0,5859000000.0,0.0,0.0,0.0,0.0,0.0,-309000000.0,-309000000.0,-0.164,-309000000.0,-309000000.0,-367000000.0,-0.15,-0.15,-0.15,6410000000.0,,6410000000.0,26263327527.0,-45.0,191.703,338000000.0,0.251,1.0,1349000000.0,0.715,12696000000.0,58000000.0,8790000000.0,,1086000000.0,0.0,0.0,0.0,11805000000.0,2238000000.0,9567000000.0,22054327527.0,-553000000.0,-1579000000.0,27000000.0,749000000.0,0.0,761000000.0,-1719000000.0,-70000000.0,408000000.0,-3000000.0,-198000000.0,-198000000.0,-198000000.0,0.0,0.0,-0.105,1648000000.0,-299000000.0,210000000.0,0.0,3.441,-55.693,-54.7,1479000000.0,0.0,16.41,2.986,2.986,1274000000.0,-8785000000.0,1888000000.0,1888000000.0,221000000.0,,,,,0.0,729000000.0,1.0,1343956583.0,1344000000.0,1344000000.0,1.405,5519000000.0,367000000.0,-169000000.0,770000000.0,4.106,1224000000.0
24,BSX,MRQ,2015-06-30,2015-06-30,2015-06-30,2021-08-07,104000000.0,17123000000.0,,3773000000.0,13350000000.0,,4.906,-46000000.0,903000000.0,903000000.0,540000000.0,102000000.0,1.948,1.602,5112000000.0,43000000.0,5069000000.0,5112000000.0,0.0,0.0,0.0,0.0,0.0,211000000.0,211000000.0,0.114,211000000.0,211000000.0,105000000.0,0.08,0.08,0.08,6580000000.0,,6580000000.0,27755963465.0,-125.0,55.181,14000000.0,0.01,1.0,1303000000.0,0.707,11372000000.0,106000000.0,8023000000.0,,968000000.0,0.0,0.0,0.0,10543000000.0,1937000000.0,8606000000.0,23729963465.0,661000000.0,-63000000.0,15000000.0,831000000.0,0.0,846000000.0,-246000000.0,-137000000.0,60000000.0,1000000.0,102000000.0,102000000.0,102000000.0,0.0,0.0,0.055,1084000000.0,219000000.0,191000000.0,0.0,3.606,-153.097,-147.5,1451000000.0,0.0,17.7,3.231,3.233,1195000000.0,-8587000000.0,1843000000.0,1843000000.0,220000000.0,,,,,0.0,700000000.0,1.0,1340675902.0,1341300000.0,1361800000.0,1.374,5751000000.0,316000000.0,3000000.0,899000000.0,4.288,1836000000.0
25,BSX,MRQ,2015-03-31,2015-03-31,2015-03-31,2021-08-07,142000000.0,16472000000.0,,3189000000.0,13283000000.0,,4.874,-46000000.0,242000000.0,242000000.0,520000000.0,-1000000.0,1.295,1.534,4268000000.0,423000000.0,3845000000.0,4268000000.0,0.0,0.0,0.0,0.0,0.0,9000000.0,9000000.0,0.005,9000000.0,9000000.0,-51000000.0,0.0,0.0,0.0,6501000000.0,,6501000000.0,27291594514.0,-56.0,113.243,-243000000.0,-0.182,1.0,1248000000.0,0.706,11395000000.0,60000000.0,6640000000.0,,958000000.0,0.0,0.0,0.0,9971000000.0,2463000000.0,7508000000.0,23616594514.0,-345000000.0,0.0,-7000000.0,0.0,0.0,-94000000.0,-51000000.0,-3000000.0,-197000000.0,-3000000.0,-1000000.0,-1000000.0,-1000000.0,0.0,0.0,-0.001,1224000000.0,24000000.0,228000000.0,,3.633,-93.346,-88.75,1458000000.0,0.0,17.75,3.203,3.21,1161000000.0,-8690000000.0,1768000000.0,1768000000.0,192000000.0,,,,,0.0,668000000.0,1.0,1330512367.0,1333700000.0,1333700000.0,1.326,5077000000.0,339000000.0,-50000000.0,963000000.0,3.807,726000000.0
26,BSX,MRQ,2014-12-31,2014-12-31,2014-12-31,2021-08-07,144000000.0,17024000000.0,,3606000000.0,13418000000.0,,4.867,-79000000.0,587000000.0,587000000.0,559000000.0,-299000000.0,1.267,1.637,4244000000.0,403000000.0,3841000000.0,4244000000.0,0.0,725000000.0,0.0,0.0,0.0,-499000000.0,226000000.0,0.12,226000000.0,-499000000.0,-554000000.0,-0.23,-0.22,-0.23,6457000000.0,,6457000000.0,21581991042.0,-74.0,49.958,361000000.0,0.272,1.0,1328000000.0,0.704,11504000000.0,55000000.0,6331000000.0,,946000000.0,0.0,0.0,0.0,10567000000.0,2846000000.0,7721000000.0,17575991042.0,341000000.0,1000000.0,5000000.0,0.0,0.0,-14000000.0,-83000000.0,20000000.0,440000000.0,-2000000.0,-299000000.0,-299000000.0,-299000000.0,0.0,0.0,-0.158,1820000000.0,-492000000.0,262000000.0,0.0,2.722,-147.697,-147.222,1507000000.0,0.0,13.25,2.382,2.378,1183000000.0,-8689000000.0,1887000000.0,1887000000.0,208000000.0,,,,,103000000.0,752000000.0,1.0,1326489890.0,1326700000.0,1255300000.0,1.422,5520000000.0,447000000.0,-255000000.0,1214000000.0,4.161,760000000.0
27,BSX,MRQ,2014-09-30,2014-09-30,2014-09-30,2021-08-07,110000000.0,16718000000.0,,3175000000.0,13543000000.0,,5.055,-56000000.0,246000000.0,246000000.0,550000000.0,43000000.0,1.745,1.495,4252000000.0,3000000.0,4249000000.0,4252000000.0,0.0,0.0,0.0,0.0,0.0,57000000.0,57000000.0,0.031,57000000.0,57000000.0,3000000.0,0.03,0.03,0.03,6701000000.0,,6701000000.0,19554609472.0,61.0,19.323,290000000.0,0.219,1.0,1296000000.0,0.702,11633000000.0,54000000.0,7271000000.0,,989000000.0,0.0,0.0,0.0,10017000000.0,1820000000.0,8197000000.0,15656609472.0,-111000000.0,-415000000.0,18000000.0,0.0,0.0,18000000.0,-473000000.0,-2000000.0,346000000.0,-2000000.0,43000000.0,43000000.0,43000000.0,0.0,0.0,0.023,1232000000.0,64000000.0,234000000.0,0.0,2.336,54.363,56.238,1522000000.0,0.0,11.81,2.136,2.135,1233000000.0,-8389000000.0,1846000000.0,1846000000.0,212000000.0,,,,,0.0,741000000.0,1.0,1325707830.0,1325500000.0,1347600000.0,1.393,5085000000.0,303000000.0,-40000000.0,1224000000.0,3.836,1355000000.0
28,BSX,MRQ,2014-06-30,2014-06-30,2014-06-30,2021-08-07,42000000.0,16477000000.0,,3214000000.0,13263000000.0,,4.946,-65000000.0,357000000.0,357000000.0,563000000.0,4000000.0,1.813,1.518,4255000000.0,3000000.0,4252000000.0,4255000000.0,0.0,0.0,0.0,0.0,0.0,-51000000.0,-51000000.0,-0.027,-51000000.0,-51000000.0,-104000000.0,0.0,0.0,0.0,6544000000.0,,6544000000.0,20948567833.0,58.0,19.913,220000000.0,0.166,1.0,1310000000.0,0.699,11394000000.0,53000000.0,7208000000.0,,949000000.0,0.0,0.0,0.0,9933000000.0,1773000000.0,8160000000.0,16890567833.0,166000000.0,-64000000.0,9000000.0,0.0,0.0,6000000.0,-124000000.0,-5000000.0,285000000.0,-1000000.0,4000000.0,4000000.0,4000000.0,0.0,0.0,0.002,1379000000.0,-69000000.0,241000000.0,,2.581,70.377,70.944,1534000000.0,0.0,12.77,2.339,2.34,1287000000.0,-8432000000.0,1873000000.0,1873000000.0,206000000.0,,,,,0.0,743000000.0,1.0,1322675633.0,1323200000.0,1345000000.0,1.416,5083000000.0,320000000.0,-108000000.0,1302000000.0,3.841,1441000000.0
29,BSX,MRQ,2014-03-31,2014-03-31,2014-03-31,2021-08-07,72000000.0,16335000000.0,,2936000000.0,13399000000.0,,4.944,-59000000.0,191000000.0,191000000.0,537000000.0,133000000.0,1.708,1.5,4249000000.0,4000000.0,4245000000.0,4249000000.0,0.0,0.0,0.0,0.0,0.0,200000000.0,200000000.0,0.113,200000000.0,200000000.0,146000000.0,0.1,0.1,0.1,6534000000.0,,6534000000.0,21926086778.0,35.0,16.611,139000000.0,0.105,1.0,1237000000.0,0.697,11499000000.0,54000000.0,7175000000.0,,926000000.0,0.0,0.0,0.0,9801000000.0,1719000000.0,8082000000.0,17903086778.0,-26000000.0,4000000.0,-148000000.0,0.0,0.0,-160000000.0,-65000000.0,1000000.0,198000000.0,1000000.0,133000000.0,133000000.0,133000000.0,0.0,0.0,0.075,1052000000.0,185000000.0,241000000.0,0.0,2.74,48.916,48.286,1539000000.0,0.0,13.52,2.502,2.497,1217000000.0,-8436000000.0,1774000000.0,1774000000.0,191000000.0,,,,,0.0,666000000.0,1.0,1324192809.0,1321700000.0,1349200000.0,1.342,4836000000.0,279000000.0,13000000.0,1439000000.0,3.659,1217000000.0
30,BSX,MRQ,2013-12-31,2013-12-31,2013-12-31,2021-08-07,106000000.0,16571000000.0,,3011000000.0,13560000000.0,,4.92,-84000000.0,217000000.0,217000000.0,556000000.0,108000000.0,1.651,1.534,4240000000.0,3000000.0,4237000000.0,4240000000.0,0.0,689000000.0,0.0,0.0,0.0,117000000.0,806000000.0,0.439,806000000.0,117000000.0,59000000.0,0.08,0.08,0.08,6539000000.0,,6539000000.0,19727361312.0,195.0,24.971,191000000.0,0.144,1.0,1282000000.0,0.697,11643000000.0,58000000.0,7127000000.0,,897000000.0,0.0,0.0,0.0,10032000000.0,1824000000.0,8208000000.0,16049361312.0,-354000000.0,-261000000.0,-212000000.0,0.0,0.0,-265000000.0,-363000000.0,26000000.0,275000000.0,-1000000.0,108000000.0,108000000.0,108000000.0,0.0,0.0,0.059,1154000000.0,128000000.0,246000000.0,0.0,2.454,-132.639,-133.556,1546000000.0,0.0,12.02,2.247,2.257,1307000000.0,-8570000000.0,1838000000.0,1838000000.0,217000000.0,,,,,105000000.0,724000000.0,1.0,1335221407.0,1329200000.0,1329200000.0,1.383,4928000000.0,288000000.0,-49000000.0,1402000000.0,3.707,1187000000.0
31,BSX,MRQ,2013-09-30,2013-09-30,2013-09-30,2021-08-07,56000000.0,16917000000.0,,3525000000.0,13392000000.0,,4.897,-57000000.0,571000000.0,571000000.0,510000000.0,-5000000.0,1.853,1.578,4249000000.0,3000000.0,4246000000.0,4249000000.0,0.0,0.0,0.0,0.0,0.0,97000000.0,97000000.0,0.056,97000000.0,97000000.0,-40000000.0,0.0,0.0,0.0,6563000000.0,,6563000000.0,19487338964.0,193.0,24.856,194000000.0,0.145,1.0,1225000000.0,0.706,11489000000.0,137000000.0,7204000000.0,,895000000.0,0.0,0.0,0.0,10354000000.0,1902000000.0,8452000000.0,15765338964.0,41000000.0,-6000000.0,-36000000.0,-10000000.0,0.0,-138000000.0,-73000000.0,-10000000.0,251000000.0,1000000.0,-5000000.0,-5000000.0,-5000000.0,0.0,0.0,-0.003,1122000000.0,103000000.0,238000000.0,,2.402,-93.841,-83.857,1530000000.0,0.0,11.74,2.212,2.208,1238000000.0,-8678000000.0,1735000000.0,1735000000.0,217000000.0,,,,,0.0,658000000.0,1.0,1342873847.0,1340300000.0,1340300000.0,1.294,5428000000.0,536000000.0,-35000000.0,1623000000.0,4.05,1623000000.0
32,BSX,MRQ,2013-06-30,2013-06-30,2013-06-30,2021-08-07,82000000.0,16996000000.0,,3498000000.0,13498000000.0,,4.915,-51000000.0,530000000.0,530000000.0,530000000.0,130000000.0,1.412,1.574,4252000000.0,605000000.0,3647000000.0,4252000000.0,0.0,0.0,0.0,0.0,0.0,217000000.0,217000000.0,0.12,217000000.0,217000000.0,152000000.0,0.1,0.1,0.1,6603000000.0,,6603000000.0,16492086400.0,-28.0,185.304,346000000.0,0.258,1.0,1279000000.0,0.707,11579000000.0,65000000.0,6662000000.0,,842000000.0,0.0,0.0,0.0,10393000000.0,2477000000.0,7916000000.0,12506086400.0,262000000.0,30000000.0,-92000000.0,0.0,0.0,-107000000.0,-28000000.0,-7000000.0,397000000.0,0.0,130000000.0,130000000.0,130000000.0,0.0,0.0,0.072,1093000000.0,186000000.0,251000000.0,0.0,1.894,-15.122,-14.952,1524000000.0,0.0,9.27,1.755,1.748,1278000000.0,-8673000000.0,1809000000.0,1809000000.0,223000000.0,,,,,0.0,661000000.0,1.0,1349092384.0,1343500000.0,1358600000.0,1.346,5417000000.0,496000000.0,22000000.0,1711000000.0,4.032,1021000000.0
33,BSX,MRQ,2013-03-31,2013-03-31,2013-03-31,2021-08-07,45000000.0,16763000000.0,,3102000000.0,13661000000.0,,4.81,0.0,268000000.0,268000000.0,578000000.0,-354000000.0,1.896,1.578,4254000000.0,4000000.0,4250000000.0,4254000000.0,0.0,0.0,0.0,0.0,0.0,-329000000.0,-329000000.0,-0.187,-329000000.0,-329000000.0,-394000000.0,-0.26,-0.26,-0.26,6503000000.0,,6503000000.0,14650499317.0,-3.0,-3.979,187000000.0,0.138,1.0,1183000000.0,0.672,11729000000.0,65000000.0,7384000000.0,,851000000.0,0.0,0.0,0.0,10260000000.0,1636000000.0,8624000000.0,10601499317.0,61000000.0,-7000000.0,-114000000.0,0.0,0.0,-114000000.0,-11000000.0,-4000000.0,187000000.0,-1000000.0,-354000000.0,-354000000.0,-354000000.0,0.0,0.0,-0.201,1519000000.0,-336000000.0,206000000.0,0.0,1.63,-2.338,-2.418,1537000000.0,0.0,7.81,1.484,1.478,1232000000.0,-8803000000.0,1761000000.0,1761000000.0,204000000.0,,,,,0.0,631000000.0,1.0,1357426289.0,1351900000.0,1351900000.0,1.303,5034000000.0,431000000.0,-40000000.0,1710000000.0,3.724,1466000000.0
34,BSX,MRQ,2012-12-31,2012-12-31,2012-12-31,2021-08-07,-33000000.0,17154000000.0,,3022000000.0,14132000000.0,,5.03,-46000000.0,207000000.0,207000000.0,582000000.0,61000000.0,1.705,1.497,4256000000.0,4000000.0,4252000000.0,4256000000.0,0.0,683000000.0,0.0,0.0,0.0,116000000.0,799000000.0,0.439,799000000.0,116000000.0,52000000.0,0.02,0.02,0.02,6870000000.0,,6870000000.0,11770196830.0,-3.0,-3.721,343000000.0,0.251,1.0,1239000000.0,0.68,12262000000.0,64000000.0,7169000000.0,,884000000.0,0.0,0.0,0.0,10284000000.0,1772000000.0,8512000000.0,7867196830.0,-145000000.0,-214000000.0,-119000000.0,-1000000.0,0.0,-262000000.0,-273000000.0,9000000.0,389000000.0,1000000.0,61000000.0,61000000.0,61000000.0,0.0,0.0,0.033,1126000000.0,113000000.0,232000000.0,0.0,1.145,-1.934,-1.983,1564000000.0,0.0,5.73,1.085,1.112,1217000000.0,-8449000000.0,1821000000.0,1821000000.0,238000000.0,,,,,108000000.0,640000000.0,1.0,1372983740.0,1365900000.0,1365900000.0,1.333,4892000000.0,433000000.0,-9000000.0,1713000000.0,3.582,1250000000.0
35,BSX,MRQ,2012-09-30,2012-09-30,2012-09-30,2021-08-07,-112000000.0,16898000000.0,,3173000000.0,13725000000.0,,4.903,-46000000.0,352000000.0,352000000.0,558000000.0,-664000000.0,1.748,1.475,4255000000.0,3000000.0,4252000000.0,4255000000.0,0.0,0.0,0.0,0.0,0.0,-598000000.0,-598000000.0,-0.345,-598000000.0,-598000000.0,-663000000.0,-0.48,-0.48,-0.48,6828000000.0,,6828000000.0,12030959102.0,-3.0,-3.916,226000000.0,0.162,1.0,1177000000.0,0.678,11878000000.0,65000000.0,7108000000.0,,911000000.0,0.0,0.0,0.0,10070000000.0,1815000000.0,8255000000.0,8144959102.0,-19000000.0,-7000000.0,-239000000.0,0.0,0.0,-239000000.0,-53000000.0,0.0,272000000.0,1000000.0,-664000000.0,-664000000.0,-664000000.0,0.0,0.0,-0.383,1782000000.0,-605000000.0,228000000.0,0.0,1.193,-2.025,-2.021,1624000000.0,0.0,5.74,1.119,1.098,1197000000.0,-8510000000.0,1735000000.0,1735000000.0,220000000.0,,,,,0.0,589000000.0,1.0,1418982422.0,1392500000.0,1392500000.0,1.246,5020000000.0,483000000.0,1000000.0,1705000000.0,3.605,1358000000.0
36,BSX,MRQ,2012-06-30,2012-06-30,2012-06-30,2021-08-07,-87000000.0,17818000000.0,,3111000000.0,14707000000.0,,5.43,-52000000.0,371000000.0,371000000.0,578000000.0,-3578000000.0,1.734,1.306,4257000000.0,4000000.0,4253000000.0,4257000000.0,0.0,0.0,0.0,0.0,0.0,-3554000000.0,-3554000000.0,-1.944,-3554000000.0,-3554000000.0,-3618000000.0,-2.51,-2.51,-2.51,7728000000.0,,7728000000.0,12079104419.0,-4.0,-5.25,355000000.0,0.249,1.0,1250000000.0,0.684,12723000000.0,64000000.0,7187000000.0,,898000000.0,0.0,0.0,0.0,10090000000.0,1794000000.0,8296000000.0,8104104419.0,87000000.0,-135000000.0,-112000000.0,-18000000.0,0.0,-131000000.0,-187000000.0,0.0,407000000.0,-2000000.0,-3578000000.0,-3578000000.0,-3578000000.0,0.0,0.0,-1.957,4837000000.0,-3587000000.0,263000000.0,0.0,1.049,-2.52,-2.498,1632000000.0,0.0,5.67,1.093,1.088,1243000000.0,-7846000000.0,1828000000.0,1828000000.0,213000000.0,,,,,0.0,648000000.0,1.0,1429295312.0,1423200000.0,1423200000.0,1.284,5095000000.0,406000000.0,-40000000.0,1803000000.0,3.58,1317000000.0
37,BSX,MRQ,2012-03-31,2012-03-31,2012-03-31,2021-08-07,-79000000.0,21185000000.0,,3091000000.0,18094000000.0,,7.885,-66000000.0,284000000.0,284000000.0,631000000.0,113000000.0,1.852,0.859,4259000000.0,4000000.0,4255000000.0,4259000000.0,0.0,0.0,0.0,0.0,0.0,192000000.0,192000000.0,0.103,192000000.0,192000000.0,123000000.0,0.08,0.08,0.08,11396000000.0,,11396000000.0,12673050515.0,17.0,8.54,146000000.0,0.101,1.0,1235000000.0,0.662,16144000000.0,69000000.0,7347000000.0,,889000000.0,0.0,0.0,0.0,9789000000.0,1669000000.0,8120000000.0,8679050515.0,17000000.0,0.0,-129000000.0,0.0,0.0,-132000000.0,-66000000.0,0.0,212000000.0,3000000.0,113000000.0,113000000.0,113000000.0,0.0,0.0,0.061,1039000000.0,196000000.0,288000000.0,0.0,0.762,17.085,17.588,1669000000.0,0.0,5.98,1.148,1.143,1316000000.0,-4268000000.0,1866000000.0,1866000000.0,215000000.0,,,,,0.0,659000000.0,1.0,1451346240.0,1445200000.0,1454100000.0,1.291,5041000000.0,404000000.0,10000000.0,1877000000.0,3.488,1422000000.0
38,BSX,MRQ,2011-12-31,2011-12-31,2011-12-31,2021-08-07,-138000000.0,21290000000.0,,3105000000.0,18185000000.0,,7.734,-67000000.0,267000000.0,267000000.0,660000000.0,107000000.0,1.718,0.875,4261000000.0,4000000.0,4257000000.0,4261000000.0,0.0,717000000.0,0.0,0.0,0.0,171000000.0,888000000.0,0.481,888000000.0,171000000.0,100000000.0,0.07,0.07,0.07,11353000000.0,,11353000000.0,11898240657.0,13.0,7.255,282000000.0,0.192,1.0,1188000000.0,0.643,16234000000.0,71000000.0,7243000000.0,,931000000.0,0.0,0.0,0.0,9937000000.0,1807000000.0,8130000000.0,7911240657.0,-9000000.0,24000000.0,-301000000.0,0.0,0.0,-308000000.0,-51000000.0,3000000.0,349000000.0,1000000.0,107000000.0,107000000.0,107000000.0,0.0,0.0,0.058,1028000000.0,160000000.0,203000000.0,0.0,0.697,17.939,18.414,1670000000.0,0.0,5.34,1.038,1.057,1246000000.0,-4381000000.0,1848000000.0,1848000000.0,230000000.0,,,,,128000000.0,621000000.0,1.0,1481505741.0,1467900000.0,1480000000.0,1.259,5056000000.0,458000000.0,-7000000.0,1865000000.0,3.444,1298000000.0
39,BSX,MRQ,2011-09-30,2011-09-30,2011-09-30,2021-08-07,-132000000.0,21502000000.0,,3213000000.0,18289000000.0,,7.608,-69000000.0,276000000.0,276000000.0,680000000.0,142000000.0,1.703,0.866,4263000000.0,4000000.0,4259000000.0,4263000000.0,0.0,0.0,0.0,0.0,0.0,173000000.0,173000000.0,0.092,173000000.0,173000000.0,111000000.0,0.09,0.09,0.09,11521000000.0,,11521000000.0,13093266514.0,12.0,6.877,297000000.0,0.196,1.0,1194000000.0,0.637,16333000000.0,62000000.0,7269000000.0,,972000000.0,0.0,0.0,0.0,9981000000.0,1887000000.0,8094000000.0,9046266514.0,122000000.0,9000000.0,-179000000.0,0.0,0.0,-179000000.0,-59000000.0,1000000.0,366000000.0,-6000000.0,142000000.0,142000000.0,142000000.0,0.0,0.0,0.076,1028000000.0,166000000.0,256000000.0,0.0,0.785,15.871,15.553,1684000000.0,0.0,5.91,1.163,1.151,1237000000.0,-4488000000.0,1874000000.0,1874000000.0,229000000.0,,,,,0.0,629000000.0,1.0,1530671153.0,1514400000.0,1524000000.0,1.237,5169000000.0,409000000.0,-31000000.0,1854000000.0,3.413,1326000000.0
40,BSX,MRQ,2011-06-30,2011-06-30,2011-06-30,2021-08-07,-123000000.0,21559000000.0,,3149000000.0,18410000000.0,,7.549,-83000000.0,154000000.0,154000000.0,688000000.0,146000000.0,1.664,0.868,4201000000.0,4000000.0,4197000000.0,4201000000.0,0.0,0.0,0.0,0.0,0.0,231000000.0,231000000.0,0.117,231000000.0,231000000.0,158000000.0,0.1,0.1,0.1,11540000000.0,,11540000000.0,14888905236.0,13.0,7.501,307000000.0,0.201,1.0,1287000000.0,0.652,16442000000.0,73000000.0,7272000000.0,,927000000.0,0.0,0.0,0.0,10019000000.0,1892000000.0,8127000000.0,10559905236.0,-441000000.0,0.0,0.0,-750000000.0,0.0,-750000000.0,-82000000.0,1000000.0,390000000.0,1000000.0,146000000.0,146000000.0,146000000.0,0.0,0.0,0.074,1050000000.0,237000000.0,223000000.0,0.0,0.915,17.087,16.452,1702000000.0,0.0,6.91,1.351,1.351,1334000000.0,-4630000000.0,1975000000.0,1975000000.0,223000000.0,,,,,0.0,642000000.0,1.0,1528206257.0,1528600000.0,1535800000.0,1.292,5117000000.0,417000000.0,12000000.0,1916000000.0,3.348,1257000000.0
41,BSX,MRQ,2011-03-31,2011-03-31,2011-03-31,2021-08-07,-119000000.0,22070000000.0,,3569000000.0,18501000000.0,,7.448,-69000000.0,595000000.0,595000000.0,631000000.0,46000000.0,1.75,0.941,4924000000.0,254000000.0,4670000000.0,4924000000.0,0.0,0.0,0.0,0.0,0.0,348000000.0,348000000.0,0.181,348000000.0,348000000.0,273000000.0,0.03,0.03,0.03,11369000000.0,,11369000000.0,16178022959.0,14.0,8.187,-166000000.0,-0.109,1.0,1294000000.0,0.672,16554000000.0,75000000.0,7805000000.0,,899000000.0,0.0,0.0,0.0,10701000000.0,2040000000.0,8661000000.0,10953022959.0,382000000.0,1037000000.0,9000000.0,-500000000.0,0.0,-491000000.0,968000000.0,0.0,-97000000.0,2000000.0,46000000.0,46000000.0,46000000.0,0.0,0.0,0.024,1732000000.0,-438000000.0,217000000.0,0.0,0.963,19.216,18.921,1708000000.0,0.0,7.19,1.409,1.412,1336000000.0,-4776000000.0,1925000000.0,1925000000.0,212000000.0,,,,,0.0,596000000.0,1.0,1523368979.0,1526500000.0,1536300000.0,1.261,5516000000.0,405000000.0,227000000.0,1988000000.0,3.613,1529000000.0
42,BSX,MRQ,2010-12-31,2010-12-31,2010-12-31,2021-08-07,-129000000.0,22128000000.0,,3615000000.0,18513000000.0,,7.431,-58000000.0,213000000.0,213000000.0,660000000.0,236000000.0,1.386,0.959,5438000000.0,504000000.0,4934000000.0,5438000000.0,0.0,816000000.0,0.0,0.0,0.0,336000000.0,1152000000.0,0.575,1152000000.0,336000000.0,229000000.0,0.16,0.16,0.16,11296000000.0,,11296000000.0,16919979862.0,-25.0,115.89,391000000.0,0.257,1.0,1342000000.0,0.67,16529000000.0,107000000.0,8215000000.0,,894000000.0,0.0,0.0,0.0,10832000000.0,2609000000.0,8223000000.0,11506979862.0,-411000000.0,-190000000.0,3000000.0,-600000000.0,0.0,-609000000.0,-251000000.0,3000000.0,449000000.0,0.0,236000000.0,236000000.0,236000000.0,0.0,0.0,0.118,994000000.0,348000000.0,184000000.0,0.0,1.019,-10.805,-10.814,1697000000.0,0.0,7.57,1.474,1.472,1320000000.0,-4822000000.0,2002000000.0,2002000000.0,225000000.0,,,,,150000000.0,683000000.0,1.0,1520076600.0,1520200000.0,1520200000.0,1.317,5599000000.0,429000000.0,-7000000.0,1644000000.0,3.683,1006000000.0
43,BSX,MRQ,2010-09-30,2010-09-30,2010-09-30,2021-08-07,0.0,22486000000.0,,3556000000.0,18930000000.0,,7.263,-78000000.0,624000000.0,624000000.0,623000000.0,190000000.0,1.203,1.037,6037000000.0,904000000.0,5133000000.0,6037000000.0,0.0,0.0,0.0,0.0,0.0,254000000.0,254000000.0,0.133,254000000.0,254000000.0,163000000.0,0.13,0.12,0.13,11038000000.0,,11038000000.0,14520607930.0,-7.0,-10.394,-204000000.0,-0.134,1.0,1293000000.0,0.675,16883000000.0,91000000.0,8061000000.0,,923000000.0,0.0,0.0,0.0,11448000000.0,2955000000.0,8493000000.0,9298607930.0,-187000000.0,-1000000.0,14000000.0,0.0,0.0,14000000.0,-79000000.0,0.0,-126000000.0,4000000.0,190000000.0,190000000.0,190000000.0,0.0,0.0,0.099,1042000000.0,251000000.0,195000000.0,0.0,0.842,-3.912,-3.904,1712000000.0,0.0,6.13,1.18,1.182,1317000000.0,-5058000000.0,1916000000.0,1916000000.0,230000000.0,,,,,0.0,634000000.0,1.0,1516901783.0,1519800000.0,1529300000.0,1.261,5603000000.0,480000000.0,-27000000.0,1924000000.0,3.687,601000000.0
44,BSX,MRQ,2010-06-30,2010-06-30,2010-06-30,2021-08-07,0.0,23019000000.0,,3987000000.0,19032000000.0,,7.183,-61000000.0,811000000.0,811000000.0,654000000.0,98000000.0,1.071,1.113,6033000000.0,850000000.0,5183000000.0,6033000000.0,0.0,0.0,0.0,0.0,0.0,222000000.0,222000000.0,0.115,222000000.0,222000000.0,119000000.0,0.06,0.06,0.06,10893000000.0,,10893000000.0,14196679009.0,-6.0,-8.851,225000000.0,0.148,1.0,1274000000.0,0.661,16998000000.0,103000000.0,7520000000.0,,885000000.0,0.0,0.0,0.0,12126000000.0,3723000000.0,8403000000.0,8794679009.0,292000000.0,-4000000.0,0.0,73000000.0,0.0,73000000.0,-64000000.0,1000000.0,286000000.0,-3000000.0,98000000.0,98000000.0,98000000.0,0.0,0.0,0.051,1043000000.0,231000000.0,180000000.0,0.0,0.807,-3.305,-3.295,1708000000.0,0.0,5.8,1.1,1.101,1315000000.0,-5248000000.0,1928000000.0,1928000000.0,232000000.0,,,,,0.0,634000000.0,1.0,1516323967.0,1516600000.0,1525300000.0,1.271,6021000000.0,550000000.0,21000000.0,1982000000.0,3.97,264000000.0
45,BSX,MRQ,2010-03-31,2010-03-31,2010-03-31,2021-08-07,-18000000.0,22853000000.0,,3747000000.0,19106000000.0,,7.119,-70000000.0,519000000.0,519000000.0,663000000.0,-1589000000.0,1.286,1.12,5921000000.0,250000000.0,5671000000.0,5921000000.0,0.0,0.0,0.0,0.0,0.0,-1482000000.0,-1482000000.0,-0.756,-1482000000.0,-1482000000.0,-1575000000.0,-1.05,-1.05,-1.05,10781000000.0,,10781000000.0,15966082664.0,-7.0,-10.274,-354000000.0,-0.234,1.0,1297000000.0,0.662,17097000000.0,93000000.0,8245000000.0,,906000000.0,0.0,0.0,0.0,12072000000.0,2913000000.0,9159000000.0,10912082664.0,-345000000.0,-4000000.0,14000000.0,0.0,0.0,14000000.0,-74000000.0,0.0,-284000000.0,-1000000.0,-1589000000.0,-1589000000.0,-1589000000.0,0.0,0.0,-0.811,2783000000.0,-1486000000.0,232000000.0,0.0,1.012,-4.195,-4.198,1712000000.0,0.0,7.22,1.341,1.344,1301000000.0,-5346000000.0,1960000000.0,1960000000.0,253000000.0,,,,,0.0,628000000.0,1.0,1511368790.0,1514500000.0,1514500000.0,1.294,5756000000.0,520000000.0,14000000.0,1970000000.0,3.801,834000000.0
46,BSX,MRQ,2009-12-31,2009-12-31,2009-12-31,2021-08-07,-43000000.0,25177000000.0,,4599000000.0,20578000000.0,,8.143,-82000000.0,864000000.0,864000000.0,709000000.0,-1076000000.0,1.522,1.047,5918000000.0,3000000.0,5915000000.0,5918000000.0,0.0,834000000.0,0.0,0.0,0.0,-1225000000.0,-391000000.0,-0.188,-391000000.0,-1225000000.0,-1347000000.0,-0.71,-0.71,-0.71,12301000000.0,,12301000000.0,18242869910.0,-20.0,-272.282,-411000000.0,-0.272,1.0,1370000000.0,0.659,18603000000.0,122000000.0,8606000000.0,,891000000.0,0.0,0.0,0.0,12876000000.0,3022000000.0,9854000000.0,13593869910.0,-517000000.0,35000000.0,1000000.0,-128000000.0,0.0,-127000000.0,-60000000.0,37000000.0,-329000000.0,-1000000.0,-1076000000.0,-1076000000.0,-1076000000.0,0.0,0.0,-0.518,2601000000.0,-1231000000.0,212000000.0,0.0,1.105,-13.262,-13.235,1722000000.0,0.0,9.0,1.66,1.657,1375000000.0,-3757000000.0,2079000000.0,2079000000.0,257000000.0,,,,,144000000.0,648000000.0,1.0,1510429990.0,1510600000.0,1488400000.0,1.376,6574000000.0,572000000.0,-271000000.0,1875000000.0,4.352,1577000000.0
47,BSX,MRQ,2009-09-30,2009-09-30,2009-09-30,2021-08-07,0.0,26229000000.0,,4962000000.0,21267000000.0,,8.81,-91000000.0,1381000000.0,1381000000.0,629000000.0,-94000000.0,1.562,0.973,6030000000.0,256000000.0,5774000000.0,6030000000.0,0.0,0.0,0.0,0.0,0.0,47000000.0,47000000.0,0.023,47000000.0,47000000.0,-44000000.0,-0.06,-0.06,-0.06,13297000000.0,,13297000000.0,21020409602.0,-10.0,-17.09,393000000.0,0.26,1.0,1396000000.0,0.689,19287000000.0,91000000.0,8415000000.0,,942000000.0,0.0,0.0,0.0,12932000000.0,3176000000.0,9756000000.0,15964409602.0,187000000.0,-6000000.0,19000000.0,-225000000.0,0.0,-206000000.0,-93000000.0,4000000.0,484000000.0,2000000.0,-94000000.0,-94000000.0,-94000000.0,0.0,0.0,-0.046,1345000000.0,51000000.0,225000000.0,0.0,1.201,-6.814,-6.745,1731000000.0,0.0,10.59,1.968,1.971,1431000000.0,-2681000000.0,2025000000.0,2025000000.0,258000000.0,,,,,0.0,665000000.0,1.0,1507498546.0,1509300000.0,1509300000.0,1.342,6942000000.0,825000000.0,50000000.0,2133000000.0,4.599,1786000000.0
48,BSX,MRQ,2009-06-30,2009-06-30,2009-06-30,2021-08-07,0.0,26193000000.0,,4796000000.0,21397000000.0,,8.902,-74000000.0,1194000000.0,1194000000.0,630000000.0,158000000.0,1.744,0.953,6250000000.0,330000000.0,5920000000.0,6250000000.0,0.0,0.0,0.0,0.0,0.0,272000000.0,272000000.0,0.131,272000000.0,272000000.0,180000000.0,0.1,0.1,0.1,13414000000.0,,13414000000.0,20624967670.0,-10.0,-16.727,345000000.0,0.229,1.0,1444000000.0,0.696,19406000000.0,92000000.0,9093000000.0,,878000000.0,0.0,0.0,0.0,12779000000.0,2750000000.0,10029000000.0,15274967670.0,297000000.0,-49000000.0,1000000.0,0.0,0.0,1000000.0,-123000000.0,0.0,419000000.0,0.0,158000000.0,158000000.0,158000000.0,0.0,0.0,0.076,1169000000.0,275000000.0,213000000.0,0.0,1.139,-6.61,-6.542,1719000000.0,0.0,10.14,1.894,1.895,1444000000.0,-2588000000.0,2074000000.0,2074000000.0,263000000.0,,,,,0.0,671000000.0,1.0,1506407068.0,1506800000.0,1514500000.0,1.376,6787000000.0,870000000.0,22000000.0,2165000000.0,4.504,2046000000.0
49,BSX,MRQ,2009-03-31,2009-03-31,2009-03-31,2021-08-07,0.0,26105000000.0,,4574000000.0,21531000000.0,,8.822,-60000000.0,897000000.0,897000000.0,607000000.0,-13000000.0,1.882,0.966,6247000000.0,5000000.0,6242000000.0,6247000000.0,0.0,0.0,0.0,0.0,0.0,5000000.0,5000000.0,0.002,5000000.0,5000000.0,-97000000.0,-0.01,-0.01,-0.01,13276000000.0,,13276000000.0,17046787330.0,-8.0,-13.245,201000000.0,0.134,1.0,1403000000.0,0.698,19539000000.0,102000000.0,9485000000.0,,852000000.0,0.0,0.0,0.0,12829000000.0,2431000000.0,10398000000.0,11942787330.0,-744000000.0,-507000000.0,12000000.0,-500000000.0,0.0,-488000000.0,-517000000.0,50000000.0,261000000.0,0.0,-13000000.0,-13000000.0,-13000000.0,0.0,0.0,-0.006,1392000000.0,11000000.0,254000000.0,0.0,0.9,-5.037,-5.032,1708000000.0,0.0,7.95,1.49,1.493,1369000000.0,-2745000000.0,2010000000.0,2010000000.0,257000000.0,,,,,0.0,651000000.0,1.0,1502237400.0,1504800000.0,1504800000.0,1.336,6566000000.0,864000000.0,-84000000.0,2245000000.0,4.363,2143000000.0
50,BSX,MRQ,2008-12-31,2008-12-31,2008-12-31,2021-08-07,-53000000.0,27139000000.0,,5452000000.0,21687000000.0,,8.774,-152000000.0,1641000000.0,1641000000.0,630000000.0,-2394000000.0,1.686,1.06,6745000000.0,2000000.0,6743000000.0,6745000000.0,0.0,864000000.0,0.0,0.0,0.0,-2418000000.0,-1554000000.0,-0.776,-1554000000.0,-2418000000.0,-2525000000.0,-1.6,-1.6,-1.6,13174000000.0,,13174000000.0,16661793709.0,-11.0,-23.837,-98000000.0,-0.065,1.0,1372000000.0,0.685,19665000000.0,107000000.0,9345000000.0,,853000000.0,0.0,0.0,0.0,13965000000.0,3233000000.0,10732000000.0,11621793709.0,-93000000.0,21000000.0,3000000.0,0.0,0.0,3000000.0,-148000000.0,39000000.0,54000000.0,-2000000.0,-2394000000.0,-2394000000.0,-2394000000.0,0.0,0.0,-1.196,3789000000.0,-2417000000.0,239000000.0,0.0,0.882,-5.708,-5.691,1728000000.0,0.0,7.74,1.444,1.441,1402000000.0,-2732000000.0,2002000000.0,2002000000.0,257000000.0,,,,,138000000.0,664000000.0,1.0,1501523735.0,1501500000.0,1480800000.0,1.333,7474000000.0,911000000.0,-131000000.0,2262000000.0,4.978,2219000000.0
51,BSX,MRQ,2008-09-30,2008-09-30,2008-09-30,2021-08-07,0.0,29826000000.0,,5287000000.0,24539000000.0,,10.454,-72000000.0,1734000000.0,1734000000.0,655000000.0,-62000000.0,1.494,0.901,6774000000.0,7000000.0,6767000000.0,6774000000.0,0.0,0.0,0.0,0.0,0.0,44000000.0,44000000.0,0.022,44000000.0,44000000.0,-68000000.0,-0.04,-0.04,-0.04,15690000000.0,,15690000000.0,24081853266.0,61.0,18.327,566000000.0,0.377,1.0,1323000000.0,0.669,22538000000.0,112000000.0,8790000000.0,,854000000.0,120000000.0,0.0,120000000.0,14136000000.0,3538000000.0,10598000000.0,18412853266.0,118000000.0,-17000000.0,20000000.0,-513000000.0,0.0,-493000000.0,-26000000.0,63000000.0,638000000.0,-1000000.0,-62000000.0,-62000000.0,-62000000.0,0.0,0.0,-0.031,1295000000.0,28000000.0,227000000.0,0.0,1.174,-184.129,-204.5,1716000000.0,0.0,12.27,2.245,2.246,1355000000.0,-337000000.0,1978000000.0,1978000000.0,252000000.0,,,,,0.0,610000000.0,1.0,1500640038.0,1500900000.0,1500900000.0,1.318,7288000000.0,995000000.0,-6000000.0,2569000000.0,4.856,1749000000.0
52,BSX,MRQ,2008-06-30,2008-06-30,2008-06-30,2021-08-07,0.0,29901000000.0,,5168000000.0,24733000000.0,,10.44,-79000000.0,1616000000.0,1616000000.0,604000000.0,98000000.0,1.703,0.912,7285000000.0,271000000.0,7014000000.0,7285000000.0,0.0,0.0,0.0,0.0,0.0,218000000.0,218000000.0,0.108,218000000.0,218000000.0,100000000.0,0.07,0.07,0.07,15635000000.0,,15635000000.0,24218010304.0,101.0,20.914,179000000.0,0.12,1.0,1420000000.0,0.702,22760000000.0,118000000.0,9775000000.0,,812000000.0,122000000.0,0.0,122000000.0,14266000000.0,3035000000.0,11231000000.0,18389010304.0,-123000000.0,-53000000.0,22000000.0,-287000000.0,0.0,-261000000.0,-122000000.0,10000000.0,258000000.0,2000000.0,98000000.0,98000000.0,98000000.0,0.0,0.0,0.048,1117000000.0,303000000.0,222000000.0,0.0,1.176,-59.319,-61.45,1738000000.0,0.0,12.29,2.223,2.225,1416000000.0,-275000000.0,2024000000.0,2024000000.0,253000000.0,,,,,0.0,655000000.0,1.0,1496257958.0,1497600000.0,1505200000.0,1.351,7141000000.0,931000000.0,2000000.0,2419000000.0,4.768,2133000000.0
53,BSX,MRQ,2008-03-31,2008-03-31,2008-03-31,2021-08-07,0.0,30346000000.0,,5241000000.0,25105000000.0,,10.301,-57000000.0,1739000000.0,1739000000.0,580000000.0,322000000.0,1.545,0.972,7568000000.0,257000000.0,7311000000.0,7568000000.0,0.0,0.0,0.0,0.0,0.0,593000000.0,593000000.0,0.29,593000000.0,593000000.0,462000000.0,0.22,0.21,0.22,15391000000.0,,15391000000.0,25943165105.0,88.0,21.405,209000000.0,0.14,1.0,1466000000.0,0.717,22905000000.0,131000000.0,9877000000.0,,781000000.0,321000000.0,0.0,321000000.0,14955000000.0,3393000000.0,11562000000.0,19206165105.0,287000000.0,640000000.0,26000000.0,-625000000.0,0.0,-599000000.0,620000000.0,37000000.0,266000000.0,0.0,322000000.0,322000000.0,322000000.0,0.0,0.0,0.157,1136000000.0,330000000.0,222000000.0,0.0,1.248,-65.55,-67.737,1736000000.0,0.0,12.87,2.309,2.312,1496000000.0,-373000000.0,2046000000.0,2046000000.0,244000000.0,,,,,0.0,661000000.0,1.0,1492320521.0,1494100000.0,1500100000.0,1.369,7441000000.0,873000000.0,140000000.0,2718000000.0,4.98,1848000000.0
54,BSX,MRQ,2007-12-31,2007-12-31,2007-12-31,2021-08-07,9000000.0,31197000000.0,,5941000000.0,25256000000.0,,10.125,-88000000.0,1452000000.0,1452000000.0,636000000.0,-458000000.0,1.828,1.066,8189000000.0,256000000.0,7933000000.0,8189000000.0,0.0,918000000.0,0.0,0.0,0.0,-459000000.0,459000000.0,0.213,459000000.0,-459000000.0,-596000000.0,-0.31,-0.31,-0.31,15097000000.0,,15097000000.0,24257838459.0,24258.0,26.396,220000000.0,0.148,1.0,1517000000.0,0.705,23067000000.0,137000000.0,11617000000.0,,725000000.0,317000000.0,0.0,317000000.0,16100000000.0,3250000000.0,12850000000.0,17337838459.0,215000000.0,79000000.0,10000000.0,0.0,0.0,-56000000.0,-38000000.0,94000000.0,308000000.0,1000000.0,-458000000.0,-458000000.0,-458000000.0,0.0,0.0,-0.213,1947000000.0,-430000000.0,139000000.0,0.0,1.148,-35.026,-35.242,1715000000.0,0.0,11.63,2.075,2.069,1502000000.0,-693000000.0,2153000000.0,2153000000.0,256000000.0,,,,,122000000.0,704000000.0,1.0,1490785766.0,1491100000.0,1491100000.0,1.444,8130000000.0,679000000.0,-138000000.0,2406000000.0,5.452,2691000000.0
55,BSX,MRQ,2007-09-30,2007-09-30,2007-09-30,2021-08-07,0.0,31334000000.0,,4687000000.0,26647000000.0,,10.415,-59000000.0,1237000000.0,1237000000.0,575000000.0,-272000000.0,1.388,1.019,8157000000.0,254000000.0,7903000000.0,8157000000.0,0.0,0.0,0.0,0.0,0.0,-112000000.0,-112000000.0,-0.055,-112000000.0,-112000000.0,-259000000.0,-0.18,-0.18,-0.18,15517000000.0,,15517000000.0,28169270362.0,36.0,18.805,415000000.0,0.279,1.0,1473000000.0,0.719,24272000000.0,147000000.0,10606000000.0,,814000000.0,435000000.0,0.0,435000000.0,15817000000.0,3376000000.0,12441000000.0,20779270362.0,-277000000.0,-75000000.0,31000000.0,-750000000.0,0.0,-718000000.0,-34000000.0,100000000.0,474000000.0,1000000.0,-272000000.0,-272000000.0,-272000000.0,0.0,0.0,-0.133,1620000000.0,-147000000.0,2620000000.0,0.0,1.339,86.58,38.75,1764000000.0,0.0,13.95,2.513,2.513,1487000000.0,-239000000.0,2048000000.0,2048000000.0,271000000.0,,,,,0.0,719000000.0,1.0,1489553431.0,1489800000.0,1489800000.0,1.375,7062000000.0,637000000.0,13000000.0,2424000000.0,4.74,1311000000.0
56,BSX,MRQ,2007-06-30,2007-06-30,2007-06-30,2021-08-07,0.0,31265000000.0,,4936000000.0,26329000000.0,,10.638,-90000000.0,1514000000.0,1514000000.0,563000000.0,115000000.0,1.663,0.979,8904000000.0,654000000.0,8250000000.0,8904000000.0,0.0,0.0,0.0,0.0,0.0,272000000.0,272000000.0,0.131,272000000.0,272000000.0,126000000.0,0.08,0.08,0.08,15802000000.0,,15802000000.0,30317254467.0,28.0,16.806,121000000.0,0.081,1.0,1508000000.0,0.728,23816000000.0,146000000.0,11870000000.0,,837000000.0,535000000.0,0.0,535000000.0,15463000000.0,2969000000.0,12494000000.0,22752254467.0,174000000.0,-47000000.0,60000000.0,-4000000.0,0.0,63000000.0,-102000000.0,35000000.0,211000000.0,2000000.0,115000000.0,115000000.0,115000000.0,0.0,0.0,0.056,1228000000.0,280000000.0,1888000000.0,0.0,1.44,38.694,26.0,1779000000.0,0.0,15.34,2.759,2.763,1508000000.0,33000000.0,2071000000.0,2071000000.0,275000000.0,,,,,0.0,752000000.0,1.0,1483197814.0,1485400000.0,1499900000.0,1.394,7449000000.0,607000000.0,11000000.0,2683000000.0,5.015,1967000000.0
57,BSX,MRQ,2007-03-31,2007-03-31,2007-03-31,2021-08-07,0.0,31069000000.0,,4584000000.0,26485000000.0,,10.497,-96000000.0,1340000000.0,1340000000.0,568000000.0,120000000.0,1.934,0.998,8905000000.0,7000000.0,8898000000.0,8905000000.0,0.0,0.0,0.0,0.0,0.0,300000000.0,300000000.0,0.144,300000000.0,300000000.0,159000000.0,0.08,0.08,0.08,15549000000.0,,15549000000.0,28758146784.0,-9.0,-11.309,-155000000.0,-0.105,1.0,1518000000.0,0.728,23960000000.0,141000000.0,12304000000.0,,793000000.0,563000000.0,0.0,563000000.0,15520000000.0,2370000000.0,13150000000.0,21524146784.0,-328000000.0,-218000000.0,31000000.0,0.0,0.0,31000000.0,-300000000.0,14000000.0,-59000000.0,0.0,120000000.0,120000000.0,120000000.0,0.0,0.0,0.058,1236000000.0,282000000.0,1925000000.0,0.0,1.384,-5.681,-5.385,1748000000.0,0.0,14.54,2.597,2.599,1435000000.0,-80000000.0,2086000000.0,2086000000.0,289000000.0,,,,,0.0,735000000.0,1.0,1480340219.0,1481300000.0,1497800000.0,1.408,7109000000.0,581000000.0,39000000.0,2645000000.0,4.799,2214000000.0
58,BSX,MRQ,2006-12-31,2006-12-31,2006-12-31,2021-08-07,57000000.0,30882000000.0,,6030000000.0,24852000000.0,,10.38,-110000000.0,1668000000.0,1668000000.0,526000000.0,277000000.0,2.292,1.019,8902000000.0,7000000.0,8895000000.0,8902000000.0,0.0,725000000.0,0.0,0.0,0.0,313000000.0,1038000000.0,0.503,1038000000.0,313000000.0,169000000.0,0.38,0.38,0.38,15298000000.0,,15298000000.0,32679647025.0,-11.0,-13.76,255000000.0,0.173,1.0,1539000000.0,0.745,22378000000.0,144000000.0,13107000000.0,,684000000.0,596000000.0,0.0,596000000.0,15584000000.0,2631000000.0,12953000000.0,25322647025.0,127000000.0,-137000000.0,8000000.0,0.0,0.0,14000000.0,-255000000.0,-85000000.0,365000000.0,3000000.0,277000000.0,277000000.0,277000000.0,0.0,0.0,0.134,1255000000.0,284000000.0,204000000.0,0.0,1.655,-7.079,-6.114,1644000000.0,0.0,17.18,3.238,2.798,1388000000.0,-174000000.0,2065000000.0,2065000000.0,267000000.0,,,,,113000000.0,758000000.0,1.0,1473960828.0,1473800000.0,1473800000.0,1.401,8504000000.0,369000000.0,-108000000.0,2983000000.0,5.77,3399000000.0
59,BSX,MRQ,2006-09-30,2006-09-30,2006-09-30,2021-08-07,0.0,30752000000.0,,4749000000.0,26003000000.0,,10.196,-84000000.0,1541000000.0,1541000000.0,630000000.0,76000000.0,1.938,1.048,8898000000.0,5000000.0,8893000000.0,8898000000.0,0.0,0.0,0.0,0.0,0.0,194000000.0,194000000.0,0.096,194000000.0,194000000.0,51000000.0,0.05,0.05,0.05,15016000000.0,,15016000000.0,29518383769.0,-10.0,-11.228,397000000.0,0.27,1.0,1396000000.0,0.689,23543000000.0,143000000.0,12116000000.0,,759000000.0,568000000.0,0.0,568000000.0,15736000000.0,2450000000.0,13286000000.0,21777383769.0,384000000.0,-18000000.0,29000000.0,-4000000.0,0.0,25000000.0,-123000000.0,20000000.0,481000000.0,1000000.0,76000000.0,76000000.0,76000000.0,0.0,0.0,0.038,1201000000.0,195000000.0,1815000000.0,0.0,1.45,-6.187,-6.267,1672000000.0,0.0,14.79,2.985,2.986,1460000000.0,,2026000000.0,2026000000.0,272000000.0,,,,,0.0,719000000.0,1.0,1472439741.0,1472800000.0,1486700000.0,1.376,7209000000.0,536000000.0,-25000000.0,3540000000.0,4.895,2299000000.0
60,BSX,MRQ,2006-06-30,2006-06-30,2006-06-30,2021-08-07,0.0,30611000000.0,,4405000000.0,26206000000.0,,11.219,-85000000.0,1157000000.0,1157000000.0,677000000.0,-4262000000.0,2.027,1.056,8898000000.0,6000000.0,8892000000.0,8898000000.0,0.0,0.0,0.0,0.0,0.0,-4075000000.0,-4075000000.0,-1.931,-4075000000.0,-4075000000.0,-4186000000.0,-3.21,-3.21,-3.21,14886000000.0,,14886000000.0,26211160099.0,-8.0,-8.31,350000000.0,0.264,1.0,1433000000.0,0.679,23748000000.0,111000000.0,12431000000.0,,797000000.0,573000000.0,0.0,573000000.0,15725000000.0,2173000000.0,13552000000.0,24652160099.0,74000000.0,-7966000000.0,1481000000.0,6242000000.0,0.0,7723000000.0,-8087000000.0,0.0,435000000.0,3000000.0,-4262000000.0,-4262000000.0,-4262000000.0,0.0,0.0,-2.02,5358000000.0,-3925000000.0,1509000000.0,0.0,1.656,-6.378,-6.146,1656000000.0,0.0,16.84,3.635,3.295,1519000000.0,,2110000000.0,2110000000.0,283000000.0,,,,,0.0,728000000.0,1.0,1463904994.0,1326800000.0,1326800000.0,1.59,6863000000.0,513000000.0,76000000.0,3611000000.0,5.173,2232000000.0
61,BSX,MRQ,2006-03-31,2006-03-31,2006-03-31,2021-08-07,0.0,9109000000.0,,2873000000.0,6236000000.0,,5.691,-44000000.0,1083000000.0,1083000000.0,374000000.0,332000000.0,1.412,0.95,2642000000.0,806000000.0,1836000000.0,2642000000.0,0.0,0.0,0.0,0.0,0.0,468000000.0,468000000.0,0.289,468000000.0,468000000.0,431000000.0,0.4,0.4,0.4,4671000000.0,,4671000000.0,20249025099.0,22.0,16.251,520000000.0,0.634,1.0,1246000000.0,0.769,3741000000.0,37000000.0,4892000000.0,,407000000.0,550000000.0,0.0,550000000.0,4438000000.0,2035000000.0,2403000000.0,18918025099.0,394000000.0,-962000000.0,27000000.0,650000000.0,0.0,677000000.0,-847000000.0,159000000.0,564000000.0,0.0,332000000.0,332000000.0,332000000.0,0.0,0.0,0.205,749000000.0,497000000.0,1040000000.0,0.0,4.05,31.425,32.014,1024000000.0,0.0,23.05,3.009,3.009,978000000.0,,1620000000.0,1620000000.0,186000000.0,,,,,0.0,470000000.0,1.0,820738616.0,820738616.0,,1.974,5368000000.0,188000000.0,99000000.0,259000000.0,6.54,838000000.0
62,BSX,MRQ,2005-12-31,2005-12-31,2005-12-31,2021-08-07,21000000.0,8196000000.0,,2631000000.0,5565000000.0,,5.185,-72000000.0,689000000.0,689000000.0,342000000.0,334000000.0,1.779,0.914,2020000000.0,156000000.0,1864000000.0,2020000000.0,0.0,314000000.0,0.0,0.0,0.0,470000000.0,784000000.0,0.509,784000000.0,470000000.0,438000000.0,0.4,0.4,0.4,4282000000.0,,4282000000.0,21838164850.0,22.0,16.863,438000000.0,0.53,1.0,1198000000.0,0.778,3735000000.0,32000000.0,4313000000.0,,418000000.0,753000000.0,159000000.0,594000000.0,3914000000.0,1479000000.0,2435000000.0,20069164850.0,-56000000.0,-8000000.0,17000000.0,-492000000.0,0.0,-476000000.0,-92000000.0,-12000000.0,510000000.0,2000000.0,334000000.0,334000000.0,334000000.0,0.0,0.0,0.217,733000000.0,465000000.0,105000000.0,0.0,4.687,31.957,32.224,1011000000.0,0.0,24.49,3.194,3.219,932000000.0,3410000000.0,1540000000.0,1540000000.0,174000000.0,,,,,47000000.0,468000000.0,1.0,819484069.0,825800000.0,,1.865,4461000000.0,152000000.0,104000000.0,279000000.0,5.402,1152000000.0
63,BSX,MRQ,2005-09-30,2005-09-30,2005-09-30,2021-08-07,0.0,8076000000.0,,2761000000.0,5315000000.0,,4.756,-62000000.0,745000000.0,745000000.0,343000000.0,-269000000.0,2.418,1.07,2514000000.0,84000000.0,2430000000.0,2514000000.0,0.0,0.0,0.0,0.0,0.0,-331000000.0,-331000000.0,-0.219,-331000000.0,-331000000.0,-352000000.0,-0.33,-0.33,-0.33,3901000000.0,,3901000000.0,20525795313.0,21.0,16.226,-349000000.0,-0.426,1.0,1168000000.0,0.773,3532000000.0,21000000.0,5171000000.0,,428000000.0,753000000.0,172000000.0,581000000.0,4175000000.0,1142000000.0,3033000000.0,19167795313.0,47000000.0,-9000000.0,-44000000.0,493000000.0,0.0,449000000.0,-115000000.0,-44000000.0,-287000000.0,0.0,-269000000.0,-269000000.0,-269000000.0,0.0,0.0,-0.178,1504000000.0,-336000000.0,981000000.0,0.0,4.914,32.433,32.915,986000000.0,0.0,23.37,3.022,3.022,951000000.0,,1511000000.0,1511000000.0,181000000.0,,,,,0.0,444000000.0,1.0,820188075.0,820188075.0,,1.842,4544000000.0,330000000.0,-83000000.0,354000000.0,5.54,1619000000.0
64,BSX,MRQ,2005-06-30,2005-06-30,2005-06-30,2021-08-07,0.0,8083000000.0,,2715000000.0,5368000000.0,,5.062,-89000000.0,698000000.0,698000000.0,357000000.0,205000000.0,1.546,0.917,2056000000.0,538000000.0,1518000000.0,2056000000.0,0.0,0.0,0.0,0.0,0.0,325000000.0,325000000.0,0.201,325000000.0,325000000.0,311000000.0,0.25,0.24,0.25,4217000000.0,,4217000000.0,23213014252.0,14.0,11.825,150000000.0,0.18,1.0,1260000000.0,0.779,3568000000.0,14000000.0,4117000000.0,,410000000.0,803000000.0,185000000.0,618000000.0,3866000000.0,1756000000.0,2110000000.0,22495014252.0,-129000000.0,-174000000.0,-408000000.0,466000000.0,0.0,58000000.0,-422000000.0,-159000000.0,239000000.0,-4000000.0,205000000.0,205000000.0,205000000.0,0.0,0.0,0.127,934000000.0,326000000.0,958000000.0,0.0,5.334,20.121,20.0,957000000.0,0.0,27.0,3.563,3.563,976000000.0,,1617000000.0,1617000000.0,166000000.0,,,,,0.0,471000000.0,1.0,833148676.0,833148676.0,,1.941,4515000000.0,334000000.0,106000000.0,363000000.0,5.419,959000000.0
65,BSX,MRQ,2005-03-31,2005-03-31,2005-03-31,2021-08-07,0.0,7819000000.0,,2757000000.0,5062000000.0,,5.234,-99000000.0,827000000.0,827000000.0,344000000.0,358000000.0,1.545,0.781,1545000000.0,430000000.0,1115000000.0,1545000000.0,0.0,0.0,0.0,0.0,0.0,517000000.0,517000000.0,0.32,517000000.0,517000000.0,494000000.0,0.43,0.42,0.43,4390000000.0,,4390000000.0,25638196953.0,14.0,12.302,342000000.0,0.408,1.0,1271000000.0,0.787,3373000000.0,23000000.0,3380000000.0,,387000000.0,129000000.0,129000000.0,0.0,3429000000.0,1784000000.0,1645000000.0,24567196953.0,-469000000.0,-20000000.0,-205000000.0,-780000000.0,0.0,-985000000.0,78000000.0,197000000.0,441000000.0,-3000000.0,358000000.0,358000000.0,358000000.0,0.0,0.0,0.222,758000000.0,513000000.0,0.0,0.0,5.596,20.038,19.925,924000000.0,0.0,29.29,3.99,3.99,953000000.0,,1615000000.0,1615000000.0,159000000.0,,,,,0.0,431000000.0,1.0,838757151.0,838757151.0,,1.925,4446000000.0,0.0,136000000.0,0.0,5.301,973000000.0
66,BSX,MRQ,2004-12-31,2004-12-31,2004-12-31,2021-08-07,-84000000.0,8170000000.0,,3289000000.0,4881000000.0,,4.766,-73000000.0,1296000000.0,1296000000.0,328000000.0,297000000.0,1.263,1.03,2367000000.0,1228000000.0,1139000000.0,2367000000.0,0.0,275000000.0,0.0,0.0,0.0,479000000.0,754000000.0,0.471,754000000.0,479000000.0,459000000.0,0.36,0.35,0.36,4025000000.0,,4025000000.0,31412152764.0,20.0,17.137,584000000.0,0.692,1.0,1272000000.0,0.795,3340000000.0,20000000.0,3296000000.0,,360000000.0,873000000.0,344000000.0,529000000.0,4145000000.0,2605000000.0,1540000000.0,30021152764.0,191000000.0,-22000000.0,-343000000.0,-182000000.0,0.0,-528000000.0,57000000.0,152000000.0,657000000.0,5000000.0,297000000.0,297000000.0,297000000.0,0.0,0.0,0.186,768000000.0,504000000.0,108000000.0,0.0,7.459,28.269,27.992,870000000.0,0.0,35.55,5.338,5.338,900000000.0,2790000000.0,1600000000.0,1600000000.0,158000000.0,,,,,276000000.0,515000000.0,1.0,844476871.0,844476871.0,,1.895,4830000000.0,241000000.0,162000000.0,514000000.0,5.72,684000000.0
67,BSX,MRQ,2004-09-30,2004-09-30,2004-09-30,2021-08-07,-55000000.0,7983000000.0,,3023000000.0,4960000000.0,,4.756,-66000000.0,1105000000.0,1105000000.0,309000000.0,258000000.0,1.616,0.993,2496000000.0,756000000.0,1740000000.0,2496000000.0,0.0,0.0,0.0,0.0,0.0,367000000.0,367000000.0,0.248,367000000.0,367000000.0,348000000.0,0.31,0.3,0.31,4005000000.0,,4005000000.0,35013322920.0,27.0,23.819,507000000.0,0.602,1.0,1173000000.0,0.791,3327000000.0,19000000.0,4176000000.0,,314000000.0,1082000000.0,437000000.0,645000000.0,3978000000.0,1871000000.0,2107000000.0,33459322920.0,105000000.0,-4000000.0,31000000.0,-61000000.0,0.0,-30000000.0,-438000000.0,-368000000.0,573000000.0,0.0,258000000.0,258000000.0,258000000.0,0.0,0.0,0.174,815000000.0,358000000.0,934000000.0,0.0,8.354,37.095,37.131,839000000.0,0.0,39.73,6.742,6.742,846000000.0,2494000000.0,1482000000.0,1482000000.0,145000000.0,,,,,0.0,504000000.0,1.0,842167705.0,842167705.0,,1.76,4656000000.0,0.0,90000000.0,258000000.0,5.529,1152000000.0
68,BSX,MRQ,2004-06-30,2004-06-30,2004-06-30,2021-08-07,-44000000.0,7432000000.0,,2674000000.0,4758000000.0,,4.435,-53000000.0,1000000000.0,1000000000.0,363000000.0,313000000.0,1.686,1.006,2554000000.0,792000000.0,1762000000.0,2554000000.0,0.0,0.0,0.0,0.0,0.0,446000000.0,446000000.0,0.305,446000000.0,446000000.0,432000000.0,0.37,0.36,0.37,3704000000.0,,3704000000.0,36801597640.0,34.0,28.909,479000000.0,0.574,1.0,1097000000.0,0.751,3333000000.0,14000000.0,4067000000.0,,279000000.0,773000000.0,263000000.0,510000000.0,3728000000.0,1586000000.0,2142000000.0,35741597640.0,385000000.0,-817000000.0,79000000.0,869000000.0,0.0,948000000.0,-1094000000.0,-224000000.0,532000000.0,-1000000.0,313000000.0,313000000.0,313000000.0,0.0,0.0,0.214,649000000.0,448000000.0,696000000.0,0.0,9.649,46.539,47.033,814000000.0,0.0,42.8,8.203,8.203,814000000.0,2235000000.0,1460000000.0,1460000000.0,132000000.0,,,,,0.0,375000000.0,1.0,835084057.0,835084057.0,,1.748,4099000000.0,0.0,119000000.0,268000000.0,4.908,1088000000.0
69,BSX,MRQ,2004-03-31,2004-03-31,2004-03-31,2021-08-07,-72000000.0,5844000000.0,,1989000000.0,3855000000.0,,3.864,-82000000.0,615000000.0,615000000.0,292000000.0,194000000.0,1.141,0.815,1675000000.0,1064000000.0,611000000.0,1675000000.0,0.0,0.0,0.0,0.0,0.0,266000000.0,266000000.0,0.246,266000000.0,266000000.0,255000000.0,0.23,0.23,0.23,3219000000.0,,3219000000.0,36361521769.0,45.0,36.362,-40000000.0,-0.048,1.0,790000000.0,0.73,2465000000.0,11000000.0,2696000000.0,,302000000.0,527000000.0,0.0,527000000.0,2625000000.0,1743000000.0,882000000.0,35307521769.0,-56000000.0,-68000000.0,98000000.0,-49000000.0,0.0,49000000.0,-147000000.0,3000000.0,42000000.0,0.0,194000000.0,194000000.0,194000000.0,0.0,0.0,0.179,526000000.0,264000000.0,570000000.0,0.0,10.968,62.052,62.324,787000000.0,0.0,42.38,9.413,9.413,675000000.0,1928000000.0,1082000000.0,1082000000.0,134000000.0,,,,,0.0,348000000.0,1.0,833117550.0,833117550.0,,1.299,3379000000.0,0.0,61000000.0,20000000.0,4.056,246000000.0
70,BSX,MRQ,2003-12-31,2003-12-31,2003-12-31,2021-08-07,-49000000.0,5699000000.0,,1880000000.0,3819000000.0,,3.494,-70000000.0,671000000.0,671000000.0,257000000.0,137000000.0,1.35,0.991,1725000000.0,553000000.0,1172000000.0,1725000000.0,0.0,196000000.0,0.0,0.0,0.0,195000000.0,391000000.0,0.416,391000000.0,195000000.0,184000000.0,0.16,0.16,0.16,2862000000.0,,2862000000.0,31215166693.0,45.0,35.271,164000000.0,0.2,1.0,682000000.0,0.726,2461000000.0,11000000.0,2899000000.0,,281000000.0,639000000.0,81000000.0,558000000.0,2837000000.0,1393000000.0,1444000000.0,30112166693.0,173000000.0,-31000000.0,76000000.0,86000000.0,0.0,166000000.0,-229000000.0,-267000000.0,234000000.0,2000000.0,137000000.0,137000000.0,137000000.0,0.0,0.0,0.146,486000000.0,196000000.0,78000000.0,0.0,10.521,63.797,64.491,744000000.0,0.0,36.76,8.663,8.663,542000000.0,1789000000.0,939000000.0,939000000.0,128000000.0,,,,,155000000.0,313000000.0,1.0,819155786.0,819155786.0,,1.146,3238000000.0,245000000.0,47000000.0,236000000.0,3.953,487000000.0
71,BSX,MRQ,2003-09-30,2003-09-30,2003-09-30,2021-08-07,-63000000.0,5203000000.0,,1510000000.0,3693000000.0,,3.128,-43000000.0,537000000.0,537000000.0,243000000.0,124000000.0,1.049,1.021,1640000000.0,663000000.0,977000000.0,1640000000.0,0.0,0.0,0.0,0.0,0.0,170000000.0,170000000.0,0.194,170000000.0,170000000.0,158000000.0,0.15,0.15,0.15,2575000000.0,,2575000000.0,27176919163.0,42.0,33.593,156000000.0,0.189,1.0,633000000.0,0.723,2471000000.0,12000000.0,2395000000.0,,247000000.0,469000000.0,0.0,469000000.0,2628000000.0,1440000000.0,1188000000.0,26261919163.0,113000000.0,-10000000.0,-268000000.0,316000000.0,0.0,48000000.0,-136000000.0,-25000000.0,199000000.0,2000000.0,124000000.0,124000000.0,124000000.0,0.0,0.0,0.142,460000000.0,173000000.0,73000000.0,0.0,10.199,59.686,59.074,692000000.0,0.0,31.9,7.837,7.837,508000000.0,1725000000.0,876000000.0,876000000.0,113000000.0,,,,,0.0,295000000.0,1.0,823257654.0,823257654.0,,1.064,2732000000.0,0.0,34000000.0,0.0,3.319,70000000.0
72,BSX,MRQ,2003-06-30,2003-06-30,2003-06-30,2021-08-07,-87000000.0,4921000000.0,,1375000000.0,3546000000.0,,3.233,-39000000.0,410000000.0,410000000.0,235000000.0,114000000.0,1.242,0.856,1325000000.0,351000000.0,974000000.0,1325000000.0,0.0,0.0,0.0,0.0,0.0,173000000.0,173000000.0,0.203,173000000.0,173000000.0,161000000.0,0.14,0.13,0.14,2652000000.0,,2652000000.0,26018196307.0,36.0,29.432,206000000.0,0.251,1.0,619000000.0,0.725,2440000000.0,12000000.0,2289000000.0,,239000000.0,373000000.0,0.0,373000000.0,2269000000.0,1107000000.0,1162000000.0,25061196307.0,108000000.0,-46000000.0,3000000.0,75000000.0,0.0,78000000.0,-217000000.0,-91000000.0,245000000.0,2000000.0,114000000.0,114000000.0,114000000.0,0.0,0.0,0.133,446000000.0,173000000.0,66000000.0,0.0,9.45,52.539,51.78,678000000.0,0.0,30.55,7.839,7.839,478000000.0,1605000000.0,854000000.0,854000000.0,108000000.0,,,,,0.0,292000000.0,1.0,820333758.0,820333758.0,,1.041,2481000000.0,0.0,47000000.0,0.0,3.024,268000000.0
73,BSX,MRQ,2003-03-31,2003-03-31,2003-03-31,2021-08-07,-118000000.0,4612000000.0,,1240000000.0,3372000000.0,,3.019,-35000000.0,294000000.0,294000000.0,226000000.0,97000000.0,1.136,0.863,1251000000.0,425000000.0,826000000.0,1251000000.0,0.0,0.0,0.0,0.0,0.0,151000000.0,151000000.0,0.187,151000000.0,151000000.0,140000000.0,0.12,0.11,0.12,2475000000.0,,2475000000.0,17367474692.0,28.0,22.41,74000000.0,0.09,1.0,581000000.0,0.72,2437000000.0,11000000.0,2040000000.0,,241000000.0,0.0,0.0,0.0,2137000000.0,1092000000.0,1045000000.0,16709474692.0,17000000.0,-209000000.0,-121000000.0,316000000.0,0.0,195000000.0,-289000000.0,-5000000.0,109000000.0,2000000.0,97000000.0,97000000.0,97000000.0,0.0,0.0,0.12,426000000.0,155000000.0,71000000.0,0.0,6.751,43.066,42.458,656000000.0,0.0,20.38,5.477,5.477,452000000.0,1491000000.0,807000000.0,807000000.0,103000000.0,,,,,0.0,271000000.0,1.0,819895716.0,819895716.0,,0.984,2175000000.0,0.0,43000000.0,0.0,2.653,148000000.0
74,BSX,MRQ,2002-12-31,2002-12-31,2002-12-31,2021-08-07,-127000000.0,4450000000.0,,1208000000.0,3242000000.0,,3.024,-23000000.0,260000000.0,260000000.0,227000000.0,105000000.0,1.309,0.804,935000000.0,88000000.0,847000000.0,935000000.0,0.0,161000000.0,0.0,0.0,0.0,154000000.0,315000000.0,0.387,315000000.0,154000000.0,143000000.0,0.13,0.13,0.13,2467000000.0,,2467000000.0,18190412969.0,31.0,24.157,173000000.0,0.212,1.0,587000000.0,0.721,2367000000.0,11000000.0,1835000000.0,,243000000.0,210000000.0,0.0,210000000.0,1983000000.0,923000000.0,1060000000.0,17341412969.0,1000000.0,-241000000.0,64000000.0,-154000000.0,0.0,-89000000.0,-107000000.0,-18000000.0,196000000.0,1000000.0,105000000.0,105000000.0,105000000.0,0.0,0.0,0.129,430000000.0,157000000.0,66000000.0,0.0,7.029,46.492,46.217,636000000.0,0.0,21.26,5.941,5.941,435000000.0,1394000000.0,814000000.0,814000000.0,95000000.0,,,,,28000000.0,266000000.0,1.0,815682642.0,815682642.0,,0.998,2083000000.0,168000000.0,38000000.0,202000000.0,2.554,285000000.0
75,BSX,MRQ,2002-09-30,2002-09-30,2002-09-30,2021-08-07,-114000000.0,4267000000.0,,1174000000.0,3093000000.0,,2.809,-25000000.0,259000000.0,259000000.0,211000000.0,161000000.0,1.135,0.867,1108000000.0,268000000.0,840000000.0,1108000000.0,0.0,0.0,0.0,0.0,0.0,245000000.0,245000000.0,0.339,245000000.0,245000000.0,235000000.0,0.2,0.19,0.2,2286000000.0,,2286000000.0,13868225650.0,25.0,17.803,297000000.0,0.365,1.0,511000000.0,0.708,2173000000.0,10000000.0,1909000000.0,,257000000.0,0.0,0.0,0.0,1981000000.0,1034000000.0,947000000.0,12841225650.0,115000000.0,-92000000.0,17000000.0,-82000000.0,0.0,-65000000.0,-142000000.0,6000000.0,322000000.0,0.0,161000000.0,161000000.0,161000000.0,0.0,0.0,0.223,265000000.0,246000000.0,528000000.0,0.0,5.617,38.562,38.488,627000000.0,0.0,15.78,4.616,4.616,399000000.0,1290000000.0,722000000.0,722000000.0,87000000.0,,,,,0.0,249000000.0,1.0,813765884.0,813765884.0,,0.887,2094000000.0,0.0,74000000.0,0.0,2.573,140000000.0
76,BSX,MRQ,2002-06-30,2002-06-30,2002-06-30,2021-08-07,-120000000.0,4117000000.0,,1074000000.0,3043000000.0,,2.583,-23000000.0,144000000.0,144000000.0,225000000.0,25000000.0,1.014,0.963,1171000000.0,336000000.0,835000000.0,1171000000.0,0.0,0.0,0.0,0.0,0.0,64000000.0,64000000.0,0.09,64000000.0,64000000.0,54000000.0,0.03,0.03,0.03,2097000000.0,,2097000000.0,12945219545.0,32.0,20.322,136000000.0,0.167,1.0,483000000.0,0.682,2187000000.0,10000000.0,1898000000.0,,283000000.0,0.0,0.0,0.0,2020000000.0,1059000000.0,961000000.0,11903219545.0,-57000000.0,-44000000.0,12000000.0,-88000000.0,0.0,-76000000.0,-143000000.0,14000000.0,159000000.0,3000000.0,25000000.0,25000000.0,25000000.0,0.0,0.0,0.035,401000000.0,82000000.0,463000000.0,0.0,5.676,51.753,52.357,627000000.0,0.0,14.66,4.36,4.36,406000000.0,1133000000.0,708000000.0,708000000.0,85000000.0,,,,,0.0,246000000.0,1.0,811952220.0,811952220.0,,0.872,1930000000.0,0.0,29000000.0,0.0,2.377,15000000.0
77,BSX,MRQ,2002-03-31,2002-03-31,2002-03-31,2021-08-07,-73000000.0,4015000000.0,,1123000000.0,2892000000.0,,2.609,-39000000.0,201000000.0,201000000.0,207000000.0,82000000.0,1.263,0.91,1243000000.0,334000000.0,909000000.0,1243000000.0,0.0,0.0,0.0,0.0,0.0,129000000.0,129000000.0,0.191,129000000.0,129000000.0,117000000.0,0.1,0.1,0.1,2102000000.0,,2102000000.0,11130110242.0,58.0,26.312,20000000.0,0.025,1.0,468000000.0,0.693,2031000000.0,12000000.0,2137000000.0,,292000000.0,0.0,0.0,0.0,1913000000.0,889000000.0,1024000000.0,10106110242.0,21000000.0,0.0,14000000.0,41000000.0,0.0,55000000.0,-93000000.0,0.0,59000000.0,0.0,82000000.0,82000000.0,82000000.0,0.0,0.0,0.121,343000000.0,125000000.0,406000000.0,0.0,4.808,306.246,358.429,608000000.0,0.0,12.545,3.751,3.751,379000000.0,1113000000.0,675000000.0,675000000.0,76000000.0,,,,,0.0,241000000.0,1.0,805588700.0,805588700.0,,0.838,1984000000.0,0.0,35000000.0,0.0,2.463,234000000.0
78,BSX,MRQ,2001-12-31,2001-12-31,2001-12-31,2021-08-07,-62000000.0,3974000000.0,,1106000000.0,2868000000.0,,2.498,-22000000.0,180000000.0,180000000.0,215000000.0,65000000.0,1.331,0.972,1204000000.0,231000000.0,973000000.0,1204000000.0,0.0,232000000.0,0.0,0.0,0.0,109000000.0,341000000.0,0.504,341000000.0,109000000.0,96000000.0,0.08,0.08,0.08,2015000000.0,,2015000000.0,10836588900.0,105.0,32.348,140000000.0,0.174,1.0,462000000.0,0.682,2064000000.0,13000000.0,2103000000.0,,303000000.0,154000000.0,0.0,154000000.0,1959000000.0,831000000.0,1128000000.0,9728588900.0,81000000.0,-72000000.0,14000000.0,19000000.0,0.0,33000000.0,-113000000.0,-3000000.0,162000000.0,-1000000.0,65000000.0,65000000.0,65000000.0,0.0,0.0,0.096,354000000.0,108000000.0,54000000.0,0.0,4.828,-180.159,-172.286,592000000.0,0.0,12.06,3.64,3.64,370000000.0,1031000000.0,677000000.0,677000000.0,76000000.0,,,,,8000000.0,239000000.0,1.0,806682330.0,806682330.0,,0.839,1910000000.0,174000000.0,31000000.0,158000000.0,2.368,275000000.0
79,BSX,MRQ,2001-09-30,2001-09-30,2001-09-30,2021-08-07,-103000000.0,3764000000.0,,1027000000.0,2737000000.0,,2.316,-27000000.0,99000000.0,99000000.0,214000000.0,58000000.0,1.091,1.019,1207000000.0,348000000.0,859000000.0,1207000000.0,0.0,0.0,0.0,0.0,0.0,103000000.0,103000000.0,0.154,103000000.0,103000000.0,87000000.0,0.07,0.07,0.07,1864000000.0,,1864000000.0,9318310434.0,104.0,34.385,87000000.0,0.108,1.0,456000000.0,0.681,1960000000.0,16000000.0,1971000000.0,,324000000.0,0.0,0.0,0.0,1900000000.0,941000000.0,959000000.0,8249310434.0,44000000.0,-110000000.0,10000000.0,79000000.0,0.0,89000000.0,-160000000.0,12000000.0,114000000.0,1000000.0,58000000.0,58000000.0,58000000.0,0.0,0.0,0.087,354000000.0,102000000.0,478000000.0,0.0,4.426,-139.819,-136.667,608000000.0,0.0,10.25,3.132,3.132,391000000.0,969000000.0,670000000.0,670000000.0,72000000.0,,,,,0.0,232000000.0,1.0,804810774.0,804810774.0,,0.832,1804000000.0,0.0,29000000.0,0.0,2.242,86000000.0
80,BSX,MRQ,2001-06-30,2001-06-30,2001-06-30,2021-08-07,-96000000.0,3590000000.0,,998000000.0,2592000000.0,,2.238,-38000000.0,55000000.0,55000000.0,268000000.0,-172000000.0,0.884,0.998,1124000000.0,556000000.0,568000000.0,1124000000.0,0.0,0.0,0.0,0.0,0.0,-150000000.0,-150000000.0,-0.223,-150000000.0,-150000000.0,-166000000.0,-0.215,-0.215,-0.215,1797000000.0,,1797000000.0,7648181225.0,63.0,25.242,85000000.0,0.106,1.0,404000000.0,0.601,1883000000.0,16000000.0,1647000000.0,,319000000.0,28000000.0,28000000.0,0.0,1793000000.0,1129000000.0,664000000.0,6824181225.0,-29000000.0,-334000000.0,11000000.0,216000000.0,0.0,227000000.0,-379000000.0,8000000.0,123000000.0,0.0,-172000000.0,-172000000.0,-172000000.0,0.0,0.0,-0.256,554000000.0,-150000000.0,469000000.0,0.0,3.798,-213.256,-212.5,584000000.0,0.0,8.5,2.609,2.609,377000000.0,920000000.0,672000000.0,672000000.0,71000000.0,,,,,0.0,230000000.0,1.0,802844850.0,802844850.0,,0.837,1707000000.0,0.0,6000000.0,0.0,2.126,-131000000.0
81,BSX,MRQ,2001-03-31,2001-03-31,2001-03-31,2021-08-07,-89000000.0,3525000000.0,,1061000000.0,2464000000.0,,2.419,-29000000.0,84000000.0,84000000.0,222000000.0,-5000000.0,1.18,0.798,908000000.0,340000000.0,568000000.0,908000000.0,0.0,0.0,0.0,0.0,0.0,41000000.0,41000000.0,0.063,41000000.0,41000000.0,27000000.0,-0.005,-0.005,-0.005,1961000000.0,,1961000000.0,8993800733.0,20.0,14.009,62000000.0,0.076,1.0,432000000.0,0.661,1689000000.0,14000000.0,1761000000.0,,361000000.0,0.0,0.0,0.0,1564000000.0,899000000.0,665000000.0,8178800733.0,30000000.0,-104000000.0,7000000.0,81000000.0,0.0,88000000.0,-148000000.0,0.0,91000000.0,-1000000.0,-5000000.0,-5000000.0,-5000000.0,0.0,0.0,-0.008,392000000.0,40000000.0,420000000.0,0.0,4.171,31.217,31.046,565000000.0,0.0,10.09,3.099,3.099,370000000.0,1100000000.0,654000000.0,654000000.0,56000000.0,,,,,0.0,225000000.0,1.0,810584810.0,810584810.0,,0.807,1836000000.0,0.0,32000000.0,0.0,2.265,162000000.0
82,BSX,MRQ,2000-12-31,2000-12-31,2000-12-31,2021-08-07,-98000000.0,3427000000.0,,992000000.0,2435000000.0,,2.387,-21000000.0,54000000.0,54000000.0,202000000.0,60000000.0,1.211,0.771,834000000.0,260000000.0,574000000.0,834000000.0,0.0,181000000.0,0.0,0.0,0.0,96000000.0,277000000.0,0.434,277000000.0,96000000.0,82000000.0,0.075,0.075,0.075,1935000000.0,,1935000000.0,6363453024.0,11.0,8.179,156000000.0,0.192,1.0,436000000.0,0.683,1671000000.0,14000000.0,1717000000.0,,354000000.0,105000000.0,6000000.0,99000000.0,1492000000.0,819000000.0,673000000.0,5548453024.0,9000000.0,0.0,-86000000.0,-26000000.0,0.0,-122000000.0,-46000000.0,0.0,177000000.0,0.0,60000000.0,60000000.0,60000000.0,0.0,0.0,0.094,339000000.0,97000000.0,67000000.0,0.0,2.867,14.875,14.88,567000000.0,0.0,6.845,2.083,2.083,361000000.0,1116000000.0,638000000.0,638000000.0,53000000.0,,,,,5000000.0,223000000.0,1.0,810584810.0,810584810.0,,0.787,1756000000.0,226000000.0,22000000.0,137000000.0,2.166,173000000.0
83,BSX,MRQ,2000-09-30,2000-09-30,2000-09-30,2021-08-07,-123000000.0,3413000000.0,,935000000.0,2478000000.0,,2.379,-18000000.0,45000000.0,45000000.0,200000000.0,85000000.0,1.164,0.765,860000000.0,294000000.0,566000000.0,860000000.0,0.0,0.0,0.0,0.0,0.0,135000000.0,135000000.0,0.207,135000000.0,135000000.0,119000000.0,0.105,0.105,0.105,1934000000.0,,1934000000.0,7647403301.0,11.0,8.861,160000000.0,0.197,1.0,452000000.0,0.693,1694000000.0,16000000.0,1731000000.0,,327000000.0,84000000.0,5000000.0,79000000.0,1479000000.0,803000000.0,676000000.0,6681403301.0,1000000.0,0.0,-25000000.0,-149000000.0,0.0,-174000000.0,-2000000.0,0.0,178000000.0,-1000000.0,85000000.0,85000000.0,85000000.0,0.0,0.0,0.13,320000000.0,132000000.0,65000000.0,0.0,3.455,15.908,15.961,569000000.0,0.0,8.22,2.436,2.436,395000000.0,1058000000.0,652000000.0,652000000.0,48000000.0,,,,,0.0,216000000.0,1.0,812822786.0,812822786.0,,0.802,1719000000.0,0.0,34000000.0,124000000.0,2.115,132000000.0
84,BSX,MRQ,2000-06-30,2000-06-30,2000-06-30,2021-08-07,-122000000.0,3483000000.0,,959000000.0,2524000000.0,,2.291,-17000000.0,44000000.0,44000000.0,217000000.0,122000000.0,1.029,0.865,1010000000.0,443000000.0,567000000.0,1010000000.0,0.0,0.0,0.0,0.0,0.0,189000000.0,189000000.0,0.272,189000000.0,189000000.0,170000000.0,0.15,0.15,0.15,1868000000.0,,1868000000.0,10070958207.0,15.0,12.018,219000000.0,0.269,1.0,478000000.0,0.688,1713000000.0,19000000.0,1804000000.0,,334000000.0,90000000.0,0.0,90000000.0,1615000000.0,932000000.0,683000000.0,8944958207.0,-12000000.0,0.0,-33000000.0,-174000000.0,0.0,-200000000.0,-47000000.0,15000000.0,236000000.0,-1000000.0,122000000.0,122000000.0,122000000.0,0.0,0.0,0.176,296000000.0,182000000.0,361000000.0,0.0,4.789,22.936,23.095,586000000.0,0.0,10.97,3.215,3.215,417000000.0,976000000.0,695000000.0,695000000.0,49000000.0,,,,,0.0,214000000.0,1.0,815401842.0,815401842.0,,0.852,1770000000.0,0.0,48000000.0,123000000.0,2.171,27000000.0
85,BSX,MRQ,2000-03-31,2000-03-31,2000-03-31,2021-08-07,-120000000.0,3514000000.0,,1015000000.0,2499000000.0,,2.189,-16000000.0,56000000.0,56000000.0,213000000.0,106000000.0,0.972,0.974,1182000000.0,612000000.0,570000000.0,1182000000.0,0.0,0.0,0.0,0.0,0.0,177000000.0,177000000.0,0.261,177000000.0,177000000.0,156000000.0,0.13,0.13,0.13,1780000000.0,,1780000000.0,9877726026.0,15.0,11.635,132000000.0,0.162,1.0,466000000.0,0.686,1709000000.0,21000000.0,1887000000.0,,355000000.0,23000000.0,23000000.0,0.0,1734000000.0,1044000000.0,690000000.0,8663726026.0,-8000000.0,0.0,-49000000.0,-98000000.0,0.0,-142000000.0,-12000000.0,0.0,148000000.0,-2000000.0,106000000.0,106000000.0,106000000.0,0.0,0.0,0.156,297000000.0,169000000.0,343000000.0,0.0,4.867,22.981,23.163,593000000.0,0.0,10.655,3.08,3.08,423000000.0,858000000.0,679000000.0,679000000.0,49000000.0,,,,,0.0,214000000.0,1.0,813113658.0,813113658.0,,0.835,1805000000.0,0.0,50000000.0,77000000.0,2.22,-29000000.0
86,BSX,MRQ,1999-12-31,1999-12-31,1999-12-31,2021-08-07,-116000000.0,3572000000.0,,1055000000.0,2517000000.0,,2.079,-2000000.0,64000000.0,64000000.0,238000000.0,107000000.0,1.0,1.072,1288000000.0,600000000.0,688000000.0,1288000000.0,0.0,178000000.0,0.0,0.0,0.0,184000000.0,362000000.0,0.505,362000000.0,184000000.0,162000000.0,0.13,0.13,0.13,1724000000.0,,1724000000.0,10321662672.0,15.0,12.03,164000000.0,0.198,1.0,479000000.0,0.668,1726000000.0,22000000.0,2015000000.0,,376000000.0,69000000.0,14000000.0,55000000.0,1848000000.0,1055000000.0,793000000.0,9073662672.0,-8000000.0,0.0,-124000000.0,-45000000.0,0.0,-169000000.0,0.0,0.0,166000000.0,-5000000.0,107000000.0,107000000.0,107000000.0,0.0,0.0,0.149,296000000.0,183000000.0,92000000.0,0.0,5.263,24.457,23.783,604000000.0,0.0,10.94,3.193,3.193,445000000.0,752000000.0,717000000.0,717000000.0,51000000.0,,,,,49000000.0,211000000.0,1.0,829402438.0,829402438.0,,0.864,1846000000.0,238000000.0,55000000.0,42000000.0,2.226,0.0
87,BSX,MRQ,1999-09-30,1999-09-30,1999-09-30,2021-08-07,-103000000.0,3639000000.0,,1095000000.0,2544000000.0,,2.119,-15000000.0,72000000.0,72000000.0,283000000.0,55000000.0,1.051,1.076,1320000000.0,559000000.0,761000000.0,1320000000.0,0.0,0.0,0.0,0.0,0.0,110000000.0,110000000.0,0.159,110000000.0,110000000.0,84000000.0,0.065,0.065,0.065,1753000000.0,,1753000000.0,11729934968.0,18.0,15.273,272000000.0,0.329,1.0,408000000.0,0.59,1749000000.0,26000000.0,2096000000.0,,414000000.0,0.0,0.0,0.0,1886000000.0,1042000000.0,844000000.0,10235934968.0,3000000.0,0.0,-22000000.0,-251000000.0,0.0,-273000000.0,-13000000.0,5000000.0,287000000.0,2000000.0,55000000.0,55000000.0,55000000.0,0.0,0.0,0.08,293000000.0,115000000.0,405000000.0,0.0,5.839,30.555,29.819,632000000.0,0.0,12.375,3.602,3.602,436000000.0,645000000.0,691000000.0,691000000.0,48000000.0,,,,,0.0,220000000.0,1.0,827146260.0,827146260.0,,0.835,1890000000.0,0.0,29000000.0,0.0,2.285,53000000.0
88,BSX,MRQ,1999-06-30,1999-06-30,1999-06-30,2021-08-07,-117000000.0,3746000000.0,,1192000000.0,2554000000.0,,2.095,-15000000.0,69000000.0,69000000.0,235000000.0,109000000.0,1.261,1.259,1563000000.0,503000000.0,1060000000.0,1563000000.0,0.0,0.0,0.0,0.0,0.0,200000000.0,200000000.0,0.275,200000000.0,200000000.0,165000000.0,0.135,0.135,0.135,1658000000.0,,1658000000.0,19562438987.0,-652.0,197.6,171000000.0,0.216,1.0,491000000.0,0.676,1774000000.0,35000000.0,2521000000.0,,456000000.0,5000000.0,5000000.0,0.0,2088000000.0,945000000.0,1143000000.0,17385438987.0,-41000000.0,-128000000.0,644000000.0,-725000000.0,0.0,-82000000.0,-147000000.0,0.0,186000000.0,2000000.0,109000000.0,109000000.0,109000000.0,0.0,0.0,0.15,289000000.0,202000000.0,358000000.0,0.0,10.486,-95.524,-91.542,627000000.0,0.0,21.97,6.375,6.375,491000000.0,590000000.0,726000000.0,726000000.0,49000000.0,,,,,0.0,204000000.0,1.0,791326308.0,791326308.0,,0.917,1972000000.0,0.0,56000000.0,0.0,2.492,247000000.0
89,BSX,MRQ,1999-03-31,1999-03-31,1999-03-31,2021-08-07,-101000000.0,3876000000.0,,1303000000.0,2573000000.0,,1.166,-27000000.0,110000000.0,110000000.0,230000000.0,100000000.0,0.811,3.208,2287000000.0,1027000000.0,1260000000.0,2287000000.0,0.0,0.0,0.0,0.0,0.0,186000000.0,186000000.0,0.263,186000000.0,186000000.0,151000000.0,0.125,0.125,0.125,921000000.0,,921000000.0,18364649041.0,-160.0,1311.761,110000000.0,0.139,1.0,478000000.0,0.675,1786000000.0,35000000.0,2660000000.0,,463000000.0,74000000.0,4000000.0,70000000.0,2955000000.0,1607000000.0,1348000000.0,16043670041.0,40000000.0,0.0,30000000.0,-99000000.0,0.0,-69000000.0,-25000000.0,0.0,137000000.0,-3000000.0,100000000.0,100000000.0,100000000.0,0.0,0.0,0.141,289000000.0,189000000.0,338000000.0,0.0,17.42,-71.624,-70.052,648000000.0,0.0,20.315,6.446,6.446,547000000.0,481000000.0,708000000.0,708000000.0,49000000.0,,,,,0.0,207000000.0,1.0,789745018.0,789745018.0,,0.896,2090000000.0,200000000.0,51000000.0,48000000.0,2.646,-304000000.0
90,BSX,MRQ,1998-12-31,1998-12-31,1998-12-31,2021-08-07,-71000000.0,3893000000.0,,1267000000.0,2626000000.0,,1.045,-39000000.0,70000000.0,70000000.0,242000000.0,71000000.0,0.782,3.742,2391000000.0,1027000000.0,1364000000.0,2391000000.0,0.0,129000000.0,0.0,0.0,0.0,143000000.0,272000000.0,0.379,272000000.0,143000000.0,105000000.0,0.09,0.09,0.09,821000000.0,,821000000.0,12977199076.0,-63.0,-166.374,151000000.0,0.192,1.0,475000000.0,0.662,1814000000.0,38000000.0,2780000000.0,,462000000.0,39000000.0,5000000.0,34000000.0,3072000000.0,1620000000.0,1452000000.0,10534167076.0,-125000000.0,0.0,-16000000.0,-269000000.0,0.0,-276000000.0,-37000000.0,11000000.0,190000000.0,-2000000.0,71000000.0,71000000.0,71000000.0,0.0,0.0,0.099,329000000.0,146000000.0,109000000.0,0.0,12.831,-39.902,-39.426,680000000.0,0.0,13.405,4.715,4.715,538000000.0,381000000.0,717000000.0,717000000.0,57000000.0,,,,,34000000.0,231000000.0,1.0,785838648.0,785838648.0,,0.912,2079000000.0,199000000.0,34000000.0,19000000.0,2.646,-353000000.0
91,BSX,MRQ,1998-09-30,1998-09-30,1998-09-30,2021-08-07,-78105000.0,3994007000.0,,1372184000.0,2621823000.0,,0.926,-41000000.0,194850000.0,194850000.0,206000000.0,-462000000.0,0.52,4.509,2637882000.0,2084007000.0,553875000.0,2637882000.0,0.0,0.0,0.0,0.0,0.0,-559000000.0,-559000000.0,-0.97,-559000000.0,-559000000.0,-575000000.0,-0.59,-0.59,-0.59,725042000.0,,725042000.0,10484901558.0,-31.0,-42.146,12000000.0,0.015,1.0,370000000.0,0.642,1792768000.0,16000000.0,2006927000.0,,491828000.0,84782000.0,5498000.0,79284000.0,3268965000.0,2637344000.0,631621000.0,10055170558.0,46000000.0,-2060000000.0,33000000.0,2058000000.0,0.0,2083000000.0,-2094000000.0,0.0,53000000.0,4000000.0,-462000000.0,-462000000.0,-462000000.0,0.0,0.0,-0.802,929000000.0,-559000000.0,70802000.0,0.0,13.868,-29.535,-29.193,670692000.0,0.0,12.845,5.035,5.035,494056000.0,312754000.0,576000000.0,576000000.0,49000000.0,,,,,0.0,191000000.0,1.0,782808140.0,782808140.0,,0.736,2201239000.0,218275000.0,-113000000.0,49628000.0,2.812,-1265160000.0
92,BSX,MRQ,1998-06-30,1998-06-30,1998-06-30,2021-08-07,-97752000.0,2154885000.0,,1187323000.0,967562000.0,,1.459,-45000000.0,148588000.0,148588000.0,149000000.0,67000000.0,3.51,0.899,578319000.0,27127000.0,551192000.0,578319000.0,0.0,0.0,0.0,0.0,0.0,115000000.0,115000000.0,0.236,115000000.0,115000000.0,107000000.0,0.085,0.085,0.085,1134844000.0,,1134844000.0,14354730173.0,42.0,33.573,-29000000.0,-0.037,1.0,339000000.0,0.695,319660000.0,8000000.0,1926647000.0,,468133000.0,92704000.0,7332000.0,85372000.0,1020041000.0,338309000.0,681732000.0,13924730173.0,6000000.0,0.0,29000000.0,10000000.0,0.0,39000000.0,-49000000.0,0.0,16000000.0,0.0,67000000.0,67000000.0,67000000.0,0.0,0.0,0.137,229000000.0,110000000.0,67078000.0,0.0,12.27,69.047,70.225,562530000.0,0.0,17.907,7.396,7.396,357510000.0,769062000.0,488000000.0,488000000.0,49000000.0,,,,,0.0,174000000.0,1.0,777592080.0,777592080.0,,0.628,1835225000.0,154036000.0,40000000.0,76837000.0,2.36,849014000.0
93,BSX,MRQ,1998-03-31,1998-03-31,1998-03-31,2021-08-07,-87714000.0,2066678000.0,,1140653000.0,926025000.0,,1.321,-49000000.0,142587000.0,142587000.0,138000000.0,60000000.0,3.186,1.015,572587000.0,17699000.0,554888000.0,572587000.0,0.0,0.0,0.0,0.0,0.0,94000000.0,94000000.0,0.208,94000000.0,94000000.0,88000000.0,0.075,0.075,0.075,1025625000.0,,1025625000.0,13540563750.0,69.0,47.767,-15000000.0,-0.019,1.0,315000000.0,0.695,312111000.0,6000000.0,1826579000.0,,438898000.0,99240000.0,11944000.0,87296000.0,1041053000.0,357988000.0,683065000.0,13105023750.0,85000000.0,0.0,20000000.0,83000000.0,0.0,97000000.0,-45000000.0,0.0,34000000.0,-1000000.0,60000000.0,60000000.0,60000000.0,0.0,0.0,0.132,219000000.0,96000000.0,66514000.0,0.0,12.778,129.136,135.0,526618000.0,0.0,16.875,7.053,7.053,358264000.0,724170000.0,453000000.0,453000000.0,45000000.0,,,,,0.0,159000000.0,1.0,776594000.0,776594000.0,,0.583,1754567000.0,150380000.0,28000000.0,83829000.0,2.259,782665000.0
94,BSX,MRQ,1997-12-31,1997-12-31,1997-12-31,2021-08-07,-76857000.0,1924270000.0,,1020484000.0,903786000.0,,1.233,-60254000.0,57993000.0,57993000.0,161089000.0,-5452000.0,1.286,1.01,493533000.0,447208000.0,46325000.0,493533000.0,0.0,87000000.0,0.0,0.0,0.0,14225000.0,101225000.0,0.211,101225000.0,14225000.0,9854000.0,-0.01,-0.005,-0.01,957298000.0,,957298000.0,,,,-45095000.0,-0.058,1.0,319061000.0,0.665,313346000.0,4371000.0,1253056000.0,,391580000.0,88555000.0,22316000.0,66239000.0,966972000.0,793408000.0,173564000.0,8907533180.0,3906000.0,-18000000.0,-23412000.0,79705000.0,0.0,56293000.0,-67206000.0,-816000.0,15159000.0,-340000.0,-5452000.0,-5452000.0,-5452000.0,0.0,0.0,-0.011,280789000.0,38272000.0,98878000.0,0.0,9.305,80.978,81.929,498967000.0,0.0,11.47,4.865,4.865,365463000.0,677608000.0,480150000.0,480150000.0,43938000.0,,,,,0.0,205477000.0,1.0,776594000.0,776594000.0,,0.618,1610924000.0,146956000.0,15306000.0,69470000.0,2.074,227076000.0
95,BSX,MRQ,1997-09-30,1997-09-30,1997-09-30,2021-08-07,,,,,,,,-50163000.0,,,134594000.0,80123000.0,,,,,,,,0.0,,0.0,0.0,117339000.0,117339000.0,0.254,117339000.0,117339000.0,114361000.0,0.105,0.1,0.105,,,,,,,-59273000.0,,1.0,327052000.0,0.708,,2978000.0,,,,,,,,,,,128000.0,0.0,-10798000.0,66300000.0,0.0,55502000.0,-45137000.0,14118000.0,-9110000.0,-1127000.0,80123000.0,80123000.0,80123000.0,0.0,0.0,0.174,214515000.0,112537000.0,,0.0,,,,,0.0,13.812,,,,,461646000.0,461646000.0,43358000.0,,,,,0.0,157313000.0,1.0,,,,,,,34238000.0,,,
96,BSX,MRQ,1997-06-30,1997-06-30,1997-06-30,2021-08-07,,,,,,,,-55365000.0,,,130411000.0,-33189000.0,,,,,,,,0.0,,0.0,0.0,-29095000.0,-29095000.0,-0.063,-29095000.0,-29095000.0,-32448000.0,-0.045,-0.045,-0.045,,,,,,,-47852000.0,,1.0,332901000.0,0.719,,3353000.0,,,,,,,,,,,-33499000.0,0.0,-68948000.0,122259000.0,0.0,53311000.0,-93425000.0,-1069000.0,7513000.0,-898000.0,-33189000.0,-33189000.0,-33189000.0,0.0,0.0,-0.072,361266000.0,-28365000.0,,0.0,,,,,0.0,15.375,,,,,463312000.0,463312000.0,41006000.0,,,,,0.0,157031000.0,1.0,,,,,,,741000.0,,,
97,BSX,MRQ,1997-03-31,1997-03-31,1997-03-31,2021-08-07,,,,,,,,-54218000.0,,,119906000.0,68518000.0,,,,,,,,0.0,,0.0,0.0,105531000.0,105531000.0,0.248,105531000.0,105531000.0,102233000.0,0.09,0.085,0.09,,,,,,,12220000.0,,1.0,305986000.0,0.718,,3298000.0,,,,,,,,,,,15465000.0,0.0,13158000.0,-16264000.0,0.0,-3106000.0,-45232000.0,13767000.0,66438000.0,-2635000.0,68518000.0,68518000.0,68518000.0,0.0,0.0,0.161,203430000.0,102556000.0,,0.0,,,,,0.0,15.438,,,,,425892000.0,425892000.0,38698000.0,,,,,0.0,158834000.0,1.0,,,,,,,33715000.0,,,
98,BSX,MRQ,1996-12-31,1996-12-31,1996-12-31,2021-08-07,-19078000.0,1585045000.0,,816817000.0,768228000.0,,,,72175000.0,72175000.0,,,1.695,0.593,240556000.0,240556000.0,0.0,240556000.0,0.0,,0.0,0.0,0.0,,,,,,,,,,995115000.0,,995115000.0,,,,,,1.0,,,319762000.0,,951848000.0,,236670000.0,101341000.0,45606000.0,55735000.0,589930000.0,481816000.0,108114000.0,,,,,,,,,,,,,,,,,,,,66877000.0,,,,69.767,362302000.0,,15.0,,,321025000.0,574051000.0,,,,,,,,,,1.0,,,,,1265283000.0,97364000.0,,87378000.0,,335001000.0
0,BSX,MRT,2021-06-30,2021-06-30,2021-06-30,2021-08-07,237000000.0,31168000000.0,30922500000.0,6758000000.0,24410000000.0,0.362,11.216,-289000000.0,2675000000.0,2675000000.0,3708000000.0,582000000.0,1.659,0.955,9109000000.0,262000000.0,8847000000.0,9109000000.0,0.0,1654000000.0,0.0,0.0,0.0,903000000.0,2557000000.0,0.228,2557000000.0,903000000.0,553000000.0,0.37,0.37,0.37,15942000000.0,15637750000.0,15942000000.0,67837148160.0,75.0,26.53,1954000000.0,1.375,1.0,7489000000.0,0.669,16662000000.0,350000000.0,16867000000.0,17788500000.0,1430000000.0,0.0,0.0,0.0,15226000000.0,4073000000.0,11153000000.0,60758148160.0,882000000.0,95000000.0,-483000000.0,-510000000.0,0.0,-1161000000.0,-205000000.0,122000000.0,2243000000.0,9000000.0,582000000.0,526000000.0,526000000.0,0.0,0.0,0.047,7020000000.0,469000000.0,689000000.0,0.0,3.811,115.51,115.568,2082000000.0,56000000.0,42.76,5.426,5.428,1675000000.0,-1878000000.0,11197000000.0,11197000000.0,1175000000.0,0.017,0.034,0.051,0.081,264000000.0,4151000000.0,1.0,1420910855.0,1421300000.0,1432500000.0,7.878,14506000000.0,4238000000.0,-29000000.0,115000000.0,10.206,2685000000.0
1,BSX,MRT,2021-03-31,2021-03-31,2021-03-31,2021-08-07,254000000.0,30900000000.0,30836250000.0,6101000000.0,24799000000.0,0.328,11.08,-252000000.0,2016000000.0,2016000000.0,3554000000.0,249000000.0,1.798,0.966,9095000000.0,13000000.0,9082000000.0,9095000000.0,0.0,1666000000.0,0.0,0.0,0.0,578000000.0,2244000000.0,0.222,2244000000.0,578000000.0,223000000.0,0.14,0.14,0.14,15719000000.0,15556250000.0,15719000000.0,62182454576.0,108.0,27.711,1617000000.0,1.14,1.0,6569000000.0,0.649,16859000000.0,355000000.0,17727000000.0,18137250000.0,1407000000.0,0.0,0.0,0.0,15181000000.0,3393000000.0,11788000000.0,54773454576.0,1553000000.0,107000000.0,479000000.0,-1345000000.0,0.0,-58000000.0,-264000000.0,38000000.0,1869000000.0,9000000.0,248000000.0,201000000.0,201000000.0,0.0,1000000.0,0.02,6430000000.0,139000000.0,615000000.0,0.0,3.485,272.505,276.071,2053000000.0,47000000.0,38.65,5.411,5.417,1631000000.0,-2050000000.0,10123000000.0,10123000000.0,1119000000.0,0.007,0.013,0.032,0.057,263000000.0,3828000000.0,1.0,1417165707.0,1418700000.0,1430800000.0,7.135,14041000000.0,4365000000.0,-25000000.0,336000000.0,9.897,2708000000.0
2,BSX,MRT,2020-12-31,2020-12-31,2020-12-31,2021-08-07,207000000.0,30777000000.0,30639500000.0,6694000000.0,24083000000.0,0.324,10.818,-277000000.0,1734000000.0,1734000000.0,3465000000.0,-82000000.0,1.819,1.008,9143000000.0,13000000.0,9130000000.0,9143000000.0,0.0,1123000000.0,0.0,0.0,0.0,281000000.0,1404000000.0,0.142,1404000000.0,281000000.0,-80000000.0,-0.08,-0.08,-0.08,15326000000.0,15077500000.0,15326000000.0,58791576451.0,209.0,41.874,1231000000.0,0.869,1.0,6448000000.0,0.65,15868000000.0,361000000.0,18637000000.0,18358250000.0,1351000000.0,0.0,0.0,0.0,15451000000.0,3681000000.0,11770000000.0,51477576451.0,1388000000.0,12000000.0,492000000.0,-999000000.0,0.0,293000000.0,-411000000.0,0.0,1508000000.0,0.0,-82000000.0,-115000000.0,-115000000.0,0.0,0.0,-0.012,6527000000.0,-79000000.0,513000000.0,0.0,3.359,-447.631,-449.375,2084000000.0,33000000.0,35.95,5.193,5.138,1531000000.0,-2378000000.0,9913000000.0,9913000000.0,1143000000.0,-0.004,-0.008,0.015,0.028,170000000.0,3787000000.0,1.0,1431921459.0,1416700000.0,1416700000.0,6.997,14909000000.0,4404000000.0,2000000.0,330000000.0,10.524,3013000000.0
3,BSX,MRT,2020-09-30,2020-09-30,2020-09-30,2021-08-07,151000000.0,30845000000.0,30586500000.0,6160000000.0,24685000000.0,0.331,10.877,-277000000.0,2022000000.0,2022000000.0,3317000000.0,3705000000.0,1.866,0.982,9336000000.0,11000000.0,9325000000.0,9336000000.0,0.0,1563000000.0,0.0,0.0,0.0,53000000.0,1616000000.0,0.16,1616000000.0,53000000.0,-391000000.0,2.65,2.61,2.65,15564000000.0,14715250000.0,15564000000.0,62474079064.0,1179.0,38.66,1250000000.0,0.874,1.0,6792000000.0,0.672,16934000000.0,444000000.0,17923000000.0,18056000000.0,1472000000.0,0.0,0.0,0.0,15281000000.0,3302000000.0,11979000000.0,54666079064.0,1606000000.0,12000000.0,1032000000.0,-1729000000.0,0.0,388000000.0,-313000000.0,95000000.0,1527000000.0,3000000.0,3704000000.0,3685000000.0,3685000000.0,0.0,1000000.0,0.365,6712000000.0,80000000.0,452000000.0,0.0,3.512,14.835,14.419,2064000000.0,19000000.0,38.21,5.408,5.409,1598000000.0,-2574000000.0,10109000000.0,10109000000.0,1165000000.0,0.12,0.25,0.003,0.005,245000000.0,3852000000.0,1.0,1430674668.0,1430900000.0,1430900000.0,7.065,13911000000.0,4346000000.0,-4095000000.0,522000000.0,9.722,2858000000.0
4,BSX,MRT,2020-06-30,2020-06-30,2020-06-30,2021-08-07,131000000.0,30823000000.0,29564250000.0,5803000000.0,25020000000.0,0.344,11.068,-369000000.0,1724000000.0,1724000000.0,3225000000.0,3986000000.0,1.867,0.974,9532000000.0,254000000.0,9278000000.0,9532000000.0,0.0,1563000000.0,0.0,0.0,0.0,380000000.0,1943000000.0,0.191,1943000000.0,380000000.0,-73000000.0,2.86,2.82,2.86,15616000000.0,13249000000.0,15616000000.0,59096182783.0,156.0,30.415,1017000000.0,0.721,1.0,6932000000.0,0.682,17261000000.0,453000000.0,18262000000.0,17331000000.0,1516000000.0,0.0,0.0,0.0,15207000000.0,3108000000.0,12099000000.0,49131182783.0,-807000000.0,-3517000000.0,1022000000.0,-141000000.0,0.0,1951000000.0,-4146000000.0,-199000000.0,1386000000.0,0.0,3985000000.0,3980000000.0,3980000000.0,0.0,1000000.0,0.392,6263000000.0,669000000.0,408000000.0,0.0,3.146,12.345,12.276,2079000000.0,5000000.0,35.11,4.837,4.877,1457000000.0,-2405000000.0,10157000000.0,10157000000.0,1156000000.0,0.135,0.3,0.022,0.037,245000000.0,3880000000.0,1.0,1399350122.0,1410900000.0,1410900000.0,7.199,13562000000.0,4363000000.0,-4058000000.0,585000000.0,9.612,2695000000.0
5,BSX,MRT,2020-03-31,2020-03-31,2020-03-31,2021-08-07,168000000.0,30113000000.0,27935750000.0,4823000000.0,25290000000.0,0.386,9.878,-415000000.0,370000000.0,370000000.0,3192000000.0,4287000000.0,1.213,1.181,10335000000.0,1004000000.0,9331000000.0,10335000000.0,0.0,1288000000.0,0.0,0.0,0.0,704000000.0,1992000000.0,0.185,1992000000.0,704000000.0,253000000.0,3.08,3.04,3.08,13804000000.0,11701250000.0,13804000000.0,55348854238.0,79.0,27.786,994000000.0,0.711,1.0,7593000000.0,0.704,17491000000.0,451000000.0,18611000000.0,16250250000.0,1628000000.0,0.0,0.0,0.0,16309000000.0,3976000000.0,12333000000.0,45557854238.0,-2196000000.0,-3971000000.0,50000000.0,999000000.0,0.0,1102000000.0,-4707000000.0,-199000000.0,1409000000.0,0.0,4287000000.0,4287000000.0,4287000000.0,0.0,0.0,0.397,6470000000.0,1123000000.0,605000000.0,0.0,3.3,10.627,10.594,2098000000.0,0.0,32.63,4.224,4.228,1577000000.0,-2252000000.0,10785000000.0,10785000000.0,1194000000.0,0.153,0.366,0.043,0.065,199000000.0,4050000000.0,1.0,1396195349.0,1397400000.0,1413500000.0,7.718,12622000000.0,4367000000.0,-4034000000.0,589000000.0,9.032,847000000.0
6,BSX,MRT,2019-12-31,2019-12-31,2019-12-31,2021-08-07,270000000.0,30565000000.0,26358000000.0,4699000000.0,25866000000.0,0.407,9.973,-402000000.0,217000000.0,217000000.0,3116000000.0,4700000000.0,0.966,1.203,10008000000.0,1416000000.0,8592000000.0,10008000000.0,0.0,1011000000.0,0.0,0.0,0.0,1160000000.0,2171000000.0,0.202,2171000000.0,1160000000.0,687000000.0,3.38,3.33,3.38,13877000000.0,10558500000.0,13877000000.0,73638702830.0,63.0,33.919,1434000000.0,1.031,1.0,7619000000.0,0.71,18062000000.0,473000000.0,17428000000.0,15043750000.0,1579000000.0,0.0,0.0,0.0,16688000000.0,4866000000.0,11822000000.0,63028702830.0,-222000000.0,-4292000000.0,58000000.0,2794000000.0,0.0,2973000000.0,-5041000000.0,-199000000.0,1836000000.0,0.0,4700000000.0,4700000000.0,4700000000.0,0.0,0.0,0.438,6102000000.0,1517000000.0,542000000.0,0.0,4.542,13.41,13.379,2079000000.0,0.0,45.22,5.871,5.862,1828000000.0,-2253000000.0,10735000000.0,10735000000.0,1174000000.0,0.178,0.445,0.077,0.108,157000000.0,3941000000.0,1.0,1393823592.0,1391500000.0,1410600000.0,7.715,12503000000.0,4391000000.0,-4013000000.0,595000000.0,8.985,-167000000.0
7,BSX,MRT,2019-09-30,2019-09-30,2019-09-30,2021-08-07,138000000.0,26756000000.0,23966500000.0,4847000000.0,21909000000.0,0.434,6.962,-362000000.0,277000000.0,277000000.0,2994000000.0,1090000000.0,1.139,1.759,10887000000.0,1297000000.0,9590000000.0,10887000000.0,0.0,894000000.0,0.0,0.0,0.0,1346000000.0,2240000000.0,0.216,2240000000.0,1346000000.0,989000000.0,0.79,0.77,0.79,9699000000.0,9270750000.0,9699000000.0,66097088704.0,49.0,29.508,801000000.0,0.575,1.0,7398000000.0,0.712,18089000000.0,357000000.0,15023000000.0,12778250000.0,1566000000.0,0.0,0.0,0.0,17057000000.0,4254000000.0,12803000000.0,56680088704.0,-304000000.0,-4772000000.0,54000000.0,4206000000.0,0.0,4122000000.0,-5587000000.0,-294000000.0,1163000000.0,7000000.0,1090000000.0,1090000000.0,1090000000.0,0.0,0.0,0.105,5771000000.0,1627000000.0,512000000.0,0.0,5.844,52.0,51.506,1942000000.0,0.0,40.69,5.454,5.455,1796000000.0,-6249000000.0,10392000000.0,10392000000.0,1154000000.0,0.045,0.118,0.105,0.13,140000000.0,3802000000.0,1.0,1392973426.0,1393100000.0,1412200000.0,7.46,8667000000.0,189000000.0,-101000000.0,807000000.0,6.221,593000000.0
8,BSX,MRT,2019-06-30,2019-06-30,2019-06-30,2021-08-07,78000000.0,24309000000.0,22372250000.0,6334000000.0,17975000000.0,0.45,6.776,-320000000.0,123000000.0,123000000.0,2889000000.0,1396000000.0,1.306,1.579,9540000000.0,1949000000.0,7591000000.0,9540000000.0,0.0,894000000.0,0.0,0.0,0.0,1674000000.0,2568000000.0,0.255,2568000000.0,1674000000.0,1354000000.0,1.01,0.99,1.01,9425000000.0,8918250000.0,9425000000.0,68859244708.0,41.0,26.814,842000000.0,0.605,1.0,7189000000.0,0.713,14937000000.0,320000000.0,13939000000.0,10990000000.0,1300000000.0,0.0,0.0,0.0,14884000000.0,4850000000.0,10034000000.0,59770244708.0,1829000000.0,-1793000000.0,46000000.0,2992000000.0,0.0,2959000000.0,-2287000000.0,0.0,1162000000.0,5000000.0,1396000000.0,1396000000.0,1396000000.0,0.0,0.0,0.139,5556000000.0,1633000000.0,524000000.0,0.0,6.342,42.815,42.554,1820000000.0,0.0,42.98,5.931,5.932,1712000000.0,-6375000000.0,10078000000.0,10078000000.0,1137000000.0,0.062,0.157,0.152,0.166,140000000.0,3660000000.0,1.0,1390652506.0,1391000000.0,1408600000.0,7.245,9372000000.0,175000000.0,-42000000.0,416000000.0,6.738,1484000000.0
9,BSX,MRT,2019-03-31,2019-03-31,2019-03-31,2021-08-07,87000000.0,23802000000.0,21198750000.0,6234000000.0,17568000000.0,0.469,6.653,-303000000.0,139000000.0,139000000.0,2870000000.0,1797000000.0,1.392,1.578,9228000000.0,1638000000.0,7590000000.0,9228000000.0,0.0,894000000.0,0.0,0.0,0.0,1843000000.0,2737000000.0,0.275,2737000000.0,1843000000.0,1555000000.0,1.3,1.28,1.3,9233000000.0,8498000000.0,9233000000.0,60103218720.0,33.0,21.96,164000000.0,0.118,1.0,7067000000.0,0.711,14627000000.0,288000000.0,13785000000.0,9498000000.0,1228000000.0,0.0,0.0,0.0,14569000000.0,4479000000.0,10090000000.0,53193218720.0,1728000000.0,-1760000000.0,50000000.0,3404000000.0,0.0,3429000000.0,-2158000000.0,0.0,467000000.0,-1000000.0,1797000000.0,1797000000.0,1797000000.0,0.0,0.0,0.181,5427000000.0,1640000000.0,498000000.0,0.0,5.761,29.601,29.523,1782000000.0,0.0,38.38,5.353,5.36,1621000000.0,-6528000000.0,9937000000.0,9937000000.0,1132000000.0,0.085,0.211,0.194,0.185,140000000.0,3578000000.0,1.0,1385961926.0,1387700000.0,1408400000.0,7.161,9175000000.0,163000000.0,-242000000.0,441000000.0,6.612,1755000000.0
10,BSX,MRT,2018-12-31,2018-12-31,2018-12-31,2021-08-07,33000000.0,20999000000.0,20048750000.0,4003000000.0,16996000000.0,0.49,6.319,-302000000.0,146000000.0,146000000.0,2813000000.0,1671000000.0,0.761,1.406,7056000000.0,2253000000.0,4803000000.0,7056000000.0,0.0,894000000.0,0.0,0.0,0.0,1663000000.0,2557000000.0,0.26,2557000000.0,1663000000.0,1422000000.0,1.21,1.19,1.21,8726000000.0,7947250000.0,8726000000.0,55361519601.0,33.0,21.651,8000000.0,0.006,1.0,7010000000.0,0.714,14283000000.0,241000000.0,8366000000.0,7800500000.0,1166000000.0,0.0,0.0,0.0,12273000000.0,5260000000.0,7013000000.0,48903519601.0,-188000000.0,-1448000000.0,45000000.0,1405000000.0,0.0,1432000000.0,-1921000000.0,0.0,310000000.0,0.0,1671000000.0,1671000000.0,1671000000.0,0.0,0.0,0.17,5504000000.0,1506000000.0,349000000.0,0.0,5.604,29.266,29.207,1782000000.0,0.0,35.34,4.978,4.968,1608000000.0,-6953000000.0,9823000000.0,9823000000.0,1113000000.0,0.083,0.21,0.213,0.169,140000000.0,3569000000.0,1.0,1383800781.0,1381000000.0,1401400000.0,7.113,6716000000.0,248000000.0,-249000000.0,328000000.0,4.863,-1257000000.0
11,BSX,MRT,2018-09-30,2018-09-30,2018-09-30,2021-08-07,25000000.0,20379000000.0,19559500000.0,3971000000.0,16408000000.0,0.494,5.994,-289000000.0,168000000.0,168000000.0,2757000000.0,670000000.0,0.781,1.459,6626000000.0,1820000000.0,4806000000.0,6626000000.0,0.0,844000000.0,0.0,0.0,0.0,1585000000.0,2429000000.0,0.251,2429000000.0,1585000000.0,1352000000.0,0.48,0.48,0.48,8289000000.0,7518750000.0,8289000000.0,59527603914.0,38.0,24.507,686000000.0,0.496,1.0,6913000000.0,0.715,13885000000.0,233000000.0,7870000000.0,7204250000.0,1134000000.0,0.0,0.0,0.0,12090000000.0,5082000000.0,7008000000.0,53242603914.0,291000000.0,-1136000000.0,45000000.0,913000000.0,0.0,939000000.0,-1615000000.0,0.0,975000000.0,-12000000.0,670000000.0,670000000.0,670000000.0,0.0,0.0,0.069,5407000000.0,1506000000.0,453000000.0,0.0,6.423,79.467,80.208,1730000000.0,0.0,38.5,5.506,5.505,1580000000.0,-7339000000.0,9670000000.0,9670000000.0,1088000000.0,0.034,0.089,0.22,0.164,127000000.0,3502000000.0,1.0,1382924777.0,1382800000.0,1403900000.0,6.993,6494000000.0,43000000.0,682000000.0,428000000.0,4.696,-1111000000.0
12,BSX,MRT,2018-06-30,2018-06-30,2018-06-30,2021-08-07,-16000000.0,19615000000.0,19123750000.0,3929000000.0,15686000000.0,0.497,5.61,-273000000.0,208000000.0,208000000.0,2722000000.0,521000000.0,0.827,1.533,6493000000.0,1685000000.0,4808000000.0,6493000000.0,0.0,844000000.0,0.0,0.0,0.0,1437000000.0,2281000000.0,0.24,2281000000.0,1437000000.0,1205000000.0,0.38,0.37,0.38,7744000000.0,7343500000.0,7744000000.0,50597803415.0,35.0,22.182,653000000.0,0.473,1.0,6777000000.0,0.713,13176000000.0,232000000.0,7971000000.0,6890500000.0,1087000000.0,0.0,0.0,0.0,11871000000.0,4753000000.0,7118000000.0,45119803415.0,518000000.0,-586000000.0,39000000.0,629000000.0,0.0,649000000.0,-1055000000.0,0.0,926000000.0,-7000000.0,521000000.0,521000000.0,521000000.0,0.0,0.0,0.055,5283000000.0,1494000000.0,403000000.0,0.0,5.826,86.602,86.053,1715000000.0,0.0,32.7,4.75,4.752,1587000000.0,-7770000000.0,9499000000.0,9499000000.0,1053000000.0,0.027,0.071,0.209,0.151,127000000.0,3432000000.0,1.0,1379810502.0,1380500000.0,1398900000.0,6.881,6439000000.0,46000000.0,684000000.0,364000000.0,4.664,-824000000.0
13,BSX,MRT,2018-03-31,2018-03-31,2018-03-31,2021-08-07,-128000000.0,19202000000.0,18815500000.0,4080000000.0,15122000000.0,0.492,5.107,-267000000.0,287000000.0,287000000.0,2615000000.0,112000000.0,0.818,1.731,5765000000.0,962000000.0,4803000000.0,5765000000.0,0.0,844000000.0,0.0,0.0,0.0,1183000000.0,2027000000.0,0.219,2027000000.0,1183000000.0,950000000.0,0.09,0.08,0.09,7030000000.0,7216250000.0,7030000000.0,42990562974.0,36.0,21.209,1359000000.0,0.987,1.0,6651000000.0,0.718,12697000000.0,233000000.0,6995000000.0,6630250000.0,1113000000.0,0.0,0.0,0.0,12172000000.0,4988000000.0,7184000000.0,37562562974.0,842000000.0,-569000000.0,36000000.0,234000000.0,0.0,255000000.0,-1043000000.0,0.0,1626000000.0,0.0,112000000.0,112000000.0,112000000.0,0.0,0.0,0.012,5323000000.0,1328000000.0,404000000.0,0.0,5.343,335.38,303.556,1700000000.0,0.0,27.32,4.054,4.058,1580000000.0,-8326000000.0,9266000000.0,9266000000.0,1022000000.0,0.006,0.016,0.178,0.128,127000000.0,3361000000.0,1.0,1374910797.0,1376500000.0,1396800000.0,6.732,6505000000.0,50000000.0,838000000.0,128000000.0,4.726,-908000000.0
14,BSX,MRT,2017-12-31,2017-12-31,2017-12-31,2021-08-07,-59000000.0,19042000000.0,18500750000.0,3822000000.0,15220000000.0,0.489,5.118,-319000000.0,188000000.0,188000000.0,2593000000.0,104000000.0,0.676,1.716,5616000000.0,1801000000.0,3815000000.0,5616000000.0,0.0,844000000.0,0.0,0.0,0.0,1161000000.0,2005000000.0,0.222,2005000000.0,1161000000.0,932000000.0,0.08,0.08,0.08,7012000000.0,7222000000.0,7012000000.0,39513516866.0,34.0,19.707,1107000000.0,0.808,1.0,6455000000.0,0.713,12835000000.0,229000000.0,5981000000.0,6728500000.0,1078000000.0,0.0,0.0,0.0,12030000000.0,5654000000.0,6376000000.0,34041516866.0,530000000.0,-560000000.0,20000000.0,123000000.0,0.0,110000000.0,-1010000000.0,0.0,1426000000.0,0.0,104000000.0,104000000.0,104000000.0,0.0,0.0,0.011,5170000000.0,1285000000.0,530000000.0,0.0,4.855,327.322,309.875,1697000000.0,0.0,24.79,3.762,3.754,1548000000.0,-8390000000.0,9048000000.0,9048000000.0,997000000.0,0.006,0.014,0.173,0.128,127000000.0,3294000000.0,1.0,1373195517.0,1370100000.0,1392700000.0,6.604,6207000000.0,66000000.0,828000000.0,191000000.0,4.53,-1832000000.0
15,BSX,MRT,2017-09-30,2017-09-30,2017-09-30,2021-08-07,-51000000.0,18636000000.0,18264250000.0,3478000000.0,15158000000.0,0.483,5.531,-407000000.0,210000000.0,210000000.0,2538000000.0,843000000.0,0.72,1.456,5682000000.0,1266000000.0,4416000000.0,5682000000.0,0.0,815000000.0,0.0,0.0,0.0,1024000000.0,1839000000.0,0.208,1839000000.0,1024000000.0,794000000.0,0.63,0.61,0.63,7588000000.0,7152250000.0,7588000000.0,45664945873.0,45.0,24.831,1011000000.0,0.737,1.0,6292000000.0,0.713,12665000000.0,230000000.0,6615000000.0,7042250000.0,1077000000.0,0.0,0.0,0.0,11048000000.0,4828000000.0,6220000000.0,40024945873.0,371000000.0,-625000000.0,13000000.0,253000000.0,0.0,206000000.0,-1253000000.0,0.0,1418000000.0,0.0,843000000.0,843000000.0,843000000.0,0.0,0.0,0.095,5186000000.0,1106000000.0,371000000.0,0.0,5.275,47.479,46.302,1678000000.0,0.0,29.17,4.533,4.532,1470000000.0,-7785000000.0,8830000000.0,8830000000.0,989000000.0,0.046,0.118,0.145,0.116,116000000.0,3240000000.0,1.0,1372127044.0,1372000000.0,1394100000.0,6.436,5971000000.0,76000000.0,-49000000.0,66000000.0,4.352,-1350000000.0
16,BSX,MRT,2017-06-30,2017-06-30,2017-06-30,2021-08-07,-53000000.0,18382000000.0,18029500000.0,3222000000.0,15160000000.0,0.483,5.282,-418000000.0,195000000.0,195000000.0,2495000000.0,788000000.0,0.749,1.541,5835000000.0,1018000000.0,4817000000.0,5835000000.0,0.0,815000000.0,0.0,0.0,0.0,973000000.0,1788000000.0,0.205,1788000000.0,973000000.0,742000000.0,0.59,0.58,0.59,7235000000.0,6875750000.0,7235000000.0,43317816039.0,45.0,24.227,517000000.0,0.377,1.0,6218000000.0,0.714,12792000000.0,231000000.0,6930000000.0,7271750000.0,1023000000.0,0.0,0.0,0.0,11147000000.0,4300000000.0,6847000000.0,37959816039.0,-43000000.0,-759000000.0,14000000.0,413000000.0,0.0,379000000.0,-1356000000.0,0.0,935000000.0,0.0,788000000.0,788000000.0,788000000.0,0.0,0.0,0.09,5141000000.0,1077000000.0,376000000.0,0.0,5.247,48.172,46.983,1651000000.0,0.0,27.72,4.357,4.358,1444000000.0,-8068000000.0,8713000000.0,8713000000.0,967000000.0,0.044,0.115,0.134,0.112,116000000.0,3212000000.0,1.0,1369401733.0,1369800000.0,1391100000.0,6.361,5590000000.0,75000000.0,-46000000.0,58000000.0,4.081,-1078000000.0
17,BSX,MRT,2017-03-31,2017-03-31,2017-03-31,2021-08-07,-46000000.0,17943000000.0,17893500000.0,3026000000.0,14917000000.0,0.48,5.166,-429000000.0,156000000.0,156000000.0,2502000000.0,435000000.0,0.867,1.544,5514000000.0,5000000.0,5509000000.0,5514000000.0,0.0,815000000.0,0.0,0.0,0.0,486000000.0,1301000000.0,0.152,1301000000.0,486000000.0,254000000.0,0.33,0.32,0.33,7053000000.0,6622000000.0,7053000000.0,39197962477.0,81.0,30.129,630000000.0,0.461,1.0,6080000000.0,0.708,12423000000.0,232000000.0,7388000000.0,7349250000.0,971000000.0,0.0,0.0,0.0,10890000000.0,3490000000.0,7400000000.0,33909962477.0,-93000000.0,-390000000.0,51000000.0,-159000000.0,0.0,-170000000.0,-979000000.0,0.0,1059000000.0,-3000000.0,435000000.0,435000000.0,435000000.0,0.0,0.0,0.051,5562000000.0,518000000.0,376000000.0,0.0,4.808,77.954,75.364,1652000000.0,0.0,24.87,3.951,3.957,1429000000.0,-8215000000.0,8582000000.0,8582000000.0,945000000.0,0.024,0.066,0.066,0.057,116000000.0,3176000000.0,1.0,1363488640.0,1365400000.0,1390200000.0,6.285,5520000000.0,65000000.0,-181000000.0,19000000.0,4.043,-464000000.0
18,BSX,MRT,2016-12-31,2016-12-31,2016-12-31,2021-08-07,1000000.0,18096000000.0,17837250000.0,3239000000.0,14857000000.0,0.47,4.959,-347000000.0,196000000.0,196000000.0,2424000000.0,347000000.0,0.903,1.688,5484000000.0,64000000.0,5420000000.0,5484000000.0,0.0,815000000.0,0.0,0.0,0.0,410000000.0,1225000000.0,0.146,1225000000.0,410000000.0,177000000.0,0.26,0.25,0.26,6733000000.0,6473000000.0,6733000000.0,34641074592.0,84.0,28.278,835000000.0,0.615,1.0,5962000000.0,0.711,12561000000.0,233000000.0,7236000000.0,7479750000.0,955000000.0,0.0,0.0,0.0,11363000000.0,3587000000.0,7776000000.0,29453074592.0,87000000.0,-408000000.0,49000000.0,-190000000.0,0.0,-206000000.0,-887000000.0,0.0,1182000000.0,-2000000.0,347000000.0,347000000.0,347000000.0,0.0,0.0,0.041,5515000000.0,447000000.0,447000000.0,0.0,4.374,84.879,83.192,1630000000.0,0.0,21.63,3.512,3.502,1472000000.0,-8581000000.0,8386000000.0,8386000000.0,920000000.0,0.019,0.054,0.055,0.049,116000000.0,3099000000.0,1.0,1361677050.0,1357600000.0,1377200000.0,6.177,5535000000.0,75000000.0,-170000000.0,18000000.0,4.077,-348000000.0
19,BSX,MRT,2016-09-30,2016-09-30,2016-09-30,2021-08-07,-99000000.0,17697000000.0,17846500000.0,3181000000.0,14516000000.0,0.458,4.764,-265000000.0,237000000.0,237000000.0,2379000000.0,81000000.0,1.055,1.73,5425000000.0,254000000.0,5171000000.0,5425000000.0,0.0,769000000.0,0.0,0.0,0.0,-15000000.0,754000000.0,0.092,754000000.0,-15000000.0,-250000000.0,0.06,0.06,0.06,6482000000.0,6369750000.0,6482000000.0,37374691468.0,-2492.0,49.569,661000000.0,0.486,1.0,5794000000.0,0.709,12336000000.0,235000000.0,7533000000.0,7769250000.0,998000000.0,0.0,0.0,0.0,11215000000.0,3016000000.0,8199000000.0,32385691468.0,-68000000.0,-267000000.0,64000000.0,-445000000.0,0.0,-471000000.0,-525000000.0,271000000.0,926000000.0,2000000.0,81000000.0,81000000.0,81000000.0,0.0,0.0,0.01,5714000000.0,80000000.0,298000000.0,0.0,4.996,399.823,396.667,1500000000.0,0.0,23.8,3.963,3.962,1385000000.0,-8706000000.0,8173000000.0,8173000000.0,908000000.0,0.005,0.013,-0.002,-0.002,107000000.0,3045000000.0,1.0,1360743339.0,1360600000.0,1379700000.0,6.007,5361000000.0,84000000.0,-331000000.0,26000000.0,3.94,165000000.0
20,BSX,MRT,2016-06-30,2016-06-30,2016-06-30,2021-08-07,-70000000.0,17838000000.0,17976000000.0,3330000000.0,14508000000.0,0.443,4.582,-264000000.0,438000000.0,438000000.0,2324000000.0,-345000000.0,1.047,1.868,5427000000.0,254000000.0,5173000000.0,5427000000.0,0.0,769000000.0,0.0,0.0,0.0,-639000000.0,130000000.0,0.016,130000000.0,-639000000.0,-874000000.0,-0.26,-0.26,-0.26,6220000000.0,6351750000.0,6220000000.0,37048978425.0,-58.0,284.992,1101000000.0,0.811,1.0,5632000000.0,0.708,12405000000.0,235000000.0,7240000000.0,8083500000.0,981000000.0,0.0,0.0,0.0,11618000000.0,3182000000.0,8436000000.0,31709978425.0,-420000000.0,-1712000000.0,57000000.0,304000000.0,0.0,256000000.0,-2039000000.0,201000000.0,1365000000.0,-2000000.0,-345000000.0,-345000000.0,-345000000.0,0.0,0.0,-0.043,6199000000.0,-567000000.0,284000000.0,0.0,5.098,-91.913,-89.885,1487000000.0,0.0,23.37,3.986,3.987,1387000000.0,-8934000000.0,7956000000.0,7956000000.0,897000000.0,-0.019,-0.054,-0.079,-0.08,107000000.0,3002000000.0,1.0,1356866856.0,1357400000.0,1357400000.0,5.861,5433000000.0,78000000.0,-529000000.0,24000000.0,4.003,148000000.0
21,BSX,MRT,2016-03-31,2016-03-31,2016-03-31,2021-08-07,35000000.0,17718000000.0,17797250000.0,3164000000.0,14554000000.0,0.431,4.782,-231000000.0,338000000.0,338000000.0,2225000000.0,-36000000.0,1.213,1.744,5677000000.0,253000000.0,5424000000.0,5677000000.0,0.0,769000000.0,0.0,0.0,0.0,-90000000.0,679000000.0,0.088,679000000.0,-90000000.0,-372000000.0,-0.03,-0.03,-0.03,6457000000.0,6441750000.0,6457000000.0,30720393019.0,-341.0,45.244,773000000.0,0.572,1.0,5448000000.0,0.71,12539000000.0,282000000.0,7910000000.0,8279250000.0,1022000000.0,0.0,0.0,0.0,11261000000.0,2608000000.0,8653000000.0,25362393019.0,141000000.0,-1752000000.0,25000000.0,1385000000.0,0.0,1319000000.0,-2183000000.0,64000000.0,1004000000.0,1000000.0,-36000000.0,-36000000.0,-36000000.0,0.0,0.0,-0.005,5462000000.0,-14000000.0,232000000.0,0.0,3.928,-704.511,-627.0,1464000000.0,0.0,18.81,3.305,3.31,1291000000.0,-8725000000.0,7673000000.0,7673000000.0,895000000.0,-0.002,-0.006,-0.011,-0.012,107000000.0,2923000000.0,1.0,1348346253.0,1350400000.0,1369900000.0,5.682,5179000000.0,76000000.0,-336000000.0,295000000.0,3.835,556000000.0
22,BSX,MRT,2015-12-31,2015-12-31,2015-12-31,2021-08-07,88000000.0,18133000000.0,17485750000.0,3471000000.0,14662000000.0,0.428,4.712,-247000000.0,319000000.0,319000000.0,2173000000.0,-239000000.0,1.428,1.869,5677000000.0,3000000.0,5674000000.0,5677000000.0,0.0,769000000.0,0.0,0.0,0.0,-366000000.0,403000000.0,0.054,403000000.0,-366000000.0,-650000000.0,-0.18,-0.18,-0.18,6320000000.0,6452750000.0,6320000000.0,30314396556.0,-83.0,75.222,444000000.0,0.331,1.0,5304000000.0,0.709,12667000000.0,284000000.0,8394000000.0,7961750000.0,1016000000.0,0.0,0.0,0.0,11813000000.0,2430000000.0,9383000000.0,24805396556.0,-223000000.0,-1734000000.0,48000000.0,1385000000.0,0.0,1276000000.0,-2186000000.0,61000000.0,691000000.0,-4000000.0,-239000000.0,-239000000.0,-239000000.0,0.0,0.0,-0.032,5587000000.0,-283000000.0,209000000.0,0.0,3.925,-103.788,-102.444,1490000000.0,0.0,18.44,3.318,3.308,1275000000.0,-8927000000.0,7477000000.0,7477000000.0,876000000.0,-0.014,-0.037,-0.046,-0.049,107000000.0,2873000000.0,1.0,1345195041.0,1341200000.0,1341200000.0,5.575,5466000000.0,496000000.0,-411000000.0,735000000.0,4.075,1041000000.0
23,BSX,MRT,2015-09-30,2015-09-30,2015-09-30,2021-08-07,81000000.0,18215000000.0,17208500000.0,3462000000.0,14753000000.0,0.429,4.769,-241000000.0,350000000.0,350000000.0,2158000000.0,-396000000.0,1.547,1.842,5859000000.0,63000000.0,5796000000.0,5859000000.0,0.0,725000000.0,0.0,0.0,0.0,-588000000.0,137000000.0,0.019,137000000.0,-588000000.0,-867000000.0,-0.3,-0.29,-0.3,6410000000.0,6487000000.0,6410000000.0,26263327527.0,-45.0,191.703,470000000.0,0.35,1.0,5228000000.0,0.708,12696000000.0,279000000.0,8790000000.0,7446000000.0,1086000000.0,0.0,0.0,0.0,11805000000.0,2238000000.0,9567000000.0,22054327527.0,104000000.0,-1641000000.0,40000000.0,1580000000.0,0.0,1499000000.0,-2099000000.0,-190000000.0,711000000.0,-7000000.0,-396000000.0,-396000000.0,-396000000.0,0.0,0.0,-0.054,5776000000.0,-548000000.0,210000000.0,0.0,3.441,-55.693,-54.7,1479000000.0,0.0,16.41,2.986,2.986,1274000000.0,-8785000000.0,7386000000.0,7386000000.0,841000000.0,-0.023,-0.061,-0.079,-0.08,103000000.0,2849000000.0,1.0,1343956583.0,1344000000.0,1344000000.0,5.496,5519000000.0,367000000.0,-471000000.0,770000000.0,4.106,1224000000.0
24,BSX,MRT,2015-06-30,2015-06-30,2015-06-30,2021-08-07,104000000.0,17123000000.0,16834250000.0,3773000000.0,13350000000.0,0.436,4.906,-227000000.0,903000000.0,903000000.0,2169000000.0,-155000000.0,1.948,1.602,5112000000.0,43000000.0,5069000000.0,5112000000.0,0.0,725000000.0,0.0,0.0,0.0,-222000000.0,503000000.0,0.068,503000000.0,-222000000.0,-497000000.0,-0.12,-0.11,-0.12,6580000000.0,6559750000.0,6580000000.0,27755963465.0,-125.0,55.181,422000000.0,0.315,1.0,5175000000.0,0.705,11372000000.0,275000000.0,8023000000.0,7066250000.0,968000000.0,0.0,0.0,0.0,10543000000.0,1937000000.0,8606000000.0,23729963465.0,546000000.0,-477000000.0,31000000.0,831000000.0,0.0,756000000.0,-853000000.0,-122000000.0,649000000.0,-6000000.0,-155000000.0,-155000000.0,-155000000.0,0.0,0.0,-0.021,5360000000.0,-185000000.0,191000000.0,0.0,3.606,-153.097,-147.5,1451000000.0,0.0,17.7,3.231,3.233,1195000000.0,-8587000000.0,7344000000.0,7344000000.0,832000000.0,-0.009,-0.024,-0.031,-0.03,103000000.0,2861000000.0,1.0,1340675902.0,1341300000.0,1361800000.0,5.475,5751000000.0,316000000.0,-342000000.0,899000000.0,4.288,1836000000.0
25,BSX,MRT,2015-03-31,2015-03-31,2015-03-31,2021-08-07,142000000.0,16472000000.0,16672750000.0,3189000000.0,13283000000.0,0.442,4.874,-246000000.0,242000000.0,242000000.0,2192000000.0,-253000000.0,1.295,1.534,4268000000.0,423000000.0,3845000000.0,4268000000.0,0.0,725000000.0,0.0,0.0,0.0,-484000000.0,241000000.0,0.033,241000000.0,-484000000.0,-706000000.0,-0.2,-0.19,-0.2,6501000000.0,6550750000.0,6501000000.0,27291594514.0,-56.0,113.243,628000000.0,0.471,1.0,5182000000.0,0.703,11395000000.0,222000000.0,6640000000.0,6862500000.0,958000000.0,0.0,0.0,0.0,9971000000.0,2463000000.0,7508000000.0,23616594514.0,51000000.0,-478000000.0,25000000.0,0.0,0.0,-84000000.0,-731000000.0,10000000.0,874000000.0,-8000000.0,-253000000.0,-253000000.0,-253000000.0,0.0,0.0,-0.034,5655000000.0,-473000000.0,228000000.0,0.0,3.633,-93.346,-88.75,1458000000.0,0.0,17.75,3.203,3.21,1161000000.0,-8690000000.0,7374000000.0,7374000000.0,818000000.0,-0.015,-0.039,-0.071,-0.066,103000000.0,2904000000.0,1.0,1330512367.0,1333700000.0,1333700000.0,5.529,5077000000.0,339000000.0,-453000000.0,963000000.0,3.807,726000000.0
26,BSX,MRT,2014-12-31,2014-12-31,2014-12-31,2021-08-07,144000000.0,17024000000.0,16638500000.0,3606000000.0,13418000000.0,0.444,4.876,-259000000.0,587000000.0,587000000.0,2210000000.0,-119000000.0,1.267,1.637,4244000000.0,403000000.0,3841000000.0,4244000000.0,0.0,725000000.0,0.0,0.0,0.0,-293000000.0,432000000.0,0.059,432000000.0,-293000000.0,-509000000.0,-0.09,-0.09,-0.09,6457000000.0,6559000000.0,6457000000.0,21581991042.0,-74.0,49.958,1010000000.0,0.763,1.0,5170000000.0,0.701,11504000000.0,216000000.0,6331000000.0,6996250000.0,946000000.0,0.0,0.0,0.0,10567000000.0,2846000000.0,7721000000.0,17575991042.0,370000000.0,-474000000.0,-116000000.0,0.0,0.0,-150000000.0,-745000000.0,14000000.0,1269000000.0,-4000000.0,-119000000.0,-119000000.0,-119000000.0,0.0,0.0,-0.016,5483000000.0,-313000000.0,262000000.0,0.0,2.722,-147.697,-147.222,1507000000.0,0.0,13.25,2.382,2.378,1183000000.0,-8689000000.0,7380000000.0,7380000000.0,817000000.0,-0.007,-0.018,-0.042,-0.04,103000000.0,2902000000.0,1.0,1326489890.0,1324300000.0,1324300000.0,5.573,5520000000.0,447000000.0,-390000000.0,1214000000.0,4.168,760000000.0
27,BSX,MRT,2014-09-30,2014-09-30,2014-09-30,2021-08-07,110000000.0,16718000000.0,16525250000.0,3175000000.0,13543000000.0,0.444,5.055,-264000000.0,246000000.0,246000000.0,2206000000.0,288000000.0,1.745,1.495,4252000000.0,3000000.0,4249000000.0,4252000000.0,0.0,689000000.0,0.0,0.0,0.0,323000000.0,1012000000.0,0.138,1012000000.0,323000000.0,104000000.0,0.21,0.21,0.21,6701000000.0,6579500000.0,6701000000.0,19554609472.0,61.0,19.323,840000000.0,0.634,1.0,5125000000.0,0.699,11633000000.0,219000000.0,7271000000.0,7195250000.0,989000000.0,0.0,0.0,0.0,10017000000.0,1820000000.0,8197000000.0,15656609472.0,-325000000.0,-736000000.0,-333000000.0,0.0,0.0,-401000000.0,-1025000000.0,20000000.0,1104000000.0,-3000000.0,288000000.0,288000000.0,288000000.0,0.0,0.0,0.039,4817000000.0,308000000.0,234000000.0,0.0,2.336,54.363,56.238,1522000000.0,0.0,11.81,2.136,2.135,1233000000.0,-8389000000.0,7331000000.0,7331000000.0,826000000.0,0.017,0.044,0.045,0.044,105000000.0,2874000000.0,1.0,1325707830.0,1325500000.0,1347600000.0,5.531,5085000000.0,303000000.0,-184000000.0,1224000000.0,3.836,1355000000.0
28,BSX,MRT,2014-06-30,2014-06-30,2014-06-30,2021-08-07,42000000.0,16477000000.0,16575000000.0,3214000000.0,13263000000.0,0.436,4.946,-265000000.0,357000000.0,357000000.0,2166000000.0,240000000.0,1.813,1.518,4255000000.0,3000000.0,4252000000.0,4255000000.0,0.0,689000000.0,0.0,0.0,0.0,363000000.0,1052000000.0,0.146,1052000000.0,363000000.0,61000000.0,0.18,0.18,0.18,6544000000.0,6545000000.0,6544000000.0,20948567833.0,58.0,19.913,744000000.0,0.562,1.0,5054000000.0,0.7,11394000000.0,302000000.0,7208000000.0,7178500000.0,949000000.0,0.0,0.0,0.0,9933000000.0,1773000000.0,8160000000.0,16890567833.0,-173000000.0,-327000000.0,-387000000.0,-10000000.0,0.0,-557000000.0,-625000000.0,12000000.0,1009000000.0,0.0,240000000.0,240000000.0,240000000.0,0.0,0.0,0.033,4707000000.0,347000000.0,241000000.0,0.0,2.581,70.377,70.944,1534000000.0,0.0,12.77,2.339,2.34,1287000000.0,-8432000000.0,7220000000.0,7220000000.0,831000000.0,0.014,0.037,0.051,0.05,105000000.0,2791000000.0,1.0,1322675633.0,1323200000.0,1345000000.0,5.456,5083000000.0,320000000.0,-179000000.0,1302000000.0,3.841,1441000000.0
29,BSX,MRT,2014-03-31,2014-03-31,2014-03-31,2021-08-07,72000000.0,16335000000.0,16704750000.0,2936000000.0,13399000000.0,0.428,4.944,-251000000.0,191000000.0,191000000.0,2133000000.0,366000000.0,1.708,1.5,4249000000.0,4000000.0,4245000000.0,4249000000.0,0.0,689000000.0,0.0,0.0,0.0,631000000.0,1320000000.0,0.184,1320000000.0,631000000.0,317000000.0,0.28,0.28,0.28,6534000000.0,6559750000.0,6534000000.0,21926086778.0,35.0,16.611,870000000.0,0.658,1.0,5023000000.0,0.702,11499000000.0,314000000.0,7175000000.0,7042000000.0,926000000.0,0.0,0.0,0.0,9801000000.0,1719000000.0,8082000000.0,17903086778.0,-77000000.0,-233000000.0,-488000000.0,-10000000.0,0.0,-670000000.0,-529000000.0,10000000.0,1121000000.0,1000000.0,366000000.0,366000000.0,366000000.0,0.0,0.0,0.051,4421000000.0,602000000.0,241000000.0,0.0,2.74,48.916,48.286,1539000000.0,0.0,13.52,2.502,2.497,1217000000.0,-8436000000.0,7156000000.0,7156000000.0,848000000.0,0.022,0.056,0.09,0.088,105000000.0,2709000000.0,1.0,1324192809.0,1321700000.0,1349200000.0,5.414,4836000000.0,279000000.0,-49000000.0,1439000000.0,3.659,1217000000.0
30,BSX,MRT,2013-12-31,2013-12-31,2013-12-31,2021-08-07,106000000.0,16571000000.0,16811750000.0,3011000000.0,13560000000.0,0.425,4.875,-192000000.0,217000000.0,217000000.0,2174000000.0,-121000000.0,1.651,1.534,4240000000.0,3000000.0,4237000000.0,4240000000.0,0.0,689000000.0,0.0,0.0,0.0,101000000.0,790000000.0,0.111,790000000.0,101000000.0,-223000000.0,-0.09,-0.09,-0.09,6539000000.0,6552000000.0,6539000000.0,19727361312.0,195.0,24.971,918000000.0,0.684,1.0,4969000000.0,0.696,11643000000.0,324000000.0,7127000000.0,7094250000.0,897000000.0,0.0,0.0,0.0,10032000000.0,1824000000.0,8208000000.0,16049361312.0,10000000.0,-244000000.0,-454000000.0,-10000000.0,0.0,-624000000.0,-475000000.0,5000000.0,1110000000.0,-1000000.0,-121000000.0,-121000000.0,-121000000.0,0.0,0.0,-0.017,4887000000.0,82000000.0,246000000.0,0.0,2.454,-132.639,-133.556,1546000000.0,0.0,12.02,2.247,2.257,1307000000.0,-8570000000.0,7143000000.0,7143000000.0,861000000.0,-0.007,-0.018,0.014,0.014,105000000.0,2674000000.0,1.0,1335221407.0,1341200000.0,1341200000.0,5.326,4928000000.0,288000000.0,-102000000.0,1402000000.0,3.674,1187000000.0
31,BSX,MRT,2013-09-30,2013-09-30,2013-09-30,2021-08-07,56000000.0,16917000000.0,16957500000.0,3525000000.0,13392000000.0,0.42,4.897,-154000000.0,571000000.0,571000000.0,2200000000.0,-168000000.0,1.853,1.578,4249000000.0,3000000.0,4246000000.0,4249000000.0,0.0,683000000.0,0.0,0.0,0.0,101000000.0,784000000.0,0.11,784000000.0,101000000.0,-230000000.0,-0.14,-0.14,-0.14,6563000000.0,6634750000.0,6563000000.0,19487338964.0,193.0,24.856,1070000000.0,0.798,1.0,4926000000.0,0.691,11489000000.0,331000000.0,7204000000.0,7104750000.0,895000000.0,0.0,0.0,0.0,10354000000.0,1902000000.0,8452000000.0,15765338964.0,219000000.0,-197000000.0,-361000000.0,-11000000.0,0.0,-621000000.0,-385000000.0,-12000000.0,1224000000.0,1000000.0,-168000000.0,-168000000.0,-168000000.0,0.0,0.0,-0.024,4860000000.0,66000000.0,238000000.0,0.0,2.402,-93.841,-83.857,1530000000.0,0.0,11.74,2.212,2.208,1238000000.0,-8678000000.0,7126000000.0,7126000000.0,882000000.0,-0.01,-0.025,0.014,0.014,108000000.0,2590000000.0,1.0,1342873847.0,1340300000.0,1340300000.0,5.317,5428000000.0,536000000.0,-62000000.0,1623000000.0,4.05,1623000000.0
32,BSX,MRT,2013-06-30,2013-06-30,2013-06-30,2021-08-07,82000000.0,16996000000.0,16952750000.0,3498000000.0,13498000000.0,0.42,4.915,-143000000.0,530000000.0,530000000.0,2248000000.0,-827000000.0,1.412,1.574,4252000000.0,605000000.0,3647000000.0,4252000000.0,0.0,683000000.0,0.0,0.0,0.0,-594000000.0,89000000.0,0.012,89000000.0,-594000000.0,-853000000.0,-0.62,-0.62,-0.62,6603000000.0,6701000000.0,6603000000.0,16492086400.0,-28.0,185.304,1102000000.0,0.82,1.0,4878000000.0,0.685,11579000000.0,259000000.0,6662000000.0,7080750000.0,842000000.0,0.0,0.0,0.0,10393000000.0,2477000000.0,7916000000.0,12506086400.0,159000000.0,-198000000.0,-564000000.0,-1000000.0,0.0,-722000000.0,-365000000.0,-2000000.0,1245000000.0,1000000.0,-827000000.0,-827000000.0,-827000000.0,0.0,0.0,-0.116,5520000000.0,-642000000.0,251000000.0,0.0,1.894,-15.122,-14.952,1524000000.0,0.0,9.27,1.755,1.748,1278000000.0,-8673000000.0,7126000000.0,7126000000.0,885000000.0,-0.049,-0.123,-0.084,-0.083,108000000.0,2521000000.0,1.0,1349092384.0,1343500000.0,1358600000.0,5.304,5417000000.0,496000000.0,-26000000.0,1711000000.0,4.032,1021000000.0
33,BSX,MRT,2013-03-31,2013-03-31,2013-03-31,2021-08-07,45000000.0,16763000000.0,17158250000.0,3102000000.0,13661000000.0,0.416,4.81,-144000000.0,268000000.0,268000000.0,2296000000.0,-4535000000.0,1.896,1.578,4254000000.0,4000000.0,4250000000.0,4254000000.0,0.0,683000000.0,0.0,0.0,0.0,-4365000000.0,-3682000000.0,-0.515,-3682000000.0,-4365000000.0,-4623000000.0,-3.23,-3.23,-3.23,6503000000.0,6982250000.0,6503000000.0,14650499317.0,-3.0,-3.979,1111000000.0,0.822,1.0,4849000000.0,0.679,11729000000.0,258000000.0,7384000000.0,7212000000.0,851000000.0,0.0,0.0,0.0,10260000000.0,1636000000.0,8624000000.0,10601499317.0,-16000000.0,-363000000.0,-584000000.0,-19000000.0,0.0,-746000000.0,-524000000.0,5000000.0,1255000000.0,-1000000.0,-4535000000.0,-4535000000.0,-4535000000.0,0.0,0.0,-0.635,9264000000.0,-4415000000.0,206000000.0,0.0,1.63,-2.338,-2.418,1537000000.0,0.0,7.81,1.484,1.478,1232000000.0,-8803000000.0,7145000000.0,7145000000.0,875000000.0,-0.264,-0.65,-0.605,-0.611,108000000.0,2508000000.0,1.0,1357426289.0,1351900000.0,1351900000.0,5.285,5034000000.0,431000000.0,-88000000.0,1710000000.0,3.724,1466000000.0
34,BSX,MRT,2012-12-31,2012-12-31,2012-12-31,2021-08-07,-33000000.0,17154000000.0,18263750000.0,3022000000.0,14132000000.0,0.397,4.884,-210000000.0,207000000.0,207000000.0,2349000000.0,-4068000000.0,1.705,1.497,4256000000.0,4000000.0,4252000000.0,4256000000.0,0.0,683000000.0,0.0,0.0,0.0,-3846000000.0,-3163000000.0,-0.436,-3163000000.0,-3846000000.0,-4107000000.0,-2.89,-2.89,-2.89,6870000000.0,8205500000.0,6870000000.0,11770196830.0,-3.0,-3.721,1070000000.0,0.761,1.0,4900000000.0,0.676,12262000000.0,261000000.0,7169000000.0,7202750000.0,884000000.0,0.0,0.0,0.0,10284000000.0,1772000000.0,8512000000.0,7867196830.0,-60000000.0,-356000000.0,-599000000.0,-19000000.0,0.0,-764000000.0,-579000000.0,9000000.0,1280000000.0,3000000.0,-4068000000.0,-4068000000.0,-4068000000.0,0.0,0.0,-0.561,8783000000.0,-3883000000.0,232000000.0,0.0,1.145,-1.934,-1.983,1564000000.0,0.0,5.73,1.085,1.112,1217000000.0,-8449000000.0,7249000000.0,7249000000.0,886000000.0,-0.223,-0.496,-0.534,-0.531,108000000.0,2535000000.0,1.0,1372983740.0,1406700000.0,1406700000.0,5.153,4892000000.0,433000000.0,-39000000.0,1713000000.0,3.478,1250000000.0
35,BSX,MRT,2012-09-30,2012-09-30,2012-09-30,2021-08-07,-112000000.0,16898000000.0,19297750000.0,3173000000.0,13725000000.0,0.377,4.903,-231000000.0,352000000.0,352000000.0,2427000000.0,-4022000000.0,1.748,1.475,4255000000.0,3000000.0,4252000000.0,4255000000.0,0.0,717000000.0,0.0,0.0,0.0,-3789000000.0,-3072000000.0,-0.422,-3072000000.0,-3789000000.0,-4058000000.0,-2.84,-2.84,-2.84,6828000000.0,9326250000.0,6828000000.0,12030959102.0,-3.0,-3.916,1009000000.0,0.725,1.0,4850000000.0,0.666,11878000000.0,269000000.0,7108000000.0,7221250000.0,911000000.0,0.0,0.0,0.0,10070000000.0,1815000000.0,8255000000.0,8144959102.0,76000000.0,-118000000.0,-781000000.0,-18000000.0,0.0,-810000000.0,-357000000.0,3000000.0,1240000000.0,3000000.0,-4022000000.0,-4022000000.0,-4022000000.0,0.0,0.0,-0.553,8686000000.0,-3836000000.0,228000000.0,0.0,1.193,-2.025,-2.021,1624000000.0,0.0,5.74,1.119,1.098,1197000000.0,-8510000000.0,7277000000.0,7277000000.0,878000000.0,-0.208,-0.431,-0.525,-0.521,128000000.0,2517000000.0,1.0,1418982422.0,1392500000.0,1392500000.0,5.226,5020000000.0,483000000.0,-36000000.0,1705000000.0,3.605,1358000000.0
36,BSX,MRT,2012-06-30,2012-06-30,2012-06-30,2021-08-07,-87000000.0,17818000000.0,20448750000.0,3111000000.0,14707000000.0,0.363,5.43,-254000000.0,371000000.0,371000000.0,2549000000.0,-3216000000.0,1.734,1.306,4257000000.0,4000000.0,4253000000.0,4257000000.0,0.0,717000000.0,0.0,0.0,0.0,-3018000000.0,-2301000000.0,-0.31,-2301000000.0,-3018000000.0,-3284000000.0,-2.27,-2.27,-2.27,7728000000.0,10499500000.0,7728000000.0,12079104419.0,-4.0,-5.25,1080000000.0,0.759,1.0,4867000000.0,0.656,12723000000.0,266000000.0,7187000000.0,7261500000.0,898000000.0,0.0,0.0,0.0,10090000000.0,1794000000.0,8296000000.0,8104104419.0,217000000.0,-102000000.0,-721000000.0,-18000000.0,0.0,-750000000.0,-363000000.0,4000000.0,1334000000.0,-4000000.0,-3216000000.0,-3216000000.0,-3216000000.0,0.0,0.0,-0.434,7932000000.0,-3065000000.0,263000000.0,0.0,1.049,-2.52,-2.498,1632000000.0,0.0,5.67,1.093,1.088,1243000000.0,-7846000000.0,7416000000.0,7416000000.0,887000000.0,-0.157,-0.306,-0.416,-0.407,128000000.0,2557000000.0,1.0,1429295312.0,1423200000.0,1423200000.0,5.211,5095000000.0,406000000.0,-68000000.0,1803000000.0,3.58,1317000000.0
37,BSX,MRT,2012-03-31,2012-03-31,2012-03-31,2021-08-07,-79000000.0,21185000000.0,21384000000.0,3091000000.0,18094000000.0,0.354,7.885,-285000000.0,284000000.0,284000000.0,2659000000.0,508000000.0,1.852,0.859,4259000000.0,4000000.0,4255000000.0,4259000000.0,0.0,717000000.0,0.0,0.0,0.0,767000000.0,1484000000.0,0.196,1484000000.0,767000000.0,492000000.0,0.34,0.34,0.34,11396000000.0,11452500000.0,11396000000.0,12673050515.0,17.0,8.54,1032000000.0,0.714,1.0,4904000000.0,0.648,16144000000.0,275000000.0,7347000000.0,7282750000.0,889000000.0,0.0,0.0,0.0,9789000000.0,1669000000.0,8120000000.0,8679050515.0,-311000000.0,33000000.0,-609000000.0,-750000000.0,0.0,-1369000000.0,-258000000.0,5000000.0,1317000000.0,-1000000.0,508000000.0,508000000.0,508000000.0,0.0,0.0,0.067,4145000000.0,759000000.0,288000000.0,0.0,0.762,17.085,17.588,1669000000.0,0.0,5.98,1.148,1.143,1316000000.0,-4268000000.0,7563000000.0,7563000000.0,897000000.0,0.024,0.044,0.105,0.101,128000000.0,2551000000.0,1.0,1451346240.0,1445200000.0,1454100000.0,5.233,5041000000.0,404000000.0,-16000000.0,1877000000.0,3.488,1422000000.0
38,BSX,MRT,2011-12-31,2011-12-31,2011-12-31,2021-08-07,-138000000.0,21290000000.0,21605250000.0,3105000000.0,18185000000.0,0.353,7.522,-288000000.0,267000000.0,267000000.0,2659000000.0,441000000.0,1.718,0.875,4261000000.0,4000000.0,4257000000.0,4261000000.0,0.0,717000000.0,0.0,0.0,0.0,923000000.0,1640000000.0,0.215,1640000000.0,923000000.0,642000000.0,0.29,0.29,0.29,11353000000.0,11445750000.0,11353000000.0,11898240657.0,13.0,7.255,720000000.0,0.477,1.0,4963000000.0,0.651,16234000000.0,281000000.0,7243000000.0,7397250000.0,931000000.0,0.0,0.0,0.0,9937000000.0,1807000000.0,8130000000.0,7911240657.0,54000000.0,1070000000.0,-471000000.0,-1250000000.0,0.0,-1728000000.0,776000000.0,5000000.0,1008000000.0,-2000000.0,441000000.0,441000000.0,441000000.0,0.0,0.0,0.058,4837000000.0,126000000.0,203000000.0,0.0,0.697,17.939,18.414,1670000000.0,0.0,5.34,1.038,1.057,1246000000.0,-4381000000.0,7622000000.0,7622000000.0,895000000.0,0.02,0.039,0.125,0.121,128000000.0,2487000000.0,1.0,1481505741.0,1509300000.0,1519000000.0,5.05,5056000000.0,458000000.0,201000000.0,1865000000.0,3.35,1298000000.0
39,BSX,MRT,2011-09-30,2011-09-30,2011-09-30,2021-08-07,-132000000.0,21502000000.0,21814750000.0,3213000000.0,18289000000.0,0.356,7.608,-279000000.0,276000000.0,276000000.0,2659000000.0,570000000.0,1.703,0.866,4263000000.0,4000000.0,4259000000.0,4263000000.0,0.0,816000000.0,0.0,0.0,0.0,1088000000.0,1904000000.0,0.245,1904000000.0,1088000000.0,771000000.0,0.38,0.38,0.38,11521000000.0,11431500000.0,11521000000.0,13093266514.0,12.0,6.877,829000000.0,0.547,1.0,5117000000.0,0.658,16333000000.0,317000000.0,7269000000.0,7640250000.0,972000000.0,0.0,0.0,0.0,9981000000.0,1887000000.0,8094000000.0,9046266514.0,-348000000.0,856000000.0,-167000000.0,-1850000000.0,0.0,-2029000000.0,576000000.0,5000000.0,1108000000.0,-3000000.0,570000000.0,570000000.0,570000000.0,0.0,0.0,0.073,4804000000.0,313000000.0,256000000.0,0.0,0.785,15.871,15.553,1684000000.0,0.0,5.91,1.163,1.151,1237000000.0,-4488000000.0,7776000000.0,7776000000.0,889000000.0,0.026,0.05,0.142,0.14,150000000.0,2550000000.0,1.0,1530671153.0,1514400000.0,1524000000.0,5.135,5169000000.0,409000000.0,201000000.0,1854000000.0,3.413,1326000000.0
40,BSX,MRT,2011-06-30,2011-06-30,2011-06-30,2021-08-07,-123000000.0,21559000000.0,22060750000.0,3149000000.0,18410000000.0,0.354,7.549,-288000000.0,154000000.0,154000000.0,2602000000.0,618000000.0,1.664,0.868,4201000000.0,4000000.0,4197000000.0,4201000000.0,0.0,816000000.0,0.0,0.0,0.0,1169000000.0,1985000000.0,0.254,1985000000.0,1169000000.0,823000000.0,0.42,0.41,0.42,11540000000.0,11310750000.0,11540000000.0,14888905236.0,13.0,7.501,328000000.0,0.215,1.0,5216000000.0,0.667,16442000000.0,346000000.0,7272000000.0,7838250000.0,927000000.0,0.0,0.0,0.0,10019000000.0,1892000000.0,8127000000.0,10559905236.0,-657000000.0,846000000.0,26000000.0,-1850000000.0,0.0,-1836000000.0,556000000.0,4000000.0,616000000.0,7000000.0,618000000.0,618000000.0,618000000.0,0.0,0.0,0.079,4818000000.0,398000000.0,223000000.0,0.0,0.915,17.087,16.452,1702000000.0,0.0,6.91,1.351,1.351,1334000000.0,-4630000000.0,7818000000.0,7818000000.0,890000000.0,0.028,0.055,0.149,0.15,150000000.0,2555000000.0,1.0,1528206257.0,1528600000.0,1535800000.0,5.114,5117000000.0,417000000.0,205000000.0,1916000000.0,3.348,1257000000.0
41,BSX,MRT,2011-03-31,2011-03-31,2011-03-31,2021-08-07,-119000000.0,22070000000.0,22425750000.0,3569000000.0,18501000000.0,0.347,7.448,-266000000.0,595000000.0,595000000.0,2568000000.0,570000000.0,1.75,0.941,4924000000.0,254000000.0,4670000000.0,4924000000.0,0.0,816000000.0,0.0,0.0,0.0,1160000000.0,1976000000.0,0.254,1976000000.0,1160000000.0,784000000.0,0.38,0.37,0.38,11369000000.0,11149000000.0,11369000000.0,16178022959.0,14.0,8.187,246000000.0,0.161,1.0,5203000000.0,0.67,16554000000.0,376000000.0,7805000000.0,7900250000.0,899000000.0,0.0,0.0,0.0,10701000000.0,2040000000.0,8661000000.0,10953022959.0,76000000.0,842000000.0,26000000.0,-1027000000.0,0.0,-1013000000.0,574000000.0,4000000.0,512000000.0,3000000.0,570000000.0,570000000.0,570000000.0,0.0,0.0,0.073,4811000000.0,392000000.0,217000000.0,0.0,0.963,19.216,18.921,1708000000.0,0.0,7.19,1.409,1.412,1336000000.0,-4776000000.0,7771000000.0,7771000000.0,899000000.0,0.025,0.051,0.147,0.149,150000000.0,2547000000.0,1.0,1523368979.0,1526500000.0,1536300000.0,5.091,5516000000.0,405000000.0,214000000.0,1988000000.0,3.613,1529000000.0
42,BSX,MRT,2010-12-31,2010-12-31,2010-12-31,2021-08-07,-129000000.0,22128000000.0,22621500000.0,3615000000.0,18513000000.0,0.345,7.442,-267000000.0,213000000.0,213000000.0,2599000000.0,-1065000000.0,1.386,0.959,5438000000.0,504000000.0,4934000000.0,5438000000.0,0.0,816000000.0,0.0,0.0,0.0,-670000000.0,146000000.0,0.019,146000000.0,-670000000.0,-1063000000.0,-0.7,-0.7,-0.7,11296000000.0,11002000000.0,11296000000.0,16919979862.0,-25.0,115.89,58000000.0,0.038,1.0,5207000000.0,0.667,16529000000.0,393000000.0,8215000000.0,8010250000.0,894000000.0,0.0,0.0,0.0,10832000000.0,2609000000.0,8223000000.0,11506979862.0,-651000000.0,-199000000.0,31000000.0,-527000000.0,0.0,-508000000.0,-468000000.0,4000000.0,325000000.0,0.0,-1065000000.0,-1065000000.0,-1065000000.0,0.0,0.0,-0.136,5863000000.0,-656000000.0,184000000.0,0.0,1.019,-10.805,-10.814,1697000000.0,0.0,7.57,1.474,1.472,1320000000.0,-4822000000.0,7806000000.0,7806000000.0,939000000.0,-0.047,-0.097,-0.084,-0.086,150000000.0,2580000000.0,1.0,1520076600.0,1517800000.0,1517800000.0,5.143,5599000000.0,429000000.0,2000000.0,1644000000.0,3.689,1006000000.0
43,BSX,MRT,2010-09-30,2010-09-30,2010-09-30,2021-08-07,0.0,22486000000.0,23383750000.0,3556000000.0,18930000000.0,0.337,7.263,-291000000.0,624000000.0,624000000.0,2649000000.0,-2377000000.0,1.203,1.037,6037000000.0,904000000.0,5133000000.0,6037000000.0,0.0,834000000.0,0.0,0.0,0.0,-2231000000.0,-1397000000.0,-0.177,-1397000000.0,-2231000000.0,-2640000000.0,-1.57,-1.58,-1.57,11038000000.0,11253250000.0,11038000000.0,14520607930.0,-7.0,-10.394,-744000000.0,-0.49,1.0,5234000000.0,0.664,16883000000.0,409000000.0,8061000000.0,8108000000.0,923000000.0,0.0,0.0,0.0,11448000000.0,2955000000.0,8493000000.0,9298607930.0,-757000000.0,26000000.0,29000000.0,-55000000.0,0.0,-26000000.0,-277000000.0,38000000.0,-453000000.0,-1000000.0,-2377000000.0,-2377000000.0,-2377000000.0,0.0,0.0,-0.302,7469000000.0,-2235000000.0,195000000.0,0.0,0.842,-3.912,-3.904,1712000000.0,0.0,6.13,1.18,1.182,1317000000.0,-5058000000.0,7883000000.0,7883000000.0,972000000.0,-0.102,-0.211,-0.275,-0.283,144000000.0,2544000000.0,1.0,1516901783.0,1519800000.0,1529300000.0,5.187,5603000000.0,480000000.0,-263000000.0,1924000000.0,3.687,601000000.0
44,BSX,MRT,2010-06-30,2010-06-30,2010-06-30,2021-08-07,0.0,23019000000.0,24319500000.0,3987000000.0,19032000000.0,0.329,7.183,-304000000.0,811000000.0,811000000.0,2655000000.0,-2661000000.0,1.071,1.113,6033000000.0,850000000.0,5183000000.0,6033000000.0,0.0,834000000.0,0.0,0.0,0.0,-2438000000.0,-1604000000.0,-0.201,-1604000000.0,-2438000000.0,-2847000000.0,-1.76,-1.76,-1.76,10893000000.0,11818000000.0,10893000000.0,14196679009.0,-6.0,-8.851,-147000000.0,-0.097,1.0,5337000000.0,0.668,16998000000.0,409000000.0,7520000000.0,8196500000.0,885000000.0,0.0,0.0,0.0,12126000000.0,3723000000.0,8403000000.0,8794679009.0,-383000000.0,21000000.0,34000000.0,-280000000.0,0.0,-246000000.0,-291000000.0,42000000.0,157000000.0,-3000000.0,-2661000000.0,-2661000000.0,-2661000000.0,0.0,0.0,-0.333,7772000000.0,-2435000000.0,180000000.0,0.0,0.807,-3.305,-3.295,1708000000.0,0.0,5.8,1.1,1.101,1315000000.0,-5248000000.0,7992000000.0,7992000000.0,1000000000.0,-0.109,-0.225,-0.297,-0.305,144000000.0,2575000000.0,1.0,1516323967.0,1516600000.0,1525300000.0,5.27,6021000000.0,550000000.0,-186000000.0,1982000000.0,3.97,264000000.0
45,BSX,MRT,2010-03-31,2010-03-31,2010-03-31,2021-08-07,-18000000.0,22853000000.0,25113000000.0,3747000000.0,19106000000.0,0.324,7.119,-317000000.0,519000000.0,519000000.0,2631000000.0,-2601000000.0,1.286,1.12,5921000000.0,250000000.0,5671000000.0,5921000000.0,0.0,834000000.0,0.0,0.0,0.0,-2388000000.0,-1554000000.0,-0.191,-1554000000.0,-2388000000.0,-2786000000.0,-1.72,-1.72,-1.72,10781000000.0,12448250000.0,10781000000.0,15966082664.0,-7.0,-10.274,-27000000.0,-0.018,1.0,5507000000.0,0.677,17097000000.0,398000000.0,8245000000.0,8589750000.0,906000000.0,0.0,0.0,0.0,12072000000.0,2913000000.0,9159000000.0,10912082664.0,-378000000.0,-24000000.0,35000000.0,-353000000.0,0.0,-318000000.0,-350000000.0,41000000.0,290000000.0,0.0,-2601000000.0,-2601000000.0,-2601000000.0,0.0,0.0,-0.32,7898000000.0,-2391000000.0,232000000.0,0.0,1.012,-4.195,-4.198,1712000000.0,0.0,7.22,1.341,1.344,1301000000.0,-5346000000.0,8138000000.0,8138000000.0,1031000000.0,-0.104,-0.209,-0.278,-0.293,144000000.0,2612000000.0,1.0,1511368790.0,1514500000.0,1514500000.0,5.373,5756000000.0,520000000.0,-185000000.0,1970000000.0,3.801,834000000.0
46,BSX,MRT,2009-12-31,2009-12-31,2009-12-31,2021-08-07,-43000000.0,25177000000.0,25926000000.0,4599000000.0,20578000000.0,0.316,8.158,-307000000.0,864000000.0,864000000.0,2576000000.0,-1025000000.0,1.522,1.047,5918000000.0,3000000.0,5915000000.0,5918000000.0,0.0,834000000.0,0.0,0.0,0.0,-901000000.0,-67000000.0,-0.008,-67000000.0,-901000000.0,-1308000000.0,-0.68,-0.68,-0.68,12301000000.0,13072000000.0,12301000000.0,18242869910.0,-20.0,-272.282,528000000.0,0.35,1.0,5612000000.0,0.685,18603000000.0,407000000.0,8606000000.0,8899750000.0,891000000.0,0.0,0.0,0.0,12876000000.0,3022000000.0,9854000000.0,13593869910.0,-777000000.0,-527000000.0,33000000.0,-853000000.0,0.0,-820000000.0,-793000000.0,91000000.0,835000000.0,1000000.0,-1025000000.0,-1025000000.0,-1025000000.0,0.0,0.0,-0.125,6506000000.0,-894000000.0,212000000.0,0.0,1.105,-13.262,-13.235,1722000000.0,0.0,9.0,1.66,1.657,1375000000.0,-3757000000.0,8188000000.0,8188000000.0,1035000000.0,-0.04,-0.078,-0.101,-0.11,144000000.0,2635000000.0,1.0,1510429990.0,1507900000.0,1507900000.0,5.43,6574000000.0,572000000.0,-283000000.0,1875000000.0,4.36,1577000000.0
47,BSX,MRT,2009-09-30,2009-09-30,2009-09-30,2021-08-07,0.0,26229000000.0,26416500000.0,4962000000.0,21267000000.0,0.307,8.81,-377000000.0,1381000000.0,1381000000.0,2496000000.0,-2343000000.0,1.562,0.973,6030000000.0,256000000.0,5774000000.0,6030000000.0,0.0,864000000.0,0.0,0.0,0.0,-2094000000.0,-1230000000.0,-0.152,-1230000000.0,-2094000000.0,-2486000000.0,-1.57,-1.57,-1.57,13297000000.0,13290250000.0,13297000000.0,21020409602.0,-10.0,-17.09,841000000.0,0.557,1.0,5615000000.0,0.692,19287000000.0,392000000.0,8415000000.0,9084500000.0,942000000.0,0.0,0.0,0.0,12932000000.0,3176000000.0,9756000000.0,15964409602.0,-353000000.0,-541000000.0,35000000.0,-725000000.0,0.0,-690000000.0,-881000000.0,93000000.0,1218000000.0,0.0,-2343000000.0,-2343000000.0,-2343000000.0,0.0,0.0,-0.289,7695000000.0,-2080000000.0,225000000.0,0.0,1.201,-6.814,-6.745,1731000000.0,0.0,10.59,1.968,1.971,1431000000.0,-2681000000.0,8111000000.0,8111000000.0,1035000000.0,-0.089,-0.176,-0.231,-0.258,138000000.0,2651000000.0,1.0,1507498546.0,1509300000.0,1509300000.0,5.374,6942000000.0,825000000.0,-143000000.0,2133000000.0,4.599,1786000000.0
48,BSX,MRT,2009-06-30,2009-06-30,2009-06-30,2021-08-07,0.0,26193000000.0,27315750000.0,4796000000.0,21397000000.0,0.295,8.902,-358000000.0,1194000000.0,1194000000.0,2522000000.0,-2311000000.0,1.744,0.953,6250000000.0,330000000.0,5920000000.0,6250000000.0,0.0,864000000.0,0.0,0.0,0.0,-2097000000.0,-1233000000.0,-0.153,-1233000000.0,-2097000000.0,-2510000000.0,-1.55,-1.55,-1.55,13414000000.0,13888500000.0,13414000000.0,20624967670.0,-10.0,-16.727,1014000000.0,0.673,1.0,5542000000.0,0.687,19406000000.0,413000000.0,9093000000.0,9178250000.0,878000000.0,0.0,0.0,0.0,12779000000.0,2750000000.0,10029000000.0,15274967670.0,-422000000.0,-552000000.0,36000000.0,-1013000000.0,0.0,-977000000.0,-814000000.0,152000000.0,1372000000.0,-3000000.0,-2311000000.0,-2311000000.0,-2311000000.0,0.0,0.0,-0.287,7645000000.0,-2103000000.0,213000000.0,0.0,1.139,-6.61,-6.542,1719000000.0,0.0,10.14,1.894,1.895,1444000000.0,-2588000000.0,8064000000.0,8064000000.0,1029000000.0,-0.085,-0.166,-0.228,-0.26,138000000.0,2596000000.0,1.0,1506407068.0,1506800000.0,1514500000.0,5.352,6787000000.0,870000000.0,-199000000.0,2165000000.0,4.504,2046000000.0
49,BSX,MRT,2009-03-31,2009-03-31,2009-03-31,2021-08-07,0.0,26105000000.0,28242750000.0,4574000000.0,21531000000.0,0.284,8.822,-363000000.0,897000000.0,897000000.0,2496000000.0,-2371000000.0,1.882,0.966,6247000000.0,5000000.0,6242000000.0,6247000000.0,0.0,864000000.0,0.0,0.0,0.0,-2151000000.0,-1287000000.0,-0.161,-1287000000.0,-2151000000.0,-2590000000.0,-1.58,-1.58,-1.58,13276000000.0,14443750000.0,13276000000.0,17046787330.0,-8.0,-13.245,848000000.0,0.564,1.0,5518000000.0,0.689,19539000000.0,439000000.0,9485000000.0,9348750000.0,852000000.0,0.0,0.0,0.0,12829000000.0,2431000000.0,10398000000.0,11942787330.0,-842000000.0,-556000000.0,57000000.0,-1300000000.0,0.0,-1239000000.0,-813000000.0,162000000.0,1211000000.0,-1000000.0,-2371000000.0,-2371000000.0,-2371000000.0,0.0,0.0,-0.296,7593000000.0,-2075000000.0,254000000.0,0.0,0.9,-5.037,-5.032,1708000000.0,0.0,7.95,1.49,1.493,1369000000.0,-2745000000.0,8014000000.0,8014000000.0,1019000000.0,-0.084,-0.164,-0.23,-0.268,138000000.0,2580000000.0,1.0,1502237400.0,1504800000.0,1504800000.0,5.326,6566000000.0,864000000.0,-219000000.0,2245000000.0,4.363,2143000000.0
50,BSX,MRT,2008-12-31,2008-12-31,2008-12-31,2021-08-07,-53000000.0,27139000000.0,29303000000.0,5452000000.0,21687000000.0,0.275,8.791,-360000000.0,1641000000.0,1641000000.0,2469000000.0,-2036000000.0,1.686,1.06,6745000000.0,2000000.0,6743000000.0,6745000000.0,0.0,864000000.0,0.0,0.0,0.0,-1563000000.0,-699000000.0,-0.087,-699000000.0,-1563000000.0,-2031000000.0,-1.36,-1.36,-1.36,13174000000.0,14972500000.0,13174000000.0,16661793709.0,-11.0,-23.837,856000000.0,0.571,1.0,5581000000.0,0.693,19665000000.0,468000000.0,9345000000.0,9446750000.0,853000000.0,0.0,0.0,0.0,13965000000.0,3233000000.0,10732000000.0,11621793709.0,189000000.0,591000000.0,71000000.0,-1425000000.0,0.0,-1350000000.0,324000000.0,149000000.0,1216000000.0,-1000000.0,-2036000000.0,-2036000000.0,-2036000000.0,0.0,0.0,-0.253,7336000000.0,-1755000000.0,239000000.0,0.0,0.882,-5.708,-5.691,1728000000.0,0.0,7.74,1.444,1.441,1402000000.0,-2732000000.0,8050000000.0,8050000000.0,1006000000.0,-0.069,-0.136,-0.165,-0.194,138000000.0,2589000000.0,1.0,1501523735.0,1498500000.0,1498500000.0,5.372,7474000000.0,911000000.0,5000000.0,2262000000.0,4.988,2219000000.0
51,BSX,MRT,2008-09-30,2008-09-30,2008-09-30,2021-08-07,0.0,29826000000.0,30317500000.0,5287000000.0,24539000000.0,0.271,10.454,-296000000.0,1734000000.0,1734000000.0,2475000000.0,-100000000.0,1.494,0.901,6774000000.0,7000000.0,6767000000.0,6774000000.0,0.0,918000000.0,0.0,0.0,0.0,396000000.0,1314000000.0,0.16,1314000000.0,396000000.0,-102000000.0,-0.06,-0.07,-0.06,15690000000.0,15453250000.0,15690000000.0,24081853266.0,61.0,18.327,1174000000.0,0.782,1.0,5726000000.0,0.698,22538000000.0,498000000.0,8790000000.0,10014750000.0,854000000.0,120000000.0,0.0,120000000.0,14136000000.0,3538000000.0,10598000000.0,18412853266.0,497000000.0,649000000.0,78000000.0,-1425000000.0,0.0,-1409000000.0,434000000.0,204000000.0,1470000000.0,2000000.0,-100000000.0,-100000000.0,-100000000.0,0.0,0.0,-0.012,5495000000.0,231000000.0,227000000.0,0.0,1.174,-184.129,-204.5,1716000000.0,0.0,12.27,2.245,2.246,1355000000.0,-337000000.0,8201000000.0,8201000000.0,1005000000.0,-0.003,-0.006,0.04,0.048,122000000.0,2630000000.0,1.0,1500640038.0,1500900000.0,1500900000.0,5.464,7288000000.0,995000000.0,-2000000.0,2569000000.0,4.856,1749000000.0
52,BSX,MRT,2008-06-30,2008-06-30,2008-06-30,2021-08-07,0.0,29901000000.0,30694500000.0,5168000000.0,24733000000.0,0.269,10.44,-283000000.0,1616000000.0,1616000000.0,2395000000.0,-310000000.0,1.703,0.912,7285000000.0,271000000.0,7014000000.0,7285000000.0,0.0,918000000.0,0.0,0.0,0.0,240000000.0,1158000000.0,0.14,1158000000.0,240000000.0,-293000000.0,-0.2,-0.21,-0.2,15635000000.0,15410000000.0,15635000000.0,24218010304.0,101.0,20.914,1023000000.0,0.683,1.0,5876000000.0,0.71,22760000000.0,533000000.0,9775000000.0,10468750000.0,812000000.0,122000000.0,0.0,122000000.0,14266000000.0,3035000000.0,11231000000.0,18389010304.0,102000000.0,591000000.0,89000000.0,-1662000000.0,0.0,-1634000000.0,426000000.0,241000000.0,1306000000.0,4000000.0,-310000000.0,-310000000.0,-310000000.0,0.0,0.0,-0.037,5820000000.0,56000000.0,222000000.0,0.0,1.176,-59.319,-61.45,1738000000.0,0.0,12.29,2.223,2.225,1416000000.0,-275000000.0,8271000000.0,8271000000.0,1024000000.0,-0.01,-0.02,0.023,0.029,122000000.0,2739000000.0,1.0,1496257958.0,1497600000.0,1505200000.0,5.523,7141000000.0,931000000.0,17000000.0,2419000000.0,4.768,2133000000.0
53,BSX,MRT,2008-03-31,2008-03-31,2008-03-31,2021-08-07,0.0,30346000000.0,31035500000.0,5241000000.0,25105000000.0,0.268,10.301,-294000000.0,1739000000.0,1739000000.0,2354000000.0,-293000000.0,1.545,0.972,7568000000.0,257000000.0,7311000000.0,7568000000.0,0.0,918000000.0,0.0,0.0,0.0,294000000.0,1212000000.0,0.146,1212000000.0,294000000.0,-267000000.0,-0.19,-0.2,-0.19,15391000000.0,15451750000.0,15391000000.0,25943165105.0,88.0,21.405,965000000.0,0.646,1.0,5964000000.0,0.717,22905000000.0,561000000.0,9877000000.0,10992500000.0,781000000.0,321000000.0,0.0,321000000.0,14955000000.0,3393000000.0,11562000000.0,19206165105.0,399000000.0,597000000.0,127000000.0,-1379000000.0,0.0,-1310000000.0,446000000.0,266000000.0,1259000000.0,4000000.0,-293000000.0,-293000000.0,-293000000.0,0.0,0.0,-0.035,5931000000.0,33000000.0,222000000.0,0.0,1.248,-65.55,-67.737,1736000000.0,0.0,12.87,2.309,2.312,1496000000.0,-373000000.0,8318000000.0,8318000000.0,1046000000.0,-0.009,-0.019,0.027,0.035,122000000.0,2836000000.0,1.0,1492320521.0,1494100000.0,1500100000.0,5.567,7441000000.0,873000000.0,26000000.0,2718000000.0,4.98,1848000000.0
54,BSX,MRT,2007-12-31,2007-12-31,2007-12-31,2021-08-07,9000000.0,31197000000.0,31216250000.0,5941000000.0,25256000000.0,0.268,10.153,-333000000.0,1452000000.0,1452000000.0,2342000000.0,-495000000.0,1.828,1.066,8189000000.0,256000000.0,7933000000.0,8189000000.0,0.0,918000000.0,0.0,0.0,0.0,1000000.0,919000000.0,0.11,919000000.0,1000000.0,-569000000.0,-0.33,-0.33,-0.33,15097000000.0,15491250000.0,15097000000.0,24257838459.0,24258.0,26.396,601000000.0,0.404,1.0,6015000000.0,0.72,23067000000.0,570000000.0,11617000000.0,11599250000.0,725000000.0,317000000.0,0.0,317000000.0,16100000000.0,3250000000.0,12850000000.0,17337838459.0,-216000000.0,-261000000.0,132000000.0,-754000000.0,0.0,-680000000.0,-474000000.0,243000000.0,934000000.0,4000000.0,-495000000.0,-495000000.0,-495000000.0,0.0,0.0,-0.059,6029000000.0,-14000000.0,139000000.0,0.0,1.148,-35.026,-35.242,1715000000.0,0.0,11.63,2.075,2.069,1502000000.0,-693000000.0,8357000000.0,8357000000.0,1091000000.0,-0.016,-0.032,0.0,0.0,122000000.0,2909000000.0,1.0,1490785766.0,1486900000.0,1486900000.0,5.62,8130000000.0,679000000.0,-74000000.0,2406000000.0,5.468,2691000000.0
55,BSX,MRT,2007-09-30,2007-09-30,2007-09-30,2021-08-07,0.0,31334000000.0,31137500000.0,4687000000.0,26647000000.0,0.266,10.415,-355000000.0,1237000000.0,1237000000.0,2232000000.0,240000000.0,1.388,1.019,8157000000.0,254000000.0,7903000000.0,8157000000.0,0.0,725000000.0,0.0,0.0,0.0,773000000.0,1498000000.0,0.181,1498000000.0,773000000.0,195000000.0,0.36,0.36,0.36,15517000000.0,15541500000.0,15517000000.0,28169270362.0,36.0,18.805,636000000.0,0.427,1.0,6038000000.0,0.73,24272000000.0,578000000.0,10606000000.0,11971750000.0,814000000.0,435000000.0,0.0,435000000.0,15817000000.0,3376000000.0,12441000000.0,20779270362.0,-304000000.0,-477000000.0,130000000.0,-754000000.0,0.0,-610000000.0,-691000000.0,64000000.0,991000000.0,6000000.0,240000000.0,240000000.0,240000000.0,0.0,0.0,0.029,5339000000.0,699000000.0,2620000000.0,0.0,1.339,86.58,38.75,1764000000.0,0.0,13.95,2.513,2.513,1487000000.0,-239000000.0,8270000000.0,8270000000.0,1102000000.0,0.008,0.015,0.065,0.093,113000000.0,2964000000.0,1.0,1489553431.0,1489800000.0,1489800000.0,5.551,7062000000.0,637000000.0,-45000000.0,2424000000.0,4.74,1311000000.0
56,BSX,MRT,2007-06-30,2007-06-30,2007-06-30,2021-08-07,0.0,31265000000.0,30992000000.0,4936000000.0,26329000000.0,0.266,10.638,-380000000.0,1514000000.0,1514000000.0,2287000000.0,588000000.0,1.663,0.979,8904000000.0,654000000.0,8250000000.0,8904000000.0,0.0,725000000.0,0.0,0.0,0.0,1079000000.0,1804000000.0,0.219,1804000000.0,1079000000.0,505000000.0,0.59,0.59,0.59,15802000000.0,15416250000.0,15802000000.0,30317254467.0,28.0,16.806,618000000.0,0.416,1.0,5961000000.0,0.723,23816000000.0,574000000.0,11870000000.0,12349250000.0,837000000.0,535000000.0,0.0,535000000.0,15463000000.0,2969000000.0,12494000000.0,22752254467.0,357000000.0,-420000000.0,128000000.0,-8000000.0,0.0,133000000.0,-780000000.0,-16000000.0,998000000.0,6000000.0,588000000.0,588000000.0,588000000.0,0.0,0.0,0.071,4920000000.0,1041000000.0,1888000000.0,0.0,1.44,38.694,26.0,1779000000.0,0.0,15.34,2.759,2.763,1508000000.0,33000000.0,8248000000.0,8248000000.0,1103000000.0,0.019,0.038,0.087,0.131,113000000.0,2964000000.0,1.0,1483197814.0,1485400000.0,1499900000.0,5.553,7449000000.0,607000000.0,-83000000.0,2683000000.0,5.015,1967000000.0
57,BSX,MRT,2007-03-31,2007-03-31,2007-03-31,2021-08-07,0.0,31069000000.0,30828500000.0,4584000000.0,26485000000.0,0.269,10.497,-375000000.0,1340000000.0,1340000000.0,2401000000.0,-3789000000.0,1.934,0.998,8905000000.0,7000000.0,8898000000.0,8905000000.0,0.0,725000000.0,0.0,0.0,0.0,-3268000000.0,-2543000000.0,-0.307,-2543000000.0,-3268000000.0,-3807000000.0,-2.7,-2.7,-2.7,15549000000.0,15187250000.0,15549000000.0,28758146784.0,-9.0,-11.309,847000000.0,0.572,1.0,5886000000.0,0.71,23960000000.0,539000000.0,12304000000.0,12489500000.0,793000000.0,563000000.0,0.0,563000000.0,15520000000.0,2370000000.0,13150000000.0,21524146784.0,257000000.0,-8339000000.0,1549000000.0,6238000000.0,0.0,7793000000.0,-8765000000.0,-51000000.0,1222000000.0,7000000.0,-3789000000.0,-3789000000.0,-3789000000.0,0.0,0.0,-0.457,9050000000.0,-3164000000.0,1925000000.0,0.0,1.384,-5.681,-5.385,1748000000.0,0.0,14.54,2.597,2.599,1435000000.0,-80000000.0,8287000000.0,8287000000.0,1111000000.0,-0.123,-0.249,-0.262,-0.394,113000000.0,2940000000.0,1.0,1480340219.0,1481300000.0,1497800000.0,5.594,7109000000.0,581000000.0,-18000000.0,2645000000.0,4.799,2214000000.0
58,BSX,MRT,2006-12-31,2006-12-31,2006-12-31,2021-08-07,57000000.0,30882000000.0,25338500000.0,6030000000.0,24852000000.0,0.309,12.011,-323000000.0,1668000000.0,1668000000.0,2207000000.0,-3577000000.0,2.292,1.019,8902000000.0,7000000.0,8895000000.0,8902000000.0,0.0,725000000.0,0.0,0.0,0.0,-3100000000.0,-2375000000.0,-0.304,-2375000000.0,-3100000000.0,-3535000000.0,-2.81,-2.81,-2.81,15298000000.0,12467750000.0,15298000000.0,32679647025.0,-11.0,-13.76,1522000000.0,1.195,1.0,5614000000.0,0.718,22378000000.0,435000000.0,13107000000.0,10636500000.0,684000000.0,596000000.0,0.0,596000000.0,15584000000.0,2631000000.0,12953000000.0,25322647025.0,979000000.0,-9083000000.0,1545000000.0,6888000000.0,0.0,8439000000.0,-9312000000.0,94000000.0,1845000000.0,7000000.0,-3577000000.0,-3577000000.0,-3577000000.0,0.0,0.0,-0.457,8563000000.0,-2949000000.0,204000000.0,0.0,1.655,-7.079,-6.114,1644000000.0,0.0,17.18,3.238,2.798,1388000000.0,-174000000.0,7821000000.0,7821000000.0,1008000000.0,-0.141,-0.287,-0.291,-0.396,113000000.0,2675000000.0,1.0,1473960828.0,1273700000.0,1273700000.0,6.14,8504000000.0,369000000.0,42000000.0,2983000000.0,6.677,3399000000.0
59,BSX,MRT,2006-09-30,2006-09-30,2006-09-30,2021-08-07,0.0,30752000000.0,19667000000.0,4749000000.0,26003000000.0,0.371,10.196,-285000000.0,1541000000.0,1541000000.0,2023000000.0,-3520000000.0,1.938,1.048,8898000000.0,5000000.0,8893000000.0,8898000000.0,0.0,314000000.0,0.0,0.0,0.0,-2943000000.0,-2629000000.0,-0.36,-2629000000.0,-2943000000.0,-3266000000.0,-2.36,-2.36,-2.36,15016000000.0,9713750000.0,15016000000.0,29518383769.0,-10.0,-11.228,1705000000.0,1.158,1.0,5273000000.0,0.723,23543000000.0,323000000.0,12116000000.0,8438000000.0,759000000.0,568000000.0,0.0,568000000.0,15736000000.0,2450000000.0,13286000000.0,21777383769.0,796000000.0,-8954000000.0,1554000000.0,6396000000.0,0.0,7949000000.0,-9149000000.0,167000000.0,1990000000.0,6000000.0,-3520000000.0,-3520000000.0,-3520000000.0,0.0,0.0,-0.482,8041000000.0,-2768000000.0,1815000000.0,0.0,1.45,-6.187,-6.267,1672000000.0,0.0,14.79,2.985,2.986,1460000000.0,,7296000000.0,7296000000.0,915000000.0,-0.179,-0.362,-0.349,-0.403,47000000.0,2385000000.0,1.0,1472439741.0,1472800000.0,,4.954,7209000000.0,536000000.0,254000000.0,3540000000.0,4.895,2299000000.0
60,BSX,MRT,2006-06-30,2006-06-30,2006-06-30,2021-08-07,0.0,30611000000.0,13998000000.0,4405000000.0,26206000000.0,0.484,11.219,-263000000.0,1157000000.0,1157000000.0,1736000000.0,-3865000000.0,2.027,1.056,8898000000.0,6000000.0,8892000000.0,8898000000.0,0.0,314000000.0,0.0,0.0,0.0,-3468000000.0,-3154000000.0,-0.465,-3154000000.0,-3468000000.0,-3669000000.0,-2.74,-2.74,-2.74,14886000000.0,6935000000.0,14886000000.0,26211160099.0,-8.0,-8.31,959000000.0,0.723,1.0,5045000000.0,0.744,23748000000.0,201000000.0,12431000000.0,6701750000.0,797000000.0,573000000.0,0.0,573000000.0,15725000000.0,2173000000.0,13552000000.0,24652160099.0,459000000.0,-8945000000.0,1481000000.0,6893000000.0,0.0,8373000000.0,-9141000000.0,103000000.0,1222000000.0,5000000.0,-3865000000.0,-3865000000.0,-3865000000.0,0.0,0.0,-0.57,8344000000.0,-3299000000.0,1509000000.0,0.0,1.656,-6.378,-6.146,1656000000.0,0.0,16.84,3.635,3.295,1519000000.0,,6781000000.0,6781000000.0,824000000.0,-0.276,-0.557,-0.517,-0.511,47000000.0,2110000000.0,1.0,1463904994.0,1326800000.0,,5.111,6863000000.0,513000000.0,196000000.0,3611000000.0,5.173,2232000000.0
61,BSX,MRT,2006-03-31,2006-03-31,2006-03-31,2021-08-07,0.0,9109000000.0,8366000000.0,2873000000.0,6236000000.0,0.752,5.691,-267000000.0,1083000000.0,1083000000.0,1416000000.0,602000000.0,1.412,0.95,2642000000.0,806000000.0,1836000000.0,2642000000.0,0.0,314000000.0,0.0,0.0,0.0,932000000.0,1246000000.0,0.198,1246000000.0,932000000.0,828000000.0,0.72,0.71,0.72,4671000000.0,4267750000.0,4671000000.0,20249025099.0,22.0,16.251,759000000.0,0.925,1.0,4872000000.0,0.775,3741000000.0,104000000.0,4892000000.0,4623250000.0,407000000.0,550000000.0,0.0,550000000.0,4438000000.0,2035000000.0,2403000000.0,18918025099.0,256000000.0,-1153000000.0,-408000000.0,1117000000.0,0.0,708000000.0,-1476000000.0,-56000000.0,1026000000.0,-2000000.0,602000000.0,602000000.0,602000000.0,0.0,0.0,0.096,3920000000.0,952000000.0,1040000000.0,0.0,4.05,31.425,32.014,1024000000.0,0.0,23.05,3.009,3.009,978000000.0,,6288000000.0,6288000000.0,707000000.0,0.072,0.141,0.202,0.148,47000000.0,1853000000.0,1.0,820738616.0,820738616.0,,7.661,5368000000.0,188000000.0,226000000.0,259000000.0,6.54,838000000.0
62,BSX,MRT,2005-12-31,2005-12-31,2005-12-31,2021-08-07,21000000.0,8196000000.0,8043500000.0,2631000000.0,5565000000.0,0.781,5.185,-322000000.0,689000000.0,689000000.0,1386000000.0,628000000.0,1.779,0.914,2020000000.0,156000000.0,1864000000.0,2020000000.0,0.0,314000000.0,0.0,0.0,0.0,981000000.0,1295000000.0,0.206,1295000000.0,981000000.0,891000000.0,0.76,0.75,0.76,4282000000.0,4197500000.0,4282000000.0,21838164850.0,22.0,16.863,581000000.0,0.704,1.0,4897000000.0,0.779,3735000000.0,90000000.0,4313000000.0,4245250000.0,418000000.0,753000000.0,159000000.0,594000000.0,3914000000.0,1479000000.0,2435000000.0,20069164850.0,-607000000.0,-211000000.0,-640000000.0,-313000000.0,0.0,-954000000.0,-551000000.0,-18000000.0,903000000.0,-5000000.0,628000000.0,628000000.0,628000000.0,0.0,0.0,0.1,3929000000.0,968000000.0,105000000.0,0.0,4.687,31.957,32.224,1011000000.0,0.0,24.49,3.194,3.219,932000000.0,3410000000.0,6283000000.0,6283000000.0,680000000.0,0.078,0.15,0.231,0.156,47000000.0,1814000000.0,1.0,819484069.0,825800000.0,837600000.0,7.608,4461000000.0,152000000.0,263000000.0,279000000.0,5.402,1152000000.0
63,BSX,MRT,2005-09-30,2005-09-30,2005-09-30,2021-08-07,0.0,8076000000.0,8037000000.0,2761000000.0,5315000000.0,0.789,4.756,-323000000.0,745000000.0,745000000.0,1372000000.0,591000000.0,2.418,1.07,2514000000.0,84000000.0,2430000000.0,2514000000.0,0.0,275000000.0,0.0,0.0,0.0,990000000.0,1265000000.0,0.199,1265000000.0,990000000.0,912000000.0,0.71,0.68,0.71,3901000000.0,4133250000.0,3901000000.0,20525795313.0,21.0,16.226,727000000.0,0.886,1.0,4971000000.0,0.784,3532000000.0,78000000.0,5171000000.0,3991000000.0,428000000.0,753000000.0,172000000.0,581000000.0,4175000000.0,1142000000.0,3033000000.0,19167795313.0,-360000000.0,-225000000.0,-1000000000.0,-3000000.0,0.0,-1006000000.0,-402000000.0,146000000.0,1050000000.0,-2000000.0,591000000.0,591000000.0,591000000.0,0.0,0.0,0.093,3964000000.0,1007000000.0,981000000.0,0.0,4.914,32.433,32.915,986000000.0,0.0,23.37,3.022,3.022,951000000.0,,6343000000.0,6343000000.0,664000000.0,0.074,0.143,0.248,0.156,276000000.0,1861000000.0,1.0,820188075.0,820188075.0,,7.734,4544000000.0,330000000.0,321000000.0,354000000.0,5.54,1619000000.0
64,BSX,MRT,2005-06-30,2005-06-30,2005-06-30,2021-08-07,0.0,8083000000.0,8013750000.0,2715000000.0,5368000000.0,0.788,5.062,-327000000.0,698000000.0,698000000.0,1338000000.0,1118000000.0,1.546,0.917,2056000000.0,538000000.0,1518000000.0,2056000000.0,0.0,275000000.0,0.0,0.0,0.0,1688000000.0,1963000000.0,0.311,1963000000.0,1688000000.0,1612000000.0,1.35,1.31,1.35,4217000000.0,4159250000.0,4217000000.0,23213014252.0,14.0,11.825,1583000000.0,1.9,1.0,4976000000.0,0.788,3568000000.0,76000000.0,4117000000.0,3742250000.0,410000000.0,803000000.0,185000000.0,618000000.0,3866000000.0,1756000000.0,2110000000.0,22495014252.0,-302000000.0,-220000000.0,-925000000.0,-557000000.0,0.0,-1485000000.0,-725000000.0,-178000000.0,1910000000.0,-2000000.0,1118000000.0,1118000000.0,1118000000.0,0.0,0.0,0.177,3275000000.0,1701000000.0,958000000.0,0.0,5.334,20.121,20.0,957000000.0,0.0,27.0,3.563,3.563,976000000.0,,6314000000.0,6314000000.0,628000000.0,0.14,0.269,0.451,0.267,276000000.0,1921000000.0,1.0,833148676.0,833148676.0,,7.578,4515000000.0,334000000.0,494000000.0,363000000.0,5.419,959000000.0
65,BSX,MRT,2005-03-31,2005-03-31,2005-03-31,2021-08-07,0.0,7819000000.0,7851000000.0,2757000000.0,5062000000.0,0.784,5.234,-291000000.0,827000000.0,827000000.0,1344000000.0,1226000000.0,1.545,0.781,1545000000.0,430000000.0,1115000000.0,1545000000.0,0.0,275000000.0,0.0,0.0,0.0,1809000000.0,2084000000.0,0.338,2084000000.0,1809000000.0,1733000000.0,1.47,1.43,1.47,4390000000.0,4031000000.0,4390000000.0,25638196953.0,14.0,12.302,1912000000.0,2.28,1.0,4813000000.0,0.782,3373000000.0,76000000.0,3380000000.0,3729750000.0,387000000.0,129000000.0,129000000.0,0.0,3429000000.0,1784000000.0,1645000000.0,24567196953.0,212000000.0,-863000000.0,-438000000.0,-154000000.0,0.0,-595000000.0,-1397000000.0,-243000000.0,2203000000.0,1000000.0,1226000000.0,1226000000.0,1226000000.0,0.0,0.0,0.199,2990000000.0,1823000000.0,0.0,0.0,5.596,20.038,19.925,924000000.0,0.0,29.29,3.99,3.99,953000000.0,,6157000000.0,6157000000.0,594000000.0,0.156,0.304,0.485,0.294,276000000.0,1825000000.0,1.0,838757151.0,838757151.0,,7.341,4446000000.0,0.0,507000000.0,0.0,5.301,973000000.0
66,BSX,MRT,2004-12-31,2004-12-31,2004-12-31,2021-08-07,-84000000.0,8170000000.0,7357250000.0,3289000000.0,4881000000.0,0.764,4.766,-274000000.0,1296000000.0,1296000000.0,1292000000.0,1062000000.0,1.263,1.03,2367000000.0,1228000000.0,1139000000.0,2367000000.0,0.0,275000000.0,0.0,0.0,0.0,1558000000.0,1833000000.0,0.326,1833000000.0,1558000000.0,1494000000.0,1.27,1.24,1.27,4025000000.0,3738250000.0,4025000000.0,31412152764.0,20.0,17.137,1530000000.0,1.812,1.0,4332000000.0,0.77,3340000000.0,64000000.0,3296000000.0,3558750000.0,360000000.0,873000000.0,344000000.0,529000000.0,4145000000.0,2605000000.0,1540000000.0,30021152764.0,625000000.0,-911000000.0,-135000000.0,577000000.0,0.0,439000000.0,-1622000000.0,-437000000.0,1804000000.0,4000000.0,1062000000.0,1062000000.0,1062000000.0,0.0,0.0,0.189,2758000000.0,1574000000.0,108000000.0,0.0,7.459,28.269,27.992,870000000.0,0.0,35.55,5.338,5.338,900000000.0,2790000000.0,5624000000.0,5624000000.0,569000000.0,0.144,0.284,0.438,0.277,276000000.0,1742000000.0,1.0,844476871.0,844476871.0,,6.66,4830000000.0,241000000.0,432000000.0,514000000.0,5.72,684000000.0
67,BSX,MRT,2004-09-30,2004-09-30,2004-09-30,2021-08-07,-55000000.0,7983000000.0,6739500000.0,3023000000.0,4960000000.0,0.736,4.756,-271000000.0,1105000000.0,1105000000.0,1221000000.0,902000000.0,1.616,0.993,2496000000.0,756000000.0,1740000000.0,2496000000.0,0.0,196000000.0,0.0,0.0,0.0,1274000000.0,1470000000.0,0.296,1470000000.0,1274000000.0,1219000000.0,1.07,1.05,1.07,4005000000.0,3447500000.0,4005000000.0,35013322920.0,27.0,23.819,1110000000.0,1.318,1.0,3742000000.0,0.754,3327000000.0,55000000.0,4176000000.0,3459500000.0,314000000.0,1082000000.0,437000000.0,645000000.0,3978000000.0,1871000000.0,2107000000.0,33459322920.0,607000000.0,-920000000.0,284000000.0,845000000.0,0.0,1133000000.0,-1908000000.0,-856000000.0,1381000000.0,1000000.0,902000000.0,902000000.0,902000000.0,0.0,0.0,0.182,2476000000.0,1266000000.0,934000000.0,0.0,8.354,37.095,37.131,839000000.0,0.0,39.73,6.742,6.742,846000000.0,2494000000.0,4963000000.0,4963000000.0,539000000.0,0.134,0.262,0.368,0.257,155000000.0,1540000000.0,1.0,842167705.0,842167705.0,,5.893,4656000000.0,0.0,317000000.0,258000000.0,5.529,1152000000.0
68,BSX,MRT,2004-06-30,2004-06-30,2004-06-30,2021-08-07,-44000000.0,7432000000.0,6044500000.0,2674000000.0,4758000000.0,0.721,4.435,-248000000.0,1000000000.0,1000000000.0,1155000000.0,768000000.0,1.686,1.006,2554000000.0,792000000.0,1762000000.0,2554000000.0,0.0,196000000.0,0.0,0.0,0.0,1077000000.0,1273000000.0,0.292,1273000000.0,1077000000.0,1029000000.0,0.91,0.9,0.91,3704000000.0,3090000000.0,3704000000.0,36801597640.0,34.0,28.909,759000000.0,0.909,1.0,3202000000.0,0.735,3333000000.0,48000000.0,4067000000.0,3014250000.0,279000000.0,773000000.0,263000000.0,510000000.0,3728000000.0,1586000000.0,2142000000.0,35741597640.0,615000000.0,-926000000.0,-15000000.0,1222000000.0,0.0,1211000000.0,-1606000000.0,-513000000.0,1007000000.0,3000000.0,768000000.0,768000000.0,768000000.0,0.0,0.0,0.176,2121000000.0,1081000000.0,696000000.0,0.0,9.649,46.539,47.033,814000000.0,0.0,42.8,8.203,8.203,814000000.0,2235000000.0,4357000000.0,4357000000.0,507000000.0,0.127,0.249,0.357,0.247,155000000.0,1331000000.0,1.0,835084057.0,835084057.0,,5.217,4099000000.0,0.0,261000000.0,268000000.0,4.908,1088000000.0
69,BSX,MRT,2004-03-31,2004-03-31,2004-03-31,2021-08-07,-72000000.0,5844000000.0,5416750000.0,1989000000.0,3855000000.0,0.692,3.864,-234000000.0,615000000.0,615000000.0,1027000000.0,569000000.0,1.141,0.815,1675000000.0,1064000000.0,611000000.0,1675000000.0,0.0,196000000.0,0.0,0.0,0.0,804000000.0,1000000000.0,0.267,1000000000.0,804000000.0,758000000.0,0.68,0.67,0.68,3219000000.0,2827000000.0,3219000000.0,36361521769.0,45.0,36.362,486000000.0,0.583,1.0,2724000000.0,0.726,2465000000.0,46000000.0,2696000000.0,2569750000.0,302000000.0,527000000.0,0.0,527000000.0,2625000000.0,1743000000.0,882000000.0,35307521769.0,338000000.0,-155000000.0,-91000000.0,428000000.0,0.0,341000000.0,-729000000.0,-380000000.0,720000000.0,6000000.0,569000000.0,569000000.0,569000000.0,0.0,0.0,0.152,1918000000.0,806000000.0,570000000.0,0.0,10.968,62.052,62.324,787000000.0,0.0,42.38,9.413,9.413,675000000.0,1928000000.0,3751000000.0,3751000000.0,483000000.0,0.105,0.201,0.313,0.214,155000000.0,1248000000.0,1.0,833117550.0,833117550.0,,4.502,3379000000.0,0.0,189000000.0,20000000.0,4.056,246000000.0
70,BSX,MRT,2003-12-31,2003-12-31,2003-12-31,2021-08-07,-49000000.0,5699000000.0,5108750000.0,1880000000.0,3819000000.0,0.68,3.494,-187000000.0,671000000.0,671000000.0,961000000.0,472000000.0,1.35,0.991,1725000000.0,553000000.0,1172000000.0,1725000000.0,0.0,196000000.0,0.0,0.0,0.0,689000000.0,885000000.0,0.255,885000000.0,689000000.0,643000000.0,0.57,0.56,0.57,2862000000.0,2641000000.0,2862000000.0,31215166693.0,45.0,35.271,600000000.0,0.732,1.0,2515000000.0,0.724,2461000000.0,46000000.0,2899000000.0,2405750000.0,281000000.0,639000000.0,81000000.0,558000000.0,2837000000.0,1393000000.0,1444000000.0,30112166693.0,411000000.0,-296000000.0,-310000000.0,793000000.0,0.0,487000000.0,-871000000.0,-388000000.0,787000000.0,8000000.0,472000000.0,472000000.0,472000000.0,0.0,0.0,0.136,1818000000.0,697000000.0,78000000.0,0.0,10.521,63.797,64.491,744000000.0,0.0,36.76,8.663,8.663,542000000.0,1789000000.0,3476000000.0,3476000000.0,452000000.0,0.092,0.179,0.286,0.198,155000000.0,1171000000.0,1.0,819155786.0,819155786.0,,4.243,3238000000.0,245000000.0,171000000.0,236000000.0,3.953,487000000.0
71,BSX,MRT,2003-09-30,2003-09-30,2003-09-30,2021-08-07,-63000000.0,5203000000.0,4796500000.0,1510000000.0,3693000000.0,0.699,3.128,-140000000.0,537000000.0,537000000.0,931000000.0,440000000.0,1.049,1.021,1640000000.0,663000000.0,977000000.0,1640000000.0,0.0,161000000.0,0.0,0.0,0.0,648000000.0,809000000.0,0.241,809000000.0,648000000.0,602000000.0,0.54,0.52,0.54,2575000000.0,2542250000.0,2575000000.0,27176919163.0,42.0,33.593,609000000.0,0.74,1.0,2420000000.0,0.722,2471000000.0,46000000.0,2395000000.0,2139750000.0,247000000.0,469000000.0,0.0,469000000.0,2628000000.0,1440000000.0,1188000000.0,26261919163.0,239000000.0,-506000000.0,-322000000.0,553000000.0,0.0,232000000.0,-749000000.0,-139000000.0,749000000.0,7000000.0,440000000.0,440000000.0,440000000.0,0.0,0.0,0.131,1762000000.0,658000000.0,73000000.0,0.0,10.199,59.686,59.074,692000000.0,0.0,31.9,7.837,7.837,508000000.0,1725000000.0,3351000000.0,3351000000.0,419000000.0,0.092,0.173,0.303,0.193,28000000.0,1124000000.0,1.0,823257654.0,823257654.0,,4.07,2732000000.0,0.0,162000000.0,0.0,3.319,70000000.0
72,BSX,MRT,2003-06-30,2003-06-30,2003-06-30,2021-08-07,-87000000.0,4921000000.0,4562500000.0,1375000000.0,3546000000.0,0.701,3.233,-122000000.0,410000000.0,410000000.0,899000000.0,477000000.0,1.242,0.856,1325000000.0,351000000.0,974000000.0,1325000000.0,0.0,161000000.0,0.0,0.0,0.0,723000000.0,884000000.0,0.277,884000000.0,723000000.0,679000000.0,0.59,0.56,0.59,2652000000.0,2470000000.0,2652000000.0,26018196307.0,36.0,29.432,750000000.0,0.914,1.0,2298000000.0,0.719,2440000000.0,44000000.0,2289000000.0,2018250000.0,239000000.0,373000000.0,0.0,373000000.0,2269000000.0,1107000000.0,1162000000.0,25061196307.0,241000000.0,-588000000.0,-37000000.0,155000000.0,0.0,119000000.0,-755000000.0,-108000000.0,872000000.0,5000000.0,477000000.0,477000000.0,477000000.0,0.0,0.0,0.149,1567000000.0,731000000.0,66000000.0,0.0,9.45,52.539,51.78,678000000.0,0.0,30.55,7.839,7.839,478000000.0,1605000000.0,3197000000.0,3197000000.0,393000000.0,0.105,0.193,0.358,0.226,28000000.0,1078000000.0,1.0,820333758.0,820333758.0,,3.897,2481000000.0,0.0,202000000.0,0.0,3.024,268000000.0
73,BSX,MRT,2003-03-31,2003-03-31,2003-03-31,2021-08-07,-118000000.0,4612000000.0,4361500000.0,1240000000.0,3372000000.0,0.7,3.019,-106000000.0,294000000.0,294000000.0,889000000.0,388000000.0,1.136,0.863,1251000000.0,425000000.0,826000000.0,1251000000.0,0.0,161000000.0,0.0,0.0,0.0,614000000.0,775000000.0,0.254,775000000.0,614000000.0,572000000.0,0.48,0.46,0.48,2475000000.0,2331250000.0,2475000000.0,17367474692.0,28.0,22.41,680000000.0,0.829,1.0,2162000000.0,0.709,2437000000.0,42000000.0,2040000000.0,1920500000.0,241000000.0,0.0,0.0,0.0,2137000000.0,1092000000.0,1045000000.0,16709474692.0,76000000.0,-586000000.0,-28000000.0,-8000000.0,0.0,-35000000.0,-681000000.0,-3000000.0,786000000.0,6000000.0,388000000.0,388000000.0,388000000.0,0.0,0.0,0.127,1522000000.0,640000000.0,71000000.0,0.0,6.751,43.066,42.458,656000000.0,0.0,20.38,5.477,5.477,452000000.0,1491000000.0,3051000000.0,3051000000.0,370000000.0,0.089,0.166,0.32,0.201,28000000.0,1032000000.0,1.0,819895716.0,819895716.0,,3.721,2175000000.0,0.0,184000000.0,0.0,2.653,148000000.0
74,BSX,MRT,2002-12-31,2002-12-31,2002-12-31,2021-08-07,-127000000.0,4450000000.0,4212250000.0,1208000000.0,3242000000.0,0.693,3.024,-110000000.0,260000000.0,260000000.0,870000000.0,373000000.0,1.309,0.804,935000000.0,88000000.0,847000000.0,935000000.0,0.0,161000000.0,0.0,0.0,0.0,592000000.0,753000000.0,0.258,753000000.0,592000000.0,549000000.0,0.46,0.45,0.46,2467000000.0,2238000000.0,2467000000.0,18190412969.0,31.0,24.157,626000000.0,0.767,1.0,2049000000.0,0.702,2367000000.0,43000000.0,1835000000.0,1944750000.0,243000000.0,210000000.0,0.0,210000000.0,1983000000.0,923000000.0,1060000000.0,17341412969.0,80000000.0,-377000000.0,107000000.0,-283000000.0,0.0,-175000000.0,-485000000.0,2000000.0,736000000.0,4000000.0,373000000.0,373000000.0,373000000.0,0.0,0.0,0.128,1439000000.0,610000000.0,66000000.0,0.0,7.029,46.492,46.217,636000000.0,0.0,21.26,5.941,5.941,435000000.0,1394000000.0,2919000000.0,2919000000.0,343000000.0,0.089,0.167,0.304,0.203,28000000.0,1002000000.0,1.0,815682642.0,815682642.0,,3.579,2083000000.0,168000000.0,176000000.0,202000000.0,2.554,285000000.0
75,BSX,MRT,2002-09-30,2002-09-30,2002-09-30,2021-08-07,-114000000.0,4267000000.0,4093250000.0,1174000000.0,3093000000.0,0.68,2.809,-109000000.0,259000000.0,259000000.0,858000000.0,333000000.0,1.135,0.867,1108000000.0,268000000.0,840000000.0,1108000000.0,0.0,232000000.0,0.0,0.0,0.0,547000000.0,779000000.0,0.28,779000000.0,547000000.0,502000000.0,0.41,0.4,0.41,2286000000.0,2125000000.0,2286000000.0,13868225650.0,25.0,17.803,593000000.0,0.729,1.0,1924000000.0,0.692,2173000000.0,45000000.0,1909000000.0,2011750000.0,257000000.0,0.0,0.0,0.0,1981000000.0,1034000000.0,947000000.0,12841225650.0,160000000.0,-208000000.0,57000000.0,-110000000.0,0.0,-53000000.0,-491000000.0,17000000.0,702000000.0,2000000.0,333000000.0,333000000.0,333000000.0,0.0,0.0,0.12,1363000000.0,561000000.0,528000000.0,0.0,5.617,38.562,38.488,627000000.0,0.0,15.78,4.616,4.616,399000000.0,1290000000.0,2782000000.0,2782000000.0,324000000.0,0.081,0.157,0.272,0.197,8000000.0,975000000.0,1.0,813765884.0,813765884.0,,3.419,2094000000.0,0.0,169000000.0,0.0,2.573,140000000.0
76,BSX,MRT,2002-06-30,2002-06-30,2002-06-30,2021-08-07,-120000000.0,4117000000.0,3967500000.0,1074000000.0,3043000000.0,0.688,2.583,-111000000.0,144000000.0,144000000.0,861000000.0,230000000.0,1.014,0.963,1171000000.0,336000000.0,835000000.0,1171000000.0,0.0,232000000.0,0.0,0.0,0.0,405000000.0,637000000.0,0.233,637000000.0,405000000.0,354000000.0,0.28,0.28,0.28,2097000000.0,2019500000.0,2097000000.0,12945219545.0,32.0,20.322,383000000.0,0.472,1.0,1869000000.0,0.685,2187000000.0,51000000.0,1898000000.0,2027250000.0,283000000.0,0.0,0.0,0.0,2020000000.0,1059000000.0,961000000.0,11903219545.0,89000000.0,-226000000.0,50000000.0,51000000.0,0.0,101000000.0,-509000000.0,23000000.0,494000000.0,3000000.0,230000000.0,230000000.0,230000000.0,0.0,0.0,0.084,1452000000.0,417000000.0,463000000.0,0.0,5.676,51.753,52.357,627000000.0,0.0,14.66,4.36,4.36,406000000.0,1133000000.0,2730000000.0,2730000000.0,309000000.0,0.058,0.114,0.2,0.148,8000000.0,958000000.0,1.0,811952220.0,811952220.0,,3.362,1930000000.0,0.0,124000000.0,0.0,2.377,15000000.0
77,BSX,MRT,2002-03-31,2002-03-31,2002-03-31,2021-08-07,-73000000.0,4015000000.0,3835750000.0,1123000000.0,2892000000.0,0.702,2.609,-126000000.0,201000000.0,201000000.0,904000000.0,33000000.0,1.263,0.91,1243000000.0,334000000.0,909000000.0,1243000000.0,0.0,232000000.0,0.0,0.0,0.0,191000000.0,423000000.0,0.157,423000000.0,191000000.0,134000000.0,0.035,0.035,0.035,2102000000.0,1944500000.0,2102000000.0,11130110242.0,58.0,26.312,332000000.0,0.412,1.0,1790000000.0,0.664,2031000000.0,57000000.0,2137000000.0,1964500000.0,292000000.0,0.0,0.0,0.0,1913000000.0,889000000.0,1024000000.0,10106110242.0,117000000.0,-516000000.0,49000000.0,355000000.0,0.0,404000000.0,-745000000.0,17000000.0,458000000.0,0.0,33000000.0,33000000.0,33000000.0,0.0,0.0,0.012,1605000000.0,185000000.0,406000000.0,0.0,4.808,306.246,358.429,608000000.0,0.0,12.545,3.751,3.751,379000000.0,1113000000.0,2694000000.0,2694000000.0,295000000.0,0.009,0.017,0.097,0.071,8000000.0,942000000.0,1.0,805588700.0,805588700.0,,3.344,1984000000.0,0.0,101000000.0,0.0,2.463,234000000.0
78,BSX,MRT,2001-12-31,2001-12-31,2001-12-31,2021-08-07,-62000000.0,3974000000.0,3713250000.0,1106000000.0,2868000000.0,0.72,2.498,-116000000.0,180000000.0,180000000.0,919000000.0,-54000000.0,1.331,0.972,1204000000.0,231000000.0,973000000.0,1204000000.0,0.0,232000000.0,0.0,0.0,0.0,103000000.0,335000000.0,0.125,335000000.0,103000000.0,44000000.0,-0.07,-0.07,-0.07,2015000000.0,1909250000.0,2015000000.0,10836588900.0,105.0,32.348,374000000.0,0.464,1.0,1754000000.0,0.656,2064000000.0,59000000.0,2103000000.0,1870500000.0,303000000.0,154000000.0,0.0,154000000.0,1959000000.0,831000000.0,1128000000.0,9728588900.0,126000000.0,-620000000.0,42000000.0,395000000.0,0.0,437000000.0,-800000000.0,17000000.0,490000000.0,-1000000.0,-54000000.0,-54000000.0,-54000000.0,0.0,0.0,-0.02,1654000000.0,100000000.0,54000000.0,0.0,4.828,-180.159,-172.286,592000000.0,0.0,12.06,3.64,3.64,370000000.0,1031000000.0,2673000000.0,2673000000.0,275000000.0,-0.015,-0.028,0.055,0.039,8000000.0,926000000.0,1.0,806682330.0,806682330.0,,3.314,1910000000.0,174000000.0,98000000.0,158000000.0,2.368,275000000.0
79,BSX,MRT,2001-09-30,2001-09-30,2001-09-30,2021-08-07,-103000000.0,3764000000.0,3576500000.0,1027000000.0,2737000000.0,0.736,2.316,-115000000.0,99000000.0,99000000.0,906000000.0,-59000000.0,1.091,1.019,1207000000.0,348000000.0,859000000.0,1207000000.0,0.0,181000000.0,0.0,0.0,0.0,90000000.0,271000000.0,0.103,271000000.0,90000000.0,30000000.0,-0.075,-0.075,-0.075,1864000000.0,1889250000.0,1864000000.0,9318310434.0,104.0,34.385,390000000.0,0.485,1.0,1728000000.0,0.656,1960000000.0,60000000.0,1971000000.0,1774000000.0,324000000.0,0.0,0.0,0.0,1900000000.0,941000000.0,959000000.0,8249310434.0,54000000.0,-548000000.0,-58000000.0,350000000.0,0.0,282000000.0,-733000000.0,20000000.0,505000000.0,0.0,-59000000.0,-59000000.0,-59000000.0,0.0,0.0,-0.022,1639000000.0,89000000.0,478000000.0,0.0,4.426,-139.819,-136.667,608000000.0,0.0,10.25,3.132,3.132,391000000.0,969000000.0,2634000000.0,2634000000.0,252000000.0,-0.016,-0.031,0.051,0.034,5000000.0,910000000.0,1.0,804810774.0,804810774.0,,3.273,1804000000.0,0.0,89000000.0,0.0,2.242,86000000.0
80,BSX,MRT,2001-06-30,2001-06-30,2001-06-30,2021-08-07,-96000000.0,3590000000.0,3488750000.0,998000000.0,2592000000.0,0.75,2.238,-106000000.0,55000000.0,55000000.0,892000000.0,-32000000.0,0.884,0.998,1124000000.0,556000000.0,568000000.0,1124000000.0,0.0,181000000.0,0.0,0.0,0.0,122000000.0,303000000.0,0.116,303000000.0,122000000.0,62000000.0,-0.04,-0.04,-0.04,1797000000.0,1906750000.0,1797000000.0,7648181225.0,63.0,25.242,463000000.0,0.577,1.0,1724000000.0,0.659,1883000000.0,60000000.0,1647000000.0,1714000000.0,319000000.0,28000000.0,28000000.0,0.0,1793000000.0,1129000000.0,664000000.0,6824181225.0,11000000.0,-438000000.0,-93000000.0,122000000.0,0.0,19000000.0,-575000000.0,8000000.0,569000000.0,-2000000.0,-32000000.0,-32000000.0,-32000000.0,0.0,0.0,-0.012,1605000000.0,119000000.0,469000000.0,0.0,3.798,-213.256,-212.5,584000000.0,0.0,8.5,2.609,2.609,377000000.0,920000000.0,2616000000.0,2616000000.0,228000000.0,-0.009,-0.017,0.071,0.047,5000000.0,894000000.0,1.0,802844850.0,802844850.0,,3.258,1707000000.0,0.0,94000000.0,0.0,2.126,-131000000.0
81,BSX,MRT,2001-03-31,2001-03-31,2001-03-31,2021-08-07,-89000000.0,3525000000.0,3462000000.0,1061000000.0,2464000000.0,0.762,2.419,-85000000.0,84000000.0,84000000.0,841000000.0,262000000.0,1.18,0.798,908000000.0,340000000.0,568000000.0,908000000.0,0.0,181000000.0,0.0,0.0,0.0,461000000.0,642000000.0,0.243,642000000.0,461000000.0,398000000.0,0.325,0.325,0.325,1961000000.0,1924500000.0,1961000000.0,8993800733.0,20.0,14.009,597000000.0,0.737,1.0,1798000000.0,0.681,1689000000.0,63000000.0,1761000000.0,1753250000.0,361000000.0,0.0,0.0,0.0,1564000000.0,899000000.0,665000000.0,8178800733.0,28000000.0,-104000000.0,-137000000.0,-268000000.0,0.0,-408000000.0,-243000000.0,15000000.0,682000000.0,-3000000.0,262000000.0,262000000.0,262000000.0,0.0,0.0,0.099,1347000000.0,451000000.0,420000000.0,0.0,4.171,31.217,31.046,565000000.0,0.0,10.09,3.099,3.099,370000000.0,1100000000.0,2639000000.0,2639000000.0,206000000.0,0.076,0.136,0.263,0.175,5000000.0,878000000.0,1.0,810584810.0,810584810.0,,3.256,1836000000.0,0.0,136000000.0,0.0,2.265,162000000.0
82,BSX,MRT,2000-12-31,2000-12-31,2000-12-31,2021-08-07,-98000000.0,3427000000.0,3459250000.0,992000000.0,2435000000.0,0.77,2.387,-72000000.0,54000000.0,54000000.0,832000000.0,373000000.0,1.211,0.771,834000000.0,260000000.0,574000000.0,834000000.0,0.0,181000000.0,0.0,0.0,0.0,597000000.0,778000000.0,0.292,778000000.0,597000000.0,527000000.0,0.46,0.455,0.46,1935000000.0,1879250000.0,1935000000.0,6363453024.0,11.0,8.179,667000000.0,0.823,1.0,1832000000.0,0.688,1671000000.0,70000000.0,1717000000.0,1784750000.0,354000000.0,105000000.0,6000000.0,99000000.0,1492000000.0,819000000.0,673000000.0,5548453024.0,-10000000.0,0.0,-193000000.0,-447000000.0,0.0,-638000000.0,-107000000.0,15000000.0,739000000.0,-4000000.0,373000000.0,373000000.0,373000000.0,0.0,0.0,0.14,1252000000.0,580000000.0,67000000.0,0.0,2.867,14.875,14.88,567000000.0,0.0,6.845,2.083,2.083,361000000.0,1116000000.0,2664000000.0,2664000000.0,199000000.0,0.108,0.198,0.335,0.224,5000000.0,867000000.0,1.0,810584810.0,810584810.0,,3.287,1756000000.0,226000000.0,154000000.0,137000000.0,2.166,173000000.0
83,BSX,MRT,2000-09-30,2000-09-30,2000-09-30,2021-08-07,-123000000.0,3413000000.0,3495500000.0,935000000.0,2478000000.0,0.785,2.379,-53000000.0,45000000.0,45000000.0,868000000.0,420000000.0,1.164,0.765,860000000.0,294000000.0,566000000.0,860000000.0,0.0,178000000.0,0.0,0.0,0.0,685000000.0,863000000.0,0.315,863000000.0,685000000.0,607000000.0,0.515,0.515,0.515,1934000000.0,1826500000.0,1934000000.0,7647403301.0,11.0,8.861,675000000.0,0.83,1.0,1875000000.0,0.684,1694000000.0,78000000.0,1731000000.0,1859250000.0,327000000.0,84000000.0,5000000.0,79000000.0,1479000000.0,803000000.0,676000000.0,6681403301.0,-27000000.0,0.0,-231000000.0,-466000000.0,0.0,-685000000.0,-61000000.0,15000000.0,728000000.0,-9000000.0,420000000.0,420000000.0,420000000.0,0.0,0.0,0.153,1209000000.0,666000000.0,65000000.0,0.0,3.455,15.908,15.961,569000000.0,0.0,8.22,2.436,2.436,395000000.0,1058000000.0,2743000000.0,2743000000.0,197000000.0,0.12,0.23,0.368,0.25,49000000.0,855000000.0,1.0,812822786.0,812822786.0,,3.375,1719000000.0,0.0,187000000.0,124000000.0,2.115,132000000.0
84,BSX,MRT,2000-06-30,2000-06-30,2000-06-30,2021-08-07,-122000000.0,3483000000.0,3552000000.0,959000000.0,2524000000.0,0.783,2.291,-50000000.0,44000000.0,44000000.0,951000000.0,390000000.0,1.029,0.865,1010000000.0,443000000.0,567000000.0,1010000000.0,0.0,178000000.0,0.0,0.0,0.0,660000000.0,838000000.0,0.301,838000000.0,660000000.0,572000000.0,0.475,0.475,0.475,1868000000.0,1781250000.0,1868000000.0,10070958207.0,15.0,12.018,787000000.0,0.965,1.0,1831000000.0,0.658,1713000000.0,88000000.0,1804000000.0,1950500000.0,334000000.0,90000000.0,0.0,90000000.0,1615000000.0,932000000.0,683000000.0,8944958207.0,-25000000.0,0.0,-228000000.0,-568000000.0,0.0,-784000000.0,-72000000.0,20000000.0,837000000.0,-6000000.0,390000000.0,390000000.0,390000000.0,0.0,0.0,0.14,1182000000.0,649000000.0,361000000.0,0.0,4.789,22.936,23.095,586000000.0,0.0,10.97,3.215,3.215,417000000.0,976000000.0,2782000000.0,2782000000.0,197000000.0,0.11,0.219,0.338,0.237,49000000.0,859000000.0,1.0,815401842.0,815401842.0,,3.412,1770000000.0,0.0,182000000.0,123000000.0,2.171,27000000.0
85,BSX,MRT,2000-03-31,2000-03-31,2000-03-31,2021-08-07,-120000000.0,3514000000.0,3617750000.0,1015000000.0,2499000000.0,0.778,2.189,-48000000.0,56000000.0,56000000.0,969000000.0,377000000.0,0.972,0.974,1182000000.0,612000000.0,570000000.0,1182000000.0,0.0,178000000.0,0.0,0.0,0.0,671000000.0,849000000.0,0.302,849000000.0,671000000.0,567000000.0,0.46,0.46,0.46,1780000000.0,1728750000.0,1780000000.0,9877726026.0,15.0,11.635,739000000.0,0.909,1.0,1844000000.0,0.656,1709000000.0,104000000.0,1887000000.0,2129750000.0,355000000.0,23000000.0,23000000.0,0.0,1734000000.0,1044000000.0,690000000.0,8663726026.0,-54000000.0,-128000000.0,449000000.0,-1119000000.0,0.0,-666000000.0,-172000000.0,5000000.0,787000000.0,-3000000.0,377000000.0,377000000.0,377000000.0,0.0,0.0,0.134,1175000000.0,669000000.0,343000000.0,0.0,4.867,22.981,23.163,593000000.0,0.0,10.655,3.08,3.08,423000000.0,858000000.0,2813000000.0,2813000000.0,197000000.0,0.104,0.218,0.315,0.239,49000000.0,849000000.0,1.0,813113658.0,813113658.0,,3.46,1805000000.0,0.0,190000000.0,77000000.0,2.22,-29000000.0
86,BSX,MRT,1999-12-31,1999-12-31,1999-12-31,2021-08-07,-116000000.0,3572000000.0,3708250000.0,1055000000.0,2517000000.0,0.766,2.079,-59000000.0,64000000.0,64000000.0,986000000.0,371000000.0,1.0,1.072,1288000000.0,600000000.0,688000000.0,1288000000.0,0.0,178000000.0,0.0,0.0,0.0,680000000.0,858000000.0,0.302,858000000.0,680000000.0,562000000.0,0.46,0.45,0.46,1724000000.0,1514000000.0,1724000000.0,10321662672.0,15.0,12.03,717000000.0,0.864,1.0,1856000000.0,0.653,1726000000.0,118000000.0,2015000000.0,2323000000.0,376000000.0,69000000.0,14000000.0,55000000.0,1848000000.0,1055000000.0,793000000.0,9073662672.0,-6000000.0,-128000000.0,528000000.0,-1120000000.0,0.0,-593000000.0,-185000000.0,5000000.0,776000000.0,-4000000.0,371000000.0,371000000.0,371000000.0,0.0,0.0,0.131,1167000000.0,689000000.0,92000000.0,0.0,5.263,24.457,23.783,604000000.0,0.0,10.94,3.193,3.193,445000000.0,752000000.0,2842000000.0,2842000000.0,197000000.0,0.1,0.245,0.293,0.239,49000000.0,842000000.0,1.0,829402438.0,829402438.0,,3.427,1846000000.0,238000000.0,191000000.0,42000000.0,2.226,0.0
87,BSX,MRT,1999-09-30,1999-09-30,1999-09-30,2021-08-07,-103000000.0,3639000000.0,3788500000.0,1095000000.0,2544000000.0,0.75,2.119,-96000000.0,72000000.0,72000000.0,990000000.0,335000000.0,1.051,1.076,1320000000.0,559000000.0,761000000.0,1320000000.0,0.0,129000000.0,0.0,0.0,0.0,639000000.0,768000000.0,0.27,768000000.0,639000000.0,505000000.0,0.415,0.415,0.415,1753000000.0,1288250000.0,1753000000.0,11729934968.0,18.0,15.273,704000000.0,0.851,1.0,1852000000.0,0.652,1749000000.0,134000000.0,2096000000.0,2514250000.0,414000000.0,0.0,0.0,0.0,1886000000.0,1042000000.0,844000000.0,10235934968.0,-123000000.0,-128000000.0,636000000.0,-1344000000.0,0.0,-700000000.0,-222000000.0,16000000.0,800000000.0,-1000000.0,335000000.0,335000000.0,335000000.0,0.0,0.0,0.118,1200000000.0,652000000.0,405000000.0,0.0,5.839,30.555,29.819,632000000.0,0.0,12.375,3.602,3.602,436000000.0,645000000.0,2842000000.0,2842000000.0,203000000.0,0.088,0.26,0.254,0.225,34000000.0,862000000.0,1.0,827146260.0,827146260.0,,3.436,1890000000.0,0.0,170000000.0,0.0,2.285,53000000.0
88,BSX,MRT,1999-06-30,1999-06-30,1999-06-30,2021-08-07,-117000000.0,3746000000.0,3877251750.0,1192000000.0,2554000000.0,0.703,2.095,-122000000.0,69000000.0,69000000.0,913000000.0,-182000000.0,1.261,1.259,1563000000.0,503000000.0,1060000000.0,1563000000.0,0.0,129000000.0,0.0,0.0,0.0,-30000000.0,99000000.0,0.036,99000000.0,-30000000.0,-154000000.0,-0.24,-0.24,-0.24,1658000000.0,1031260500.0,1658000000.0,19562438987.0,-652.0,197.6,444000000.0,0.561,1.0,1814000000.0,0.665,1774000000.0,124000000.0,2521000000.0,2491981750.0,456000000.0,5000000.0,5000000.0,0.0,2088000000.0,945000000.0,1143000000.0,17385438987.0,-80000000.0,-2188000000.0,691000000.0,965000000.0,0.0,1656000000.0,-2303000000.0,11000000.0,566000000.0,1000000.0,-182000000.0,-182000000.0,-182000000.0,0.0,0.0,-0.067,1836000000.0,-22000000.0,358000000.0,0.0,10.486,-95.524,-91.542,627000000.0,0.0,21.97,6.375,6.375,491000000.0,590000000.0,2727000000.0,2727000000.0,204000000.0,-0.047,-0.176,-0.012,-0.011,34000000.0,833000000.0,1.0,791326308.0,791326308.0,,3.446,1972000000.0,0.0,28000000.0,0.0,2.492,247000000.0
89,BSX,MRT,1999-03-31,1999-03-31,1999-03-31,2021-08-07,-101000000.0,3876000000.0,3479473000.0,1303000000.0,2573000000.0,0.715,1.166,-152000000.0,110000000.0,110000000.0,827000000.0,-224000000.0,0.811,3.208,2287000000.0,1027000000.0,1260000000.0,2287000000.0,0.0,129000000.0,0.0,0.0,0.0,-115000000.0,14000000.0,0.006,14000000.0,-115000000.0,-212000000.0,-0.29,-0.29,-0.29,921000000.0,900471500.0,921000000.0,18364649041.0,-160.0,1311.761,244000000.0,0.309,1.0,1662000000.0,0.668,1786000000.0,97000000.0,2660000000.0,2343393500.0,463000000.0,74000000.0,4000000.0,70000000.0,2955000000.0,1607000000.0,1348000000.0,16043670041.0,-33000000.0,-2060000000.0,76000000.0,1700000000.0,0.0,1777000000.0,-2205000000.0,11000000.0,396000000.0,-1000000.0,-224000000.0,-224000000.0,-224000000.0,0.0,0.0,-0.09,1776000000.0,-114000000.0,338000000.0,0.0,17.42,-71.624,-70.052,648000000.0,0.0,20.315,6.446,6.446,547000000.0,481000000.0,2489000000.0,2489000000.0,204000000.0,-0.064,-0.249,-0.049,-0.046,34000000.0,803000000.0,1.0,789745018.0,789745018.0,,3.152,2090000000.0,200000000.0,12000000.0,48000000.0,2.646,-304000000.0
90,BSX,MRT,1998-12-31,1998-12-31,1998-12-31,2021-08-07,-71000000.0,3893000000.0,3027142500.0,1267000000.0,2626000000.0,0.738,1.045,-174000000.0,70000000.0,70000000.0,735000000.0,-264000000.0,0.782,3.742,2391000000.0,1027000000.0,1364000000.0,2391000000.0,0.0,129000000.0,0.0,0.0,0.0,-207000000.0,-78000000.0,-0.035,-78000000.0,-207000000.0,-275000000.0,-0.34,-0.34,-0.34,821000000.0,926627750.0,821000000.0,12977199076.0,-63.0,-166.374,119000000.0,0.151,1.0,1499000000.0,0.671,1814000000.0,68000000.0,2780000000.0,2135038250.0,462000000.0,39000000.0,5000000.0,34000000.0,3072000000.0,1620000000.0,1452000000.0,10534167076.0,12000000.0,-2060000000.0,66000000.0,1882000000.0,0.0,1943000000.0,-2225000000.0,11000000.0,293000000.0,1000000.0,-264000000.0,-264000000.0,-264000000.0,0.0,0.0,-0.118,1706000000.0,-207000000.0,109000000.0,0.0,12.831,-39.902,-39.426,680000000.0,0.0,13.405,4.715,4.715,538000000.0,381000000.0,2234000000.0,2234000000.0,200000000.0,-0.087,-0.285,-0.097,-0.093,34000000.0,755000000.0,1.0,785838648.0,785838648.0,,2.843,2079000000.0,199000000.0,-11000000.0,19000000.0,2.646,-353000000.0
91,BSX,MRT,1998-09-30,1998-09-30,1998-09-30,2021-08-07,-78105000.0,3994007000.0,2534960000.0,1372184000.0,2621823000.0,0.788,0.926,-195254000.0,194850000.0,194850000.0,654089000.0,-340452000.0,0.52,4.509,2637882000.0,2084007000.0,553875000.0,2637882000.0,0.0,87000000.0,0.0,0.0,0.0,-335775000.0,-248775000.0,-0.125,-248775000.0,-335775000.0,-370146000.0,-0.44,-0.435,-0.44,725042000.0,960702250.0,725042000.0,10484901558.0,-31.0,-42.146,-77095000.0,-0.098,1.0,1343061000.0,0.672,1792768000.0,34371000.0,2006927000.0,1753302250.0,491828000.0,84782000.0,5498000.0,79284000.0,3268965000.0,2637344000.0,631621000.0,10055170558.0,140906000.0,-2078000000.0,58588000.0,2230705000.0,0.0,2275293000.0,-2255206000.0,-816000.0,118159000.0,2660000.0,-340452000.0,-340452000.0,-340452000.0,0.0,0.0,-0.17,1657789000.0,-314728000.0,70802000.0,0.0,13.868,-29.535,-29.193,670692000.0,0.0,12.845,5.035,5.035,494056000.0,312754000.0,1997150000.0,1997150000.0,186938000.0,-0.134,-0.354,-0.192,-0.168,0.0,729477000.0,1.0,782808140.0,782808140.0,,2.551,2201239000.0,218275000.0,-29694000.0,49628000.0,2.812,-1265160000.0
92,BSX,MRT,1998-06-30,1998-06-30,1998-06-30,2021-08-07,-97752000.0,2154885000.0,,1187323000.0,967562000.0,,1.459,-204417000.0,148588000.0,148588000.0,582683000.0,201671000.0,3.51,0.899,578319000.0,27127000.0,551192000.0,578319000.0,0.0,87000000.0,0.0,0.0,0.0,340564000.0,427564000.0,0.227,427564000.0,340564000.0,319215000.0,0.255,0.255,0.255,1134844000.0,,1134844000.0,14354730173.0,42.0,33.573,-148368000.0,-0.191,1.0,1300113000.0,0.691,319660000.0,21349000.0,1926647000.0,,468133000.0,92704000.0,7332000.0,85372000.0,1020041000.0,338309000.0,681732000.0,13924730173.0,95034000.0,-18000000.0,14790000.0,239005000.0,0.0,247795000.0,-206343000.0,13302000.0,56049000.0,-2467000.0,201671000.0,201671000.0,201671000.0,0.0,0.0,0.107,943304000.0,356809000.0,67078000.0,0.0,12.27,69.047,70.225,562530000.0,0.0,17.907,7.396,7.396,357510000.0,769062000.0,1882796000.0,1882796000.0,181296000.0,,,,0.181,0.0,695790000.0,1.0,777592080.0,777592080.0,,2.421,1835225000.0,154036000.0,117544000.0,76837000.0,2.36,849014000.0
93,BSX,MRT,1998-03-31,1998-03-31,1998-03-31,2021-08-07,-87714000.0,2066678000.0,,1140653000.0,926025000.0,,1.321,-214782000.0,142587000.0,142587000.0,564094000.0,101482000.0,3.186,1.015,572587000.0,17699000.0,554888000.0,572587000.0,0.0,87000000.0,0.0,0.0,0.0,196469000.0,283469000.0,0.153,283469000.0,196469000.0,179767000.0,0.125,0.125,0.125,1025625000.0,,1025625000.0,13540563750.0,69.0,47.767,-167220000.0,-0.215,1.0,1294014000.0,0.696,312111000.0,16702000.0,1826579000.0,,438898000.0,99240000.0,11944000.0,87296000.0,1041053000.0,357988000.0,683065000.0,13105023750.0,55535000.0,-18000000.0,-83158000.0,351264000.0,0.0,262106000.0,-250768000.0,12233000.0,47562000.0,-3365000.0,101482000.0,101482000.0,101482000.0,0.0,0.0,0.055,1075570000.0,218444000.0,66514000.0,0.0,12.778,129.136,135.0,526618000.0,0.0,16.875,7.053,7.053,358264000.0,724170000.0,1858108000.0,1858108000.0,173302000.0,,,,0.106,0.0,678821000.0,1.0,776594000.0,776594000.0,,2.393,1754567000.0,150380000.0,78285000.0,83829000.0,2.259,782665000.0
94,BSX,MRT,1997-12-31,1997-12-31,1997-12-31,2021-08-07,-76857000.0,1924270000.0,1754657500.0,1020484000.0,903786000.0,1.044,1.233,-220000000.0,57993000.0,57993000.0,546000000.0,110000000.0,1.286,1.01,493533000.0,447208000.0,46325000.0,493533000.0,0.0,87000000.0,0.0,0.0,0.0,208000000.0,295000000.0,0.161,295000000.0,208000000.0,194000000.0,0.14,0.14,0.14,957298000.0,976206500.0,957298000.0,,,,-140000000.0,-0.18,1.0,1285000000.0,0.702,313346000.0,14000000.0,1253056000.0,1102452000.0,391580000.0,88555000.0,22316000.0,66239000.0,966972000.0,793408000.0,173564000.0,8907533180.0,-14000000.0,-18000000.0,-90000000.0,252000000.0,0.0,162000000.0,-251000000.0,26000000.0,80000000.0,-5000000.0,110000000.0,110000000.0,110000000.0,0.0,0.0,0.06,1060000000.0,225000000.0,98878000.0,0.0,9.305,80.978,81.929,498967000.0,0.0,11.47,4.865,4.865,365463000.0,677608000.0,1831000000.0,1831000000.0,167000000.0,0.063,0.113,0.189,0.114,0.0,663000000.0,1.0,776594000.0,776594000.0,,2.358,1610924000.0,146956000.0,84000000.0,69470000.0,2.074,227076000.0
95,BSX,MRT,1997-09-30,1997-09-30,1997-09-30,2021-08-07,,,,,,,,,,,,,,,,,,,,,,0.0,0.0,,,,,,,,,,,,,,,,,,1.0,,,,,,,,,,,,,,,,,,,,,,,,,,,,,,,,,,,,,,,,13.812,,,,,,,,,,,,,,1.0,,,,,,,,,,
96,BSX,MRT,1997-06-30,1997-06-30,1997-06-30,2021-08-07,,,,,,,,,,,,,,,,,,,,,,0.0,0.0,,,,,,,,,,,,,,,,,,1.0,,,,,,,,,,,,,,,,,,,,,,,,,,,,,,,,,,,,,,,,15.375,,,,,,,,,,,,,,1.0,,,,,,,,,,
97,BSX,MRT,1997-03-31,1997-03-31,1997-03-31,2021-08-07,,,,,,,,,,,,,,,,,,,,,,0.0,0.0,,,,,,,,,,,,,,,,,,1.0,,,,,,,,,,,,,,,,,,,,,,,,,,,,,,,,,,,,,,,,15.438,,,,,,,,,,,,,,1.0,,,,,,,,,,
98,BSX,MRT,1996-12-31,1996-12-31,1996-12-31,2021-08-07,-19078000.0,1585045000.0,,816817000.0,768228000.0,,,-145332000.0,72175000.0,72175000.0,427838000.0,167094000.0,1.695,0.593,240556000.0,240556000.0,0.0,240556000.0,0.0,66317000.0,0.0,0.0,0.0,314848000.0,381165000.0,0.246,381165000.0,314848000.0,303330000.0,0.215,0.21,0.215,995115000.0,,995115000.0,,,,-3353000.0,,1.0,1123400000.0,0.724,319762000.0,11518000.0,951848000.0,,236670000.0,101341000.0,45606000.0,55735000.0,589930000.0,481816000.0,108114000.0,,-62656000.0,-264493000.0,13810000.0,184684000.0,0.0,199256000.0,-401303000.0,23465000.0,141979000.0,-2588000.0,167094000.0,167094000.0,167094000.0,0.0,0.0,0.108,810229000.0,313171000.0,66877000.0,0.0,,,69.767,362302000.0,0.0,15.0,,,321025000.0,574051000.0,1551238000.0,1551238000.0,134919000.0,,,,0.203,0.0,492332000.0,1.0,,,,,1265283000.0,97364000.0,136236000.0,87378000.0,,335001000.0
99,BSX,MRT,1995-12-31,1995-12-31,1995-12-31,2021-08-07,,,,,,,,-74800000.0,,,342747000.0,-18419000.0,,,,,,,,43396000.0,,0.0,0.0,72269000.0,115665000.0,0.097,115665000.0,72269000.0,62678000.0,-0.025,-0.025,-0.025,,,,,,,-42264000.0,,1.0,848074000.0,0.712,,9591000.0,,,,,,,,,,,-144929000.0,-96792000.0,48922000.0,-38906000.0,0.0,9909000.0,-182435000.0,58812000.0,32536000.0,-4939000.0,-18419000.0,-18419000.0,-18419000.0,0.0,0.0,-0.015,795963000.0,52111000.0,,0.0,,,-492.5,,0.0,12.312,,,,,1190821000.0,1190821000.0,105788000.0,,,,0.061,0.0,391548000.0,1.0,,,,,,,81097000.0,,,
