None,ticker,dimension,calendardate,datekey,reportperiod,lastupdated,accoci,assets,assetsavg,assetsc,assetsnc,assetturnover,bvps,capex,cashneq,cashnequsd,cor,consolinc,currentratio,de,debt,debtc,debtnc,debtusd,deferredrev,depamor,deposits,divyield,dps,ebit,ebitda,ebitdamargin,ebitdausd,ebitusd,ebt,eps,epsdil,epsusd,equity,equityavg,equityusd,ev,evebit,evebitda,fcf,fcfps,fxusd,gp,grossmargin,intangibles,intexp,invcap,invcapavg,inventory,investments,investmentsc,investmentsnc,liabilities,liabilitiesc,liabilitiesnc,marketcap,ncf,ncfbus,ncfcommon,ncfdebt,ncfdiv,ncff,ncfi,ncfinv,ncfo,ncfx,netinc,netinccmn,netinccmnusd,netincdis,netincnci,netmargin,opex,opinc,payables,payoutratio,pb,pe,pe1,ppnenet,prefdivis,price,ps,ps1,receivables,retearn,revenue,revenueusd,rnd,roa,roe,roic,ros,sbcomp,sgna,sharefactor,sharesbas,shareswa,shareswadil,sps,tangibles,taxassets,taxexp,taxliabilities,tbvps,workingcapital
0,EQT,MRY,2020-12-31,2020-12-31,2020-12-31,2021-09-07,-5355000.0,18113469000.0,18082897250.0,1215450000.0,16898019000.0,0.169,35.513,-1042231000.0,18210000.0,18210000.0,1866137000.0,-967176000.0,0.69,0.956,5526343000.0,755038000.0,4771305000.0,5526343000.0,0.0,1456885000.0,0.0,0.002,0.03,-994824000.0,462061000.0,0.151,462061000.0,-994824000.0,-1266024000.0,-3.71,-3.71,-3.71,9255240000.0,9293438500.0,9255240000.0,8860561091.0,-9.0,19.176,495470000.0,1.901,1.0,1192706000.0,0.39,0.0,271200000.0,21859192000.0,21892680000.0,0.0,527073000.0,527073000.0,0.0,8850739000.0,1762410000.0,7088329000.0,3248661091.0,13614000.0,-513539000.0,340923000.0,-308450000.0,-7664000.0,31713000.0,-1555800000.0,0.0,1537701000.0,0.0,-967166000.0,-967166000.0,-967166000.0,0.0,-10000.0,-0.316,2070372000.0,-877666000.0,705461000.0,-0.008,0.351,-3.359,-3.426,16054265000.0,0.0,12.71,1.062,1.083,566552000.0,1048259000.0,3058843000.0,3058843000.0,5484000.0,-0.053,-0.104,-0.045,-0.325,19552000.0,174769000.0,1.0,255598827.0,260613000,260613000.0,11.737,18113469000.0,0.0,-298858000.0,1371967000.0,69.503,-546960000.0
1,EQT,MRY,2019-12-31,2019-12-31,2019-12-31,2021-09-07,-5199000.0,18809227000.0,19947177000.0,1754855000.0,17054372000.0,0.221,38.424,-1602454000.0,4596000.0,4596000.0,1906537000.0,-1221695000.0,1.304,0.919,5605675000.0,328900000.0,5276775000.0,5605675000.0,0.0,1597957000.0,0.0,0.011,0.12,-1397620000.0,200337000.0,0.045,200337000.0,-1397620000.0,-1597471000.0,-4.79,-4.79,-4.79,9803588000.0,10772319000.0,9803588000.0,8278361878.0,-6.0,41.322,249250000.0,0.977,1.0,2509947000.0,0.568,0.0,199851000.0,23064404000.0,23718111500.0,0.0,1488673000.0,812664000.0,676009000.0,9005639000.0,1345902000.0,7659737000.0,2786513878.0,1109000.0,0.0,0.0,-211574000.0,-30655000.0,-249453000.0,-1601142000.0,0.0,1851704000.0,0.0,-1221695000.0,-1221695000.0,-1221695000.0,0.0,0.0,-0.277,3662057000.0,-1152110000.0,796438000.0,-0.025,0.284,-2.281,-2.276,16155490000.0,0.0,10.9,0.631,0.63,610088000.0,2023089000.0,4416484000.0,4416484000.0,7223000.0,-0.061,-0.113,-0.059,-0.316,31233000.0,170611000.0,1.0,255643475.0,255141000,255141000.0,17.31,18809227000.0,298854000.0,-375776000.0,1485814000.0,73.721,408953000.0
2,EQT,MRY,2018-12-31,2018-12-31,2018-12-31,2021-09-07,-5406000.0,20721344000.0,26494561750.0,1969664000.0,18751680000.0,0.172,41.996,-3731764000.0,3487000.0,3487000.0,1892776000.0,-2007158000.0,0.836,0.891,5833432000.0,1040441000.0,4792991000.0,5833432000.0,0.0,1774074000.0,0.0,0.006,0.12,-2712121000.0,-938047000.0,-0.206,-938047000.0,-2712121000.0,-2941079000.0,-8.6,-8.6,-8.6,10958229000.0,11338502250.0,10958229000.0,13493026140.0,-5.0,-14.384,-755508000.0,-2.895,1.0,2665092000.0,0.585,77333000.0,228958000.0,24118955000.0,29789369250.0,0.0,1494656000.0,481654000.0,1013002000.0,9763115000.0,2355001000.0,7408114000.0,4806107140.0,-143828000.0,-237562000.0,-536957000.0,2134658000.0,-31375000.0,859020000.0,-3979104000.0,0.0,2976256000.0,0.0,-2244568000.0,-2244568000.0,-2244568000.0,-373762000.0,237410000.0,-0.492,5448216000.0,-2783124000.0,1059873000.0,-0.014,0.439,-2.141,-2.197,17392507000.0,0.0,18.89,1.054,1.081,1241843000.0,3184275000.0,4557868000.0,4557868000.0,6765000.0,-0.085,-0.198,-0.091,-0.595,25189000.0,232543000.0,1.0,254426000.0,260932000,260932000.0,17.468,20644011000.0,131573000.0,-696511000.0,1823381000.0,79.116,-385337000.0
3,EQT,MRY,2017-12-31,2017-12-31,2017-12-31,2021-09-07,-2458000.0,29522604000.0,19219469250.0,1163055000.0,28359549000.0,0.161,71.083,-1939202000.0,26311000.0,26311000.0,1346132000.0,1858142000.0,0.944,0.834,6136418000.0,151495000.0,5984923000.0,6136418000.0,0.0,1062565000.0,0.0,0.002,0.12,488084000.0,1550649000.0,0.502,1550649000.0,488084000.0,320113000.0,8.05,8.04,8.05,13319618000.0,7872201750.0,13319618000.0,12853010560.0,26.0,8.289,-301504000.0,-1.609,1.0,1744888000.0,0.565,589549000.0,167971000.0,33810925000.0,21455598250.0,0.0,241952000.0,241952000.0,0.0,11107991000.0,1232237000.0,9875754000.0,9866683560.0,-1031225000.0,-2535206000.0,214000.0,1855261000.0,-20827000.0,1533147000.0,-4202070000.0,283758000.0,1637698000.0,0.0,1508529000.0,1508529000.0,1508529000.0,0.0,349613000.0,0.488,1362676000.0,382212000.0,726433000.0,0.015,0.741,6.541,7.071,19730008000.0,0.0,56.92,3.192,3.451,664685000.0,3996775000.0,3091020000.0,3091020000.0,17565000.0,0.078,0.192,0.023,0.158,94592000.0,208986000.0,1.0,173343000.0,187380000,187727000.0,16.496,28933055000.0,14385000.0,-1188416000.0,1889962000.0,154.408,-69182000.0
4,EQT,MRY,2016-12-31,2016-12-31,2016-12-31,2021-09-07,2042000.0,15472922000.0,14798929250.0,1828219000.0,13644703000.0,0.094,35.096,-2589364000.0,1178540000.0,1178540000.0,1054361000.0,-131063000.0,2.272,1.084,3547402000.0,257943000.0,3289459000.0,3547402000.0,0.0,927920000.0,0.0,0.002,0.12,-684593000.0,243327000.0,0.175,243327000.0,-684593000.0,-815752000.0,-2.71,-2.71,-2.71,5860281000.0,5863842500.0,5860281000.0,12496589200.0,-18.0,51.357,-1525044000.0,-9.133,1.0,332693000.0,0.24,0.0,131159000.0,17037144000.0,15578774750.0,0.0,504011000.0,319449000.0,184562000.0,6353675000.0,804640000.0,5549035000.0,11298373200.0,-422692000.0,-10866000.0,1449236000.0,195881000.0,-20156000.0,1399469000.0,-2886481000.0,-284882000.0,1064320000.0,0.0,-452983000.0,-452983000.0,-452983000.0,0.0,321920000.0,-0.327,1095796000.0,-763103000.0,309978000.0,-0.044,1.928,-24.942,-24.133,13162216000.0,0.0,65.4,8.146,7.873,341628000.0,2509073000.0,1387054000.0,1387054000.0,4663000.0,-0.031,-0.077,-0.044,-0.494,44605000.0,218946000.0,1.0,172758000.0,166978000,166978000.0,8.307,15472922000.0,0.0,-362769000.0,1760004000.0,92.664,1023579000.0
5,EQT,MRY,2015-12-31,2015-12-31,2015-12-31,2021-09-07,46378000.0,13976172000.0,13588731500.0,2251019000.0,11725153000.0,0.172,33.319,-2434018000.0,1601232000.0,1601232000.0,523043000.0,321886000.0,2.829,1.171,3115777000.0,322434000.0,2793343000.0,3115777000.0,0.0,819216000.0,0.0,0.002,0.12,336377000.0,1155593000.0,0.494,1155593000.0,336377000.0,189846000.0,0.56,0.56,0.56,5077791000.0,5053080000.0,5077791000.0,9617435200.0,29.0,8.323,-1217078000.0,-7.986,1.0,1816719000.0,0.776,0.0,146531000.0,14694898000.0,14148235500.0,0.0,494422000.0,417397000.0,77025000.0,5948130000.0,795819000.0,5152311000.0,7951910200.0,523803000.0,-74459000.0,1889556000.0,129996000.0,-18310000.0,1832470000.0,-2525607000.0,0.0,1216940000.0,0.0,85171000.0,85171000.0,85171000.0,0.0,236715000.0,0.036,1253580000.0,563139000.0,291550000.0,0.214,1.566,93.364,93.089,11472021000.0,0.0,52.13,3.399,3.395,176957000.0,2982212000.0,2339762000.0,2339762000.0,61970000.0,0.006,0.017,0.024,0.144,35684000.0,249925000.0,1.0,152540000.0,152398000,152939000.0,15.353,13976172000.0,0.0,104675000.0,1972170000.0,91.708,1455200000.0
6,EQT,MRY,2014-12-31,2014-12-31,2014-12-31,2021-09-07,199494000.0,12035353000.0,11357811750.0,1904323000.0,10131030000.0,0.217,30.239,-2451490000.0,1077429000.0,1077429000.0,443974000.0,510990000.0,2.285,1.236,2982295000.0,188816000.0,2793479000.0,2982295000.0,0.0,679298000.0,0.0,0.002,0.12,737594000.0,1416892000.0,0.574,1416892000.0,737594000.0,601057000.0,2.55,2.54,2.55,4582815000.0,4361441500.0,4582815000.0,12953188200.0,18.0,9.142,-1036748000.0,-6.841,1.0,2025736000.0,0.82,0.0,136537000.0,13106877000.0,12172263000.0,0.0,458460000.0,458460000.0,0.0,5662290000.0,833342000.0,4828948000.0,11469004200.0,231788000.0,7444000.0,922472000.0,488838000.0,-18207000.0,1261258000.0,-2444212000.0,0.0,1414742000.0,0.0,386965000.0,386965000.0,386965000.0,-1371000.0,124025000.0,0.157,1172341000.0,853395000.0,444077000.0,0.047,2.503,29.638,29.686,10076814000.0,0.0,75.7,4.644,4.645,306085000.0,2917129000.0,2469710000.0,2469710000.0,21716000.0,0.034,0.089,0.061,0.299,8907000.0,238134000.0,1.0,151506000.0,151553000,152513000.0,16.296,12035353000.0,0.0,214092000.0,1750870000.0,79.413,1070981000.0
7,EQT,MRY,2013-12-31,2013-12-31,2013-12-31,2021-09-07,44703000.0,9792053000.0,9332766000.0,1255425000.0,8536628000.0,0.2,26.796,-1763362000.0,845641000.0,845641000.0,354561000.0,437815000.0,2.399,1.221,2531167000.0,40813000.0,2490354000.0,2531167000.0,0.0,676570000.0,0.0,0.001,0.12,708446000.0,1385016000.0,0.744,1385016000.0,708446000.0,565758000.0,2.59,2.57,2.59,4034788000.0,3848721750.0,4034788000.0,15627643337.0,22.0,11.283,-600501000.0,-3.988,1.0,1507450000.0,0.81,0.0,142688000.0,10954169000.0,11017889750.0,19656000.0,236630000.0,107647000.0,128983000.0,4927925000.0,523410000.0,4404515000.0,13531308337.0,663586000.0,740587000.0,574579000.0,-23204000.0,-18094000.0,500500000.0,-999775000.0,0.0,1162861000.0,0.0,390572000.0,390572000.0,390572000.0,0.0,47243000.0,0.21,852846000.0,654604000.0,330329000.0,0.046,3.354,34.645,34.664,8333762000.0,0.0,89.78,7.267,7.26,235781000.0,2567980000.0,1862011000.0,1862011000.0,18483000.0,0.042,0.101,0.064,0.38,40367000.0,200849000.0,1.0,150716288.0,150574000,151787000.0,12.366,9792053000.0,0.0,175186000.0,1655765000.0,65.031,732015000.0
8,EQT,MRY,2012-12-31,2012-12-31,2012-12-31,2021-09-07,99547000.0,8849862000.0,8863680500.0,852844000.0,7997018000.0,0.155,24.088,-1375340000.0,182055000.0,182055000.0,330363000.0,196411000.0,1.495,1.377,2601735000.0,98766000.0,2502969000.0,2601735000.0,0.0,499118000.0,0.0,0.015,0.88,439642000.0,938760000.0,0.682,938760000.0,439642000.0,254856000.0,1.23,1.22,1.23,3603820000.0,3630490000.0,3603820000.0,11037189498.0,25.0,11.757,-578518000.0,-3.867,1.0,1046859000.0,0.76,0.0,184786000.0,10699078000.0,10432048750.0,45165000.0,434605000.0,304237000.0,130368000.0,4961060000.0,570464000.0,4390596000.0,8824194498.0,-649196000.0,4842000.0,284651000.0,-219315000.0,-131803000.0,-75520000.0,-1370498000.0,0.0,796822000.0,0.0,183395000.0,183395000.0,183395000.0,0.0,13016000.0,0.133,657230000.0,389629000.0,276802000.0,0.715,2.449,48.116,47.951,7059412000.0,0.0,58.98,6.407,6.407,190258000.0,2195502000.0,1377222000.0,1377222000.0,10370000.0,0.021,0.051,0.042,0.319,40230000.0,172243000.0,1.0,149613335.0,149613335,,9.205,8849862000.0,0.0,71461000.0,1442071000.0,59.152,282380000.0
9,EQT,MRY,2011-12-31,2011-12-31,2011-12-31,2021-09-07,188141000.0,8772719000.0,7705693500.0,1690134000.0,7082585000.0,0.172,24.049,-1264036000.0,831251000.0,831251000.0,293162000.0,479769000.0,2.1,1.441,2870248000.0,342621000.0,2527627000.0,2870248000.0,0.0,339297000.0,0.0,0.016,0.88,854634000.0,1193931000.0,0.902,1193931000.0,854634000.0,718306000.0,3.21,3.19,3.21,3593830000.0,3355344500.0,3593830000.0,9965601954.0,12.0,8.347,-359016000.0,-2.402,1.0,1030667000.0,0.779,0.0,136328000.0,10006806000.0,9075142750.0,123960000.0,649133000.0,512161000.0,136972000.0,5178889000.0,804910000.0,4373979000.0,8187676954.0,831251000.0,619999000.0,2791000.0,680893000.0,-131625000.0,540321000.0,-614090000.0,29947000.0,905020000.0,0.0,479769000.0,479769000.0,479769000.0,0.0,0.0,0.362,269496000.0,761171000.0,256757000.0,0.274,2.278,17.066,17.069,6806309000.0,0.0,54.79,6.185,6.185,183578000.0,2143910000.0,1323829000.0,1323829000.0,4932000.0,0.062,0.143,0.094,0.646,20080000.0,153624000.0,1.0,149437433.0,149437433,,8.859,8772719000.0,0.0,238537000.0,1618944000.0,58.705,885224000.0
10,EQT,MRY,2010-12-31,2010-12-31,2010-12-31,2021-09-07,38104000.0,7098438000.0,6839552000.0,827940000.0,6270498000.0,0.201,20.642,-1246932000.0,0.0,0.0,472712000.0,227700000.0,1.387,1.306,2109571000.0,166371000.0,1943200000.0,2109571000.0,0.0,270285000.0,0.0,0.02,0.88,483377000.0,753662000.0,0.548,753662000.0,483377000.0,355220000.0,1.58,1.57,1.58,3078696000.0,2985830500.0,3078696000.0,8558809410.0,18.0,11.356,-457192000.0,-3.065,1.0,901683000.0,0.656,0.0,128157000.0,8611025000.0,8103170250.0,137853000.0,445572000.0,225339000.0,220233000.0,4019742000.0,596984000.0,3422758000.0,6687597410.0,0.0,0.0,539293000.0,48650000.0,-127292000.0,449689000.0,-1239429000.0,11556000.0,789740000.0,0.0,227700000.0,227700000.0,227700000.0,0.0,0.0,0.166,431204000.0,470479000.0,212134000.0,0.557,2.172,29.37,28.38,5910091000.0,0.0,44.84,4.866,4.866,195070000.0,1795766000.0,1374395000.0,1374395000.0,5368000.0,0.033,0.076,0.06,0.352,14104000.0,155551000.0,1.0,149143564.0,149143564,,9.215,7098438000.0,0.0,127520000.0,1316339000.0,47.595,230956000.0
11,EQT,MRY,2009-12-31,2009-12-31,2009-12-31,2021-09-07,-14440000.0,5957257000.0,5660484500.0,695166000.0,5262091000.0,0.232,16.43,-963908000.0,0.0,0.0,563879000.0,156929000.0,1.135,1.769,2086718000.0,137518000.0,1949200000.0,2086718000.0,0.0,196078000.0,0.0,0.02,0.88,365376000.0,561454000.0,0.428,561454000.0,365376000.0,253597000.0,1.2,1.19,1.2,2151030000.0,2149291000.0,2151030000.0,7644706328.0,21.0,13.616,-238167000.0,-1.819,1.0,747477000.0,0.57,0.0,111779000.0,7431301000.0,6936870250.0,182957000.0,381901000.0,163879000.0,218022000.0,3806227000.0,612674000.0,3193553000.0,5749973328.0,0.0,-6400000.0,1238000.0,380783000.0,-115368000.0,259779000.0,-985520000.0,-3000000.0,725741000.0,0.0,156929000.0,156929000.0,156929000.0,0.0,0.0,0.12,390686000.0,356791000.0,248987000.0,0.733,2.673,36.641,36.6,4914731000.0,0.0,43.92,4.385,4.385,193874000.0,1695358000.0,1311356000.0,1311356000.0,17905000.0,0.028,0.073,0.053,0.279,6768000.0,176703000.0,1.0,130919247.0,130919247,,10.017,5957257000.0,0.0,96668000.0,1096094000.0,45.503,82492000.0
12,EQT,MRY,2008-12-31,2008-12-31,2008-12-31,2021-09-07,-68737000.0,5329662000.0,4777754750.0,927182000.0,4402480000.0,0.33,15.677,-1343996000.0,0.0,0.0,854706000.0,255604000.0,0.889,1.6,1749306000.0,500106000.0,1249200000.0,1749306000.0,0.0,136816000.0,0.0,0.026,0.88,468918000.0,605734000.0,0.384,605734000.0,468918000.0,410524000.0,2.01,2.0,2.01,2050093000.0,1584454250.0,2050093000.0,6069201382.0,13.0,10.02,-834839000.0,-6.384,1.0,721782000.0,0.458,0.0,58394000.0,6036360000.0,5445042750.0,288182000.0,387312000.0,192191000.0,195121000.0,3279569000.0,1042608000.0,2236961000.0,4387418382.0,-81711000.0,-29000000.0,562588000.0,340588000.0,-111403000.0,785128000.0,-1375996000.0,-3000000.0,509157000.0,0.0,255604000.0,255604000.0,255604000.0,0.0,0.0,0.162,256976000.0,464806000.0,356732000.0,0.438,2.14,17.165,16.692,4097519000.0,0.0,33.55,2.783,2.783,258938000.0,1653797000.0,1576488000.0,1576488000.0,9064000.0,0.053,0.161,0.086,0.297,6700000.0,111096000.0,1.0,130772530.0,130772530,,12.055,5329662000.0,0.0,154920000.0,829073000.0,40.755,-115426000.0
13,EQT,MRY,2007-12-31,2007-12-31,2007-12-31,2021-09-07,-309264000.0,3936971000.0,3559602250.0,742247000.0,3194724000.0,0.382,9.021,-776667000.0,81711000.0,81711000.0,743704000.0,257483000.0,0.489,2.587,1749455000.0,995955000.0,753500000.0,1749455000.0,0.0,109802000.0,0.0,0.017,0.88,449547000.0,559349000.0,0.411,559349000.0,449547000.0,401878000.0,2.12,2.1,2.12,1097472000.0,1023755750.0,1097472000.0,7936794247.0,18.0,14.189,-349947000.0,-2.876,1.0,617702000.0,0.454,0.0,47669000.0,4085407000.0,3804523000.0,283485000.0,208184000.0,37143000.0,171041000.0,2839499000.0,1519308000.0,1320191000.0,6482224247.0,81711000.0,165359000.0,3198000.0,333330000.0,-107086000.0,245129000.0,-590138000.0,-2414000.0,426720000.0,0.0,257483000.0,257483000.0,257483000.0,0.0,0.0,0.189,179941000.0,437761000.0,279257000.0,0.415,5.907,25.175,25.132,2919491000.0,0.0,53.28,4.761,4.761,237305000.0,1509596000.0,1361406000.0,1361406000.0,862000.0,0.072,0.252,0.118,0.33,-12656000.0,195365000.0,1.0,121663368.0,121663368,,11.19,3936971000.0,0.0,144395000.0,451310000.0,32.36,-777061000.0
14,EQT,MRY,2006-12-31,2006-12-31,2006-12-31,2021-09-07,-314302000.0,3282255000.0,3084946250.0,726794000.0,2555461000.0,0.411,7.838,-403094000.0,0.0,0.0,671420000.0,220286000.0,0.658,2.469,1469750000.0,716250000.0,753500000.0,1469750000.0,0.0,100122000.0,0.0,0.021,0.87,378486000.0,478608000.0,0.377,478608000.0,378486000.0,329992000.0,1.83,1.8,1.83,946280000.0,779208500.0,946280000.0,6515024323.0,17.0,13.612,214752000.0,1.779,1.0,596490000.0,0.47,0.0,48494000.0,3646882000.0,3501169000.0,269128000.0,195968000.0,129675000.0,66293000.0,2335975000.0,1105123000.0,1230852000.0,5040159323.0,-74966000.0,0.0,34910000.0,-232301000.0,-104871000.0,-286523000.0,-406289000.0,-2471000.0,617846000.0,0.0,220286000.0,220286000.0,220286000.0,-4261000.0,0.0,0.174,223967000.0,372523000.0,213326000.0,0.475,5.326,22.88,22.814,2377471000.0,0.0,41.75,3.975,3.975,240113000.0,1363310000.0,1267910000.0,1267910000.0,802000.0,0.071,0.283,0.108,0.299,-15739000.0,125951000.0,1.0,120722379.0,120722379,,10.503,3282255000.0,0.0,109706000.0,338012000.0,27.188,-378329000.0
15,EQT,MRY,2005-12-31,2005-12-31,2005-12-31,2021-09-07,-755600000.0,3342285000.0,3382837000.0,1097223000.0,2245062000.0,0.371,2.933,-275454000.0,74966000.0,74966000.0,667253000.0,260055000.0,0.524,8.429,2396004000.0,1632504000.0,763500000.0,2396004000.0,0.0,93527000.0,0.0,0.022,0.82,457874000.0,551401000.0,0.44,551401000.0,457874000.0,413093000.0,2.15,2.1,2.15,354468000.0,510868000.0,354468000.0,7229839694.0,16.0,13.112,-587760000.0,-4.863,1.0,586471000.0,0.468,0.0,44781000.0,3570827000.0,3708459500.0,289921000.0,103648000.0,42899000.0,60749000.0,2987817000.0,2092496000.0,895321000.0,4434815694.0,74966000.0,544958000.0,-97234000.0,209801000.0,-99737000.0,39182000.0,348090000.0,-4009000.0,-312306000.0,0.0,260055000.0,260055000.0,260055000.0,-1481000.0,0.0,0.207,242659000.0,343812000.0,242618000.0,0.381,12.511,17.053,17.065,2083205000.0,0.0,36.69,3.537,3.537,308355000.0,1247895000.0,1253724000.0,1253724000.0,768000.0,0.077,0.509,0.123,0.365,0.0,140529000.0,1.0,120872600.0,120872600,,10.372,3342285000.0,0.0,153038000.0,24042000.0,27.651,-995273000.0
16,EQT,MRY,2004-12-31,2004-12-31,2004-12-31,2021-09-07,-180347000.0,3205346000.0,3027582750.0,738814000.0,2466532000.0,0.345,7.117,-201813000.0,0.0,0.0,543312000.0,279854000.0,0.663,2.665,1272315000.0,655881000.0,616434000.0,1272315000.0,0.0,82076000.0,0.0,0.024,0.72,477327000.0,559403000.0,0.535,559403000.0,477327000.0,434807000.0,2.27,2.22,2.27,874672000.0,898937500.0,874672000.0,4718151678.0,10.0,8.434,-21815000.0,-0.178,1.0,501871000.0,0.48,0.0,42520000.0,3363670000.0,3152312000.0,204625000.0,515982000.0,27585000.0,488397000.0,2330674000.0,1113991000.0,1216683000.0,3727433678.0,-34294000.0,42880000.0,-91696000.0,75399000.0,-89364000.0,-55798000.0,-158494000.0,0.0,179998000.0,0.0,279854000.0,279854000.0,279854000.0,18936000.0,0.0,0.268,230392000.0,271479000.0,171167000.0,0.317,4.262,13.319,13.361,1875131000.0,0.0,30.33,3.566,3.566,224418000.0,1087577000.0,1045183000.0,1045183000.0,0.0,0.092,0.311,0.151,0.457,0.0,130090000.0,1.0,122895934.0,122895934,,8.505,3205346000.0,0.0,154953000.0,504389000.0,26.082,-375177000.0
17,EQT,MRY,2003-12-31,2003-12-31,2003-12-31,2021-09-07,15265000.0,2947359000.0,2825565500.0,557528000.0,2389831000.0,0.31,7.753,-214642000.0,37334000.0,37334000.0,411023000.0,170001000.0,0.785,2.053,958354000.0,277235000.0,681119000.0,958354000.0,0.0,76722000.0,0.0,0.023,0.485,297566000.0,374288000.0,0.427,374288000.0,297566000.0,256036000.0,1.37,1.34,1.37,965340000.0,899465750.0,965340000.0,3607535597.0,12.0,9.638,-86081000.0,-0.691,1.0,465551000.0,0.531,51656000.0,41530000.0,3106429000.0,2992093500.0,162090000.0,452455000.0,0.0,452455000.0,1982019000.0,710294000.0,1271725000.0,2671894597.0,26126000.0,-5781000.0,-16080000.0,144284000.0,-60419000.0,112892000.0,-215327000.0,0.0,128561000.0,0.0,170001000.0,170001000.0,170001000.0,-7807000.0,0.0,0.194,189544000.0,276007000.0,146086000.0,0.354,2.768,15.717,15.664,1766782000.0,0.0,21.46,3.048,3.048,314181000.0,897087000.0,876574000.0,876574000.0,0.0,0.06,0.189,0.099,0.339,0.0,103543000.0,1.0,124505806.0,124505806,,7.04,2895703000.0,0.0,86035000.0,472002000.0,23.258,-152766000.0
18,EQT,MRY,2002-12-31,2002-12-31,2002-12-31,2021-09-07,-24533000.0,2436891000.0,2337116500.0,430051000.0,2006840000.0,0.457,6.229,-218494000.0,17748000.0,17748000.0,606904000.0,154107000.0,0.779,2.13,680021000.0,219337000.0,460684000.0,680021000.0,0.0,73029000.0,0.0,0.019,0.335,270486000.0,343515000.0,0.321,343515000.0,270486000.0,231699000.0,1.225,1.205,1.225,778639000.0,794217750.0,778639000.0,2786293362.0,10.0,8.111,-3983000.0,-0.032,1.0,462164000.0,0.432,51656000.0,38787000.0,2495768000.0,2365313500.0,74735000.0,261890000.0,0.0,261890000.0,1658252000.0,551740000.0,1106512000.0,2189901362.0,-11874000.0,0.0,-68543000.0,53127000.0,-41809000.0,-57225000.0,-169160000.0,-13622000.0,214511000.0,0.0,154107000.0,154107000.0,154107000.0,-9000000.0,0.0,0.144,184593000.0,277571000.0,136478000.0,0.273,2.812,14.21,14.302,1561815000.0,0.0,17.52,2.048,2.048,298732000.0,787505000.0,1069068000.0,1069068000.0,0.0,0.066,0.194,0.114,0.253,0.0,109825000.0,1.0,124994370.0,124994370,,8.553,2385235000.0,0.0,77592000.0,363900000.0,19.083,-121689000.0
19,EQT,MRY,2001-12-31,2001-12-31,2001-12-31,2021-09-07,91380000.0,2518747000.0,2401673250.0,613344000.0,1905403000.0,0.462,6.615,-63621000.0,92578000.0,92578000.0,622333000.0,151808000.0,0.928,1.977,672602000.0,340945000.0,331657000.0,672602000.0,0.0,75041000.0,0.0,0.018,0.314,280629000.0,355670000.0,0.321,355670000.0,280629000.0,239531000.0,1.18,1.15,1.18,846154000.0,808488500.0,846154000.0,2720706764.0,10.0,7.65,66248000.0,0.518,1.0,487001000.0,0.439,57364000.0,41098000.0,2380415000.0,2235464500.0,96445000.0,253214000.0,0.0,253214000.0,1672593000.0,660992000.0,1011601000.0,2178956764.0,-22401000.0,0.0,-54348000.0,68195000.0,-40356000.0,-26509000.0,-125761000.0,816000.0,129869000.0,0.0,151808000.0,151808000.0,151808000.0,0.0,0.0,0.137,232473000.0,254528000.0,101654000.0,0.266,2.575,14.353,14.436,1414277000.0,0.0,17.035,1.964,1.964,259407000.0,675207000.0,1109334000.0,1109334000.0,34500000.0,0.063,0.188,0.126,0.253,0.0,124743000.0,1.0,127910582.0,127910582,,8.673,2461383000.0,0.0,87723000.0,378969000.0,19.243,-47648000.0
20,EQT,MRY,2000-12-31,2000-12-31,2000-12-31,2021-09-07,7000.0,2424914000.0,2442408250.0,583736000.0,1841178000.0,0.424,5.314,261342000.0,52023000.0,52023000.0,562600000.0,106173000.0,0.69,2.496,600617000.0,312828000.0,287789000.0,600617000.0,30232000.0,99006000.0,0.0,0.018,0.295,239005000.0,338011000.0,0.326,338011000.0,239005000.0,163344000.0,0.815,0.8,0.815,693695000.0,679392250.0,693695000.0,3210322240.0,13.0,9.498,622495000.0,4.769,1.0,473931000.0,0.457,60635000.0,75661000.0,2067292000.0,2342863250.0,85246000.0,230651000.0,0.0,230651000.0,1731219000.0,845581000.0,885638000.0,2178431240.0,33992000.0,-519021000.0,-20444000.0,94781000.0,-38490000.0,35847000.0,-363008000.0,-105329000.0,361153000.0,0.0,106173000.0,106173000.0,106173000.0,0.0,0.0,0.102,259697000.0,214234000.0,285723000.0,0.362,3.14,20.518,20.475,1419429000.0,0.0,16.688,2.102,2.102,403399000.0,563755000.0,1036531000.0,1036531000.0,45870000.0,0.043,0.156,0.102,0.231,0.0,116050000.0,1.0,130542696.0,130542696,,7.94,2364279000.0,0.0,57171000.0,263244000.0,18.111,-261845000.0
21,EQT,MRY,1999-12-31,1999-12-31,1999-12-31,2021-09-07,34000.0,1789574000.0,1765171250.0,326838000.0,1462736000.0,0.59,4.864,-93056000.0,18031000.0,18031000.0,686941000.0,69130000.0,0.737,1.784,505836000.0,207486000.0,298350000.0,505836000.0,45735000.0,123822000.0,0.0,0.035,0.295,145618000.0,269440000.0,0.259,269440000.0,145618000.0,108486000.0,0.51,0.505,0.51,642810000.0,663284750.0,642810000.0,1512981680.0,10.0,5.615,61262000.0,0.464,1.0,355072000.0,0.341,64382000.0,37132000.0,1769751000.0,1817831500.0,40859000.0,40873000.0,0.0,40873000.0,1146764000.0,443246000.0,703518000.0,1102741680.0,-84413000.0,-62847000.0,-94615000.0,33811000.0,-40384000.0,-101188000.0,-137543000.0,18360000.0,154318000.0,0.0,69130000.0,69130000.0,69130000.0,0.0,0.0,0.066,212317000.0,142755000.0,81444000.0,0.578,1.716,15.952,16.363,1221431000.0,0.0,8.345,1.058,1.058,194789000.0,496072000.0,1042013000.0,1042013000.0,9288000.0,0.039,0.104,0.08,0.14,0.0,102307000.0,1.0,132144000.0,132144000,,7.885,1725192000.0,0.0,39356000.0,200510000.0,13.055,-116408000.0
22,EQT,MRY,1998-12-31,1998-12-31,1998-12-31,2021-09-07,-9000.0,1860856000.0,2143532000.0,451442000.0,1409414000.0,0.397,4.808,147537000.0,102444000.0,102444000.0,554542000.0,-44119000.0,1.021,1.627,471189000.0,189839000.0,281350000.0,471189000.0,70441000.0,93441000.0,0.0,0.041,0.295,-26198000.0,67243000.0,0.079,67243000.0,-26198000.0,-66500000.0,-0.297,-0.297,-0.297,708419000.0,796516000.0,708419000.0,1682407680.0,-64.0,25.02,237764000.0,1.614,1.0,297269000.0,0.349,68128000.0,40302000.0,1719513000.0,2097354250.0,33743000.0,17437000.0,0.0,17437000.0,1152437000.0,441960000.0,710477000.0,1081771680.0,33002000.0,-14393000.0,-35251000.0,-245177000.0,-43800000.0,-199228000.0,142003000.0,8859000.0,90227000.0,0.0,-44119000.0,-44119000.0,-44119000.0,8804000.0,0.0,-0.052,309067000.0,-11798000.0,147979000.0,-0.993,1.527,-24.519,-24.52,1194443000.0,0.0,7.282,1.27,1.26,240978000.0,467326000.0,851811000.0,851811000.0,27211000.0,-0.021,-0.055,-0.012,-0.031,0.0,114846000.0,1.0,148544000.0,147332000,147332000.0,5.782,1792728000.0,0.0,-22381000.0,190371000.0,12.168,9482000.0
23,EQT,MRY,1997-12-31,1997-12-31,1997-12-31,2021-09-07,-53000.0,2328051000.0,2160506500.0,684734000.0,1643317000.0,0.423,5.718,-78629000.0,69442000.0,69442000.0,603214000.0,78057000.0,0.918,1.827,704008000.0,286444000.0,417564000.0,704008000.0,85518000.0,83957000.0,0.0,0.033,0.295,156170000.0,240127000.0,0.263,240127000.0,156170000.0,121267000.0,0.542,0.54,0.542,823520000.0,770919750.0,823520000.0,1896311297.0,12.0,7.897,43232000.0,0.3,1.0,309855000.0,0.339,66823000.0,34903000.0,2150093000.0,2154277750.0,37156000.0,0.0,0.0,0.0,1504531000.0,745701000.0,758830000.0,1301355297.0,54705000.0,-427000.0,-21965000.0,76544000.0,-42679000.0,11900000.0,-79056000.0,0.0,121861000.0,0.0,78057000.0,78057000.0,78057000.0,-3870000.0,0.0,0.085,157555000.0,152300000.0,288192000.0,0.544,1.58,16.672,16.319,1187002000.0,0.0,8.845,1.425,1.395,386648000.0,555245000.0,913069000.0,913069000.0,7260000.0,0.036,0.101,0.072,0.171,0.0,100328000.0,1.0,147128920.0,144012000,144012000.0,6.34,2261228000.0,0.0,43210000.0,227028000.0,15.702,-60967000.0
24,EQT,MRY,1996-12-31,1996-12-31,1996-12-31,2021-09-07,0.0,2096299000.0,2024862000.0,485761000.0,1610538000.0,0.423,5.274,-83997000.0,14737000.0,14737000.0,566266000.0,59379000.0,0.933,1.824,627012000.0,204900000.0,422112000.0,627012000.0,107674000.0,68319000.0,0.0,0.04,0.295,116261000.0,184580000.0,0.216,184580000.0,116261000.0,86424000.0,0.422,0.422,0.422,742283000.0,736035500.0,742283000.0,,,,-18429000.0,-0.131,1.0,290101000.0,0.339,8396000.0,29837000.0,2179764000.0,2126902000.0,38009000.0,0.0,0.0,0.0,1354016000.0,520414000.0,833602000.0,1056376179.0,-15432000.0,0.0,2273000.0,64379000.0,-41548000.0,25104000.0,-106104000.0,0.0,65568000.0,0.0,59379000.0,59379000.0,59379000.0,-5852000.0,0.0,0.069,179692000.0,110409000.0,231969000.0,0.699,1.423,17.79,17.624,1479685000.0,0.0,7.438,1.234,1.222,320332000.0,519867000.0,856367000.0,856367000.0,14785000.0,0.029,0.081,0.055,0.136,0.0,101825000.0,1.0,142033772.0,140752000,140752000.0,6.084,2087903000.0,0.0,27045000.0,280592000.0,14.834,-34653000.0
25,EQT,MRY,1995-12-31,1995-12-31,1995-12-31,2021-09-07,0.0,1963313000.0,,379254000.0,1584059000.0,,5.138,-93502000.0,30169000.0,30169000.0,911357000.0,1548000.0,0.97,1.746,550527000.0,135000000.0,415527000.0,550527000.0,129874000.0,104625000.0,9759000.0,0.038,0.295,22339000.0,126964000.0,0.089,126964000.0,22339000.0,-27759000.0,0.01,0.01,0.01,715079000.0,,715079000.0,,,,186300000.0,1.339,1.0,514633000.0,0.361,0.0,50098000.0,2092887000.0,,22499000.0,0.0,0.0,0.0,1248234000.0,390784000.0,857450000.0,,6754000.0,0.0,2516000.0,-140964000.0,-41098000.0,-179546000.0,-93502000.0,0.0,279802000.0,0.0,1548000.0,1548000.0,1548000.0,0.0,0.0,0.001,492681000.0,21952000.0,182185000.0,29.5,,,781.25,1457583000.0,0.0,7.812,,0.762,272598000.0,,1425990000.0,1425990000.0,0.0,,,,0.016,0.0,0.0,1.0,,139172000,139172000.0,10.246,1963313000.0,1505000.0,-29307000.0,304835000.0,14.107,-11530000.0
26,EQT,MRY,1994-12-31,1994-12-31,1994-12-31,2021-09-07,,,,,,,,-144979000.0,,,926905000.0,60729000.0,,,,,,,,93347000.0,,0.042,0.287,113411000.0,206758000.0,0.148,206758000.0,113411000.0,69506000.0,0.44,,0.44,,,,,,,-9844000.0,-0.071,1.0,470375000.0,0.337,,43905000.0,,,,,,,,,,,8378000.0,0.0,1396000.0,56512000.0,-39686000.0,18222000.0,-144979000.0,0.0,135135000.0,0.0,60729000.0,60729000.0,60729000.0,0.0,0.0,0.043,360127000.0,110248000.0,,0.652,,,15.415,,0.0,6.782,,0.67,,,1397280000.0,1397280000.0,0.0,,,,0.081,0.0,0.0,1.0,,138036000,,10.123,,,8777000.0,,,
0,EQT,MRQ,2021-06-30,2021-06-30,2021-06-30,2021-09-07,-5194000.0,18985257000.0,,2168655000.0,16816602000.0,,29.703,-218982000.0,330770000.0,330770000.0,511562000.0,-936519000.0,0.589,1.288,7656571000.0,2559952000.0,5096619000.0,7656571000.0,0.0,391417000.0,0.0,0.0,0.0,-1207317000.0,-815900000.0,3.137,-815900000.0,-1207317000.0,-1284303000.0,-3.35,-3.35,-3.35,8291758000.0,,8291758000.0,11629158281.0,-6.0,-41.352,-175503000.0,-0.629,1.0,-771678000.0,2.967,0.0,76986000.0,22631857000.0,,0.0,648855000.0,648855000.0,0.0,10682835000.0,3679201000.0,7003634000.0,6212722281.0,290100000.0,-209764000.0,0.0,673660000.0,0.0,673609000.0,-426988000.0,0.0,43479000.0,0.0,-936457000.0,-936457000.0,-936457000.0,0.0,-62000.0,3.6,445963000.0,-1217641000.0,820134000.0,0.0,0.749,-4.104,-4.025,15819071000.0,0.0,22.26,2.938,2.939,651568000.0,71284000.0,-260116000.0,-260116000.0,1779000.0,,,,,7276000.0,49853000.0,1.0,279098036.0,279156000,279156000.0,-0.932,18985257000.0,0.0,-347846000.0,1009721000.0,68.009,-1510546000.0
1,EQT,MRQ,2021-03-31,2021-03-31,2021-03-31,2021-09-07,-5275000.0,18039404000.0,,1313705000.0,16725699000.0,,33.063,-251277000.0,40670000.0,40670000.0,493014000.0,-41032000.0,0.751,0.955,5457106000.0,680349000.0,4776757000.0,5457106000.0,0.0,388084000.0,0.0,0.0,0.0,20087000.0,408171000.0,0.43,408171000.0,20087000.0,-55012000.0,-0.15,-0.15,-0.15,9219640000.0,,9219640000.0,10689248960.0,-12.0,18.627,148638000.0,0.533,1.0,456909000.0,0.481,0.0,75099000.0,21705813000.0,,0.0,431949000.0,431949000.0,0.0,8809038000.0,1750027000.0,7059011000.0,5181115960.0,22460000.0,0.0,0.0,-130663000.0,0.0,-129545000.0,-247910000.0,0.0,399915000.0,0.0,-40518000.0,-40518000.0,-40518000.0,0.0,-514000.0,-0.043,448064000.0,8845000.0,812273000.0,0.0,0.562,-6.164,-5.788,15898016000.0,0.0,18.58,1.786,1.786,682496000.0,1007741000.0,949923000.0,949923000.0,949000.0,,,,,6239000.0,45006000.0,1.0,278854465.0,278852000,278852000.0,3.407,18039404000.0,0.0,-14494000.0,1358489000.0,64.692,-436322000.0
2,EQT,MRQ,2020-12-31,2020-12-31,2020-12-31,2021-09-07,-5355000.0,18113469000.0,,1215450000.0,16898019000.0,,33.545,-253847000.0,18210000.0,18210000.0,474597000.0,63678000.0,0.69,0.956,5526343000.0,755038000.0,4771305000.0,5526343000.0,0.0,387567000.0,0.0,0.002,0.0,135054000.0,522621000.0,0.417,522621000.0,135054000.0,60768000.0,0.32,0.32,0.32,9255240000.0,,9255240000.0,8860561091.0,-9.0,19.176,152277000.0,0.552,1.0,777988000.0,0.621,0.0,74286000.0,21859192000.0,,0.0,527073000.0,527073000.0,0.0,8850739000.0,1762410000.0,7088329000.0,3248661091.0,4542000.0,-679098000.0,340923000.0,183087000.0,0.0,531510000.0,-933092000.0,0.0,406124000.0,0.0,63688000.0,63688000.0,63688000.0,0.0,-10000.0,0.051,631905000.0,146083000.0,705461000.0,0.0,0.351,-3.359,-3.426,16054265000.0,0.0,12.71,1.062,1.083,566552000.0,1048259000.0,1252585000.0,1252585000.0,525000.0,,,,,4326000.0,40160000.0,1.0,255598827.0,275904000,275904000.0,4.54,18113469000.0,0.0,-2920000.0,1371967000.0,65.651,-546960000.0
3,EQT,MRQ,2020-09-30,2020-09-30,2020-09-30,2021-09-07,-5043000.0,17574735000.0,,1342154000.0,16232581000.0,,34.61,-276289000.0,13668000.0,13668000.0,467361000.0,-600640000.0,0.73,0.987,5625568000.0,927981000.0,4697587000.0,5625568000.0,0.0,361127000.0,0.0,0.005,0.0,-757243000.0,-396116000.0,-2.301,-396116000.0,-757243000.0,-826397000.0,-2.35,-2.35,-2.35,8845809000.0,,8845809000.0,8548128807.0,-3.0,-7.348,-91833000.0,-0.359,1.0,-295234000.0,-1.715,3573000.0,69154000.0,21343545000.0,,0.0,717652000.0,503648000.0,214004000.0,8728926000.0,1839517000.0,6889409000.0,3304948807.0,10700000.0,2299000.0,0.0,100274000.0,0.0,99982000.0,-273738000.0,0.0,184456000.0,0.0,-600640000.0,-600640000.0,-600640000.0,0.0,0.0,-3.49,464961000.0,-760195000.0,693141000.0,0.0,0.374,-1.497,-1.497,15557417000.0,0.0,12.93,1.173,1.173,428439000.0,984571000.0,172127000.0,172127000.0,3160000.0,,,,,7103000.0,56330000.0,1.0,255603156.0,255589000,255589000.0,0.673,17571162000.0,50753000.0,-225757000.0,1336629000.0,68.748,-497363000.0
4,EQT,MRQ,2020-06-30,2020-06-30,2020-06-30,2021-09-07,-5115000.0,18008868000.0,,1541795000.0,16467073000.0,,36.939,-255939000.0,2968000.0,2968000.0,443965000.0,-263075000.0,0.988,0.908,5246148000.0,642117000.0,4604031000.0,5246148000.0,0.0,339884000.0,0.0,0.008,0.0,-300692000.0,39192000.0,0.074,39192000.0,-300692000.0,-366078000.0,-1.03,-1.03,-1.03,9438827000.0,,9438827000.0,8585549540.0,-4.0,-11.28,190920000.0,0.747,1.0,83109000.0,0.158,11050000.0,65386000.0,21680412000.0,,0.0,1125682000.0,915441000.0,210241000.0,8570041000.0,1560586000.0,7009455000.0,3040735540.0,-15683000.0,110937000.0,0.0,-317265000.0,0.0,-317265000.0,-145277000.0,0.0,446859000.0,0.0,-263075000.0,-263075000.0,-263075000.0,0.0,0.0,-0.499,470021000.0,-386912000.0,686512000.0,0.0,0.322,-1.545,-1.545,15704073000.0,0.0,11.9,0.845,0.845,341461000.0,1585211000.0,527074000.0,527074000.0,876000.0,,,,,3439000.0,43341000.0,1.0,255523995.0,255524000,255524000.0,2.063,17997818000.0,201934000.0,-103003000.0,1550249000.0,70.435,-18791000.0
5,EQT,MRQ,2020-03-31,2020-03-31,2020-03-31,2021-09-07,-5187000.0,18634517000.0,,1948043000.0,16686474000.0,,37.716,-256156000.0,18651000.0,18651000.0,480214000.0,-167139000.0,1.322,0.934,5563465000.0,542857000.0,5020608000.0,5563465000.0,0.0,368307000.0,0.0,0.017,0.03,-71943000.0,296364000.0,0.268,296364000.0,-71943000.0,-134317000.0,-0.65,-0.65,-0.65,9633878000.0,,9633878000.0,7407138780.0,-4.0,-38.009,244106000.0,0.956,1.0,626843000.0,0.566,18528000.0,62374000.0,22687571000.0,,0.0,1180760000.0,1053502000.0,127258000.0,9000639000.0,1473232000.0,7527407000.0,1806059780.0,14055000.0,52323000.0,0.0,-274546000.0,-7664000.0,-282514000.0,-203693000.0,0.0,500262000.0,0.0,-167139000.0,-167139000.0,-167139000.0,0.0,0.0,-0.151,503485000.0,123358000.0,692268000.0,-0.046,0.187,-1.143,-1.144,15965542000.0,0.0,7.07,0.412,0.412,441137000.0,1848286000.0,1107057000.0,1107057000.0,923000.0,,,,,4684000.0,34938000.0,1.0,255454000.0,255435000,255435000.0,4.334,18615989000.0,391663000.0,32822000.0,1612894000.0,72.88,474811000.0
6,EQT,MRQ,2019-12-31,2019-12-31,2019-12-31,2021-09-07,-5199000.0,18809227000.0,,1754855000.0,17054372000.0,,38.392,-345121000.0,4596000.0,4596000.0,474820000.0,-1176924000.0,1.304,0.919,5605675000.0,328900000.0,5276775000.0,5605675000.0,0.0,395614000.0,0.0,0.011,0.03,-1498390000.0,-1102776000.0,-1.09,-1102776000.0,-1498390000.0,-1543456000.0,-4.61,-4.61,-4.61,9803588000.0,,9803588000.0,8278361878.0,-6.0,41.322,-127271000.0,-0.498,1.0,536663000.0,0.531,0.0,45066000.0,23064404000.0,,0.0,1488673000.0,812664000.0,676009000.0,9005639000.0,1345902000.0,7659737000.0,2786513878.0,-2946000.0,0.0,0.0,131810000.0,-7670000.0,124136000.0,-344932000.0,0.0,217850000.0,0.0,-1176924000.0,-1176924000.0,-1176924000.0,0.0,0.0,-1.164,1998730000.0,-1462067000.0,796438000.0,-0.007,0.284,-2.281,-2.276,16155490000.0,0.0,10.9,0.631,0.63,610088000.0,2023089000.0,1011483000.0,1011483000.0,867000.0,,,,,1780000.0,-43951000.0,1.0,255643475.0,255357000,255357000.0,3.961,18809227000.0,298854000.0,-366532000.0,1485814000.0,73.659,408953000.0
7,EQT,MRQ,2019-09-30,2019-09-30,2019-09-30,2021-09-07,-5546000.0,20160449000.0,,1495220000.0,18665229000.0,,42.696,-491552000.0,7542000.0,7542000.0,475763000.0,-361028000.0,1.031,0.85,5499390000.0,344911000.0,5154479000.0,5499390000.0,0.0,405725000.0,0.0,0.011,0.03,-399662000.0,6063000.0,0.006,6063000.0,-399662000.0,-447371000.0,-1.41,-1.41,-1.41,10897625000.0,,10897625000.0,8064968594.0,-14.0,7.475,-172531000.0,-0.676,1.0,475813000.0,0.5,33483000.0,47709000.0,24169104000.0,,0.0,1507857000.0,771634000.0,736223000.0,9262824000.0,1449710000.0,7813114000.0,2718508594.0,-22628000.0,0.0,0.0,159827000.0,-7668000.0,149932000.0,-491581000.0,0.0,319021000.0,0.0,-361028000.0,-361028000.0,-361028000.0,0.0,0.0,-0.379,637342000.0,-161529000.0,755102000.0,-0.021,0.249,-3.989,-4.015,17569994000.0,0.0,10.64,0.585,0.584,552260000.0,3117015000.0,951576000.0,951576000.0,3492000.0,,,,,19952000.0,79376000.0,1.0,255498928.0,255235000,255235000.0,3.728,20126966000.0,127789000.0,-86343000.0,1809650000.0,78.857,45510000.0
8,EQT,MRQ,2019-06-30,2019-06-30,2019-06-30,2021-09-07,-5666000.0,20479347000.0,,1598091000.0,18881256000.0,,44.095,-394753000.0,30170000.0,30170000.0,473300000.0,125566000.0,1.042,0.821,5376630000.0,383664000.0,4992966000.0,5376630000.0,0.0,390539000.0,0.0,0.008,0.03,214934000.0,605473000.0,0.462,605473000.0,214934000.0,164431000.0,0.49,0.49,0.49,11248475000.0,,11248475000.0,9351910775.0,-40.0,6.425,48793000.0,0.191,1.0,836952000.0,0.639,56649000.0,50503000.0,24235870000.0,,0.0,1785682000.0,788366000.0,997316000.0,9230872000.0,1533288000.0,7697584000.0,4036046775.0,-10676000.0,0.0,0.0,-52070000.0,-7665000.0,-59924000.0,-394298000.0,0.0,443546000.0,0.0,125566000.0,125566000.0,125566000.0,0.0,0.0,0.096,540922000.0,296030000.0,850847000.0,0.061,0.359,-11.207,-11.374,17505652000.0,0.0,15.81,0.85,0.849,639020000.0,3485711000.0,1310252000.0,1310252000.0,1857000.0,,,,,5648000.0,86208000.0,1.0,255284426.0,255099000,255223000.0,5.136,20422698000.0,127387000.0,38865000.0,1897455000.0,80.058,64803000.0
9,EQT,MRQ,2019-03-31,2019-03-31,2019-03-31,2021-09-07,-5784000.0,20339685000.0,,1380041000.0,18959644000.0,,43.705,-371028000.0,40846000.0,40846000.0,482654000.0,190691000.0,0.631,0.826,5356710000.0,1013284000.0,4343426000.0,5356710000.0,0.0,406079000.0,0.0,0.006,0.03,285498000.0,691577000.0,0.605,691577000.0,285498000.0,228925000.0,0.75,0.75,0.75,11139588000.0,,11139588000.0,11113708880.0,-24.0,8.871,500259000.0,1.963,1.0,660519000.0,0.578,66991000.0,56573000.0,23403068000.0,,0.0,1472311000.0,370254000.0,1102057000.0,9200097000.0,2185490000.0,7014607000.0,5283763880.0,37359000.0,0.0,0.0,-451141000.0,-7652000.0,-463597000.0,-370331000.0,0.0,871287000.0,0.0,190691000.0,190691000.0,190691000.0,0.0,0.0,0.167,485063000.0,175456000.0,877498000.0,0.04,0.474,-11.293,-11.459,17453212000.0,0.0,20.74,1.204,1.204,817535000.0,3367810000.0,1143173000.0,1143173000.0,1007000.0,,,,,3853000.0,48978000.0,1.0,254762000.0,254879000,255226000.0,4.485,20272694000.0,130567000.0,38234000.0,1859578000.0,79.539,-805449000.0
10,EQT,MRQ,2018-12-31,2018-12-31,2018-12-31,2021-09-07,-5406000.0,20721344000.0,,1969664000.0,18751680000.0,,42.926,-881734000.0,3487000.0,3487000.0,478072000.0,-761973000.0,0.836,0.891,5833432000.0,1040441000.0,4792991000.0,5833432000.0,0.0,454505000.0,0.0,0.006,0.03,-678728000.0,-224223000.0,-0.18,-224223000.0,-678728000.0,-736475000.0,-2.48,-2.48,-2.48,10958229000.0,,10958229000.0,13493026140.0,-5.0,-14.384,-350868000.0,-1.374,1.0,767066000.0,0.616,77333000.0,57747000.0,24118955000.0,,0.0,1494656000.0,481654000.0,1013002000.0,9763115000.0,2355001000.0,7408114000.0,4806107140.0,-1368000.0,-375408000.0,0.0,965906000.0,-7639000.0,727410000.0,-1259644000.0,0.0,530866000.0,0.0,-636687000.0,-636687000.0,-636687000.0,163911000.0,-125286000.0,-0.511,1337757000.0,-570691000.0,1059873000.0,-0.012,0.439,-2.141,-2.197,17392507000.0,0.0,18.89,1.054,1.081,1241843000.0,3184275000.0,1245138000.0,1245138000.0,291000.0,,,,,2052000.0,77953000.0,1.0,254426000.0,255280000,255280000.0,4.878,20644011000.0,131573000.0,-99788000.0,1823381000.0,80.868,-385337000.0
11,EQT,MRQ,2018-09-30,2018-09-30,2018-09-30,2021-09-07,-3251000.0,28661329000.0,,1234658000.0,27426671000.0,,42.38,-1156626000.0,4855000.0,4855000.0,463481000.0,63448000.0,0.467,1.131,8691774000.0,883204000.0,7808570000.0,8691774000.0,0.0,438270000.0,0.0,0.003,0.03,-55474000.0,382796000.0,0.365,382796000.0,-55474000.0,-111654000.0,-0.15,-0.15,-0.15,11000175000.0,,11000175000.0,19657660000.0,-10.0,-53.544,-252360000.0,-0.972,1.0,586565000.0,0.559,2672901000.0,56180000.0,32029271000.0,,0.0,1615994000.0,315564000.0,1300430000.0,12443937000.0,2646076000.0,9797861000.0,11676720000.0,-693177000.0,200149000.0,-500208000.0,-31954000.0,-7838000.0,-640221000.0,-957222000.0,0.0,904266000.0,0.0,-39693000.0,-39693000.0,-39693000.0,-190795000.0,103141000.0,-0.038,734016000.0,-147451000.0,978757000.0,-0.2,1.062,-35.62,67.015,23129894000.0,0.0,44.23,2.806,2.759,882386000.0,2369271000.0,1050046000.0,1050046000.0,3596000.0,,,,,8589000.0,51816000.0,1.0,264000000.0,259560000,259560000.0,4.045,25988428000.0,0.0,-71961000.0,1212867000.0,100.125,-1411418000.0
12,EQT,MRQ,2018-06-30,2018-06-30,2018-06-30,2021-09-07,-2959000.0,28963228000.0,,1780812000.0,27182416000.0,,44.068,-964077000.0,698032000.0,698032000.0,475932000.0,136346000.0,0.756,1.05,8678972000.0,845385000.0,7833587000.0,8678972000.0,0.0,422678000.0,0.0,0.002,0.03,-19996000.0,402682000.0,0.424,402682000.0,-19996000.0,-77116000.0,0.07,0.07,0.07,11679283000.0,,11679283000.0,21928342000.0,-11.0,-49.732,-327365000.0,-1.235,1.0,474716000.0,0.499,2693629000.0,57120000.0,31894296000.0,,0.0,1273587000.0,270288000.0,1003299000.0,12260609000.0,2356243000.0,9904366000.0,14622700000.0,487650000.0,54716000.0,-38686000.0,1077705000.0,-7956000.0,763740000.0,-912802000.0,0.0,636712000.0,0.0,17806000.0,17806000.0,17806000.0,-213324000.0,118540000.0,0.019,589366000.0,-114650000.0,754120000.0,0.429,1.252,-55.226,58.702,23164666000.0,0.0,55.18,3.878,3.878,774702000.0,2416802000.0,950648000.0,950648000.0,1653000.0,,,,,8656000.0,62959000.0,1.0,265000000.0,265030000,265154000.0,3.587,26269599000.0,0.0,-94922000.0,1324352000.0,99.119,-575431000.0
13,EQT,MRQ,2018-03-31,2018-03-31,2018-03-31,2021-09-07,-2615000.0,27632346000.0,,1191581000.0,26440765000.0,,44.233,-729327000.0,210382000.0,210382000.0,475291000.0,-1444979000.0,1.075,0.919,7516024000.0,59198000.0,7456826000.0,7516024000.0,0.0,458621000.0,0.0,0.003,0.03,-1957923000.0,-1499302000.0,-1.143,-1499302000.0,-1957923000.0,-2015834000.0,-5.99,-5.99,-5.99,11716322000.0,,11716322000.0,19888440230.0,-11.0,-40.765,175085000.0,0.661,1.0,836745000.0,0.638,2714357000.0,57911000.0,31114955000.0,,0.0,808711000.0,262283000.0,546428000.0,10768584000.0,1108676000.0,9659908000.0,12565112230.0,63067000.0,-117019000.0,1937000.0,123001000.0,-7942000.0,8091000.0,-849436000.0,0.0,904412000.0,0.0,-1585994000.0,-1585994000.0,-1585994000.0,0.0,141015000.0,-1.209,2787077000.0,-1950332000.0,699520000.0,-0.005,1.072,-52.039,42.802,22875840000.0,0.0,47.51,3.581,3.586,674104000.0,2406952000.0,1312036000.0,1312036000.0,1225000.0,,,,,5892000.0,39815000.0,1.0,264473000.0,264877000,264877000.0,4.953,24917989000.0,0.0,-429840000.0,1431148000.0,94.074,82905000.0
14,EQT,MRQ,2017-12-31,2017-12-31,2017-12-31,2021-09-07,-2458000.0,29522604000.0,,1163055000.0,28359549000.0,,71.083,32620000.0,26311000.0,26311000.0,757207000.0,1379335000.0,0.944,0.834,6136418000.0,151495000.0,5984923000.0,6136418000.0,0.0,343270000.0,0.0,0.002,0.03,3423000.0,346693000.0,0.409,346693000.0,3423000.0,-27438000.0,6.73,6.72,6.73,13319618000.0,,13319618000.0,12853010560.0,26.0,8.289,458946000.0,2.449,1.0,91489000.0,0.108,589549000.0,30861000.0,33810925000.0,,0.0,241952000.0,241952000.0,0.0,11107991000.0,1232237000.0,9875754000.0,9866683560.0,-336243000.0,-2431758000.0,229000.0,1763940000.0,-5207000.0,1647989000.0,-2410558000.0,0.0,426326000.0,0.0,1280071000.0,1280071000.0,1280071000.0,0.0,99264000.0,1.508,428407000.0,-336918000.0,726433000.0,0.004,0.741,6.541,7.071,19730008000.0,0.0,56.92,3.192,3.451,664685000.0,3996775000.0,848696000.0,848696000.0,8526000.0,,,,,66698000.0,18095000.0,1.0,173343000.0,187380000,187727000.0,4.529,28933055000.0,14385000.0,-1307509000.0,1889962000.0,154.408,-69182000.0
15,EQT,MRQ,2017-09-30,2017-09-30,2017-09-30,2021-09-07,-1631000.0,15984648000.0,,858458000.0,15126190000.0,,35.092,-480159000.0,483558000.0,483558000.0,195321000.0,105457000.0,0.598,1.078,3469885000.0,778844000.0,2691041000.0,3469885000.0,0.0,246560000.0,0.0,0.002,0.03,62436000.0,308996000.0,0.469,308996000.0,62436000.0,12059000.0,0.13,0.13,0.13,6087670000.0,,6087670000.0,14135551480.0,135.0,13.227,-77781000.0,-0.448,1.0,464092000.0,0.704,0.0,50377000.0,17535716000.0,,0.0,407533000.0,67555000.0,339978000.0,6559971000.0,1435259000.0,5124712000.0,11307853480.0,-88786000.0,-43508000.0,0.0,91321000.0,-5207000.0,32503000.0,-523667000.0,0.0,402378000.0,0.0,23340000.0,23340000.0,23340000.0,0.0,82117000.0,0.035,326065000.0,138027000.0,388059000.0,0.231,1.858,309.804,343.368,14541262000.0,0.0,65.24,4.712,4.716,279201000.0,2721911000.0,659413000.0,659413000.0,2436000.0,,,,,6597000.0,66263000.0,1.0,173327000.0,173476000,173675000.0,3.801,15984648000.0,0.0,-11281000.0,1866208000.0,92.143,-576801000.0
16,EQT,MRQ,2017-06-30,2017-06-30,2017-06-30,2021-09-07,-293000.0,15724011000.0,,996853000.0,14727158000.0,,34.948,-510785000.0,572344000.0,572344000.0,197409000.0,122645000.0,0.735,1.047,3400042000.0,815069000.0,2584973000.0,3400042000.0,0.0,240817000.0,0.0,0.002,0.03,114913000.0,355730000.0,0.516,355730000.0,114913000.0,70835000.0,0.24,0.24,0.24,6062176000.0,,6062176000.0,12682482440.0,153.0,12.22,-216608000.0,-1.249,1.0,491333000.0,0.713,0.0,44078000.0,17195983000.0,,0.0,346179000.0,85442000.0,260737000.0,6346441000.0,1355726000.0,4990715000.0,10154584440.0,-327031000.0,-40180000.0,-8000.0,0.0,-5207000.0,-70243000.0,-550965000.0,0.0,294177000.0,0.0,41126000.0,41126000.0,41126000.0,0.0,81519000.0,0.06,301206000.0,190127000.0,368422000.0,0.125,1.675,1974.064,5859.0,14257262000.0,0.0,58.59,4.42,4.424,310975000.0,2703778000.0,688742000.0,688742000.0,3481000.0,,,,,6532000.0,52670000.0,1.0,173316000.0,173462000,173582000.0,3.971,15724011000.0,0.0,29709000.0,1876324000.0,90.648,-358873000.0
17,EQT,MRQ,2017-03-31,2017-03-31,2017-03-31,2021-09-07,1266000.0,15646614000.0,,1251953000.0,14394661000.0,,34.751,-980878000.0,899375000.0,899375000.0,196195000.0,250705000.0,1.399,1.053,3427273000.0,344335000.0,3082938000.0,3427273000.0,0.0,231918000.0,0.0,0.002,0.03,307312000.0,539230000.0,0.603,539230000.0,307312000.0,264657000.0,0.95,0.95,0.95,6019343000.0,,6019343000.0,12929263800.0,-30.0,25.249,-466061000.0,-2.691,1.0,697974000.0,0.781,0.0,42655000.0,17279769000.0,,0.0,296699000.0,59391000.0,237308000.0,6336038000.0,894743000.0,5441295000.0,10560401800.0,-279165000.0,-19760000.0,-7000.0,0.0,-5206000.0,-77102000.0,-716880000.0,283758000.0,514817000.0,0.0,163992000.0,163992000.0,163992000.0,0.0,86713000.0,0.183,306997000.0,390977000.0,318143000.0,0.032,1.754,-35.843,-34.326,13950145000.0,0.0,61.1,6.083,6.096,278981000.0,2667859000.0,894169000.0,894169000.0,3122000.0,,,,,14765000.0,71957000.0,1.0,172838000.0,173213000,173511000.0,5.162,15646614000.0,0.0,100665000.0,1841806000.0,90.332,357210000.0
18,EQT,MRQ,2016-12-31,2016-12-31,2016-12-31,2021-09-07,2042000.0,15472922000.0,,1828219000.0,13644703000.0,,34.008,-983695000.0,1178540000.0,1178540000.0,625299000.0,-108785000.0,2.272,1.084,3547402000.0,257943000.0,3289459000.0,3547402000.0,0.0,244972000.0,0.0,0.002,0.03,-380211000.0,-135239000.0,-0.857,-135239000.0,-380211000.0,-402901000.0,-1.13,-1.13,-1.13,5860281000.0,,5860281000.0,12496589200.0,-18.0,51.357,-687074000.0,-3.987,1.0,-467571000.0,-2.964,0.0,22690000.0,17037144000.0,,0.0,504011000.0,319449000.0,184562000.0,6353675000.0,804640000.0,5549035000.0,11298373200.0,-578874000.0,52898000.0,4118000.0,403881000.0,-5190000.0,341553000.0,-1217048000.0,-284882000.0,296621000.0,0.0,-191958000.0,-191958000.0,-191958000.0,0.0,83173000.0,-1.217,206698000.0,-674269000.0,309978000.0,-0.027,1.928,-24.942,-24.133,13162216000.0,0.0,65.4,8.146,7.873,341628000.0,2509073000.0,157728000.0,157728000.0,-4722000.0,,,,,10054000.0,22181000.0,1.0,172758000.0,172321000,172321000.0,0.915,15472922000.0,0.0,-210943000.0,1760004000.0,89.791,1023579000.0
19,EQT,MRQ,2016-09-30,2016-09-30,2016-09-30,2021-09-07,13299000.0,14889984000.0,,2146069000.0,12743915000.0,,34.976,-783931000.0,1757414000.0,1757414000.0,147080000.0,70104000.0,3.469,0.929,2955630000.0,158871000.0,2796759000.0,2955630000.0,0.0,237088000.0,0.0,0.002,0.03,41052000.0,278140000.0,0.5,278140000.0,41052000.0,5068000.0,-0.05,-0.05,-0.05,6046224000.0,,6046224000.0,13194450140.0,-40.0,22.922,-509636000.0,-2.948,1.0,409646000.0,0.736,0.0,35984000.0,15469574000.0,,0.0,295024000.0,134698000.0,160326000.0,5615705000.0,618626000.0,4997079000.0,12544887140.0,-499603000.0,-25634000.0,-13000.0,91000000.0,-5190000.0,35667000.0,-809565000.0,0.0,274295000.0,0.0,-8016000.0,-8016000.0,-8016000.0,0.0,78120000.0,-0.014,301189000.0,108457000.0,264782000.0,-0.6,2.075,-31.711,-29.762,12407780000.0,0.0,72.62,6.852,6.857,189416000.0,2706221000.0,556726000.0,556726000.0,2671000.0,,,,,10674000.0,61430000.0,1.0,172747000.0,172867000,172867000.0,3.221,14889984000.0,0.0,13084000.0,1817894000.0,86.135,1527443000.0
20,EQT,MRQ,2016-06-30,2016-06-30,2016-06-30,2021-09-07,27921000.0,14783186000.0,,2613889000.0,12169297000.0,,36.317,-423947000.0,2257017000.0,2257017000.0,146451000.0,-180807000.0,4.957,0.912,2906580000.0,110960000.0,2795620000.0,2906580000.0,0.0,224629000.0,0.0,0.002,0.03,-394686000.0,-170057000.0,-1.333,-170057000.0,-394686000.0,-430991000.0,-1.55,-1.55,-1.55,6057710000.0,,6057710000.0,13709425420.0,-54.0,22.148,-215460000.0,-1.292,1.0,-18920000.0,-0.148,0.0,36305000.0,14905472000.0,,0.0,272540000.0,136591000.0,135949000.0,5525733000.0,527277000.0,4998456000.0,12434793420.0,700530000.0,-39233000.0,1014721000.0,-9000000.0,-5190000.0,955223000.0,-463180000.0,0.0,208487000.0,0.0,-258645000.0,-258645000.0,-258645000.0,0.0,77838000.0,-2.028,305572000.0,-324492000.0,251654000.0,-0.019,2.053,-35.856,-36.524,11842031000.0,0.0,77.43,6.693,6.951,170268000.0,2719427000.0,127531000.0,127531000.0,3591000.0,,,,,11100000.0,77352000.0,1.0,160594000.0,166801000,166801000.0,0.765,14783186000.0,0.0,-172346000.0,1807522000.0,88.628,2086612000.0
21,EQT,MRQ,2016-03-31,2016-03-31,2016-03-31,2021-09-07,34203000.0,14049625000.0,,2156358000.0,11893267000.0,,35.038,-397791000.0,1556487000.0,1556487000.0,135531000.0,88425000.0,5.118,1.014,2831119000.0,36638000.0,2794481000.0,2831119000.0,0.0,221231000.0,0.0,0.002,0.03,49252000.0,270483000.0,0.496,270483000.0,49252000.0,13072000.0,0.04,0.04,0.04,5491155000.0,,5491155000.0,11776268680.0,100.0,12.224,-112874000.0,-0.72,1.0,409538000.0,0.751,0.0,36180000.0,14902909000.0,,0.0,400700000.0,400700000.0,0.0,5568054000.0,421348000.0,5146706000.0,10261723680.0,-44745000.0,1103000.0,430410000.0,-290000000.0,-4586000.0,67026000.0,-396688000.0,0.0,284917000.0,0.0,5636000.0,5636000.0,5636000.0,0.0,82789000.0,0.01,282337000.0,127201000.0,223307000.0,0.75,1.869,-124.204,-126.906,11625420000.0,0.0,67.26,4.729,4.858,149517000.0,2983262000.0,545069000.0,545069000.0,3123000.0,,,,,12777000.0,57983000.0,1.0,152568000.0,156720000,157195000.0,3.478,14049625000.0,0.0,7436000.0,1971682000.0,89.648,1735010000.0
22,EQT,MRQ,2015-12-31,2015-12-31,2015-12-31,2021-09-07,46378000.0,13976172000.0,,2251019000.0,11725153000.0,,33.272,-534680000.0,1601232000.0,1601232000.0,127868000.0,-63262000.0,2.829,1.171,3115777000.0,322434000.0,2793343000.0,3115777000.0,0.0,219425000.0,0.0,0.002,0.03,-22362000.0,197063000.0,0.328,197063000.0,-22362000.0,-58297000.0,-0.88,-0.88,-0.88,5077791000.0,,5077791000.0,9617435200.0,29.0,8.323,-217958000.0,-1.428,1.0,473512000.0,0.787,0.0,35935000.0,14694898000.0,,0.0,494422000.0,417397000.0,77025000.0,5948130000.0,795819000.0,5152311000.0,7951910200.0,-61443000.0,1379000.0,424913000.0,-211000000.0,-4585000.0,172266000.0,-550431000.0,0.0,316722000.0,0.0,-134579000.0,-134579000.0,-134579000.0,0.0,71317000.0,-0.224,428221000.0,45291000.0,291550000.0,-0.034,1.566,93.364,93.089,11472021000.0,0.0,52.13,3.399,3.395,176957000.0,2982212000.0,601380000.0,601380000.0,29817000.0,,,,,15238000.0,60762000.0,1.0,152540000.0,152614000,153389000.0,3.941,13976172000.0,0.0,76282000.0,1972170000.0,91.579,1455200000.0
23,EQT,MRQ,2015-09-30,2015-09-30,2015-09-30,2021-09-07,77530000.0,13740106000.0,,2262821000.0,11477285000.0,,33.9,-578336000.0,1662675000.0,1662675000.0,136886000.0,100233000.0,2.283,1.158,3328200000.0,510000000.0,2818200000.0,3328200000.0,0.0,208227000.0,0.0,0.002,0.03,113270000.0,321497000.0,0.551,321497000.0,113270000.0,76723000.0,0.27,0.27,0.27,5171517000.0,,5171517000.0,11246946080.0,32.0,9.785,-334145000.0,-2.19,1.0,447092000.0,0.766,0.0,36547000.0,14414515000.0,,0.0,395264000.0,395264000.0,0.0,5987833000.0,991116000.0,4996717000.0,9871207080.0,-295482000.0,-29953000.0,69383000.0,37999000.0,-4584000.0,68616000.0,-608289000.0,0.0,244191000.0,0.0,40787000.0,40787000.0,40787000.0,0.0,59446000.0,0.07,277037000.0,170055000.0,265407000.0,0.111,1.909,48.141,47.978,11272198000.0,0.0,64.77,4.043,4.047,147229000.0,3121376000.0,583978000.0,583978000.0,8177000.0,,,,,13621000.0,60633000.0,1.0,152404000.0,152551000,152854000.0,3.828,13740106000.0,0.0,35936000.0,1875552000.0,90.069,1271705000.0
24,EQT,MRQ,2015-06-30,2015-06-30,2015-06-30,2021-09-07,116638000.0,13572330000.0,,2490307000.0,11082023000.0,,33.71,-693302000.0,1958157000.0,1958157000.0,132909000.0,63747000.0,2.415,1.153,3333896000.0,515696000.0,2818200000.0,3333896000.0,0.0,196819000.0,0.0,0.001,0.03,-22488000.0,174331000.0,0.397,174331000.0,-22488000.0,-59321000.0,0.04,0.04,0.04,5139253000.0,,5139253000.0,13947863640.0,32.0,11.602,-490391000.0,-3.217,1.0,306679000.0,0.698,0.0,36833000.0,13916746000.0,,0.0,395630000.0,349152000.0,46478000.0,5927089000.0,1031323000.0,4895766000.0,12391823640.0,174639000.0,8344000.0,689021000.0,7090000.0,-4579000.0,656686000.0,-684958000.0,0.0,202911000.0,0.0,5536000.0,5536000.0,5536000.0,0.0,58211000.0,0.013,273645000.0,33034000.0,287323000.0,0.75,2.411,47.151,47.017,10902458000.0,0.0,81.34,5.086,5.09,150390000.0,3085173000.0,439588000.0,439588000.0,11422000.0,,,,,-8616000.0,65404000.0,1.0,152346000.0,152454000,152877000.0,2.883,13572330000.0,0.0,-64857000.0,1801490000.0,89.026,1458984000.0
25,EQT,MRQ,2015-03-31,2015-03-31,2015-03-31,2021-09-07,158981000.0,13066318000.0,,2522485000.0,10543833000.0,,31.728,-627700000.0,1783518000.0,1783518000.0,125379000.0,221168000.0,2.39,1.229,3339558000.0,521358000.0,2818200000.0,3339558000.0,0.0,194745000.0,0.0,0.001,0.03,267957000.0,462702000.0,0.647,462702000.0,267957000.0,230741000.0,1.14,1.14,1.14,4823759000.0,,4823759000.0,14497670740.0,22.0,10.453,-174584000.0,-1.148,1.0,589436000.0,0.825,0.0,37216000.0,13566783000.0,,0.0,504844000.0,458760000.0,46084000.0,5926153000.0,1055575000.0,4870578000.0,12563257740.0,706089000.0,-54229000.0,706239000.0,295907000.0,-4562000.0,934902000.0,-681929000.0,0.0,453116000.0,0.0,173427000.0,173427000.0,173427000.0,0.0,47741000.0,0.243,274677000.0,314759000.0,326133000.0,0.026,2.604,34.121,34.244,10420062000.0,0.0,82.87,4.98,4.994,237067000.0,3085994000.0,714815000.0,714815000.0,12554000.0,,,,,15441000.0,63126000.0,1.0,151602000.0,152036000,152756000.0,4.702,13066318000.0,0.0,57314000.0,1765641000.0,85.942,1466910000.0
26,EQT,MRQ,2014-12-31,2014-12-31,2014-12-31,2021-09-07,199494000.0,12035353000.0,,1904323000.0,10131030000.0,,30.227,-681932000.0,1077429000.0,1077429000.0,119541000.0,29497000.0,2.285,1.236,2982295000.0,188816000.0,2793479000.0,2982295000.0,0.0,194390000.0,0.0,0.002,0.03,-3553000.0,190837000.0,0.271,190837000.0,-3553000.0,-40532000.0,-0.1,-0.09,-0.1,4582815000.0,,4582815000.0,12953188200.0,18.0,9.142,-409135000.0,-2.699,1.0,583653000.0,0.83,0.0,36979000.0,13106877000.0,,0.0,458460000.0,458460000.0,0.0,5662290000.0,833342000.0,4828948000.0,11469004200.0,-94089000.0,0.0,10192000.0,-5000000.0,-4554000.0,-23349000.0,-343537000.0,0.0,272797000.0,0.0,-14704000.0,-14704000.0,-14704000.0,401000.0,44201000.0,-0.021,543323000.0,40330000.0,444077000.0,-0.3,2.503,29.638,29.686,10076814000.0,0.0,75.7,4.644,4.645,306085000.0,2917129000.0,703194000.0,703194000.0,9239000.0,,,,,4427000.0,68752000.0,1.0,151506000.0,151613000,152648000.0,4.638,12035353000.0,0.0,-25828000.0,1750870000.0,79.382,1070981000.0
27,EQT,MRQ,2014-09-30,2014-09-30,2014-09-30,2021-09-07,21920000.0,11763652000.0,,1859218000.0,9904434000.0,,29.085,-617782000.0,1510079000.0,1510079000.0,110905000.0,132294000.0,3.014,1.268,2994263000.0,11011000.0,2983252000.0,2994263000.0,0.0,175578000.0,0.0,0.001,0.03,198768000.0,374346000.0,0.647,374346000.0,198768000.0,163051000.0,0.65,0.65,0.65,4408089000.0,,4408089000.0,15137219080.0,16.0,9.313,-241257000.0,-1.592,1.0,467818000.0,0.808,0.0,35717000.0,12631041000.0,,0.0,101542000.0,101542000.0,0.0,5588402000.0,616795000.0,4971607000.0,13868493080.0,-102747000.0,0.0,155000.0,167007000.0,-4552000.0,134327000.0,-613599000.0,0.0,376525000.0,0.0,98555000.0,98555000.0,98555000.0,0.0,33739000.0,0.17,236315000.0,231503000.0,370314000.0,0.046,3.146,26.831,26.845,9827067000.0,0.0,91.54,6.137,6.139,199609000.0,2936387000.0,578723000.0,578723000.0,3606000.0,,,,,12167000.0,57131000.0,1.0,151502000.0,151557000,152330000.0,3.819,11763652000.0,0.0,64496000.0,1713824000.0,77.619,1242423000.0
28,EQT,MRQ,2014-06-30,2014-06-30,2014-06-30,2021-09-07,3889000.0,11385936000.0,,1964177000.0,9421759000.0,,28.183,-671822000.0,1617009000.0,1617009000.0,111192000.0,138264000.0,2.07,1.252,2885735000.0,399202000.0,2486533000.0,2885735000.0,0.0,157219000.0,0.0,0.001,0.03,201883000.0,359102000.0,0.682,359102000.0,201883000.0,170010000.0,0.73,0.73,0.73,4276592000.0,,4276592000.0,17979693900.0,20.0,11.351,-382263000.0,-2.519,1.0,414976000.0,0.789,0.0,31873000.0,11705697000.0,,13389000.0,66408000.0,66408000.0,0.0,5356003000.0,948965000.0,4407038000.0,16222181900.0,364461000.0,7444000.0,881288000.0,220000000.0,-4559000.0,1082024000.0,-1007122000.0,0.0,289559000.0,0.0,110921000.0,110921000.0,110921000.0,-1876000.0,27343000.0,0.211,190205000.0,224771000.0,381280000.0,0.041,3.793,32.023,31.91,9347535000.0,0.0,106.9,7.507,7.507,235306000.0,2842384000.0,526168000.0,526168000.0,7452000.0,,,,,2009000.0,63283000.0,1.0,151751000.0,151744000,152570000.0,3.467,11385936000.0,0.0,59089000.0,1654506000.0,75.034,1015212000.0
29,EQT,MRQ,2014-03-31,2014-03-31,2014-03-31,2021-09-07,22984000.0,10246306000.0,,1370173000.0,8876133000.0,,27.603,-479954000.0,909804000.0,909804000.0,102336000.0,210935000.0,1.807,1.252,2667316000.0,180419000.0,2486897000.0,2667316000.0,0.0,152111000.0,0.0,0.001,0.03,340496000.0,492607000.0,0.745,492607000.0,340496000.0,308528000.0,1.27,1.26,1.27,4178270000.0,,4178270000.0,16317620210.0,19.0,10.489,-4093000.0,-0.027,1.0,559289000.0,0.845,0.0,31968000.0,11245437000.0,,9928000.0,203561000.0,79821000.0,123740000.0,5231800000.0,758381000.0,4473419000.0,14632094210.0,64163000.0,0.0,30837000.0,106831000.0,-4542000.0,68256000.0,-479954000.0,0.0,475861000.0,0.0,192193000.0,192193000.0,192193000.0,0.0,18742000.0,0.29,202498000.0,356791000.0,420022000.0,0.024,3.502,30.325,30.303,8676245000.0,0.0,96.97,6.942,6.964,329377000.0,2755631000.0,661625000.0,661625000.0,1419000.0,,,,,-9696000.0,48968000.0,1.0,150893000.0,151371000,152759000.0,4.371,10246306000.0,0.0,116335000.0,1726660000.0,67.69,611792000.0
30,EQT,MRQ,2013-12-31,2013-12-31,2013-12-31,2021-09-07,44703000.0,9792053000.0,,1255425000.0,8536628000.0,,26.761,-542720000.0,845641000.0,845641000.0,92386000.0,131806000.0,2.399,1.221,2531167000.0,40813000.0,2490354000.0,2531167000.0,0.0,183229000.0,0.0,0.001,0.03,216042000.0,399271000.0,0.809,399271000.0,216042000.0,184044000.0,0.76,0.75,0.76,4034788000.0,,4034788000.0,15627643337.0,22.0,11.283,-347967000.0,-2.308,1.0,401043000.0,0.813,0.0,31998000.0,10954169000.0,,19656000.0,236630000.0,107647000.0,128983000.0,4927925000.0,523410000.0,4404515000.0,13531308337.0,421744000.0,740587000.0,22274000.0,0.0,-4529000.0,6124000.0,220867000.0,0.0,194753000.0,0.0,115205000.0,115205000.0,115205000.0,0.0,16601000.0,0.233,219962000.0,181081000.0,330329000.0,0.039,3.354,34.645,34.664,8333762000.0,0.0,89.78,7.267,7.26,235781000.0,2567980000.0,493429000.0,493429000.0,3359000.0,,,,,3259000.0,58071000.0,1.0,150716288.0,150769000,153053000.0,3.273,9792053000.0,0.0,68839000.0,1655765000.0,64.947,732015000.0
31,EQT,MRQ,2013-09-30,2013-09-30,2013-09-30,2021-09-07,77175000.0,9682252000.0,,933291000.0,8748961000.0,,25.957,-427489000.0,423897000.0,423897000.0,89642000.0,102610000.0,1.726,1.265,2520232000.0,24515000.0,2495717000.0,2520232000.0,0.0,175648000.0,0.0,0.003,0.03,157311000.0,332959000.0,0.694,332959000.0,157311000.0,121757000.0,0.59,0.58,0.59,3911106000.0,,3911106000.0,15940781255.0,26.0,12.844,-56341000.0,-0.374,1.0,389964000.0,0.813,0.0,35554000.0,11237905000.0,,67911000.0,330187000.0,203002000.0,127185000.0,4946929000.0,540682000.0,4406247000.0,13360724255.0,407197000.0,0.0,536918000.0,-58043000.0,-4527000.0,463538000.0,-427489000.0,0.0,371148000.0,0.0,88256000.0,88256000.0,88256000.0,0.0,14354000.0,0.184,222900000.0,167064000.0,306200000.0,0.051,3.416,41.312,41.074,8476164000.0,0.0,88.72,8.382,8.387,194366000.0,2457304000.0,479606000.0,479606000.0,5256000.0,,,,,9628000.0,48171000.0,1.0,150594277.0,150679000,151663000.0,3.183,9682252000.0,0.0,33501000.0,1670562000.0,64.257,392609000.0
32,EQT,MRQ,2013-06-30,2013-06-30,2013-06-30,2021-09-07,84993000.0,9054275000.0,,577408000.0,8476867000.0,,25.319,-494881000.0,16700000.0,16700000.0,87680000.0,94118000.0,1.166,1.299,2596757000.0,97683000.0,2499074000.0,2596757000.0,0.0,168577000.0,0.0,0.006,0.03,162318000.0,330895000.0,0.699,330895000.0,162318000.0,124934000.0,0.58,0.57,0.58,3811076000.0,,3811076000.0,14377470840.0,27.0,12.795,-197176000.0,-1.31,1.0,385413000.0,0.815,0.0,37384000.0,11138928000.0,,55034000.0,359834000.0,230139000.0,129695000.0,4952050000.0,495404000.0,4456646000.0,11940039840.0,-143625000.0,0.0,8392000.0,55000000.0,-4522000.0,53551000.0,-494881000.0,0.0,297705000.0,0.0,86856000.0,86856000.0,86856000.0,0.0,7262000.0,0.184,223433000.0,161980000.0,271027000.0,0.052,3.133,44.715,44.59,8200832000.0,0.0,79.37,8.076,8.081,242025000.0,2373575000.0,473093000.0,473093000.0,6138000.0,,,,,17146000.0,54822000.0,1.0,150435175.0,150525000,151393000.0,3.143,9054275000.0,0.0,38078000.0,1719918000.0,60.151,82004000.0
33,EQT,MRQ,2013-03-31,2013-03-31,2013-03-31,2021-09-07,21582000.0,8802484000.0,,657084000.0,8145400000.0,,24.2,-298272000.0,160325000.0,160325000.0,84853000.0,109281000.0,1.316,1.34,2597756000.0,98319000.0,2499437000.0,2597756000.0,0.0,149116000.0,0.0,0.01,0.03,172775000.0,321891000.0,0.774,321891000.0,172775000.0,135023000.0,0.67,0.66,0.67,3637917000.0,,3637917000.0,12605703545.0,28.0,12.667,983000.0,0.007,1.0,331030000.0,0.796,0.0,37752000.0,10740557000.0,,41405000.0,311578000.0,183727000.0,127851000.0,4875448000.0,499358000.0,4376090000.0,10186023545.0,-21730000.0,0.0,6995000.0,-20161000.0,-4516000.0,-22713000.0,-298272000.0,0.0,299255000.0,0.0,100255000.0,100255000.0,100255000.0,0.0,9026000.0,0.241,186551000.0,144479000.0,271007000.0,0.045,2.8,48.135,48.05,7868794000.0,0.0,67.75,7.584,7.583,240040000.0,2291241000.0,415883000.0,415883000.0,3730000.0,,,,,10334000.0,39785000.0,1.0,150347211.0,150327000,150949000.0,2.767,8802484000.0,0.0,34768000.0,1651737000.0,58.556,157726000.0
34,EQT,MRQ,2012-12-31,2012-12-31,2012-12-31,2021-09-07,99547000.0,8849862000.0,,852844000.0,7997018000.0,,24.088,-351837000.0,182055000.0,182055000.0,-6024000.0,56226000.0,1.495,1.377,2601735000.0,98766000.0,2502969000.0,2601735000.0,0.0,144301000.0,0.0,0.015,0.22,111094000.0,255395000.0,1.133,255395000.0,111094000.0,48649000.0,0.32,0.32,0.32,3603820000.0,,3603820000.0,11037189498.0,25.0,11.757,-224985000.0,-1.504,1.0,231425000.0,1.027,0.0,62445000.0,10699078000.0,,45165000.0,434605000.0,304237000.0,130368000.0,4961060000.0,570464000.0,4390596000.0,8824194498.0,-456939000.0,0.0,6040000.0,-200000000.0,-32963000.0,-231954000.0,-351837000.0,0.0,126852000.0,0.0,48041000.0,48041000.0,48041000.0,0.0,8185000.0,0.213,161334000.0,70091000.0,276802000.0,0.688,2.449,48.116,47.951,7059412000.0,0.0,58.98,6.407,6.407,190258000.0,2195502000.0,225401000.0,225401000.0,5492000.0,,,,,11478000.0,36042000.0,1.0,149613335.0,149613335,,1.507,8849862000.0,0.0,608000.0,1442071000.0,59.152,282380000.0
35,EQT,MRQ,2012-09-30,2012-09-30,2012-09-30,2021-09-07,82736000.0,8997700000.0,,1227927000.0,7769773000.0,,23.836,-361183000.0,638994000.0,638994000.0,93854000.0,36704000.0,1.499,1.444,2851989000.0,348656000.0,2503333000.0,2851989000.0,0.0,131611000.0,0.0,0.015,0.22,83918000.0,215529000.0,0.592,215529000.0,83918000.0,43458000.0,0.21,0.21,0.21,3565998000.0,,3565998000.0,11156941049.0,24.0,12.218,-109652000.0,-0.733,1.0,270203000.0,0.742,0.0,40460000.0,10391757000.0,,88171000.0,453064000.0,319203000.0,133861000.0,5149929000.0,818938000.0,4330991000.0,8826082049.0,123956000.0,1096000.0,277112000.0,-9783000.0,-32953000.0,232512000.0,-360087000.0,0.0,251531000.0,0.0,31873000.0,31873000.0,31873000.0,0.0,4831000.0,0.088,184255000.0,85948000.0,246756000.0,1.048,2.475,39.019,39.073,7492439000.0,0.0,59.0,6.936,6.936,135896000.0,2180424000.0,364057000.0,364057000.0,1163000.0,,,,,11517000.0,51481000.0,1.0,149594611.0,149604000,150388000.0,2.433,8997700000.0,0.0,11585000.0,1599097000.0,60.143,408989000.0
36,EQT,MRQ,2012-06-30,2012-06-30,2012-06-30,2021-09-07,180695000.0,8748171000.0,,1213553000.0,7534618000.0,,24.375,-392733000.0,515038000.0,515038000.0,97054000.0,31446000.0,1.742,1.399,2845897000.0,339158000.0,2506739000.0,2845897000.0,0.0,115681000.0,0.0,0.016,0.22,86653000.0,202334000.0,0.599,202334000.0,86653000.0,46024000.0,0.21,0.21,0.21,3646008000.0,,3646008000.0,10133604945.0,14.0,9.187,-196418000.0,-1.313,1.0,240750000.0,0.713,0.0,40629000.0,10382420000.0,,77907000.0,599808000.0,467587000.0,132221000.0,5102163000.0,696610000.0,4405553000.0,8021721945.0,-230170000.0,1355000.0,0.0,0.0,-32949000.0,-35107000.0,-391378000.0,0.0,196315000.0,0.0,31446000.0,31446000.0,31446000.0,0.0,0.0,0.093,159346000.0,81404000.0,202483000.0,1.048,2.2,21.492,21.452,7256442000.0,0.0,53.63,6.311,6.311,113426000.0,2181504000.0,337804000.0,337804000.0,1887000.0,,,,,8979000.0,41778000.0,1.0,149575274.0,149582000,150149000.0,2.258,8748171000.0,0.0,14578000.0,1672584000.0,58.484,516943000.0
37,EQT,MRQ,2012-03-31,2012-03-31,2012-03-31,2021-09-07,251028000.0,8858989000.0,,1604630000.0,7254359000.0,,24.791,-269587000.0,745208000.0,745208000.0,145479000.0,72035000.0,2.241,1.39,2857091000.0,349988000.0,2507103000.0,2857091000.0,0.0,107525000.0,0.0,0.018,0.22,157977000.0,265502000.0,0.59,265502000.0,157977000.0,116725000.0,0.48,0.48,0.48,3706134000.0,,3706134000.0,9245925086.0,12.0,8.013,-47463000.0,-0.317,1.0,304481000.0,0.677,0.0,41252000.0,10254940000.0,,65657000.0,744830000.0,608647000.0,136183000.0,5152855000.0,715932000.0,4436923000.0,7206928086.0,-86043000.0,2391000.0,1499000.0,-9532000.0,-32938000.0,-40971000.0,-267196000.0,0.0,222124000.0,0.0,72035000.0,72035000.0,72035000.0,0.0,0.0,0.16,152295000.0,152186000.0,200788000.0,0.458,1.945,16.778,16.74,6975257000.0,0.0,48.21,5.539,5.539,147132000.0,2183007000.0,449960000.0,449960000.0,1828000.0,,,,,8256000.0,42942000.0,1.0,149490315.0,149494000,150216000.0,3.01,8858989000.0,0.0,44690000.0,1712261000.0,59.26,888698000.0
38,EQT,MRQ,2011-12-31,2011-12-31,2011-12-31,2021-09-07,188141000.0,8772719000.0,,1690134000.0,7082585000.0,,24.049,-371479000.0,831251000.0,831251000.0,-48744000.0,90846000.0,2.1,1.441,2870248000.0,342621000.0,2527627000.0,2870248000.0,0.0,91670000.0,0.0,0.016,0.22,138120000.0,229790000.0,1.904,229790000.0,138120000.0,100434000.0,0.61,0.6,0.61,3593830000.0,,3593830000.0,9965601954.0,12.0,8.347,-203294000.0,-1.36,1.0,169443000.0,1.404,0.0,37686000.0,10006806000.0,,123960000.0,649133000.0,512161000.0,136972000.0,5178889000.0,804910000.0,4373979000.0,8187676954.0,496339000.0,0.0,287000.0,744000000.0,-32916000.0,699633000.0,-371479000.0,0.0,168185000.0,0.0,90846000.0,90846000.0,90846000.0,0.0,0.0,0.753,-106090000.0,275533000.0,256757000.0,0.361,2.278,17.066,17.069,6806309000.0,0.0,54.79,6.185,6.185,183578000.0,2143910000.0,120699000.0,120699000.0,1545000.0,,,,,4962000.0,29052000.0,1.0,149437433.0,149437433,,0.808,8772719000.0,0.0,9588000.0,1618944000.0,58.705,885224000.0
39,EQT,MRQ,2011-09-30,2011-09-30,2011-09-30,2021-09-07,94436000.0,7720194000.0,,968893000.0,6751301000.0,,23.004,-347646000.0,334912000.0,334912000.0,94901000.0,178914000.0,1.635,1.246,2112837000.0,134241000.0,1978596000.0,2112837000.0,0.0,87343000.0,0.0,0.016,0.22,318082000.0,405425000.0,1.118,405425000.0,318082000.0,285579000.0,1.2,1.19,1.2,3437737000.0,,3437737000.0,10006794447.0,12.0,8.496,-91895000.0,-0.615,1.0,267743000.0,0.738,0.0,32503000.0,8905479000.0,,138012000.0,449685000.0,313537000.0,136148000.0,4282457000.0,592640000.0,3689817000.0,7975120447.0,255687000.0,389474000.0,479000.0,-9457000.0,-32914000.0,-41892000.0,41828000.0,0.0,255751000.0,0.0,178914000.0,178914000.0,178914000.0,0.0,0.0,0.493,132902000.0,134841000.0,252030000.0,0.183,2.32,17.261,17.158,6485619000.0,0.0,53.36,4.905,4.904,132700000.0,2085980000.0,362644000.0,362644000.0,814000.0,,,,,4250000.0,44745000.0,1.0,149458779.0,149441000,150301000.0,2.427,7720194000.0,0.0,106665000.0,1539616000.0,51.66,376253000.0
40,EQT,MRQ,2011-06-30,2011-06-30,2011-06-30,2021-09-07,44720000.0,7293089000.0,,799385000.0,6493704000.0,,21.657,-281483000.0,79225000.0,79225000.0,90601000.0,87754000.0,1.693,1.253,2110899000.0,122519000.0,1988380000.0,2110899000.0,0.0,81886000.0,0.0,0.017,0.22,171216000.0,253102000.0,0.688,253102000.0,171216000.0,137929000.0,0.59,0.58,0.59,3236555000.0,,3236555000.0,9752086586.0,16.0,10.463,-42913000.0,-0.287,1.0,277190000.0,0.754,0.0,33287000.0,8852728000.0,,110382000.0,351220000.0,211986000.0,139234000.0,4056534000.0,472035000.0,3584499000.0,7848045586.0,-59403000.0,0.0,500000.0,0.0,-32909000.0,-32409000.0,-265564000.0,15919000.0,238570000.0,0.0,87754000.0,87754000.0,87754000.0,0.0,0.0,0.239,124020000.0,153170000.0,187419000.0,0.373,2.425,24.552,24.428,6222267000.0,0.0,52.52,5.161,5.161,138628000.0,1939980000.0,367791000.0,367791000.0,1198000.0,,,,,6870000.0,40936000.0,1.0,149429657.0,149444000,150111000.0,2.461,7293089000.0,0.0,50175000.0,1424421000.0,48.801,327350000.0
41,EQT,MRQ,2011-03-31,2011-03-31,2011-03-31,2021-09-07,23869000.0,7036772000.0,,615436000.0,6421336000.0,,21.124,-263428000.0,138628000.0,138628000.0,156404000.0,122255000.0,1.519,1.232,2042669000.0,99469000.0,1943200000.0,2042669000.0,0.0,78398000.0,0.0,0.018,0.22,227216000.0,305614000.0,0.647,305614000.0,227216000.0,194364000.0,0.82,0.82,0.82,3153256000.0,,3153256000.0,9553220816.0,18.0,11.576,-20914000.0,-0.14,1.0,316291000.0,0.669,0.0,32852000.0,8535558000.0,,72241000.0,374183000.0,179671000.0,194512000.0,3883516000.0,405255000.0,3478261000.0,7443649816.0,138628000.0,230525000.0,1525000.0,-53650000.0,-32886000.0,-85011000.0,-18875000.0,14028000.0,242514000.0,0.0,122255000.0,122255000.0,122255000.0,0.0,0.0,0.259,95879000.0,220412000.0,171463000.0,0.268,2.361,28.423,28.352,6088334000.0,0.0,49.9,5.277,5.281,177780000.0,1885135000.0,472695000.0,472695000.0,1375000.0,,,,,3998000.0,38891000.0,1.0,149171339.0,149271000,150002000.0,3.167,7036772000.0,0.0,72109000.0,1379461000.0,47.141,210181000.0
42,EQT,MRQ,2010-12-31,2010-12-31,2010-12-31,2021-09-07,38104000.0,7098438000.0,,827940000.0,6270498000.0,,20.642,-383921000.0,0.0,0.0,174005000.0,73113000.0,1.387,1.306,2109571000.0,166371000.0,1943200000.0,2109571000.0,0.0,74641000.0,0.0,0.02,0.22,139002000.0,213643000.0,0.505,213643000.0,139002000.0,112920000.0,0.5,0.5,0.5,3078696000.0,,3078696000.0,8558809410.0,18.0,11.356,-215228000.0,-1.443,1.0,248900000.0,0.589,0.0,26082000.0,8611025000.0,,137853000.0,445572000.0,225339000.0,220233000.0,4019742000.0,596984000.0,3422758000.0,6687597410.0,-197367000.0,0.0,-226000.0,53650000.0,-32854000.0,9608000.0,-375668000.0,12306000.0,168693000.0,0.0,73113000.0,73113000.0,73113000.0,0.0,0.0,0.173,114245000.0,134655000.0,212134000.0,0.44,2.172,29.37,28.38,5910091000.0,0.0,44.84,4.866,4.866,195070000.0,1795766000.0,422905000.0,422905000.0,2014000.0,,,,,3814000.0,37590000.0,1.0,149143564.0,149143564,,2.836,7098438000.0,0.0,39807000.0,1316339000.0,47.595,230956000.0
43,EQT,MRQ,2010-09-30,2010-09-30,2010-09-30,2021-09-07,62409000.0,6925902000.0,,768117000.0,6157785000.0,,20.512,-340151000.0,197367000.0,197367000.0,65331000.0,36522000.0,1.482,1.264,2068579000.0,119379000.0,1949200000.0,2068579000.0,0.0,68548000.0,0.0,0.024,0.22,91106000.0,159654000.0,0.62,159654000.0,91106000.0,57245000.0,0.24,0.24,0.24,3059017000.0,,3059017000.0,7009424617.0,15.0,9.86,-195683000.0,-1.312,1.0,192004000.0,0.746,0.0,33861000.0,8278958000.0,,167368000.0,508186000.0,280316000.0,227870000.0,3866885000.0,518156000.0,3348729000.0,5377582617.0,-228234000.0,0.0,298000.0,0.0,-32849000.0,-32551000.0,-340151000.0,0.0,144468000.0,0.0,36522000.0,36522000.0,36522000.0,0.0,0.0,0.142,103822000.0,88182000.0,191585000.0,0.917,1.758,25.611,23.724,5806629000.0,0.0,36.06,4.022,4.022,100774000.0,1755507000.0,257335000.0,257335000.0,941000.0,,,,,3538000.0,34333000.0,1.0,149128747.0,149133000,149775000.0,1.726,6925902000.0,0.0,20723000.0,1184411000.0,46.441,249961000.0
44,EQT,MRQ,2010-06-30,2010-06-30,2010-06-30,2021-09-07,17936000.0,6774035000.0,,886654000.0,5887381000.0,,20.377,-305333000.0,425601000.0,425601000.0,68275000.0,30000000.0,1.848,1.253,2057443000.0,108243000.0,1949200000.0,2057443000.0,0.0,65217000.0,0.0,0.024,0.22,81102000.0,146319000.0,0.568,146319000.0,81102000.0,47022000.0,0.2,0.2,0.2,3007096000.0,,3007096000.0,6697333027.0,16.0,10.41,-104167000.0,-0.706,1.0,189240000.0,0.735,0.0,34080000.0,7926100000.0,,144039000.0,409139000.0,187494000.0,221645000.0,3766939000.0,479777000.0,3287162000.0,5188733027.0,-127425000.0,0.0,9513000.0,0.0,-32771000.0,-23258000.0,-305333000.0,0.0,201166000.0,0.0,30000000.0,30000000.0,30000000.0,0.0,0.0,0.116,110711000.0,78529000.0,195460000.0,1.1,1.725,29.422,27.8,5541433000.0,0.0,36.14,3.997,4.109,119133000.0,1751835000.0,257515000.0,257515000.0,1078000.0,,,,,3508000.0,44416000.0,1.0,143573133.0,147575000,148289000.0,1.745,6774035000.0,0.0,17022000.0,1178681000.0,45.902,406877000.0
45,EQT,MRQ,2010-03-31,2010-03-31,2010-03-31,2021-09-07,50261000.0,6559833000.0,,1117936000.0,5441897000.0,,20.871,-217527000.0,553026000.0,553026000.0,165101000.0,88065000.0,2.369,1.344,2061626000.0,112426000.0,1949200000.0,2061626000.0,0.0,61879000.0,0.0,0.021,0.22,172167000.0,234046000.0,0.536,234046000.0,172167000.0,138033000.0,0.66,0.65,0.66,2798513000.0,,2798513000.0,7454821145.0,19.0,12.16,57886000.0,0.432,1.0,271539000.0,0.622,0.0,34134000.0,7596598000.0,,113031000.0,466848000.0,244193000.0,222655000.0,3761320000.0,471835000.0,3289485000.0,5368103145.0,553026000.0,0.0,529708000.0,-5000000.0,-28818000.0,495890000.0,-218277000.0,-750000.0,275413000.0,0.0,88065000.0,88065000.0,88065000.0,0.0,0.0,0.202,102426000.0,169113000.0,186833000.0,0.333,1.918,31.029,31.538,5074833000.0,0.0,41.0,4.198,4.3,195248000.0,1754605000.0,436640000.0,436640000.0,1335000.0,,,,,3244000.0,39212000.0,1.0,130929345.0,134084000,135009000.0,3.256,6559833000.0,0.0,49968000.0,1185511000.0,48.923,646101000.0
46,EQT,MRQ,2009-12-31,2009-12-31,2009-12-31,2021-09-07,-14440000.0,5957257000.0,,695166000.0,5262091000.0,,16.43,-327842000.0,0.0,0.0,159633000.0,55382000.0,1.135,1.769,2086718000.0,137518000.0,1949200000.0,2086718000.0,0.0,55595000.0,0.0,0.02,0.22,115313000.0,170908000.0,0.443,170908000.0,115313000.0,81630000.0,0.42,0.42,0.42,2151030000.0,,2151030000.0,7644706328.0,21.0,13.616,-155086000.0,-1.185,1.0,225923000.0,0.586,0.0,33683000.0,7431301000.0,,182957000.0,381901000.0,163879000.0,218022000.0,3806227000.0,612674000.0,3193553000.0,5749973328.0,-192504000.0,0.0,945000.0,9574000.0,-28851000.0,-25206000.0,-340054000.0,0.0,172756000.0,0.0,55382000.0,55382000.0,55382000.0,0.0,0.0,0.144,112714000.0,113209000.0,248987000.0,0.524,2.673,36.641,36.6,4914731000.0,0.0,43.92,4.385,4.385,193874000.0,1695358000.0,385556000.0,385556000.0,5653000.0,,,,,1560000.0,51466000.0,1.0,130919247.0,130919247,,2.945,5957257000.0,0.0,26248000.0,1096094000.0,45.503,82492000.0
47,EQT,MRQ,2009-09-30,2009-09-30,2009-09-30,2021-09-07,-25306000.0,5689633000.0,,730156000.0,4959477000.0,,16.141,-196718000.0,192504000.0,192504000.0,64287000.0,2909000.0,1.476,1.694,2087237000.0,138037000.0,1949200000.0,2087237000.0,0.0,49706000.0,0.0,0.021,0.22,42393000.0,92099000.0,0.422,92099000.0,42393000.0,10000000.0,0.02,0.02,0.02,2112032000.0,,2112032000.0,7321682463.0,22.0,14.48,-112178000.0,-0.857,1.0,154070000.0,0.706,0.0,32393000.0,7089791000.0,,195654000.0,377782000.0,162901000.0,214881000.0,3577601000.0,494575000.0,3083026000.0,5576490463.0,-142841000.0,111000.0,68000.0,-2000000.0,-28842000.0,-30774000.0,-196607000.0,0.0,84540000.0,0.0,2909000.0,2909000.0,2909000.0,0.0,0.0,0.013,114138000.0,39932000.0,143526000.0,11.0,2.64,41.294,41.765,4633848000.0,0.0,42.6,4.178,4.176,84927000.0,1668826000.0,218357000.0,218357000.0,4526000.0,,,,,1655000.0,59906000.0,1.0,130903532.0,130850000,131505000.0,1.669,5689633000.0,0.0,7091000.0,966023000.0,43.482,235581000.0
48,EQT,MRQ,2009-06-30,2009-06-30,2009-06-30,2021-09-07,-5997000.0,5676113000.0,,874505000.0,4801608000.0,,16.478,-231633000.0,335345000.0,335345000.0,84343000.0,26645000.0,1.954,1.633,2080537000.0,131337000.0,1949200000.0,2080537000.0,0.0,46188000.0,0.0,0.025,0.22,69822000.0,116010000.0,0.487,116010000.0,69822000.0,43362000.0,0.2,0.2,0.2,2155775000.0,,2155775000.0,6304955815.0,14.0,10.29,24166000.0,0.185,1.0,153697000.0,0.646,0.0,26460000.0,6973855000.0,,157427000.0,400667000.0,191970000.0,208697000.0,3520338000.0,447450000.0,3072888000.0,4569627815.0,335345000.0,-2011000.0,0.0,342159000.0,-28842000.0,313190000.0,-233644000.0,0.0,255799000.0,0.0,26645000.0,26645000.0,26645000.0,0.0,0.0,0.112,86183000.0,67514000.0,175038000.0,1.1,2.12,20.013,20.063,4482217000.0,0.0,34.91,3.231,3.23,111074000.0,1694760000.0,238040000.0,238040000.0,4414000.0,,,,,1745000.0,35581000.0,1.0,130897388.0,130830000,131443000.0,1.819,5676113000.0,0.0,16717000.0,965619000.0,43.385,427055000.0
49,EQT,MRQ,2009-03-31,2009-03-31,2009-03-31,2021-09-07,15885000.0,5318935000.0,,750731000.0,4568204000.0,,16.661,-207715000.0,0.0,0.0,255617000.0,71993000.0,0.936,1.442,1735328000.0,486128000.0,1249200000.0,1735328000.0,0.0,44589000.0,0.0,0.028,0.22,137848000.0,182437000.0,0.389,182437000.0,137848000.0,118605000.0,0.55,0.55,0.55,2178327000.0,,2178327000.0,5849164306.0,12.0,9.238,4931000.0,0.038,1.0,213786000.0,0.455,0.0,19243000.0,6252534000.0,,147082000.0,444301000.0,243049000.0,201252000.0,3140608000.0,801729000.0,2338879000.0,4099858306.0,0.0,-4500000.0,225000.0,31050000.0,-28833000.0,2569000.0,-215215000.0,-3000000.0,212646000.0,0.0,71993000.0,71993000.0,71993000.0,0.0,0.0,0.153,77650000.0,136136000.0,198781000.0,0.4,1.882,15.948,15.823,4259829000.0,0.0,31.33,2.715,2.712,206513000.0,1696957000.0,469403000.0,469403000.0,3311000.0,,,,,1808000.0,29750000.0,1.0,130860463.0,130743000,131400000.0,3.59,5318935000.0,0.0,46612000.0,937660000.0,40.682,-50998000.0
50,EQT,MRQ,2008-12-31,2008-12-31,2008-12-31,2021-09-07,-68737000.0,5329662000.0,,927182000.0,4402480000.0,,15.677,-384034000.0,0.0,0.0,238560000.0,33495000.0,0.889,1.6,1749306000.0,500106000.0,1249200000.0,1749306000.0,0.0,39731000.0,0.0,0.026,0.22,75379000.0,115110000.0,0.282,115110000.0,75379000.0,57977000.0,0.25,0.26,0.25,2050093000.0,,2050093000.0,6069201382.0,13.0,10.02,-201748000.0,-1.543,1.0,170318000.0,0.417,0.0,17402000.0,6036360000.0,,288182000.0,387312000.0,192191000.0,195121000.0,3279569000.0,1042608000.0,2236961000.0,4387418382.0,-10634000.0,-6200000.0,1007000.0,232895000.0,-28814000.0,197314000.0,-390234000.0,0.0,182286000.0,0.0,33495000.0,33495000.0,33495000.0,0.0,0.0,0.082,88794000.0,81524000.0,356732000.0,0.88,2.14,17.165,16.692,4097519000.0,0.0,33.55,2.783,2.783,258938000.0,1653797000.0,408878000.0,408878000.0,4163000.0,,,,,3677000.0,44900000.0,1.0,130772530.0,130772530,,3.127,5329662000.0,0.0,24482000.0,829073000.0,40.755,-115426000.0
51,EQT,MRQ,2008-09-30,2008-09-30,2008-09-30,2021-09-07,-211054000.0,4946102000.0,,853358000.0,4092744000.0,,14.541,-448827000.0,10634000.0,10634000.0,135523000.0,96198000.0,0.891,1.606,1692417000.0,438917000.0,1253500000.0,1692417000.0,0.0,34269000.0,0.0,0.024,0.22,164894000.0,199163000.0,0.669,199163000.0,164894000.0,151882000.0,0.74,0.73,0.74,1898167000.0,,1898167000.0,7001670890.0,14.0,11.235,-210700000.0,-1.614,1.0,162304000.0,0.545,0.0,13012000.0,5670428000.0,,340935000.0,279922000.0,86372000.0,193550000.0,3047935000.0,957457000.0,2090478000.0,4799771890.0,-157910000.0,-12000000.0,-82000.0,93667000.0,-28800000.0,64790000.0,-460827000.0,0.0,238127000.0,0.0,96198000.0,96198000.0,96198000.0,0.0,0.0,0.323,-422000.0,162726000.0,268692000.0,0.297,2.529,16.978,16.23,3789819000.0,0.0,36.68,3.092,3.084,162163000.0,1649115000.0,297827000.0,297827000.0,3508000.0,,,,,4147000.0,-38199000.0,1.0,130855286.0,130540000,131558000.0,2.281,4946102000.0,0.0,55684000.0,713512000.0,37.89,-104099000.0
52,EQT,MRQ,2008-06-30,2008-06-30,2008-06-30,2021-09-07,-688769000.0,4790156000.0,,1111660000.0,3678496000.0,,10.731,-311121000.0,168544000.0,168544000.0,167333000.0,55391000.0,0.65,2.536,2370443000.0,1116943000.0,1253500000.0,2370443000.0,0.0,32051000.0,0.0,0.013,0.22,104404000.0,136455000.0,0.409,136455000.0,104404000.0,90077000.0,0.44,0.44,0.44,1354718000.0,,1354718000.0,10394662179.0,26.0,20.305,-328410000.0,-2.601,1.0,166676000.0,0.499,0.0,14327000.0,5281031000.0,,255630000.0,189826000.0,6044000.0,183782000.0,3435438000.0,1711024000.0,1724414000.0,8442111179.0,168544000.0,-10800000.0,561188000.0,-26950000.0,-26900000.0,507754000.0,-321921000.0,0.0,-17289000.0,0.0,55391000.0,55391000.0,55391000.0,0.0,0.0,0.166,65543000.0,101133000.0,326287000.0,0.5,6.232,38.472,38.581,3374964000.0,0.0,69.06,5.699,5.885,226680000.0,1581718000.0,334009000.0,334009000.0,838000.0,,,,,-416000.0,32654000.0,1.0,122243139.0,126243000,127321000.0,2.646,4790156000.0,0.0,34686000.0,351616000.0,37.944,-599364000.0
53,EQT,MRQ,2008-03-31,2008-03-31,2008-03-31,2021-09-07,-420586000.0,4045099000.0,,665538000.0,3379561000.0,,8.49,-200014000.0,0.0,0.0,313290000.0,70520000.0,0.552,2.909,1952551000.0,699051000.0,1253500000.0,1952551000.0,0.0,30765000.0,0.0,0.015,0.22,124241000.0,155006000.0,0.289,155006000.0,124241000.0,110588000.0,0.58,0.57,0.58,1034839000.0,,1034839000.0,8862534555.0,19.0,15.121,-93981000.0,-0.771,1.0,222484000.0,0.415,0.0,13653000.0,4792352000.0,,144448000.0,177262000.0,4965000.0,172297000.0,3010260000.0,1205298000.0,1804962000.0,7194790555.0,-81711000.0,0.0,475000.0,40976000.0,-26889000.0,15270000.0,-203014000.0,-3000000.0,106033000.0,0.0,70520000.0,70520000.0,70520000.0,0.0,0.0,0.132,103061000.0,119423000.0,262194000.0,0.379,6.953,26.511,26.413,3092079000.0,0.0,58.9,4.994,4.983,302921000.0,1553227000.0,535774000.0,535774000.0,555000.0,,,,,-708000.0,71741000.0,1.0,122152641.0,121891000,122927000.0,4.396,4045099000.0,0.0,40068000.0,434685000.0,33.186,-539760000.0
54,EQT,MRQ,2007-12-31,2007-12-31,2007-12-31,2021-09-07,-309264000.0,3936971000.0,,742247000.0,3194724000.0,,9.021,-244003000.0,81711000.0,81711000.0,211318000.0,60597000.0,0.489,2.587,1749455000.0,995955000.0,753500000.0,1749455000.0,0.0,27876000.0,0.0,0.017,0.22,104677000.0,132553000.0,0.344,132553000.0,104677000.0,92612000.0,0.5,0.5,0.5,1097472000.0,,1097472000.0,7936794247.0,18.0,14.189,-159135000.0,-1.308,1.0,173496000.0,0.451,0.0,12065000.0,4085407000.0,,283485000.0,208184000.0,37143000.0,171041000.0,2839499000.0,1519308000.0,1320191000.0,6482224247.0,-30961000.0,-19217000.0,525000.0,93828000.0,-26780000.0,78813000.0,-194642000.0,0.0,84868000.0,0.0,60597000.0,60597000.0,60597000.0,0.0,0.0,0.157,72877000.0,100619000.0,279257000.0,0.44,5.907,25.175,25.132,2919491000.0,0.0,53.28,4.761,4.761,237305000.0,1509596000.0,384814000.0,384814000.0,301000.0,,,,,-8209000.0,51387000.0,1.0,121663368.0,121663368,,3.163,3936971000.0,0.0,32015000.0,451310000.0,32.36,-777061000.0
55,EQT,MRQ,2007-09-30,2007-09-30,2007-09-30,2021-09-07,-282495000.0,3673920000.0,,724654000.0,2949266000.0,,9.008,-199088000.0,180928000.0,180928000.0,110171000.0,32925000.0,0.585,2.36,1635498000.0,881998000.0,753500000.0,1635498000.0,0.0,26907000.0,0.0,0.017,0.22,60995000.0,87902000.0,0.388,87902000.0,60995000.0,49438000.0,0.27,0.27,0.27,1093446000.0,,1093446000.0,7654654931.0,17.0,13.493,-169269000.0,-1.395,1.0,116635000.0,0.514,0.0,11557000.0,3889368000.0,,298593000.0,226020000.0,56165000.0,169855000.0,2580474000.0,1239122000.0,1341352000.0,6309905931.0,41906000.0,0.0,224000.0,210715000.0,-26775000.0,184431000.0,-172344000.0,0.0,29819000.0,0.0,32925000.0,32925000.0,32925000.0,0.0,0.0,0.145,59267000.0,57368000.0,182944000.0,0.815,5.771,23.447,23.365,2669040000.0,0.0,51.87,4.743,4.732,114963000.0,1475779000.0,226806000.0,226806000.0,162000.0,,,,,-267000.0,32198000.0,1.0,121648466.0,121380000,122838000.0,1.869,3673920000.0,0.0,16513000.0,446710000.0,30.268,-514468000.0
56,EQT,MRQ,2007-06-30,2007-06-30,2007-06-30,2021-09-07,-346261000.0,3439407000.0,,671158000.0,2768249000.0,,8.43,-176737000.0,166342000.0,166342000.0,158529000.0,107343000.0,0.596,2.362,1511091000.0,757591000.0,753500000.0,1511091000.0,0.0,27592000.0,0.0,0.018,0.22,183039000.0,210631000.0,0.718,210631000.0,183039000.0,172103000.0,0.88,0.87,0.88,1023026000.0,,1023026000.0,7534738563.0,16.0,13.306,-90174000.0,-0.743,1.0,134711000.0,0.459,0.0,10936000.0,3657939000.0,,226954000.0,196671000.0,32336000.0,164335000.0,2416381000.0,1126217000.0,1290164000.0,6027029563.0,70766000.0,184576000.0,1032000.0,73287000.0,-26766000.0,48102000.0,-63899000.0,0.0,86563000.0,0.0,107343000.0,107343000.0,107343000.0,0.0,0.0,0.366,-46209000.0,180920000.0,211953000.0,0.25,5.891,22.491,22.425,2490888000.0,0.0,49.56,4.51,4.501,173812000.0,1469629000.0,293240000.0,293240000.0,117000.0,,,,,-549000.0,45483000.0,1.0,121610766.0,121356000,122837000.0,2.416,3439407000.0,0.0,64760000.0,399244000.0,28.341,-455059000.0
57,EQT,MRQ,2007-03-31,2007-03-31,2007-03-31,2021-09-07,-406733000.0,3188111000.0,,499292000.0,2688819000.0,,7.269,-156839000.0,0.0,0.0,263686000.0,56618000.0,0.45,2.618,1507709000.0,754209000.0,753500000.0,1507709000.0,0.0,27427000.0,0.0,0.018,0.22,100836000.0,128263000.0,0.281,128263000.0,100836000.0,87725000.0,0.47,0.46,0.47,881079000.0,,881079000.0,7346706047.0,21.0,16.167,68631000.0,0.566,1.0,192860000.0,0.422,0.0,13111000.0,3585378000.0,,149822000.0,92732000.0,23716000.0,69016000.0,2307032000.0,1110442000.0,1196590000.0,5876956047.0,0.0,0.0,1417000.0,-44500000.0,-26765000.0,-66217000.0,-159253000.0,-2414000.0,225470000.0,0.0,56618000.0,56618000.0,56618000.0,0.0,0.0,0.124,94006000.0,98854000.0,200815000.0,0.468,6.67,28.732,28.424,2507694000.0,0.0,48.32,4.541,4.525,264585000.0,1389052000.0,456546000.0,456546000.0,282000.0,,,,,-3631000.0,66297000.0,1.0,121625746.0,121217000,122757000.0,3.766,3188111000.0,0.0,31107000.0,301498000.0,26.301,-611150000.0
58,EQT,MRQ,2006-12-31,2006-12-31,2006-12-31,2021-09-07,-314302000.0,3282255000.0,,726794000.0,2555461000.0,,7.838,-150490000.0,0.0,0.0,182118000.0,72223000.0,0.658,2.469,1469750000.0,716250000.0,753500000.0,1469750000.0,0.0,25959000.0,0.0,0.021,0.22,114569000.0,140528000.0,0.397,140528000.0,114569000.0,102203000.0,0.6,0.59,0.6,946280000.0,,946280000.0,6515024323.0,17.0,13.612,-82214000.0,-0.681,1.0,171665000.0,0.485,0.0,12366000.0,3646882000.0,,269128000.0,195968000.0,129675000.0,66293000.0,2335975000.0,1105123000.0,1230852000.0,5040159323.0,0.0,724000.0,17908000.0,81395000.0,-26581000.0,82371000.0,-150647000.0,-157000.0,68276000.0,0.0,72223000.0,72223000.0,72223000.0,-4261000.0,0.0,0.204,62053000.0,109612000.0,213326000.0,0.367,5.326,22.88,22.814,2377471000.0,0.0,41.75,3.975,3.975,240113000.0,1363310000.0,353783000.0,353783000.0,802000.0,,,,,-9649000.0,35292000.0,1.0,120722379.0,120722379,,2.931,3282255000.0,0.0,29980000.0,338012000.0,27.188,-378329000.0
59,EQT,MRQ,2006-09-30,2006-09-30,2006-09-30,2021-09-07,-328637000.0,3090459000.0,,678102000.0,2412357000.0,,7.233,-99188000.0,0.0,0.0,113613000.0,31795000.0,0.635,2.556,1474865000.0,721431000.0,753434000.0,1474865000.0,0.0,25149000.0,0.0,0.025,0.22,61694000.0,86843000.0,0.373,86843000.0,61694000.0,48915000.0,0.26,0.26,0.26,869179000.0,,869179000.0,5919051557.0,15.0,11.991,52509000.0,0.437,1.0,119188000.0,0.512,0.0,12779000.0,3498000000.0,,323766000.0,217884000.0,153548000.0,64336000.0,2221280000.0,1067324000.0,1153956000.0,4221198557.0,0.0,0.0,728000.0,-26895000.0,-26561000.0,-52396000.0,-99301000.0,-113000.0,151697000.0,0.0,31795000.0,31795000.0,31795000.0,0.0,0.0,0.137,58053000.0,61135000.0,180179000.0,0.846,4.857,19.109,18.908,2253048000.0,0.0,34.98,3.23,3.216,130568000.0,1317668000.0,232801000.0,232801000.0,0.0,,,,,-332000.0,32904000.0,1.0,120674630.0,120172000,122103000.0,1.937,3090459000.0,0.0,17120000.0,302726000.0,25.717,-389222000.0
60,EQT,MRQ,2006-06-30,2006-06-30,2006-06-30,2021-09-07,-506222000.0,2991094000.0,,654996000.0,2336098000.0,,5.708,-82782000.0,0.0,0.0,127149000.0,43909000.0,0.526,3.363,1697853000.0,934419000.0,763434000.0,1697853000.0,0.0,24797000.0,0.0,0.025,0.22,73995000.0,98792000.0,0.393,98792000.0,73995000.0,64000000.0,0.37,0.36,0.37,685633000.0,,685633000.0,5810128558.0,14.0,11.503,9164000.0,0.076,1.0,124058000.0,0.494,0.0,9995000.0,3444158000.0,,289013000.0,107631000.0,44642000.0,62989000.0,2305461000.0,1244789000.0,1060672000.0,4039287558.0,-5017000.0,2400000.0,423000.0,11499000.0,-26553000.0,-14474000.0,-82489000.0,-2107000.0,91946000.0,0.0,43909000.0,43909000.0,43909000.0,0.0,0.0,0.175,49939000.0,74119000.0,163699000.0,0.595,5.891,17.145,17.005,2174467000.0,0.0,33.5,3.099,3.087,149053000.0,1312434000.0,251207000.0,251207000.0,0.0,,,,,-157000.0,28050000.0,1.0,120575748.0,120128000,122044000.0,2.091,2991094000.0,0.0,20091000.0,199190000.0,24.899,-589793000.0
61,EQT,MRQ,2006-03-31,2006-03-31,2006-03-31,2021-09-07,-555425000.0,2975977000.0,,695246000.0,2280731000.0,,5.149,-70634000.0,5017000.0,5017000.0,248540000.0,72359000.0,0.522,3.833,1775858000.0,1012424000.0,763434000.0,1775858000.0,0.0,24217000.0,0.0,0.023,0.21,127831000.0,152048000.0,0.354,152048000.0,127831000.0,114874000.0,0.61,0.59,0.61,615742000.0,,615742000.0,6696679874.0,15.0,12.171,235293000.0,1.968,1.0,181579000.0,0.422,0.0,12957000.0,3415636000.0,,189047000.0,92662000.0,30783000.0,61879000.0,2360235000.0,1331182000.0,1029053000.0,4375707874.0,-69949000.0,-3124000.0,15851000.0,-298300000.0,-25176000.0,-302024000.0,-73852000.0,-94000.0,305927000.0,0.0,72359000.0,72359000.0,72359000.0,0.0,0.0,0.168,53922000.0,127657000.0,175407000.0,0.344,7.106,17.092,17.141,2121180000.0,0.0,36.51,3.412,3.404,238155000.0,1295078000.0,430119000.0,430119000.0,0.0,,,,,-5601000.0,29705000.0,1.0,119849572.0,119579000,121789000.0,3.597,2975977000.0,0.0,42515000.0,157818000.0,24.887,-635936000.0
62,EQT,MRQ,2005-12-31,2005-12-31,2005-12-31,2021-09-07,-755600000.0,3342285000.0,,1097223000.0,2245062000.0,,2.933,-223766000.0,74966000.0,74966000.0,220527000.0,72839000.0,0.524,8.429,2396004000.0,1632504000.0,763500000.0,2396004000.0,0.0,23954000.0,0.0,0.022,0.21,132004000.0,155958000.0,0.397,155958000.0,132004000.0,120330000.0,0.61,0.59,0.61,354468000.0,,354468000.0,7229839694.0,16.0,13.112,-85011000.0,-0.703,1.0,172355000.0,0.439,0.0,11674000.0,3570827000.0,,289921000.0,103648000.0,42899000.0,60749000.0,2987817000.0,2092496000.0,895321000.0,4434815694.0,74966000.0,207557000.0,-36541000.0,-72202000.0,-25122000.0,-127369000.0,63580000.0,-240000.0,138755000.0,0.0,72839000.0,72839000.0,72839000.0,7180000.0,0.0,0.185,63887000.0,108468000.0,242618000.0,0.344,12.511,17.053,17.065,2083205000.0,0.0,36.69,3.537,3.537,308355000.0,1247895000.0,392882000.0,392882000.0,768000.0,,,,,0.0,39165000.0,1.0,120872600.0,120872600,,3.25,3342285000.0,0.0,47491000.0,24042000.0,27.651,-995273000.0
63,EQT,MRQ,2005-09-30,2005-09-30,2005-09-30,2021-09-07,-837205000.0,3626292000.0,,1299330000.0,2326962000.0,,2.201,-61250000.0,0.0,0.0,104174000.0,46491000.0,0.544,12.595,2795024000.0,2030728000.0,764296000.0,2795024000.0,0.0,23264000.0,0.0,0.02,0.21,75023000.0,98287000.0,0.429,98287000.0,75023000.0,64091000.0,0.38,0.38,0.38,266739000.0,,266739000.0,6308759876.0,15.0,12.781,-449350000.0,-3.708,1.0,125198000.0,0.546,0.0,10932000.0,4033618000.0,,257619000.0,282720000.0,151511000.0,131209000.0,3359553000.0,2387698000.0,971855000.0,4743326876.0,0.0,40582000.0,-28577000.0,431003000.0,-25904000.0,379074000.0,9026000.0,-163000.0,-388100000.0,0.0,46491000.0,46491000.0,46491000.0,-680000.0,0.0,0.203,70509000.0,54689000.0,172551000.0,0.553,17.783,20.579,20.558,1983483000.0,0.0,39.06,4.479,4.469,852043000.0,1200178000.0,229372000.0,229372000.0,0.0,,,,,0.0,47245000.0,1.0,121436940.0,121181000,123576000.0,1.893,3626292000.0,38147000.0,17600000.0,10243000.0,29.925,-1088368000.0
64,EQT,MRQ,2005-06-30,2005-06-30,2005-06-30,2021-09-07,-440968000.0,3043013000.0,,787169000.0,2255844000.0,,5.542,53335000.0,30000000.0,30000000.0,115808000.0,64319000.0,0.595,3.52,1595433000.0,977975000.0,617458000.0,1595433000.0,0.0,23119000.0,0.0,0.023,0.21,120809000.0,143928000.0,0.625,143928000.0,120809000.0,110821000.0,0.53,0.52,0.53,673240000.0,,673240000.0,6140038544.0,15.0,12.702,-43204000.0,-0.356,1.0,114386000.0,0.497,0.0,9988000.0,3286352000.0,,189984000.0,176993000.0,30188000.0,146805000.0,2369773000.0,1322094000.0,1047679000.0,4142016544.0,-716000.0,354319000.0,-18024000.0,-245500000.0,-25776000.0,-281599000.0,377422000.0,-158000.0,-96539000.0,0.0,64319000.0,64319000.0,64319000.0,-6366000.0,0.0,0.279,60927000.0,53459000.0,179884000.0,0.396,6.152,18.855,18.785,1937448000.0,0.0,34.0,4.0,3.988,509721000.0,1179591000.0,230194000.0,230194000.0,0.0,,,,,0.0,30492000.0,1.0,121824016.0,121472000,123990000.0,1.895,3043013000.0,0.0,46502000.0,234974000.0,25.051,-534925000.0
65,EQT,MRQ,2005-03-31,2005-03-31,2005-03-31,2021-09-07,-346553000.0,3519758000.0,,738191000.0,2781567000.0,,6.169,-43773000.0,2791000.0,2791000.0,226744000.0,76406000.0,0.469,3.699,2000813000.0,1300077000.0,700736000.0,2000813000.0,0.0,23190000.0,0.0,0.026,0.19,130038000.0,153228000.0,0.382,153228000.0,130038000.0,117851000.0,0.63,0.61,0.63,749025000.0,,749025000.0,4534789105.0,9.0,7.945,-10195000.0,-0.084,1.0,174532000.0,0.435,0.0,12187000.0,3943041000.0,,105463000.0,686112000.0,76044000.0,610068000.0,2770733000.0,1574739000.0,1195994000.0,3506329105.0,716000.0,-57500000.0,-14092000.0,96500000.0,-22935000.0,69076000.0,-101938000.0,-3448000.0,33578000.0,0.0,76406000.0,76406000.0,76406000.0,-1615000.0,0.0,0.19,47336000.0,127196000.0,168562000.0,0.302,4.681,12.252,12.3,1999059000.0,0.0,28.72,3.352,3.334,533810000.0,1141048000.0,401276000.0,401276000.0,0.0,,,,,0.0,23627000.0,1.0,122086668.0,121424000,124350000.0,3.305,3519758000.0,0.0,41445000.0,380476000.0,28.987,-836548000.0
66,EQT,MRQ,2004-12-31,2004-12-31,2004-12-31,2021-09-07,-180347000.0,3205346000.0,,738814000.0,2466532000.0,,7.117,-66838000.0,0.0,0.0,96355000.0,43274000.0,0.663,2.665,1272315000.0,655881000.0,616434000.0,1272315000.0,0.0,16890000.0,0.0,0.024,0.19,81286000.0,98176000.0,0.495,98176000.0,81286000.0,74719000.0,0.36,0.35,0.36,874672000.0,,874672000.0,4718151678.0,10.0,8.434,-20211000.0,-0.164,1.0,101914000.0,0.514,0.0,6567000.0,3363670000.0,,204625000.0,515982000.0,27585000.0,488397000.0,2330674000.0,1113991000.0,1216683000.0,3727433678.0,3040000.0,0.0,-26388000.0,23964000.0,-23475000.0,23964000.0,-67551000.0,-1152000.0,46627000.0,0.0,43274000.0,43274000.0,43274000.0,18936000.0,0.0,0.218,43420000.0,58494000.0,171167000.0,0.528,4.262,13.319,13.361,1875131000.0,0.0,30.33,3.566,3.566,224418000.0,1087577000.0,198269000.0,198269000.0,0.0,,,,,0.0,26530000.0,1.0,122895934.0,122895934,,1.613,3205346000.0,0.0,31445000.0,504389000.0,26.082,-375177000.0
67,EQT,MRQ,2004-09-30,2004-09-30,2004-09-30,2021-09-07,-221593000.0,3072758000.0,,576405000.0,2496353000.0,,6.752,-54440000.0,0.0,0.0,95334000.0,35683000.0,0.597,2.705,990718000.0,309378000.0,681340000.0,990718000.0,0.0,21809000.0,0.0,0.025,0.19,66256000.0,88065000.0,0.428,88065000.0,66256000.0,54065000.0,0.29,0.28,0.29,829346000.0,,829346000.0,4251238218.0,9.0,7.525,-91512000.0,-0.745,1.0,110513000.0,0.537,0.0,12191000.0,3098699000.0,,209450000.0,486625000.0,0.0,486625000.0,2243412000.0,964777000.0,1278635000.0,3359088218.0,-4721000.0,42880000.0,-22439000.0,89595000.0,-23518000.0,43638000.0,-11287000.0,273000.0,-37072000.0,0.0,35683000.0,35683000.0,35683000.0,0.0,0.0,0.173,45986000.0,64527000.0,148274000.0,0.655,4.05,11.743,11.755,1831338000.0,0.0,27.155,3.438,3.414,296023000.0,1067778000.0,205847000.0,205847000.0,0.0,,,,,0.0,24177000.0,1.0,123700542.0,122838000,125660000.0,1.676,3072758000.0,0.0,18382000.0,479615000.0,25.015,-388372000.0
68,EQT,MRQ,2004-06-30,2004-06-30,2004-06-30,2021-09-07,-155097000.0,2934943000.0,,506370000.0,2428573000.0,,7.338,-44665000.0,4721000.0,4721000.0,125242000.0,130827000.0,0.693,2.225,896871000.0,230901000.0,665970000.0,896871000.0,0.0,21610000.0,0.0,0.025,0.19,209727000.0,231337000.0,0.961,231337000.0,209727000.0,198224000.0,1.055,1.03,1.055,910132000.0,,910132000.0,4061398734.0,9.0,7.375,-19785000.0,-0.16,1.0,115398000.0,0.48,0.0,11503000.0,3096287000.0,,131050000.0,450077000.0,0.0,450077000.0,2024811000.0,730806000.0,1294005000.0,3231523734.0,-588000.0,0.0,-35366000.0,77810000.0,-23628000.0,18816000.0,-44284000.0,381000.0,24880000.0,0.0,130827000.0,130827000.0,130827000.0,0.0,0.0,0.544,86467000.0,28931000.0,148005000.0,0.18,3.551,11.6,11.517,1798872000.0,0.0,25.855,3.377,3.352,315357000.0,1055613000.0,240640000.0,240640000.0,0.0,,,,,0.0,46631000.0,1.0,124986414.0,124038000,126760000.0,1.94,2934943000.0,0.0,67397000.0,511994000.0,23.662,-224436000.0
69,EQT,MRQ,2004-03-31,2004-03-31,2004-03-31,2021-09-07,-11893000.0,2897284000.0,,452318000.0,2444966000.0,,7.884,-35870000.0,5309000.0,5309000.0,226381000.0,70070000.0,0.669,1.952,835184000.0,165444000.0,669740000.0,835184000.0,0.0,21767000.0,0.0,0.025,0.15,120058000.0,141825000.0,0.354,141825000.0,120058000.0,107799000.0,0.565,0.55,0.565,981600000.0,,981600000.0,3660120888.0,12.0,9.222,109693000.0,0.881,1.0,174046000.0,0.435,0.0,12259000.0,3050592000.0,,75067000.0,489351000.0,0.0,489351000.0,1915684000.0,676567000.0,1239117000.0,2739100888.0,-32025000.0,0.0,-7503000.0,-115970000.0,-18743000.0,-142216000.0,-35372000.0,498000.0,145563000.0,0.0,70070000.0,70070000.0,70070000.0,0.0,0.0,0.175,54519000.0,119527000.0,139379000.0,0.265,2.79,15.29,15.37,1775886000.0,0.0,22.21,2.931,2.959,323922000.0,948414000.0,400427000.0,400427000.0,0.0,,,,,0.0,32752000.0,1.0,123327370.0,124512000,127062000.0,3.216,2897284000.0,0.0,37729000.0,461016000.0,23.269,-224249000.0
70,EQT,MRQ,2003-12-31,2003-12-31,2003-12-31,2021-09-07,15265000.0,2947359000.0,,557528000.0,2389831000.0,,7.753,-68334000.0,37334000.0,37334000.0,31018000.0,49471000.0,0.785,2.053,958354000.0,277235000.0,681119000.0,958354000.0,0.0,19088000.0,0.0,0.023,0.15,84667000.0,103755000.0,0.797,103755000.0,84667000.0,77595000.0,0.4,0.39,0.4,965340000.0,,965340000.0,3607535597.0,12.0,9.638,-21224000.0,-0.17,1.0,99223000.0,0.762,51656000.0,7072000.0,3106429000.0,,162090000.0,452455000.0,0.0,452455000.0,1982019000.0,710294000.0,1271725000.0,2671894597.0,32418000.0,38419000.0,5781000.0,-21682000.0,-19079000.0,10127000.0,-24819000.0,0.0,47110000.0,0.0,49471000.0,49471000.0,49471000.0,-7807000.0,0.0,0.38,34251000.0,64972000.0,146086000.0,0.375,2.768,15.717,15.664,1766782000.0,0.0,21.46,3.048,3.048,314181000.0,897087000.0,130241000.0,130241000.0,0.0,,,,,0.0,15163000.0,1.0,124505806.0,124505806,,1.046,2895703000.0,0.0,28124000.0,472002000.0,23.258,-152766000.0
71,EQT,MRQ,2003-09-30,2003-09-30,2003-09-30,2021-09-07,-3188000.0,2803214000.0,,475762000.0,2327452000.0,,7.331,-62223000.0,11456000.0,11456000.0,84367000.0,28212000.0,0.71,2.081,947097000.0,301041000.0,646056000.0,947097000.0,0.0,19656000.0,0.0,0.02,0.15,54103000.0,73759000.0,0.398,73759000.0,54103000.0,42748000.0,0.225,0.225,0.225,909845000.0,,909845000.0,3354767300.0,12.0,9.135,-126278000.0,-1.018,1.0,101148000.0,0.545,0.0,11355000.0,3069112000.0,,175808000.0,428568000.0,0.0,428568000.0,1893369000.0,669743000.0,1223626000.0,2558323300.0,-11662000.0,0.0,-5556000.0,138664000.0,-18492000.0,114616000.0,-62223000.0,0.0,-64055000.0,0.0,28212000.0,28212000.0,28212000.0,0.0,0.0,0.152,46971000.0,54177000.0,140785000.0,0.667,2.812,15.704,15.687,1719731000.0,0.0,20.55,2.368,2.361,230884000.0,866695000.0,185515000.0,185515000.0,0.0,,,,,0.0,27315000.0,1.0,124492618.0,124106000,126672000.0,1.495,2803214000.0,0.0,14536000.0,447800000.0,22.587,-193981000.0
72,EQT,MRQ,2003-06-30,2003-06-30,2003-06-30,2021-09-07,-67683000.0,2717332000.0,,420796000.0,2296536000.0,,6.787,-57785000.0,23118000.0,23118000.0,113651000.0,31395000.0,0.662,2.226,819562000.0,177101000.0,642461000.0,819562000.0,0.0,19225000.0,0.0,0.017,0.1,58336000.0,77561000.0,0.355,77561000.0,58336000.0,47554000.0,0.255,0.25,0.255,842401000.0,,842401000.0,3206003253.0,11.0,8.875,9697000.0,0.078,1.0,104845000.0,0.48,0.0,10782000.0,2877887000.0,,99091000.0,418888000.0,0.0,418888000.0,1874931000.0,635889000.0,1239042000.0,2544132253.0,-122965000.0,0.0,-8907000.0,-111493000.0,-12262000.0,-132662000.0,-57785000.0,0.0,67482000.0,0.0,31395000.0,31395000.0,31395000.0,0.0,0.0,0.144,48028000.0,56817000.0,129850000.0,0.392,3.02,15.765,15.669,1687893000.0,0.0,20.37,2.294,2.279,249549000.0,856976000.0,218496000.0,218496000.0,0.0,,,,,0.0,28803000.0,1.0,124896036.0,124116000,126840000.0,1.76,2717332000.0,0.0,16159000.0,414261000.0,21.893,-215093000.0
73,EQT,MRQ,2003-03-31,2003-03-31,2003-03-31,2021-09-07,33740000.0,2834357000.0,,620774000.0,2213583000.0,,7.092,-26300000.0,146083000.0,146083000.0,181987000.0,60923000.0,1.068,2.22,807954000.0,157182000.0,650772000.0,807954000.0,0.0,18753000.0,0.0,0.018,0.085,100460000.0,119213000.0,0.348,119213000.0,100460000.0,88139000.0,0.49,0.48,0.49,880277000.0,,880277000.0,2972833185.0,10.0,8.227,51721000.0,0.417,1.0,160335000.0,0.468,0.0,12321000.0,2914946000.0,,64082000.0,386090000.0,0.0,386090000.0,1954080000.0,581282000.0,1372798000.0,2310560185.0,128335000.0,-44200000.0,-7397000.0,138796000.0,-10585000.0,120814000.0,-70500000.0,0.0,78021000.0,0.0,60923000.0,60923000.0,60923000.0,0.0,0.0,0.178,60294000.0,100041000.0,198376000.0,0.173,2.625,13.739,13.944,1641035000.0,0.0,18.755,2.068,2.083,342726000.0,837843000.0,342322000.0,342322000.0,0.0,,,,,0.0,32262000.0,1.0,123197024.0,124126000,126666000.0,2.758,2834357000.0,0.0,27216000.0,412192000.0,22.835,39492000.0
74,EQT,MRQ,2002-12-31,2002-12-31,2002-12-31,2021-09-07,-24533000.0,2436891000.0,,430051000.0,2006840000.0,,6.229,-63259000.0,17748000.0,17748000.0,220204000.0,42379000.0,0.779,2.13,680021000.0,219337000.0,460684000.0,680021000.0,0.0,21878000.0,0.0,0.019,0.085,74815000.0,96693000.0,0.29,96693000.0,74815000.0,64210000.0,0.34,0.34,0.34,778639000.0,,778639000.0,2786293362.0,10.0,8.111,-38413000.0,-0.307,1.0,113732000.0,0.341,51656000.0,10605000.0,2495768000.0,,74735000.0,261890000.0,0.0,261890000.0,1658252000.0,551740000.0,1106512000.0,2189901362.0,11098000.0,-1050000.0,-3760000.0,78495000.0,-10552000.0,64183000.0,-77931000.0,-13622000.0,24846000.0,0.0,42379000.0,42379000.0,42379000.0,0.0,0.0,0.127,35287000.0,78445000.0,136478000.0,0.25,2.812,14.21,14.302,1561815000.0,0.0,17.52,2.048,2.048,298732000.0,787505000.0,333936000.0,333936000.0,-19587000.0,,,,,0.0,36577000.0,1.0,124994370.0,124994370,,2.672,2385235000.0,0.0,21831000.0,363900000.0,19.083,-121689000.0
75,EQT,MRQ,2002-09-30,2002-09-30,2002-09-30,2021-09-07,19480000.0,2344920000.0,,386654000.0,1958266000.0,,6.328,-68519000.0,6650000.0,6650000.0,114884000.0,26686000.0,0.663,1.973,603042000.0,272869000.0,330173000.0,603042000.0,13755000.0,17613000.0,0.0,0.019,0.085,50148000.0,67761000.0,0.316,67761000.0,50148000.0,40804000.0,0.215,0.21,0.215,788771000.0,,788771000.0,2649470552.0,11.0,8.214,-55405000.0,-0.444,1.0,99534000.0,0.464,0.0,9344000.0,2358539000.0,,94109000.0,260235000.0,0.0,260235000.0,1556149000.0,582773000.0,973376000.0,2141940552.0,208000.0,77000.0,-29619000.0,95629000.0,-10474000.0,55536000.0,-68442000.0,0.0,13114000.0,0.0,26686000.0,26686000.0,26686000.0,0.0,0.0,0.124,48659000.0,50875000.0,104595000.0,0.395,2.716,15.746,16.07,1513086000.0,0.0,17.275,1.954,1.964,191039000.0,755495000.0,214418000.0,214418000.0,6746000.0,,,,,0.0,24300000.0,1.0,123990770.0,124652000,127336000.0,1.72,2344920000.0,0.0,14118000.0,370846000.0,18.812,-196119000.0
76,EQT,MRQ,2002-06-30,2002-06-30,2002-06-30,2021-09-07,10724000.0,2239090000.0,,323536000.0,1915554000.0,,6.271,-49644000.0,6442000.0,6442000.0,121065000.0,38189000.0,0.705,1.821,513972000.0,162917000.0,351055000.0,513972000.0,8691000.0,16771000.0,0.0,0.019,0.085,60891000.0,77662000.0,0.343,77662000.0,60891000.0,51632000.0,0.3,0.295,0.3,793711000.0,,793711000.0,2683408616.0,11.0,8.35,33338000.0,0.263,1.0,105606000.0,0.466,0.0,9259000.0,2287965000.0,,61707000.0,259742000.0,0.0,259742000.0,1445379000.0,458655000.0,986724000.0,2172860616.0,3923000.0,192000.0,-19732000.0,-60933000.0,-10702000.0,-91367000.0,12308000.0,0.0,82982000.0,0.0,38189000.0,38189000.0,38189000.0,-9000000.0,0.0,0.168,51573000.0,54033000.0,110981000.0,0.283,2.738,16.198,16.256,1463258000.0,0.0,17.15,2.074,2.072,182505000.0,739272000.0,226671000.0,226671000.0,6391000.0,,,,,0.0,23091000.0,1.0,126697412.0,126560000,129998000.0,1.791,2239090000.0,0.0,13443000.0,354827000.0,17.692,-135119000.0
77,EQT,MRQ,2002-03-31,2002-03-31,2002-03-31,2021-09-07,33426000.0,2327565000.0,,431262000.0,1896303000.0,,6.417,-37072000.0,64279000.0,64279000.0,150751000.0,46853000.0,0.831,1.853,574827000.0,227280000.0,347547000.0,574827000.0,7343000.0,16767000.0,0.0,0.018,0.08,84632000.0,101399000.0,0.345,101399000.0,84632000.0,75053000.0,0.37,0.36,0.37,815750000.0,,815750000.0,2760971727.0,11.0,8.662,56497000.0,0.444,1.0,143292000.0,0.487,0.0,9579000.0,2318982000.0,,34989000.0,249149000.0,0.0,249149000.0,1511815000.0,519131000.0,992684000.0,2180947727.0,-27103000.0,781000.0,-15432000.0,-60064000.0,-10081000.0,-85577000.0,-35095000.0,0.0,93569000.0,0.0,46853000.0,46853000.0,46853000.0,0.0,0.0,0.159,49074000.0,94218000.0,89316000.0,0.216,2.674,17.12,17.405,1435385000.0,0.0,17.405,1.87,1.897,231462000.0,717634000.0,294043000.0,294043000.0,6450000.0,,,,,0.0,25857000.0,1.0,125305816.0,127132000,130126000.0,2.313,2327565000.0,0.0,28200000.0,357476000.0,18.308,-87869000.0
78,EQT,MRQ,2001-12-31,2001-12-31,2001-12-31,2021-09-07,91380000.0,2518747000.0,,613344000.0,1905403000.0,,6.615,13255000.0,92578000.0,92578000.0,240313000.0,24305000.0,0.928,1.977,672602000.0,340945000.0,331657000.0,672602000.0,0.0,22404000.0,0.0,0.018,0.08,53317000.0,75721000.0,0.21,75721000.0,53317000.0,43219000.0,0.19,0.185,0.19,846154000.0,,846154000.0,2720706764.0,10.0,7.65,27464000.0,0.215,1.0,120705000.0,0.334,57364000.0,10098000.0,2380415000.0,,96445000.0,253214000.0,0.0,253214000.0,1672593000.0,660992000.0,1011601000.0,2178956764.0,29421000.0,16000.0,-5704000.0,81093000.0,-10178000.0,65211000.0,-49999000.0,-314000.0,14209000.0,0.0,24305000.0,24305000.0,24305000.0,0.0,0.0,0.067,67120000.0,53585000.0,101654000.0,0.421,2.575,14.353,14.436,1414277000.0,0.0,17.035,1.964,1.964,259407000.0,675207000.0,361018000.0,361018000.0,7601000.0,,,,,0.0,38926000.0,1.0,127910582.0,127910582,,2.822,2461383000.0,0.0,18914000.0,378969000.0,19.243,-47648000.0
79,EQT,MRQ,2001-09-30,2001-09-30,2001-09-30,2021-09-07,93567000.0,2392582000.0,,526887000.0,1865695000.0,,6.559,-36926000.0,201000.0,201000.0,72616000.0,24800000.0,0.865,1.854,541951000.0,270701000.0,271250000.0,541951000.0,6348000.0,18100000.0,0.0,0.02,0.08,48496000.0,66596000.0,0.402,66596000.0,48496000.0,38308000.0,0.195,0.19,0.195,838445000.0,,838445000.0,2417973318.0,8.0,6.535,-50016000.0,-0.391,1.0,93226000.0,0.562,0.0,10188000.0,2325223000.0,,106557000.0,252235000.0,0.0,252235000.0,1554137000.0,609109000.0,945028000.0,1926606318.0,-3239000.0,33000.0,-5790000.0,62755000.0,-10221000.0,46744000.0,-36893000.0,0.0,-13090000.0,0.0,24800000.0,24800000.0,24800000.0,0.0,0.0,0.15,51329000.0,41897000.0,109236000.0,0.41,2.298,12.101,12.15,1441113000.0,0.0,15.005,1.42,1.414,201240000.0,661080000.0,165842000.0,165842000.0,7675000.0,,,,,0.0,25554000.0,1.0,128397622.0,127824000,131124000.0,1.297,2392582000.0,0.0,13508000.0,350894000.0,18.718,-82222000.0
80,EQT,MRQ,2001-06-30,2001-06-30,2001-06-30,2021-09-07,64540000.0,2312317000.0,,470976000.0,1841341000.0,,6.194,-28630000.0,3440000.0,3440000.0,237418000.0,31437000.0,0.756,1.888,494807000.0,223557000.0,271250000.0,494807000.0,9917000.0,17404000.0,0.0,0.018,0.08,57612000.0,75016000.0,0.217,75016000.0,57612000.0,48267000.0,0.245,0.235,0.245,800737000.0,,800737000.0,2621935676.0,9.0,7.034,9224000.0,0.071,1.0,108126000.0,0.313,0.0,9345000.0,2180974000.0,,64886000.0,246698000.0,0.0,246698000.0,1511580000.0,622710000.0,888870000.0,2174177676.0,-83414000.0,662000.0,-44428000.0,-39805000.0,-10390000.0,-94623000.0,-26645000.0,1323000.0,37854000.0,0.0,31437000.0,31437000.0,31437000.0,0.0,0.0,0.091,57353000.0,50773000.0,123685000.0,0.327,2.715,14.16,14.055,1426288000.0,0.0,16.655,1.425,1.411,262481000.0,646501000.0,345544000.0,345544000.0,9544000.0,,,,,0.0,30405000.0,1.0,130542040.0,129272000,133354000.0,2.673,2312317000.0,0.0,16830000.0,293356000.0,17.887,-151734000.0
81,EQT,MRQ,2001-03-31,2001-03-31,2001-03-31,2021-09-07,-10246000.0,2383047000.0,,551632000.0,1831415000.0,,5.774,-11320000.0,86854000.0,86854000.0,686213000.0,71266000.0,0.711,2.183,534612000.0,263362000.0,271250000.0,534612000.0,22886000.0,17133000.0,0.0,0.017,0.074,121204000.0,138337000.0,0.163,138337000.0,121204000.0,109737000.0,0.55,0.54,0.55,748618000.0,,748618000.0,2793373346.0,10.0,7.562,79576000.0,0.614,1.0,164944000.0,0.194,0.0,11467000.0,2055246000.0,,29491000.0,241697000.0,0.0,241697000.0,1634429000.0,775559000.0,858870000.0,2244779346.0,34831000.0,-711000.0,1574000.0,-66005000.0,-9567000.0,-73998000.0,17933000.0,29964000.0,90896000.0,0.0,71266000.0,71266000.0,71266000.0,0.0,0.0,0.084,56671000.0,108273000.0,239033000.0,0.135,2.999,16.227,16.197,1414526000.0,0.0,17.25,1.484,1.478,391525000.0,628111000.0,851157000.0,851157000.0,9680000.0,,,,,0.0,29858000.0,1.0,130132136.0,129660000,132876000.0,6.565,2383047000.0,0.0,38471000.0,273754000.0,18.379,-223927000.0
82,EQT,MRQ,2000-12-31,2000-12-31,2000-12-31,2021-09-07,7000.0,2424914000.0,,583736000.0,1841178000.0,,5.314,191050000.0,52023000.0,52023000.0,-118437000.0,31704000.0,0.69,2.496,600617000.0,312828000.0,287789000.0,600617000.0,30232000.0,21254000.0,0.0,0.018,0.074,68776000.0,90030000.0,-14.694,90030000.0,68776000.0,49325000.0,0.245,0.24,0.245,693695000.0,,693695000.0,3210322240.0,13.0,9.498,485844000.0,3.722,1.0,112310000.0,-18.33,60635000.0,19451000.0,2067292000.0,,85246000.0,230651000.0,0.0,230651000.0,1731219000.0,845581000.0,885638000.0,2178431240.0,46904000.0,127187000.0,-9742000.0,-436393000.0,-9598000.0,-455733000.0,207843000.0,-110394000.0,294794000.0,0.0,31704000.0,31704000.0,31704000.0,0.0,0.0,-5.174,67121000.0,45189000.0,285723000.0,0.302,3.14,20.518,20.475,1419429000.0,0.0,16.688,2.102,2.102,403399000.0,563755000.0,-6127000.0,-6127000.0,11385000.0,,,,,0.0,35711000.0,1.0,130542696.0,130542696,,-0.047,2364279000.0,0.0,17621000.0,263244000.0,18.111,-261845000.0
83,EQT,MRQ,2000-09-30,2000-09-30,2000-09-30,2021-09-07,34000.0,2414335000.0,,377690000.0,2036645000.0,,5.224,-34087000.0,5119000.0,5119000.0,235415000.0,19141000.0,0.373,2.558,1037010000.0,738660000.0,298350000.0,1037010000.0,299112000.0,21033000.0,0.0,0.019,0.074,48337000.0,69370000.0,0.207,69370000.0,48337000.0,27161000.0,0.145,0.145,0.145,678492000.0,,678492000.0,3034514760.0,14.0,8.831,-51007000.0,-0.393,1.0,99869000.0,0.298,0.0,21176000.0,2432845000.0,,95556000.0,190744000.0,0.0,190744000.0,1735843000.0,1013381000.0,722462000.0,2065499760.0,-94493000.0,-5489000.0,-1854000.0,-31617000.0,-9591000.0,-43062000.0,-34511000.0,5065000.0,-16920000.0,0.0,19141000.0,19141000.0,19141000.0,0.0,0.0,0.057,57243000.0,42626000.0,137138000.0,0.51,3.044,20.473,20.581,1635424000.0,0.0,15.848,1.609,1.604,195798000.0,541648000.0,335284000.0,335284000.0,11214000.0,,,,,0.0,24996000.0,1.0,130336000.0,129876000,132600000.0,2.582,2414335000.0,0.0,8020000.0,0.0,18.59,-635691000.0
84,EQT,MRQ,2000-06-30,2000-06-30,2000-06-30,2021-09-07,34000.0,2426584000.0,,431559000.0,1995025000.0,,5.128,-19937000.0,99612000.0,99612000.0,216848000.0,16225000.0,0.408,2.625,1068627000.0,770277000.0,298350000.0,1068627000.0,274863000.0,26935000.0,0.0,0.024,0.074,44710000.0,71645000.0,0.215,71645000.0,44710000.0,25471000.0,0.125,0.12,0.125,669473000.0,,669473000.0,2725976170.0,14.0,8.567,12040000.0,0.092,1.0,115649000.0,0.348,0.0,19239000.0,2336701000.0,,43796000.0,170324000.0,0.0,170324000.0,1757111000.0,1058898000.0,698213000.0,1586683170.0,96909000.0,158214000.0,-12808000.0,-73369000.0,-9628000.0,-95805000.0,160737000.0,-126066000.0,31977000.0,0.0,16225000.0,16225000.0,16225000.0,0.0,0.0,0.049,64978000.0,50671000.0,123164000.0,0.592,2.37,18.138,18.092,1621005000.0,0.0,12.068,1.39,1.38,219865000.0,532099000.0,332497000.0,332497000.0,13013000.0,,,,,0.0,25030000.0,1.0,131484000.0,130548000,132608000.0,2.547,2426584000.0,0.0,9246000.0,0.0,18.588,-627339000.0
85,EQT,MRQ,2000-03-31,2000-03-31,2000-03-31,2021-09-07,34000.0,2503800000.0,,340303000.0,2163497000.0,,5.174,-23697000.0,2703000.0,2703000.0,228774000.0,39103000.0,0.307,2.704,1141996000.0,843646000.0,298350000.0,1141996000.0,296063000.0,29784000.0,0.0,0.026,0.074,77182000.0,106966000.0,0.285,106966000.0,77182000.0,61387000.0,0.3,0.295,0.3,675909000.0,,675909000.0,1957608265.0,12.0,6.562,28675000.0,0.219,1.0,146103000.0,0.39,0.0,15795000.0,2534615000.0,,23211000.0,44258000.0,0.0,44258000.0,1827891000.0,1108478000.0,719413000.0,1469803265.0,-15328000.0,-674450000.0,3960000.0,636160000.0,-9673000.0,630447000.0,-698147000.0,0.0,52372000.0,0.0,39103000.0,39103000.0,39103000.0,0.0,0.0,0.104,70355000.0,75748000.0,91765000.0,0.247,2.175,18.726,18.828,1916568000.0,0.0,11.203,1.471,1.464,248668000.0,525503000.0,374877000.0,374877000.0,10258000.0,,,,,0.0,30313000.0,1.0,131203148.0,130640000,132440000.0,2.87,2503800000.0,0.0,22284000.0,0.0,19.166,-768175000.0
86,EQT,MRQ,1999-12-31,1999-12-31,1999-12-31,2021-09-07,34000.0,1789574000.0,,326838000.0,1462736000.0,,4.864,-19417000.0,18031000.0,18031000.0,135207000.0,26421000.0,0.737,1.784,505836000.0,207486000.0,298350000.0,505836000.0,45735000.0,46238000.0,0.0,0.035,0.074,49410000.0,95648000.0,0.397,95648000.0,49410000.0,39065000.0,0.2,0.198,0.2,642810000.0,,642810000.0,1512981680.0,10.0,5.615,-10481000.0,-0.079,1.0,105517000.0,0.438,64382000.0,10345000.0,1769751000.0,,40859000.0,40873000.0,0.0,40873000.0,1146764000.0,443246000.0,703518000.0,1102741680.0,11200000.0,-44459000.0,-31417000.0,88723000.0,-9526000.0,47780000.0,-45516000.0,18360000.0,8936000.0,0.0,26421000.0,26421000.0,26421000.0,0.0,0.0,0.11,56664000.0,48853000.0,81444000.0,0.37,1.716,15.952,16.363,1221431000.0,0.0,8.345,1.058,1.058,194789000.0,496072000.0,240724000.0,240724000.0,947000.0,,,,,0.0,32579000.0,1.0,132144000.0,132144000,,1.822,1725192000.0,0.0,12644000.0,200510000.0,13.055,-116408000.0
87,EQT,MRQ,1999-09-30,1999-09-30,1999-09-30,2021-09-07,35000.0,1664987000.0,,255568000.0,1409419000.0,,4.849,-28998000.0,6831000.0,6831000.0,120201000.0,5730000.0,0.883,1.544,417071000.0,118791000.0,298280000.0,417071000.0,297889000.0,25585000.0,0.0,0.031,0.074,18363000.0,43948000.0,0.227,43948000.0,18363000.0,9804000.0,0.043,0.043,0.043,654550000.0,,654550000.0,1677972090.0,1993.0,15.102,4961000.0,0.037,1.0,72980000.0,0.378,0.0,8559000.0,1785959000.0,,42755000.0,0.0,0.0,0.0,1010437000.0,289268000.0,721169000.0,1281343090.0,-20186000.0,-850000.0,-7791000.0,-6503000.0,-10003000.0,-24297000.0,-29848000.0,0.0,33959000.0,0.0,5730000.0,5730000.0,5730000.0,0.0,0.0,0.03,55673000.0,17307000.0,58420000.0,1.721,1.958,-49.72,-59.826,1176918000.0,0.0,9.453,1.241,1.236,135783000.0,479177000.0,193181000.0,193181000.0,5321000.0,,,,,0.0,24767000.0,1.0,135556000.0,134976000,137092000.0,1.431,1664987000.0,0.0,4074000.0,0.0,12.335,-33700000.0
88,EQT,MRQ,1999-06-30,1999-06-30,1999-06-30,2021-09-07,32000.0,1744885000.0,,341646000.0,1403239000.0,,4.926,-20133000.0,102016000.0,102016000.0,112479000.0,7238000.0,0.974,1.608,498645000.0,200295000.0,298350000.0,498645000.0,301435000.0,30825000.0,0.0,0.031,0.074,20946000.0,51771000.0,0.272,51771000.0,20946000.0,11981000.0,0.052,0.052,0.052,669164000.0,,669164000.0,1807295250.0,-475.0,17.643,53403000.0,0.393,1.0,78095000.0,0.41,0.0,8965000.0,1790578000.0,,26026000.0,0.0,0.0,0.0,1075721000.0,350936000.0,724785000.0,1287539250.0,92248000.0,-3248000.0,-10804000.0,-31405000.0,-10311000.0,-52520000.0,71232000.0,94613000.0,73536000.0,0.0,7238000.0,7238000.0,7238000.0,0.0,0.0,0.038,57726000.0,20369000.0,58334000.0,1.423,1.924,-43.699,-51.014,1180660000.0,0.0,9.438,1.293,1.288,155338000.0,483450000.0,190574000.0,190574000.0,2518000.0,,,,,0.0,24383000.0,1.0,136428000.0,135840000,136608000.0,1.403,1744885000.0,0.0,4743000.0,0.0,12.845,-9290000.0
89,EQT,MRQ,1999-03-31,1999-03-30,1999-03-30,2021-09-07,10000.0,1861239000.0,,443274000.0,1417965000.0,,4.869,-21489000.0,9768000.0,9768000.0,319054000.0,29739000.0,0.972,1.711,529524000.0,248174000.0,281350000.0,529524000.0,312317000.0,21175000.0,0.0,0.045,0.074,56897000.0,78072000.0,0.187,78072000.0,56897000.0,47634000.0,0.21,0.21,0.21,686615000.0,,686615000.0,1256611588.0,-104.0,15.17,13486000.0,0.096,1.0,98480000.0,0.236,0.0,9263000.0,1925038000.0,,14562000.0,94614000.0,94614000.0,0.0,1174624000.0,455957000.0,718667000.0,887866588.0,795000.0,-15540000.0,-44603000.0,57996000.0,-10544000.0,2849000.0,-37029000.0,0.0,34975000.0,0.0,29739000.0,29739000.0,29739000.0,0.0,0.0,0.071,42256000.0,56224000.0,106318000.0,0.352,1.293,-25.79,-29.361,1194008000.0,0.0,6.548,0.901,0.937,258509000.0,486521000.0,417534000.0,417534000.0,502000.0,,,,,0.0,20579000.0,1.0,135603908.0,141032000,141268000.0,2.961,1861239000.0,0.0,17895000.0,0.0,13.197,-12683000.0
90,EQT,MRQ,1998-12-31,1998-12-31,1998-12-31,2021-09-07,-9000.0,1860856000.0,,451442000.0,1409414000.0,,4.865,271518000.0,102444000.0,102444000.0,145659000.0,-68478000.0,1.021,1.627,471189000.0,189839000.0,281350000.0,471189000.0,70441000.0,32679000.0,0.0,0.041,0.074,-95364000.0,-62685000.0,-0.272,-62685000.0,-95364000.0,-107848000.0,-0.463,-0.463,-0.463,708419000.0,,708419000.0,1682407680.0,-64.0,25.02,258698000.0,1.776,1.0,85209000.0,0.369,68128000.0,12484000.0,1719513000.0,,33743000.0,17437000.0,0.0,17437000.0,1152437000.0,441960000.0,710477000.0,1081771680.0,75668000.0,-7365000.0,-37643000.0,-167846000.0,-10970000.0,-216459000.0,304947000.0,8859000.0,-12820000.0,0.0,-68478000.0,-68478000.0,-68478000.0,4200000.0,0.0,-0.297,168900000.0,-83691000.0,147979000.0,-0.16,1.527,-24.519,-24.52,1194443000.0,0.0,7.282,1.27,1.26,240978000.0,467326000.0,230868000.0,230868000.0,24128000.0,,,,,0.0,38524000.0,1.0,148544000.0,145628000,,1.585,1792728000.0,0.0,-39370000.0,190371000.0,12.31,9482000.0
91,EQT,MRQ,1998-09-30,1998-09-30,1998-09-30,2021-09-07,-135000.0,2259333000.0,,521688000.0,1737645000.0,,5.529,-46307000.0,26776000.0,26776000.0,97835000.0,2037000.0,0.903,1.751,627412000.0,214993000.0,412419000.0,627412000.0,323059000.0,21563000.0,0.0,0.046,0.074,13714000.0,35277000.0,0.225,35277000.0,13714000.0,4299000.0,0.015,0.015,0.015,821179000.0,,821179000.0,1450451000.0,10.0,5.031,-62325000.0,-0.42,1.0,58895000.0,0.376,0.0,9415000.0,2282293000.0,,40105000.0,0.0,0.0,0.0,1438154000.0,577676000.0,860478000.0,943824000.0,-13424000.0,-2930000.0,637000.0,80340000.0,-10952000.0,70025000.0,-67431000.0,0.0,-16018000.0,0.0,2037000.0,2037000.0,2037000.0,0.0,0.0,0.013,46098000.0,12797000.0,152790000.0,4.933,1.149,14.107,13.826,1247958000.0,0.0,6.36,1.065,1.065,246652000.0,546773000.0,156730000.0,156730000.0,670000.0,,,,,0.0,23865000.0,1.0,148400000.0,148512000,148512000.0,1.055,2259333000.0,0.0,2262000.0,0.0,15.213,-55988000.0
92,EQT,MRQ,1998-06-30,1998-06-30,1998-06-30,2021-09-07,-53000.0,2216154000.0,,530206000.0,1685948000.0,,5.598,-52018000.0,40200000.0,40200000.0,123651000.0,2275000.0,1.009,1.672,546827000.0,134653000.0,412174000.0,546827000.0,323907000.0,19460000.0,0.0,0.039,0.074,12714000.0,32174000.0,0.178,32174000.0,12714000.0,3478000.0,0.015,0.015,0.015,829550000.0,,829550000.0,1768699972.0,11.0,6.138,16577000.0,0.112,1.0,57113000.0,0.316,0.0,9236000.0,2197258000.0,,23224000.0,0.0,0.0,0.0,1386604000.0,525523000.0,861081000.0,1131404972.0,7032000.0,-1284000.0,350000.0,-123881000.0,0.0,1469000.0,-63032000.0,0.0,68595000.0,0.0,2275000.0,2275000.0,2275000.0,0.0,0.0,0.013,44940000.0,12173000.0,185218000.0,4.933,1.364,13.822,13.568,1221618000.0,0.0,7.625,1.264,1.262,274052000.0,555687000.0,180764000.0,180764000.0,1431000.0,,,,,0.0,24049000.0,1.0,148380980.0,148200000,148200000.0,1.22,2216154000.0,0.0,1203000.0,0.0,14.954,4683000.0
93,EQT,MRQ,1998-03-31,1998-03-31,1998-03-31,2021-09-07,-53000.0,2237785000.0,,585524000.0,1652261000.0,,5.597,-29667000.0,33168000.0,33168000.0,187397000.0,20048000.0,0.855,1.706,670463000.0,252654000.0,417809000.0,670463000.0,308333000.0,19652000.0,0.0,0.035,0.074,42738000.0,62390000.0,0.22,62390000.0,42738000.0,33572000.0,0.135,0.165,0.135,826916000.0,,826916000.0,1867113941.0,13.0,7.454,17989000.0,0.122,1.0,96052000.0,0.339,0.0,9166000.0,2190353000.0,,21181000.0,0.0,0.0,0.0,1410869000.0,684727000.0,726142000.0,1232547941.0,-36274000.0,0.0,1405000.0,-33790000.0,-21878000.0,-54263000.0,-29667000.0,0.0,47656000.0,0.0,20048000.0,20048000.0,20048000.0,4604000.0,0.0,0.071,49129000.0,46923000.0,232969000.0,0.548,1.491,17.529,13.56,1186428000.0,0.0,8.312,1.381,1.376,345097000.0,553415000.0,283449000.0,283449000.0,982000.0,,,,,0.0,27010000.0,1.0,148276444.0,147736000,147736000.0,1.919,2237785000.0,0.0,13524000.0,0.0,15.147,-99203000.0
94,EQT,MRQ,1997-12-31,1997-12-31,1997-12-31,2021-09-07,-53000.0,2328051000.0,,684734000.0,1643317000.0,,5.606,-96925000.0,69442000.0,69442000.0,288995000.0,42543000.0,0.918,1.827,704008000.0,286444000.0,417564000.0,704008000.0,85518000.0,83957000.0,0.0,0.033,0.074,74496000.0,158453000.0,0.596,158453000.0,74496000.0,68249000.0,0.295,0.305,0.295,823520000.0,,823520000.0,1896311297.0,12.0,7.897,-62930000.0,-0.428,1.0,-23315000.0,-0.088,66823000.0,6247000.0,2150093000.0,,37156000.0,0.0,0.0,0.0,1504531000.0,745701000.0,758830000.0,1301355297.0,-65481000.0,31996000.0,2604000.0,-25958000.0,-11193000.0,-34547000.0,-64929000.0,0.0,33995000.0,0.0,42543000.0,42543000.0,42543000.0,-2213000.0,0.0,0.16,-122424000.0,99109000.0,288192000.0,0.251,1.58,16.672,16.319,1187002000.0,0.0,8.845,1.425,1.395,386648000.0,555245000.0,265680000.0,265680000.0,7260000.0,,,,,0.0,100328000.0,1.0,147128920.0,146892000,,1.809,2261228000.0,0.0,25706000.0,227028000.0,15.394,-60967000.0
95,EQT,MRQ,1997-09-30,1997-09-30,1997-09-30,2021-09-07,-54000.0,2207383000.0,,551783000.0,1655600000.0,,5.432,65560000.0,134923000.0,134923000.0,64347000.0,16987000.0,0.925,1.808,729879000.0,312559000.0,417320000.0,729879000.0,89611000.0,0.0,8202000.0,0.037,0.074,35124000.0,35124000.0,0.212,35124000.0,35124000.0,25410000.0,0.117,0.113,0.117,786241000.0,,786241000.0,1726668522.0,15.0,9.598,81936000.0,0.566,1.0,100990000.0,0.611,68738000.0,9714000.0,2137110000.0,,32297000.0,0.0,0.0,0.0,1421142000.0,596491000.0,824651000.0,1089859522.0,93556000.0,-27828000.0,-1172000.0,51458000.0,-10838000.0,39448000.0,37732000.0,0.0,16376000.0,0.0,16987000.0,16987000.0,16987000.0,-637000.0,0.0,0.103,92642000.0,8348000.0,163355000.0,0.632,1.386,18.495,14.45,1437086000.0,0.0,7.875,8.859,9.265,279797000.0,523894000.0,165337000.0,165337000.0,0.0,,,,,0.0,0.0,1.0,138394860.0,144740000,,1.142,2138645000.0,0.0,8423000.0,329593000.0,14.776,-44708000.0
96,EQT,MRQ,1997-06-30,1997-06-30,1997-06-30,2021-09-07,-1497000.0,2055140000.0,,422898000.0,1632242000.0,,5.105,-28798000.0,41367000.0,41367000.0,82288000.0,-9263000.0,0.826,1.852,678176000.0,261101000.0,417075000.0,678176000.0,94179000.0,0.0,1335000.0,0.042,0.074,-5496000.0,-5496000.0,-0.031,-5496000.0,-5496000.0,-14715000.0,0.065,0.065,0.065,720609000.0,,720609000.0,1602106115.0,20.0,10.833,-15403000.0,-0.109,1.0,95608000.0,0.537,12291000.0,9219000.0,2167447000.0,,26542000.0,0.0,0.0,0.0,1334531000.0,512211000.0,822320000.0,1008032115.0,-6673000.0,-3445000.0,-23437000.0,35612000.0,0.0,12175000.0,-32243000.0,0.0,13395000.0,0.0,-9263000.0,-9263000.0,-9263000.0,1532000.0,0.0,-0.052,100102000.0,-4494000.0,163851000.0,1.138,1.399,26.352,17.649,1491996000.0,0.0,7.095,3.203,3.182,276637000.0,517744000.0,177896000.0,177896000.0,0.0,,,,,0.0,0.0,1.0,142076408.0,141156000,141156000.0,1.26,2042849000.0,0.0,-5452000.0,313126000.0,14.472,-89313000.0
97,EQT,MRQ,1997-03-31,1997-03-31,1997-03-31,2021-09-07,-1545000.0,2051452000.0,,438659000.0,1612793000.0,,5.311,-18466000.0,48088000.0,48088000.0,175909000.0,27790000.0,0.93,1.723,642162000.0,220332000.0,421830000.0,642162000.0,99144000.0,0.0,884000.0,0.039,0.074,52046000.0,52046000.0,0.167,52046000.0,52046000.0,42323000.0,0.195,0.195,0.195,753309000.0,,753309000.0,1699898609.0,18.0,10.299,39629000.0,0.279,1.0,136572000.0,0.437,11634000.0,9723000.0,2162461000.0,,19192000.0,0.0,0.0,0.0,1298143000.0,471431000.0,826712000.0,1087623609.0,33351000.0,0.0,40000.0,15432000.0,-20600000.0,-5128000.0,-19616000.0,0.0,58095000.0,0.0,27790000.0,27790000.0,27790000.0,-2552000.0,0.0,0.089,87235000.0,49337000.0,174579000.0,0.379,1.444,22.452,22.196,1479941000.0,0.0,7.657,2.058,2.055,289990000.0,527057000.0,312481000.0,312481000.0,0.0,,,,,0.0,0.0,1.0,142033772.0,141848000,141848000.0,2.203,2039818000.0,0.0,14533000.0,316650000.0,14.38,-32772000.0
98,EQT,MRQ,1996-12-31,1996-12-31,1996-12-31,2021-09-07,0.0,2096299000.0,,485761000.0,1610538000.0,,5.254,-4365000.0,14737000.0,14737000.0,-468520000.0,23412000.0,0.933,1.824,627012000.0,204900000.0,422112000.0,627012000.0,107674000.0,68319000.0,0.0,0.04,0.074,29911000.0,98230000.0,-0.184,98230000.0,29911000.0,30797000.0,0.167,,0.167,742283000.0,,742283000.0,,,,-7965000.0,-0.056,1.0,-64169000.0,0.12,8396000.0,-886000.0,2179764000.0,,38009000.0,0.0,0.0,0.0,1354016000.0,520414000.0,833602000.0,1056376179.0,-24649000.0,0.0,594000.0,15251000.0,-10422000.0,5423000.0,-26472000.0,0.0,-3600000.0,0.0,23412000.0,23412000.0,23412000.0,-5852000.0,0.0,-0.044,-92332000.0,28163000.0,231969000.0,0.443,1.423,17.79,17.624,1479685000.0,0.0,7.438,1.234,1.222,320332000.0,519867000.0,-532689000.0,-532689000.0,14785000.0,,,,,0.0,101825000.0,1.0,142033772.0,141292000,,-3.77,2087903000.0,0.0,7385000.0,280592000.0,14.777,-34653000.0
99,EQT,MRQ,1996-09-30,1996-09-30,1996-09-30,2021-09-07,-1073000.0,1979712000.0,,384868000.0,1594844000.0,,5.167,-38453000.0,39386000.0,39386000.0,262943000.0,-3687000.0,0.912,1.716,611569000.0,189649000.0,421920000.0,611569000.0,110062000.0,0.0,6383000.0,0.041,0.074,3109000.0,3109000.0,0.009,3109000.0,3109000.0,-7202000.0,-0.025,,-0.025,728844000.0,,728844000.0,,,,-18044000.0,-0.128,1.0,94068000.0,0.263,0.0,10311000.0,2129870000.0,,27181000.0,0.0,0.0,0.0,1250868000.0,422025000.0,828843000.0,,13333000.0,0.0,496000.0,41299000.0,-10418000.0,31377000.0,-38453000.0,0.0,20409000.0,0.0,-3687000.0,-3687000.0,-3687000.0,0.0,0.0,-0.01,90208000.0,3860000.0,152359000.0,-2.96,,,,1466050000.0,0.0,7.125,,,191536000.0,506877000.0,357011000.0,357011000.0,0.0,,,,,0.0,0.0,1.0,,141068000,,2.531,1979712000.0,0.0,-3515000.0,307885000.0,14.034,-37157000.0
100,EQT,MRQ,1996-06-30,1996-06-30,1996-06-30,2021-09-07,-1137000.0,1949832000.0,,367924000.0,1581908000.0,,5.25,-22773000.0,26053000.0,26053000.0,296372000.0,928000.0,0.983,1.645,559522000.0,143652000.0,415870000.0,559522000.0,116580000.0,0.0,1125000.0,0.042,0.074,11669000.0,11669000.0,0.03,11669000.0,11669000.0,1731000.0,0.007,,0.007,737315000.0,,737315000.0,,,,-41809000.0,-0.298,1.0,95395000.0,0.243,0.0,9938000.0,2109144000.0,,18302000.0,0.0,0.0,0.0,1212517000.0,374157000.0,838360000.0,,-29693000.0,0.0,640000.0,11483000.0,-7000.0,12116000.0,-22773000.0,0.0,-19036000.0,0.0,928000.0,928000.0,928000.0,0.0,0.0,0.002,86412000.0,8983000.0,152818000.0,10.571,,,,1454467000.0,0.0,7.0,,,249743000.0,520982000.0,391767000.0,391767000.0,0.0,,,,,0.0,0.0,1.0,,140452000,,2.789,1949832000.0,0.0,803000.0,311929000.0,13.883,-6233000.0
101,EQT,MRQ,1996-03-31,1996-03-31,1996-03-31,2021-09-07,-1138000.0,2073605000.0,,487209000.0,1586396000.0,,5.25,-18406000.0,55746000.0,55746000.0,475471000.0,38726000.0,1.023,1.819,547038000.0,131346000.0,415692000.0,547038000.0,124448000.0,21582000.0,1043000.0,0.04,0.074,71572000.0,93154000.0,0.145,93154000.0,71572000.0,61098000.0,0.278,,0.278,735700000.0,,735700000.0,,,,49390000.0,0.352,1.0,164807000.0,0.257,0.0,10474000.0,2088830000.0,,10673000.0,0.0,0.0,0.0,1337905000.0,476067000.0,861838000.0,,25577000.0,0.0,543000.0,-3654000.0,-20702000.0,-23813000.0,-18406000.0,0.0,67796000.0,0.0,38726000.0,38726000.0,38726000.0,0.0,0.0,0.06,95404000.0,69403000.0,251038000.0,0.266,,,,1451953000.0,0.0,7.375,,,359383000.0,520060000.0,640278000.0,640278000.0,0.0,,,,,0.0,0.0,1.0,,140140000,,4.569,2073605000.0,0.0,22372000.0,334899000.0,14.797,11142000.0
102,EQT,MRQ,1995-12-31,1995-12-31,1995-12-31,2021-09-07,0.0,1963313000.0,,379254000.0,1584059000.0,,5.138,,30169000.0,30169000.0,,,0.97,1.746,550527000.0,135000000.0,415527000.0,550527000.0,129874000.0,,9759000.0,0.038,0.074,,,,,,,,,,715079000.0,,715079000.0,,,,,,1.0,,,0.0,,2092887000.0,,22499000.0,0.0,0.0,0.0,1248234000.0,390784000.0,857450000.0,,,,,,,,,,,,,,,,,,,,182185000.0,,,,781.25,1457583000.0,,7.812,,0.762,272598000.0,,,,,,,,,,,1.0,,139172000,,,1963313000.0,1505000.0,,304835000.0,14.107,-11530000.0
0,EQT,MRT,2021-06-30,2021-06-30,2021-06-30,2021-09-07,-5194000.0,18985257000.0,18178216250.0,2168655000.0,16816602000.0,0.116,29.703,-1000395000.0,330770000.0,330770000.0,1946534000.0,-1514513000.0,0.589,1.288,7656571000.0,2559952000.0,5096619000.0,7656571000.0,0.0,1528195000.0,0.0,0.0,0.0,-1809419000.0,-281224000.0,-0.133,-281224000.0,-1809419000.0,-2104944000.0,-5.53,-5.53,-5.53,8291758000.0,8903111750.0,8291758000.0,11629158281.0,-6.0,-41.352,33579000.0,0.12,1.0,167985000.0,0.079,0.0,295525000.0,22631857000.0,21885101750.0,0.0,648855000.0,648855000.0,0.0,10682835000.0,3679201000.0,7003634000.0,6212722281.0,327802000.0,-886563000.0,340923000.0,826358000.0,0.0,1175556000.0,-1881728000.0,0.0,1033974000.0,0.0,-1513927000.0,-1513927000.0,-1513927000.0,0.0,-586000.0,-0.716,1990893000.0,-1822908000.0,820134000.0,0.0,0.749,-4.104,-4.025,15819071000.0,0.0,22.26,2.938,2.939,651568000.0,71284000.0,2114519000.0,2114519000.0,6413000.0,-0.083,-0.17,-0.083,-0.856,24944000.0,191349000.0,1.0,279098036.0,279156000,279156000.0,7.575,18985257000.0,0.0,-591017000.0,1009721000.0,68.009,-1510546000.0
1,EQT,MRT,2021-03-31,2021-03-31,2021-03-31,2021-09-07,-5275000.0,18039404000.0,17934119000.0,1313705000.0,16725699000.0,0.162,33.063,-1037352000.0,40670000.0,40670000.0,1878937000.0,-841069000.0,0.751,0.955,5457106000.0,680349000.0,4776757000.0,5457106000.0,0.0,1476662000.0,0.0,0.0,0.0,-902794000.0,573868000.0,0.198,573868000.0,-902794000.0,-1186719000.0,-3.21,-3.21,-3.21,9219640000.0,9189879000.0,9219640000.0,10689248960.0,-12.0,18.627,400002000.0,1.434,1.0,1022772000.0,0.352,0.0,283925000.0,21705813000.0,21647240500.0,0.0,431949000.0,431949000.0,0.0,8809038000.0,1750027000.0,7059011000.0,5181115960.0,22019000.0,-565862000.0,340923000.0,-164567000.0,0.0,184682000.0,-1600017000.0,0.0,1437354000.0,0.0,-840545000.0,-840545000.0,-840545000.0,0.0,-524000.0,-0.29,2014951000.0,-992179000.0,812273000.0,0.0,0.562,-6.164,-5.788,15898016000.0,0.0,18.58,1.786,1.786,682496000.0,1007741000.0,2901709000.0,2901709000.0,5510000.0,-0.047,-0.091,-0.042,-0.311,21107000.0,184837000.0,1.0,278854465.0,278852000,278852000.0,10.406,18039404000.0,0.0,-346174000.0,1358489000.0,64.692,-436322000.0
2,EQT,MRT,2020-12-31,2020-12-31,2020-12-31,2021-09-07,-5355000.0,18113469000.0,18082897250.0,1215450000.0,16898019000.0,0.169,35.513,-1042231000.0,18210000.0,18210000.0,1866137000.0,-967176000.0,0.69,0.956,5526343000.0,755038000.0,4771305000.0,5526343000.0,0.0,1456885000.0,0.0,0.002,0.03,-994824000.0,462061000.0,0.151,462061000.0,-994824000.0,-1266024000.0,-3.71,-3.71,-3.71,9255240000.0,9293438500.0,9255240000.0,8860561091.0,-9.0,19.176,495470000.0,1.901,1.0,1192706000.0,0.39,0.0,271200000.0,21859192000.0,21892680000.0,0.0,527073000.0,527073000.0,0.0,8850739000.0,1762410000.0,7088329000.0,3248661091.0,13614000.0,-513539000.0,340923000.0,-308450000.0,-7664000.0,31713000.0,-1555800000.0,0.0,1537701000.0,0.0,-967166000.0,-967166000.0,-967166000.0,0.0,-10000.0,-0.316,2070372000.0,-877666000.0,705461000.0,-0.008,0.351,-3.359,-3.426,16054265000.0,0.0,12.71,1.062,1.083,566552000.0,1048259000.0,3058843000.0,3058843000.0,5484000.0,-0.053,-0.104,-0.045,-0.325,19552000.0,174769000.0,1.0,255598827.0,260613000,260613000.0,11.737,18113469000.0,0.0,-298858000.0,1371967000.0,69.503,-546960000.0
3,EQT,MRT,2020-09-30,2020-09-30,2020-09-30,2021-09-07,-5043000.0,17574735000.0,18256836750.0,1342154000.0,16232581000.0,0.154,34.61,-1133505000.0,13668000.0,13668000.0,1866360000.0,-2207778000.0,0.73,0.987,5625568000.0,927981000.0,4697587000.0,5625568000.0,0.0,1464932000.0,0.0,0.005,0.06,-2628268000.0,-1163336000.0,-0.413,-1163336000.0,-2628268000.0,-2870248000.0,-8.64,-8.64,-8.64,8845809000.0,9430525500.0,8845809000.0,8548128807.0,-3.0,-7.348,215922000.0,0.845,1.0,951381000.0,0.338,3573000.0,241980000.0,21343545000.0,22193983000.0,0.0,717652000.0,503648000.0,214004000.0,8728926000.0,1839517000.0,6889409000.0,3304948807.0,6126000.0,165559000.0,0.0,-359727000.0,-15334000.0,-375661000.0,-967640000.0,0.0,1349427000.0,0.0,-2207778000.0,-2207778000.0,-2207778000.0,0.0,0.0,-0.784,3437197000.0,-2485816000.0,693141000.0,-0.007,0.374,-1.497,-1.497,15557417000.0,0.0,12.93,1.173,1.173,428439000.0,984571000.0,2817741000.0,2817741000.0,5826000.0,-0.121,-0.234,-0.118,-0.933,17006000.0,90658000.0,1.0,255603156.0,255589000,255589000.0,11.025,17571162000.0,50753000.0,-662470000.0,1336629000.0,68.748,-497363000.0
4,EQT,MRT,2020-06-30,2020-06-30,2020-06-30,2021-09-07,-5115000.0,18008868000.0,18903265250.0,1541795000.0,16467073000.0,0.19,36.939,-1348768000.0,2968000.0,2968000.0,1874762000.0,-1968166000.0,0.988,0.908,5246148000.0,642117000.0,4604031000.0,5246148000.0,0.0,1509530000.0,0.0,0.008,0.09,-2270687000.0,-761157000.0,-0.212,-761157000.0,-2270687000.0,-2491222000.0,-7.7,-7.7,-7.7,9438827000.0,9943479500.0,9438827000.0,8585549540.0,-4.0,-11.28,135224000.0,0.529,1.0,1722428000.0,0.479,11050000.0,220535000.0,21680412000.0,22900372750.0,0.0,1125682000.0,915441000.0,210241000.0,8570041000.0,1560586000.0,7009455000.0,3040735540.0,-27202000.0,163260000.0,0.0,-300174000.0,-23002000.0,-325711000.0,-1185483000.0,0.0,1483992000.0,0.0,-1968166000.0,-1968166000.0,-1968166000.0,0.0,0.0,-0.547,3609578000.0,-1887150000.0,686512000.0,-0.012,0.322,-1.545,-1.545,15704073000.0,0.0,11.9,0.845,0.845,341461000.0,1585211000.0,3597190000.0,3597190000.0,6158000.0,-0.104,-0.198,-0.099,-0.631,29855000.0,113704000.0,1.0,255523995.0,255524000,255524000.0,14.078,17997818000.0,201934000.0,-523056000.0,1550249000.0,70.435,-18791000.0
5,EQT,MRT,2020-03-31,2020-03-31,2020-03-31,2021-09-07,-5187000.0,18634517000.0,19520885000.0,1948043000.0,16686474000.0,0.224,37.716,-1487582000.0,18651000.0,18651000.0,1904097000.0,-1579525000.0,1.322,0.934,5563465000.0,542857000.0,5020608000.0,5563465000.0,0.0,1560185000.0,0.0,0.017,0.12,-1755061000.0,-194876000.0,-0.044,-194876000.0,-1755061000.0,-1960713000.0,-6.18,-6.18,-6.18,9633878000.0,10395891500.0,9633878000.0,7407138780.0,-4.0,-38.009,-6903000.0,-0.027,1.0,2476271000.0,0.565,18528000.0,205652000.0,22687571000.0,23539237250.0,0.0,1180760000.0,1053502000.0,127258000.0,9000639000.0,1473232000.0,7527407000.0,1806059780.0,-22195000.0,52323000.0,0.0,-34979000.0,-30667000.0,-68370000.0,-1434504000.0,0.0,1480679000.0,0.0,-1579525000.0,-1579525000.0,-1579525000.0,0.0,0.0,-0.361,3680479000.0,-1204208000.0,692268000.0,-0.019,0.187,-1.143,-1.144,15965542000.0,0.0,7.07,0.412,0.412,441137000.0,1848286000.0,4380368000.0,4380368000.0,7139000.0,-0.081,-0.152,-0.075,-0.401,32064000.0,156571000.0,1.0,255454000.0,255435000,255435000.0,17.149,18615989000.0,391663000.0,-381188000.0,1612894000.0,72.88,474811000.0
6,EQT,MRT,2019-12-31,2019-12-31,2019-12-31,2021-09-07,-5199000.0,18809227000.0,19947177000.0,1754855000.0,17054372000.0,0.221,38.424,-1602454000.0,4596000.0,4596000.0,1906537000.0,-1221695000.0,1.304,0.919,5605675000.0,328900000.0,5276775000.0,5605675000.0,0.0,1597957000.0,0.0,0.011,0.12,-1397620000.0,200337000.0,0.045,200337000.0,-1397620000.0,-1597471000.0,-4.79,-4.79,-4.79,9803588000.0,10772319000.0,9803588000.0,8278361878.0,-6.0,41.322,249250000.0,0.977,1.0,2509947000.0,0.568,0.0,199851000.0,23064404000.0,23718111500.0,0.0,1488673000.0,812664000.0,676009000.0,9005639000.0,1345902000.0,7659737000.0,2786513878.0,1109000.0,0.0,0.0,-211574000.0,-30655000.0,-249453000.0,-1601142000.0,0.0,1851704000.0,0.0,-1221695000.0,-1221695000.0,-1221695000.0,0.0,0.0,-0.277,3662057000.0,-1152110000.0,796438000.0,-0.025,0.284,-2.281,-2.276,16155490000.0,0.0,10.9,0.631,0.63,610088000.0,2023089000.0,4416484000.0,4416484000.0,7223000.0,-0.061,-0.113,-0.059,-0.316,31233000.0,170611000.0,1.0,255643475.0,255141000,255141000.0,17.31,18809227000.0,298854000.0,-375776000.0,1485814000.0,73.721,408953000.0
7,EQT,MRT,2019-09-30,2019-09-30,2019-09-30,2021-09-07,-5546000.0,20160449000.0,20425206250.0,1495220000.0,18665229000.0,0.228,42.696,-2139067000.0,7542000.0,7542000.0,1909789000.0,-806744000.0,1.031,0.85,5499390000.0,344911000.0,5154479000.0,5499390000.0,0.0,1656848000.0,0.0,0.011,0.12,-577958000.0,1078890000.0,0.232,1078890000.0,-577958000.0,-790490000.0,-2.65,-2.65,-2.65,10897625000.0,11060979250.0,10897625000.0,8064968594.0,-14.0,7.475,25653000.0,0.101,1.0,2740350000.0,0.589,33483000.0,212532000.0,24169104000.0,23981749250.0,0.0,1507857000.0,771634000.0,736223000.0,9262824000.0,1449710000.0,7813114000.0,2718508594.0,2687000.0,-375408000.0,0.0,622522000.0,-30624000.0,353821000.0,-2515854000.0,0.0,2164720000.0,0.0,-681458000.0,-681458000.0,-681458000.0,163911000.0,-125286000.0,-0.147,3001084000.0,-260734000.0,755102000.0,-0.045,0.249,-3.989,-4.015,17569994000.0,0.0,10.64,0.585,0.584,552260000.0,3117015000.0,4650139000.0,4650139000.0,6647000.0,-0.033,-0.062,-0.024,-0.124,31505000.0,292515000.0,1.0,255498928.0,255235000,255235000.0,18.219,20126966000.0,127789000.0,-109032000.0,1809650000.0,78.857,45510000.0
8,EQT,MRT,2019-06-30,2019-06-30,2019-06-30,2021-09-07,-5666000.0,20479347000.0,22550426250.0,1598091000.0,18881256000.0,0.211,44.095,-2804141000.0,30170000.0,30170000.0,1897507000.0,-382268000.0,1.042,0.821,5376630000.0,383664000.0,4992966000.0,5376630000.0,0.0,1689393000.0,0.0,0.008,0.12,-233770000.0,1455623000.0,0.307,1455623000.0,-233770000.0,-454773000.0,-1.39,-1.39,-1.39,11248475000.0,11086616750.0,11248475000.0,9351910775.0,-40.0,6.425,-54176000.0,-0.212,1.0,2851102000.0,0.6,56649000.0,221003000.0,24235870000.0,25946791000.0,0.0,1785682000.0,788366000.0,997316000.0,9230872000.0,1533288000.0,7697584000.0,4036046775.0,-667862000.0,-175259000.0,-500208000.0,430741000.0,-30794000.0,-436332000.0,-2981495000.0,0.0,2749965000.0,0.0,-360123000.0,-360123000.0,-360123000.0,-26884000.0,-22145000.0,-0.076,3097758000.0,-246656000.0,850847000.0,-0.086,0.359,-11.207,-11.374,17505652000.0,0.0,15.81,0.85,0.849,639020000.0,3485711000.0,4748609000.0,4748609000.0,6751000.0,-0.016,-0.032,-0.009,-0.049,20142000.0,264955000.0,1.0,255284426.0,255099000,255223000.0,18.615,20422698000.0,127387000.0,-94650000.0,1897455000.0,80.058,64803000.0
9,EQT,MRT,2019-03-31,2019-03-31,2019-03-31,2021-09-07,-5784000.0,20339685000.0,24671396500.0,1380041000.0,18959644000.0,0.178,43.705,-3373465000.0,40846000.0,40846000.0,1900139000.0,-371488000.0,0.631,0.826,5356710000.0,1013284000.0,4343426000.0,5356710000.0,0.0,1721532000.0,0.0,0.006,0.12,-468700000.0,1252832000.0,0.285,1252832000.0,-468700000.0,-696320000.0,-1.81,-1.81,-1.81,11139588000.0,11194318750.0,11139588000.0,11113708880.0,-24.0,8.871,-430334000.0,-1.688,1.0,2488866000.0,0.567,66991000.0,227620000.0,23403068000.0,27861397500.0,0.0,1472311000.0,370254000.0,1102057000.0,9200097000.0,2185490000.0,7014607000.0,5283763880.0,-169536000.0,-120543000.0,-538894000.0,1560516000.0,-31085000.0,387332000.0,-3499999000.0,0.0,2943131000.0,0.0,-467883000.0,-467883000.0,-467883000.0,-240208000.0,96395000.0,-0.107,3146202000.0,-657336000.0,877498000.0,-0.066,0.474,-11.293,-11.459,17453212000.0,0.0,20.74,1.204,1.204,817535000.0,3367810000.0,4389005000.0,4389005000.0,6547000.0,-0.019,-0.042,-0.017,-0.107,23150000.0,241706000.0,1.0,254762000.0,254879000,255226000.0,17.22,20272694000.0,130567000.0,-228437000.0,1859578000.0,79.539,-805449000.0
10,EQT,MRT,2018-12-31,2018-12-31,2018-12-31,2021-09-07,-5406000.0,20721344000.0,26494561750.0,1969664000.0,18751680000.0,0.172,41.996,-3731764000.0,3487000.0,3487000.0,1892776000.0,-2007158000.0,0.836,0.891,5833432000.0,1040441000.0,4792991000.0,5833432000.0,0.0,1774074000.0,0.0,0.006,0.12,-2712121000.0,-938047000.0,-0.206,-938047000.0,-2712121000.0,-2941079000.0,-8.6,-8.6,-8.6,10958229000.0,11338502250.0,10958229000.0,13493026140.0,-5.0,-14.384,-755508000.0,-2.895,1.0,2665092000.0,0.585,77333000.0,228958000.0,24118955000.0,29789369250.0,0.0,1494656000.0,481654000.0,1013002000.0,9763115000.0,2355001000.0,7408114000.0,4806107140.0,-143828000.0,-237562000.0,-536957000.0,2134658000.0,-31375000.0,859020000.0,-3979104000.0,0.0,2976256000.0,0.0,-2244568000.0,-2244568000.0,-2244568000.0,-373762000.0,237410000.0,-0.492,5448216000.0,-2783124000.0,1059873000.0,-0.014,0.439,-2.141,-2.197,17392507000.0,0.0,18.89,1.054,1.081,1241843000.0,3184275000.0,4557868000.0,4557868000.0,6765000.0,-0.085,-0.198,-0.091,-0.595,25189000.0,232543000.0,1.0,254426000.0,260932000,260932000.0,17.468,20644011000.0,131573000.0,-696511000.0,1823381000.0,79.116,-385337000.0
11,EQT,MRT,2018-09-30,2018-09-30,2018-09-30,2021-09-07,-3251000.0,28661329000.0,28694876750.0,1234658000.0,27426671000.0,0.145,42.38,-2817410000.0,4855000.0,4855000.0,2171911000.0,134150000.0,0.467,1.131,8691774000.0,883204000.0,7808570000.0,8691774000.0,0.0,1662839000.0,0.0,0.003,0.12,-2029970000.0,-367131000.0,-0.088,-367131000.0,-2029970000.0,-2232042000.0,0.66,0.65,0.66,11000175000.0,11928849500.0,11000175000.0,19657660000.0,-10.0,-53.544,54306000.0,0.209,1.0,1989515000.0,0.478,2672901000.0,202072000.0,32029271000.0,32212361750.0,0.0,1615994000.0,315564000.0,1300430000.0,12443937000.0,2646076000.0,9797861000.0,11676720000.0,-478703000.0,-2293912000.0,-536728000.0,2932692000.0,-28943000.0,1779599000.0,-5130018000.0,0.0,2871716000.0,0.0,-327810000.0,-327810000.0,-327810000.0,-404119000.0,461960000.0,-0.079,4538866000.0,-2549351000.0,978757000.0,0.182,1.062,-35.62,67.015,23129894000.0,0.0,44.23,2.806,2.759,882386000.0,2369271000.0,4161426000.0,4161426000.0,15000000.0,-0.011,-0.027,-0.063,-0.488,89835000.0,172685000.0,1.0,264000000.0,259560000,259560000.0,16.033,25988428000.0,0.0,-1904232000.0,1212867000.0,100.125,-1411418000.0
12,EQT,MRT,2018-06-30,2018-06-30,2018-06-30,2021-09-07,-2959000.0,28963228000.0,25525706500.0,1780812000.0,27182416000.0,0.148,44.068,-2140943000.0,698032000.0,698032000.0,1903751000.0,176159000.0,0.756,1.05,8678972000.0,845385000.0,7833587000.0,8678972000.0,0.0,1471129000.0,0.0,0.002,0.12,-1912060000.0,-440931000.0,-0.117,-440931000.0,-1912060000.0,-2108329000.0,0.94,0.93,0.94,11679283000.0,10700723250.0,11679283000.0,21928342000.0,-11.0,-49.732,228885000.0,0.864,1.0,1867042000.0,0.495,2693629000.0,196269000.0,31894296000.0,28588973000.0,0.0,1273587000.0,270288000.0,1003299000.0,12260609000.0,2356243000.0,9904366000.0,14622700000.0,125688000.0,-2537569000.0,-36520000.0,3055967000.0,-26312000.0,2452323000.0,-4696463000.0,0.0,2369828000.0,0.0,-264777000.0,-264777000.0,-264777000.0,-213324000.0,440936000.0,-0.07,4130915000.0,-2263873000.0,754120000.0,0.128,1.252,-55.226,58.702,23164666000.0,0.0,55.18,3.878,3.878,774702000.0,2416802000.0,3770793000.0,3770793000.0,13840000.0,-0.01,-0.025,-0.067,-0.507,87843000.0,187132000.0,1.0,265000000.0,265030000,265154000.0,14.228,26269599000.0,0.0,-1843552000.0,1324352000.0,99.119,-575431000.0
13,EQT,MRT,2018-03-31,2018-03-31,2018-03-31,2021-09-07,-2615000.0,27632346000.0,22215902250.0,1191581000.0,26440765000.0,0.158,44.233,-1687651000.0,210382000.0,210382000.0,1625228000.0,162458000.0,1.075,0.919,7516024000.0,59198000.0,7456826000.0,7516024000.0,0.0,1289268000.0,0.0,0.003,0.12,-1777151000.0,-487883000.0,-0.139,-487883000.0,-1777151000.0,-1960378000.0,1.11,1.1,1.11,11716322000.0,9296446500.0,11716322000.0,19888440230.0,-11.0,-40.765,339642000.0,1.282,1.0,1883659000.0,0.537,2714357000.0,183227000.0,31114955000.0,24914394750.0,0.0,808711000.0,262283000.0,546428000.0,10768584000.0,1108676000.0,9659908000.0,12565112230.0,-688993000.0,-2632465000.0,2158000.0,1978262000.0,-23563000.0,1618340000.0,-4334626000.0,0.0,2027293000.0,0.0,-241457000.0,-241457000.0,-241457000.0,0.0,403915000.0,-0.069,3842755000.0,-1959096000.0,699520000.0,0.108,1.072,-52.039,42.802,22875840000.0,0.0,47.51,3.581,3.586,674104000.0,2406952000.0,3508887000.0,3508887000.0,15668000.0,-0.011,-0.026,-0.071,-0.506,85719000.0,176843000.0,1.0,264473000.0,264877000,264877000.0,13.247,24917989000.0,0.0,-1718921000.0,1431148000.0,94.074,82905000.0
14,EQT,MRT,2017-12-31,2017-12-31,2017-12-31,2021-09-07,-2458000.0,29522604000.0,19219469250.0,1163055000.0,28359549000.0,0.161,71.083,-1939202000.0,26311000.0,26311000.0,1346132000.0,1858142000.0,0.944,0.834,6136418000.0,151495000.0,5984923000.0,6136418000.0,0.0,1062565000.0,0.0,0.002,0.12,488084000.0,1550649000.0,0.502,1550649000.0,488084000.0,320113000.0,8.05,8.04,8.05,13319618000.0,7872201750.0,13319618000.0,12853010560.0,26.0,8.289,-301504000.0,-1.609,1.0,1744888000.0,0.565,589549000.0,167971000.0,33810925000.0,21455598250.0,0.0,241952000.0,241952000.0,0.0,11107991000.0,1232237000.0,9875754000.0,9866683560.0,-1031225000.0,-2535206000.0,214000.0,1855261000.0,-20827000.0,1533147000.0,-4202070000.0,283758000.0,1637698000.0,0.0,1508529000.0,1508529000.0,1508529000.0,0.0,349613000.0,0.488,1362676000.0,382212000.0,726433000.0,0.015,0.741,6.541,7.071,19730008000.0,0.0,56.92,3.192,3.451,664685000.0,3996775000.0,3091020000.0,3091020000.0,17565000.0,0.078,0.192,0.023,0.158,94592000.0,208986000.0,1.0,173343000.0,187380000,187727000.0,16.496,28933055000.0,14385000.0,-1188416000.0,1889962000.0,154.408,-69182000.0
15,EQT,MRT,2017-09-30,2017-09-30,2017-09-30,2021-09-07,-1631000.0,15984648000.0,15707048750.0,858458000.0,15126190000.0,0.153,35.092,-2955517000.0,483558000.0,483558000.0,1214224000.0,370022000.0,0.598,1.078,3469885000.0,778844000.0,2691041000.0,3469885000.0,0.0,964267000.0,0.0,0.002,0.12,104450000.0,1068717000.0,0.445,1068717000.0,104450000.0,-55350000.0,0.19,0.19,0.19,6087670000.0,6007367500.0,6087670000.0,14135551480.0,135.0,13.227,-1447524000.0,-8.344,1.0,1185828000.0,0.494,0.0,159800000.0,17535716000.0,17262153000.0,0.0,407533000.0,67555000.0,339978000.0,6559971000.0,1435259000.0,5124712000.0,11307853480.0,-1273856000.0,-50550000.0,4103000.0,495202000.0,-20810000.0,226711000.0,-3008560000.0,-1124000.0,1507993000.0,0.0,36500000.0,36500000.0,36500000.0,0.0,333522000.0,0.015,1140966000.0,44862000.0,388059000.0,0.632,1.858,309.804,343.368,14541262000.0,0.0,65.24,4.712,4.716,279201000.0,2721911000.0,2400052000.0,2400052000.0,4317000.0,0.002,0.006,0.006,0.044,37948000.0,213071000.0,1.0,173327000.0,173476000,173675000.0,13.835,15984648000.0,0.0,-91850000.0,1866208000.0,92.143,-576801000.0
16,EQT,MRT,2017-06-30,2017-06-30,2017-06-30,2021-09-07,-293000.0,15724011000.0,15433382750.0,996853000.0,14727158000.0,0.149,34.948,-3259289000.0,572344000.0,572344000.0,1165983000.0,334669000.0,0.735,1.047,3400042000.0,815069000.0,2584973000.0,3400042000.0,0.0,954795000.0,0.0,0.002,0.12,83066000.0,1037861000.0,0.452,1037861000.0,83066000.0,-62341000.0,0.01,0.01,0.01,6062176000.0,5997006000.0,6062176000.0,12682482440.0,153.0,12.22,-1879379000.0,-10.835,1.0,1131382000.0,0.492,0.0,145407000.0,17195983000.0,16745617500.0,0.0,346179000.0,85442000.0,260737000.0,6346441000.0,1355726000.0,4990715000.0,10154584440.0,-1684673000.0,-32676000.0,4090000.0,494881000.0,-20793000.0,229875000.0,-3294458000.0,-1124000.0,1379910000.0,0.0,5144000.0,5144000.0,5144000.0,0.0,329525000.0,0.002,1116090000.0,15292000.0,368422000.0,12.0,1.675,1974.064,5859.0,14257262000.0,0.0,58.59,4.42,4.424,310975000.0,2703778000.0,2297365000.0,2297365000.0,4552000.0,0.0,0.001,0.005,0.036,42025000.0,208238000.0,1.0,173316000.0,173462000,173582000.0,13.244,15724011000.0,0.0,-67485000.0,1876324000.0,90.648,-358873000.0
17,EQT,MRT,2017-03-31,2017-03-31,2017-03-31,2021-09-07,1266000.0,15646614000.0,15198176500.0,1251953000.0,14394661000.0,0.114,34.751,-3172451000.0,899375000.0,899375000.0,1115025000.0,31217000.0,1.399,1.053,3427273000.0,344335000.0,3082938000.0,3427273000.0,0.0,938607000.0,0.0,0.002,0.12,-426533000.0,512074000.0,0.295,512074000.0,-426533000.0,-564167000.0,-1.78,-1.78,-1.78,6019343000.0,5995889500.0,6019343000.0,12929263800.0,-30.0,25.249,-1878231000.0,-10.843,1.0,621129000.0,0.358,0.0,137634000.0,17279769000.0,16172989750.0,0.0,296699000.0,59391000.0,237308000.0,6336038000.0,894743000.0,5441295000.0,10560401800.0,-657112000.0,-31729000.0,1018819000.0,485881000.0,-20776000.0,1255341000.0,-3206673000.0,-1124000.0,1294220000.0,0.0,-294627000.0,-294627000.0,-294627000.0,0.0,325844000.0,-0.17,1120456000.0,-499327000.0,318143000.0,-0.067,1.754,-35.843,-34.326,13950145000.0,0.0,61.1,6.083,6.096,278981000.0,2667859000.0,1736154000.0,1736154000.0,4662000.0,-0.019,-0.049,-0.026,-0.246,46593000.0,232920000.0,1.0,172838000.0,173213000,173511000.0,10.023,15646614000.0,0.0,-269540000.0,1841806000.0,90.332,357210000.0
18,EQT,MRT,2016-12-31,2016-12-31,2016-12-31,2021-09-07,2042000.0,15472922000.0,14798929250.0,1828219000.0,13644703000.0,0.094,35.096,-2589364000.0,1178540000.0,1178540000.0,1054361000.0,-131063000.0,2.272,1.084,3547402000.0,257943000.0,3289459000.0,3547402000.0,0.0,927920000.0,0.0,0.002,0.12,-684593000.0,243327000.0,0.175,243327000.0,-684593000.0,-815752000.0,-2.71,-2.71,-2.71,5860281000.0,5863842500.0,5860281000.0,12496589200.0,-18.0,51.357,-1525044000.0,-9.133,1.0,332693000.0,0.24,0.0,131159000.0,17037144000.0,15578774750.0,0.0,504011000.0,319449000.0,184562000.0,6353675000.0,804640000.0,5549035000.0,11298373200.0,-422692000.0,-10866000.0,1449236000.0,195881000.0,-20156000.0,1399469000.0,-2886481000.0,-284882000.0,1064320000.0,0.0,-452983000.0,-452983000.0,-452983000.0,0.0,321920000.0,-0.327,1095796000.0,-763103000.0,309978000.0,-0.044,1.928,-24.942,-24.133,13162216000.0,0.0,65.4,8.146,7.873,341628000.0,2509073000.0,1387054000.0,1387054000.0,4663000.0,-0.031,-0.077,-0.044,-0.494,44605000.0,218946000.0,1.0,172758000.0,166978000,166978000.0,8.307,15472922000.0,0.0,-362769000.0,1760004000.0,92.664,1023579000.0
19,EQT,MRT,2016-09-30,2016-09-30,2016-09-30,2021-09-07,13299000.0,14889984000.0,14424741750.0,2146069000.0,12743915000.0,0.127,34.976,-2140349000.0,1757414000.0,1757414000.0,556930000.0,-85540000.0,3.469,0.929,2955630000.0,158871000.0,2796759000.0,2955630000.0,0.0,902373000.0,0.0,0.002,0.12,-326744000.0,575629000.0,0.314,575629000.0,-326744000.0,-471148000.0,-2.44,-2.44,-2.44,6046224000.0,5668220000.0,6046224000.0,13194450140.0,-40.0,22.922,-1055928000.0,-6.108,1.0,1273776000.0,0.696,0.0,144404000.0,15469574000.0,14993213250.0,0.0,295024000.0,134698000.0,160326000.0,5615705000.0,618626000.0,4997079000.0,12544887140.0,94739000.0,-62385000.0,1870031000.0,-419000000.0,-19551000.0,1230182000.0,-2219864000.0,0.0,1084421000.0,0.0,-395604000.0,-395604000.0,-395604000.0,0.0,310064000.0,-0.216,1317319000.0,-43543000.0,264782000.0,-0.049,2.075,-31.711,-29.762,12407780000.0,0.0,72.62,6.852,6.857,189416000.0,2706221000.0,1830706000.0,1830706000.0,39202000.0,-0.027,-0.07,-0.022,-0.178,49789000.0,257527000.0,1.0,172747000.0,172867000,172867000.0,10.59,14889984000.0,0.0,-75544000.0,1817894000.0,86.135,1527443000.0
20,EQT,MRT,2016-06-30,2016-06-30,2016-06-30,2021-09-07,27921000.0,14783186000.0,14137272250.0,2613889000.0,12169297000.0,0.131,36.317,-1934754000.0,2257017000.0,2257017000.0,546736000.0,-55411000.0,4.957,0.912,2906580000.0,110960000.0,2795620000.0,2906580000.0,0.0,873512000.0,0.0,0.002,0.12,-254526000.0,618986000.0,0.333,618986000.0,-254526000.0,-399493000.0,-2.12,-2.12,-2.12,6057710000.0,5449543250.0,6057710000.0,13709425420.0,-54.0,22.148,-880437000.0,-5.278,1.0,1311222000.0,0.706,0.0,144967000.0,14905472000.0,14729448500.0,0.0,272540000.0,136591000.0,135949000.0,5525733000.0,527277000.0,4998456000.0,12434793420.0,298860000.0,-66704000.0,1939427000.0,-472001000.0,-18945000.0,1263131000.0,-2018588000.0,0.0,1054317000.0,0.0,-346801000.0,-346801000.0,-346801000.0,0.0,291390000.0,-0.187,1293167000.0,18055000.0,251654000.0,-0.057,2.053,-35.856,-36.524,11842031000.0,0.0,77.43,6.693,6.951,170268000.0,2719427000.0,1857958000.0,1857958000.0,44708000.0,-0.025,-0.064,-0.017,-0.137,52736000.0,256730000.0,1.0,160594000.0,166801000,166801000.0,11.139,14783186000.0,0.0,-52692000.0,1807522000.0,88.628,2086612000.0
21,EQT,MRT,2016-03-31,2016-03-31,2016-03-31,2021-09-07,34203000.0,14049625000.0,13834558250.0,2156358000.0,11893267000.0,0.157,35.038,-2204109000.0,1556487000.0,1556487000.0,533194000.0,189143000.0,5.118,1.014,2831119000.0,36638000.0,2794481000.0,2831119000.0,0.0,845702000.0,0.0,0.002,0.12,117672000.0,963374000.0,0.444,963374000.0,117672000.0,-27823000.0,-0.53,-0.53,-0.53,5491155000.0,5219929000.0,5491155000.0,11776268680.0,100.0,12.224,-1155368000.0,-7.372,1.0,1636821000.0,0.754,0.0,145495000.0,14902909000.0,14482267000.0,0.0,400700000.0,400700000.0,0.0,5568054000.0,421348000.0,5146706000.0,10261723680.0,-227031000.0,-19127000.0,1613727000.0,-455911000.0,-18334000.0,964594000.0,-2240366000.0,0.0,1048741000.0,0.0,-82620000.0,-82620000.0,-82620000.0,0.0,271763000.0,-0.038,1261240000.0,375581000.0,223307000.0,-0.226,1.869,-124.204,-126.906,11625420000.0,0.0,67.26,4.729,4.858,149517000.0,2983262000.0,2170015000.0,2170015000.0,52539000.0,-0.006,-0.016,0.008,0.054,33020000.0,244782000.0,1.0,152568000.0,156720000,157195000.0,13.846,14049625000.0,0.0,54797000.0,1971682000.0,89.648,1735010000.0
22,EQT,MRT,2015-12-31,2015-12-31,2015-12-31,2021-09-07,46378000.0,13976172000.0,13588731500.0,2251019000.0,11725153000.0,0.172,33.319,-2434018000.0,1601232000.0,1601232000.0,523043000.0,321886000.0,2.829,1.171,3115777000.0,322434000.0,2793343000.0,3115777000.0,0.0,819216000.0,0.0,0.002,0.12,336377000.0,1155593000.0,0.494,1155593000.0,336377000.0,189846000.0,0.56,0.56,0.56,5077791000.0,5053080000.0,5077791000.0,9617435200.0,29.0,8.323,-1217078000.0,-7.986,1.0,1816719000.0,0.776,0.0,146531000.0,14694898000.0,14148235500.0,0.0,494422000.0,417397000.0,77025000.0,5948130000.0,795819000.0,5152311000.0,7951910200.0,523803000.0,-74459000.0,1889556000.0,129996000.0,-18310000.0,1832470000.0,-2525607000.0,0.0,1216940000.0,0.0,85171000.0,85171000.0,85171000.0,0.0,236715000.0,0.036,1253580000.0,563139000.0,291550000.0,0.214,1.566,93.364,93.089,11472021000.0,0.0,52.13,3.399,3.395,176957000.0,2982212000.0,2339762000.0,2339762000.0,61970000.0,0.006,0.017,0.024,0.144,35684000.0,249925000.0,1.0,152540000.0,152398000,152939000.0,15.353,13976172000.0,0.0,104675000.0,1972170000.0,91.708,1455200000.0
23,EQT,MRT,2015-09-30,2015-09-30,2015-09-30,2021-09-07,77530000.0,13740106000.0,13103526750.0,2262821000.0,11477285000.0,0.186,33.9,-2581270000.0,1662675000.0,1662675000.0,514715000.0,414645000.0,2.283,1.158,3328200000.0,510000000.0,2818200000.0,3328200000.0,0.0,794181000.0,0.0,0.002,0.12,355186000.0,1149367000.0,0.471,1149367000.0,355186000.0,207611000.0,1.35,1.36,1.35,5171517000.0,4929336000.0,5171517000.0,11246946080.0,32.0,9.785,-1408255000.0,-9.231,1.0,1926860000.0,0.789,0.0,147575000.0,14414515000.0,13751230250.0,0.0,395264000.0,395264000.0,0.0,5987833000.0,991116000.0,4996717000.0,9871207080.0,491157000.0,-75838000.0,1474835000.0,335996000.0,-18279000.0,1636855000.0,-2318713000.0,0.0,1173015000.0,0.0,205046000.0,205046000.0,205046000.0,401000.0,209599000.0,0.084,1368682000.0,558178000.0,265407000.0,0.089,1.909,48.141,47.978,11272198000.0,0.0,64.77,4.043,4.047,147229000.0,3121376000.0,2441575000.0,2441575000.0,41392000.0,0.016,0.042,0.026,0.145,24873000.0,257915000.0,1.0,152404000.0,152551000,152854000.0,16.005,13740106000.0,0.0,2565000.0,1875552000.0,90.069,1271705000.0
24,EQT,MRT,2015-06-30,2015-06-30,2015-06-30,2021-09-07,116638000.0,13572330000.0,12609413250.0,2490307000.0,11082023000.0,0.193,33.71,-2620716000.0,1958157000.0,1958157000.0,488734000.0,446706000.0,2.415,1.153,3333896000.0,515696000.0,2818200000.0,3333896000.0,0.0,761532000.0,0.0,0.001,0.12,440684000.0,1202216000.0,0.493,1202216000.0,440684000.0,293939000.0,1.73,1.74,1.73,5139253000.0,4738479000.0,5139253000.0,13947863640.0,32.0,11.602,-1315367000.0,-8.628,1.0,1947586000.0,0.799,0.0,146745000.0,13916746000.0,13305361750.0,0.0,395630000.0,349152000.0,46478000.0,5927089000.0,1031323000.0,4895766000.0,12391823640.0,683892000.0,-45885000.0,1405607000.0,465004000.0,-18247000.0,1702566000.0,-2324023000.0,0.0,1305349000.0,0.0,262814000.0,262814000.0,262814000.0,401000.0,183892000.0,0.108,1327960000.0,619626000.0,287323000.0,0.069,2.411,47.151,47.017,10902458000.0,0.0,81.34,5.086,5.09,150390000.0,3085173000.0,2436320000.0,2436320000.0,36821000.0,0.021,0.055,0.033,0.181,23419000.0,254413000.0,1.0,152346000.0,152454000,152877000.0,15.981,13572330000.0,0.0,31125000.0,1801490000.0,89.026,1458984000.0
25,EQT,MRT,2015-03-31,2015-03-31,2015-03-31,2021-09-07,158981000.0,13066318000.0,12062814750.0,2522485000.0,10543833000.0,0.209,31.728,-2599236000.0,1783518000.0,1783518000.0,467017000.0,521223000.0,2.39,1.229,3339558000.0,521358000.0,2818200000.0,3339558000.0,0.0,721932000.0,0.0,0.001,0.12,665055000.0,1386987000.0,0.55,1386987000.0,665055000.0,523270000.0,2.42,2.43,2.42,4823759000.0,4522813750.0,4823759000.0,14497670740.0,22.0,10.453,-1207239000.0,-7.94,1.0,2055883000.0,0.815,0.0,141785000.0,13566783000.0,12752599500.0,0.0,504844000.0,458760000.0,46084000.0,5926153000.0,1055575000.0,4870578000.0,12563257740.0,873714000.0,-46785000.0,1597874000.0,677914000.0,-18227000.0,2127904000.0,-2646187000.0,0.0,1391997000.0,0.0,368199000.0,368199000.0,368199000.0,-1475000.0,153024000.0,0.146,1244520000.0,811363000.0,326133000.0,0.05,2.604,34.121,34.244,10420062000.0,0.0,82.87,4.98,4.994,237067000.0,3085994000.0,2522900000.0,2522900000.0,32851000.0,0.031,0.081,0.052,0.264,34044000.0,252292000.0,1.0,151602000.0,152036000,152756000.0,16.594,13066318000.0,0.0,155071000.0,1765641000.0,85.942,1466910000.0
26,EQT,MRT,2014-12-31,2014-12-31,2014-12-31,2021-09-07,199494000.0,12035353000.0,11357811750.0,1904323000.0,10131030000.0,0.217,30.239,-2451490000.0,1077429000.0,1077429000.0,443974000.0,510990000.0,2.285,1.236,2982295000.0,188816000.0,2793479000.0,2982295000.0,0.0,679298000.0,0.0,0.002,0.12,737594000.0,1416892000.0,0.574,1416892000.0,737594000.0,601057000.0,2.55,2.54,2.55,4582815000.0,4361441500.0,4582815000.0,12953188200.0,18.0,9.142,-1036748000.0,-6.841,1.0,2025736000.0,0.82,0.0,136537000.0,13106877000.0,12172263000.0,0.0,458460000.0,458460000.0,0.0,5662290000.0,833342000.0,4828948000.0,11469004200.0,231788000.0,7444000.0,922472000.0,488838000.0,-18207000.0,1261258000.0,-2444212000.0,0.0,1414742000.0,0.0,386965000.0,386965000.0,386965000.0,-1371000.0,124025000.0,0.157,1172341000.0,853395000.0,444077000.0,0.047,2.503,29.638,29.686,10076814000.0,0.0,75.7,4.644,4.645,306085000.0,2917129000.0,2469710000.0,2469710000.0,21716000.0,0.034,0.089,0.061,0.299,8907000.0,238134000.0,1.0,151506000.0,151553000,152513000.0,16.296,12035353000.0,0.0,214092000.0,1750870000.0,79.413,1070981000.0
27,EQT,MRT,2014-09-30,2014-09-30,2014-09-30,2021-09-07,21920000.0,11763652000.0,10796986750.0,1859218000.0,9904434000.0,0.209,29.085,-2312278000.0,1510079000.0,1510079000.0,416819000.0,613299000.0,3.014,1.268,2994263000.0,11011000.0,2983252000.0,2994263000.0,0.0,668137000.0,0.0,0.001,0.12,957189000.0,1625326000.0,0.719,1625326000.0,957189000.0,825633000.0,3.41,3.39,3.41,4408089000.0,4224434750.0,4408089000.0,15137219080.0,16.0,9.313,-975580000.0,-6.437,1.0,1843126000.0,0.816,0.0,131556000.0,12631041000.0,11634086000.0,0.0,101542000.0,101542000.0,0.0,5588402000.0,616795000.0,4971607000.0,13868493080.0,747621000.0,748031000.0,934554000.0,493838000.0,-18182000.0,1290731000.0,-1879808000.0,0.0,1336698000.0,0.0,516874000.0,516874000.0,516874000.0,-1876000.0,96425000.0,0.229,848980000.0,994146000.0,370314000.0,0.035,3.146,26.831,26.845,9827067000.0,0.0,91.54,6.137,6.139,199609000.0,2936387000.0,2259945000.0,2259945000.0,15836000.0,0.048,0.122,0.082,0.424,7739000.0,227453000.0,1.0,151502000.0,151557000,152330000.0,14.912,11763652000.0,0.0,308759000.0,1713824000.0,77.619,1242423000.0
28,EQT,MRT,2014-06-30,2014-06-30,2014-06-30,2021-09-07,3889000.0,11385936000.0,10276636750.0,1964177000.0,9421759000.0,0.21,28.183,-2121985000.0,1617009000.0,1617009000.0,395556000.0,583615000.0,2.07,1.252,2885735000.0,399202000.0,2486533000.0,2885735000.0,0.0,668207000.0,0.0,0.001,0.12,915732000.0,1583939000.0,0.733,1583939000.0,915732000.0,784339000.0,3.35,3.32,3.35,4276592000.0,4100189000.0,4276592000.0,17979693900.0,20.0,11.351,-790664000.0,-5.211,1.0,1765272000.0,0.817,0.0,131393000.0,11705697000.0,11285802000.0,13389000.0,66408000.0,66408000.0,0.0,5356003000.0,948965000.0,4407038000.0,16222181900.0,1257565000.0,748031000.0,1471317000.0,268788000.0,-18157000.0,1619942000.0,-1693698000.0,0.0,1331321000.0,0.0,506575000.0,506575000.0,506575000.0,-1876000.0,77040000.0,0.234,835565000.0,929707000.0,381280000.0,0.036,3.793,32.023,31.91,9347535000.0,0.0,106.9,7.507,7.507,235306000.0,2842384000.0,2160828000.0,2160828000.0,17486000.0,0.049,0.124,0.081,0.424,5200000.0,218493000.0,1.0,151751000.0,151744000,152570000.0,14.24,11385936000.0,0.0,277764000.0,1654506000.0,75.034,1015212000.0
29,EQT,MRT,2014-03-31,2014-03-31,2014-03-31,2021-09-07,22984000.0,10246306000.0,9693721500.0,1370173000.0,8876133000.0,0.217,27.603,-1945044000.0,909804000.0,909804000.0,372044000.0,539469000.0,1.807,1.252,2667316000.0,180419000.0,2486897000.0,2667316000.0,0.0,679565000.0,0.0,0.001,0.12,876167000.0,1555732000.0,0.738,1555732000.0,876167000.0,739263000.0,3.2,3.16,3.2,4178270000.0,3983810000.0,4178270000.0,16317620210.0,19.0,10.489,-605577000.0,-4.001,1.0,1735709000.0,0.823,0.0,136904000.0,11245437000.0,11144109750.0,9928000.0,203561000.0,79821000.0,123740000.0,5231800000.0,758381000.0,4473419000.0,14632094210.0,749479000.0,740587000.0,598421000.0,103788000.0,-18120000.0,591469000.0,-1181457000.0,0.0,1339467000.0,0.0,482510000.0,482510000.0,482510000.0,0.0,56959000.0,0.229,868793000.0,866916000.0,420022000.0,0.037,3.502,30.325,30.303,8676245000.0,0.0,96.97,6.942,6.964,329377000.0,2755631000.0,2107753000.0,2107753000.0,16172000.0,0.05,0.121,0.079,0.416,20337000.0,210032000.0,1.0,150893000.0,151371000,152759000.0,13.924,10246306000.0,0.0,256753000.0,1726660000.0,67.69,611792000.0
30,EQT,MRT,2013-12-31,2013-12-31,2013-12-31,2021-09-07,44703000.0,9792053000.0,9332766000.0,1255425000.0,8536628000.0,0.2,26.796,-1763362000.0,845641000.0,845641000.0,354561000.0,437815000.0,2.399,1.221,2531167000.0,40813000.0,2490354000.0,2531167000.0,0.0,676570000.0,0.0,0.001,0.12,708446000.0,1385016000.0,0.744,1385016000.0,708446000.0,565758000.0,2.59,2.57,2.59,4034788000.0,3848721750.0,4034788000.0,15627643337.0,22.0,11.283,-600501000.0,-3.988,1.0,1507450000.0,0.81,0.0,142688000.0,10954169000.0,11017889750.0,19656000.0,236630000.0,107647000.0,128983000.0,4927925000.0,523410000.0,4404515000.0,13531308337.0,663586000.0,740587000.0,574579000.0,-23204000.0,-18094000.0,500500000.0,-999775000.0,0.0,1162861000.0,0.0,390572000.0,390572000.0,390572000.0,0.0,47243000.0,0.21,852846000.0,654604000.0,330329000.0,0.046,3.354,34.645,34.664,8333762000.0,0.0,89.78,7.267,7.26,235781000.0,2567980000.0,1862011000.0,1862011000.0,18483000.0,0.042,0.101,0.064,0.38,40367000.0,200849000.0,1.0,150716288.0,150574000,151787000.0,12.366,9792053000.0,0.0,175186000.0,1655765000.0,65.031,732015000.0
31,EQT,MRT,2013-09-30,2013-09-30,2013-09-30,2021-09-07,77175000.0,9682252000.0,9097218250.0,933291000.0,8748961000.0,0.175,25.957,-1572479000.0,423897000.0,423897000.0,256151000.0,362235000.0,1.726,1.265,2520232000.0,24515000.0,2495717000.0,2520232000.0,0.0,637642000.0,0.0,0.003,0.31,603498000.0,1241140000.0,0.779,1241140000.0,603498000.0,430363000.0,2.16,2.13,2.16,3911106000.0,3740979750.0,3911106000.0,15940781255.0,26.0,12.844,-477519000.0,-3.169,1.0,1337832000.0,0.839,0.0,173135000.0,11237905000.0,10954117000.0,67911000.0,330187000.0,203002000.0,127185000.0,4946929000.0,540682000.0,4406247000.0,13360724255.0,-215097000.0,0.0,558345000.0,-223204000.0,-46528000.0,262422000.0,-1572479000.0,0.0,1094960000.0,0.0,323408000.0,323408000.0,323408000.0,0.0,38827000.0,0.203,794218000.0,543614000.0,306200000.0,0.144,3.416,41.312,41.074,8476164000.0,0.0,88.72,8.382,8.387,194366000.0,2457304000.0,1593983000.0,1593983000.0,20616000.0,0.036,0.086,0.055,0.379,48586000.0,178820000.0,1.0,150594277.0,150679000,,10.579,9682252000.0,0.0,106955000.0,1670562000.0,64.257,392609000.0
32,EQT,MRT,2013-06-30,2013-06-30,2013-06-30,2021-09-07,84993000.0,9054275000.0,8926080250.0,577408000.0,8476867000.0,0.166,25.319,-1506173000.0,16700000.0,16700000.0,260363000.0,296329000.0,1.166,1.299,2596757000.0,97683000.0,2499074000.0,2596757000.0,0.0,593605000.0,0.0,0.006,0.5,530105000.0,1123710000.0,0.76,1123710000.0,530105000.0,352064000.0,1.78,1.76,1.78,3811076000.0,3654702750.0,3811076000.0,14377470840.0,27.0,12.795,-530830000.0,-3.527,1.0,1218071000.0,0.824,0.0,178041000.0,11138928000.0,10742580000.0,55034000.0,359834000.0,230139000.0,129695000.0,4952050000.0,495404000.0,4456646000.0,11940039840.0,-498338000.0,1096000.0,298539000.0,-174944000.0,-74954000.0,31396000.0,-1505077000.0,0.0,975343000.0,0.0,267025000.0,267025000.0,267025000.0,0.0,29304000.0,0.181,755573000.0,462498000.0,271027000.0,0.281,3.133,44.715,44.59,8200832000.0,0.0,79.37,8.076,8.081,242025000.0,2373575000.0,1478434000.0,1478434000.0,16523000.0,0.03,0.073,0.049,0.359,50475000.0,182130000.0,1.0,150435175.0,150525000,,9.822,9054275000.0,0.0,85039000.0,1719918000.0,60.151,82004000.0
33,EQT,MRT,2013-03-31,2013-03-31,2013-03-31,2021-09-07,21582000.0,8802484000.0,8849554250.0,657084000.0,8145400000.0,0.152,24.2,-1404025000.0,160325000.0,160325000.0,269737000.0,233657000.0,1.316,1.34,2597756000.0,98319000.0,2499437000.0,2597756000.0,0.0,540709000.0,0.0,0.01,0.69,454440000.0,995149000.0,0.741,995149000.0,454440000.0,273154000.0,1.41,1.4,1.41,3637917000.0,3613435750.0,3637917000.0,12605703545.0,28.0,12.667,-530072000.0,-3.526,1.0,1073408000.0,0.799,0.0,181286000.0,10740557000.0,10553453000.0,41405000.0,311578000.0,183727000.0,127851000.0,4875448000.0,499358000.0,4376090000.0,10186023545.0,-584883000.0,2451000.0,290147000.0,-229944000.0,-103381000.0,-57262000.0,-1401574000.0,0.0,873953000.0,0.0,211615000.0,211615000.0,211615000.0,0.0,22042000.0,0.158,691486000.0,381922000.0,271007000.0,0.489,2.8,48.135,48.05,7868794000.0,0.0,67.75,7.584,7.583,240040000.0,2291241000.0,1343145000.0,1343145000.0,12272000.0,0.024,0.059,0.043,0.338,42308000.0,169086000.0,1.0,150347211.0,150327000,,8.935,8802484000.0,0.0,61539000.0,1651737000.0,58.556,157726000.0
34,EQT,MRT,2012-12-31,2012-12-31,2012-12-31,2021-09-07,99547000.0,8849862000.0,8863680500.0,852844000.0,7997018000.0,0.155,24.088,-1375340000.0,182055000.0,182055000.0,330363000.0,196411000.0,1.495,1.377,2601735000.0,98766000.0,2502969000.0,2601735000.0,0.0,499118000.0,0.0,0.015,0.88,439642000.0,938760000.0,0.682,938760000.0,439642000.0,254856000.0,1.23,1.22,1.23,3603820000.0,3630490000.0,3603820000.0,11037189498.0,25.0,11.757,-578518000.0,-3.867,1.0,1046859000.0,0.76,0.0,184786000.0,10699078000.0,10432048750.0,45165000.0,434605000.0,304237000.0,130368000.0,4961060000.0,570464000.0,4390596000.0,8824194498.0,-649196000.0,4842000.0,284651000.0,-219315000.0,-131803000.0,-75520000.0,-1370498000.0,0.0,796822000.0,0.0,183395000.0,183395000.0,183395000.0,0.0,13016000.0,0.133,657230000.0,389629000.0,276802000.0,0.715,2.449,48.116,47.951,7059412000.0,0.0,58.98,6.407,6.407,190258000.0,2195502000.0,1377222000.0,1377222000.0,10370000.0,0.021,0.051,0.042,0.319,40230000.0,172243000.0,1.0,149613335.0,149613335,,9.205,8849862000.0,0.0,71461000.0,1442071000.0,59.152,282380000.0
35,EQT,MRT,2012-09-30,2012-09-30,2012-09-30,2021-09-07,82736000.0,8997700000.0,8844394750.0,1227927000.0,7769773000.0,0.144,23.836,-1394982000.0,638994000.0,638994000.0,287643000.0,231031000.0,1.499,1.444,2851989000.0,348656000.0,2503333000.0,2851989000.0,0.0,446487000.0,0.0,0.015,0.88,466668000.0,913155000.0,0.718,913155000.0,466668000.0,306641000.0,1.51,1.5,1.51,3565998000.0,3627992500.0,3565998000.0,11156941049.0,24.0,12.218,-556827000.0,-3.722,1.0,984877000.0,0.774,0.0,160027000.0,10391757000.0,10258980750.0,88171000.0,453064000.0,319203000.0,133861000.0,5149929000.0,818938000.0,4330991000.0,8826082049.0,304082000.0,4842000.0,278898000.0,724685000.0,-131756000.0,856067000.0,-1390140000.0,0.0,838155000.0,0.0,226200000.0,226200000.0,226200000.0,0.0,4831000.0,0.178,389806000.0,595071000.0,246756000.0,0.583,2.475,39.019,39.073,7492439000.0,0.0,59.0,6.936,6.936,135896000.0,2180424000.0,1272520000.0,1272520000.0,6423000.0,0.026,0.062,0.045,0.367,33714000.0,165253000.0,1.0,149594611.0,149604000,,8.506,8997700000.0,0.0,80441000.0,1599097000.0,60.143,408989000.0
36,EQT,MRT,2012-06-30,2012-06-30,2012-06-30,2021-09-07,180695000.0,8748171000.0,8525018250.0,1213553000.0,7534618000.0,0.149,24.375,-1381445000.0,515038000.0,515038000.0,288690000.0,373241000.0,1.742,1.399,2845897000.0,339158000.0,2506739000.0,2845897000.0,0.0,402219000.0,0.0,0.016,0.88,700832000.0,1103051000.0,0.868,1103051000.0,700832000.0,548762000.0,2.5,2.48,2.5,3646008000.0,3595927250.0,3646008000.0,10133604945.0,14.0,9.187,-539070000.0,-3.604,1.0,982417000.0,0.773,0.0,152070000.0,10382420000.0,9887411250.0,77907000.0,599808000.0,467587000.0,132221000.0,5102163000.0,696610000.0,4405553000.0,8021721945.0,435813000.0,393220000.0,2265000.0,725011000.0,-131717000.0,581663000.0,-988225000.0,0.0,842375000.0,0.0,373241000.0,373241000.0,373241000.0,0.0,0.0,0.294,338453000.0,643964000.0,202483000.0,0.352,2.2,21.492,21.452,7256442000.0,0.0,53.63,6.311,6.311,113426000.0,2181504000.0,1271107000.0,1271107000.0,6074000.0,0.044,0.104,0.071,0.551,26447000.0,158517000.0,1.0,149575274.0,149582000,,8.498,8748171000.0,0.0,175521000.0,1672584000.0,58.484,516943000.0
37,EQT,MRT,2012-03-31,2012-03-31,2012-03-31,2021-09-07,251028000.0,8858989000.0,8161247750.0,1604630000.0,7254359000.0,0.159,24.791,-1270195000.0,745208000.0,745208000.0,282237000.0,429549000.0,2.241,1.39,2857091000.0,349988000.0,2507103000.0,2857091000.0,0.0,368424000.0,0.0,0.018,0.88,785395000.0,1153819000.0,0.887,1153819000.0,785395000.0,640667000.0,2.88,2.85,2.88,3706134000.0,3493564000.0,3706134000.0,9245925086.0,12.0,8.013,-385565000.0,-2.579,1.0,1018857000.0,0.783,0.0,144728000.0,10254940000.0,9504988250.0,65657000.0,744830000.0,608647000.0,136183000.0,5152855000.0,715932000.0,4436923000.0,7206928086.0,606580000.0,391865000.0,2765000.0,725011000.0,-131677000.0,584361000.0,-862411000.0,15919000.0,884630000.0,0.0,429549000.0,429549000.0,429549000.0,0.0,0.0,0.33,303127000.0,715730000.0,200788000.0,0.306,1.945,16.778,16.74,6975257000.0,0.0,48.21,5.539,5.539,147132000.0,2183007000.0,1301094000.0,1301094000.0,5385000.0,0.053,0.123,0.083,0.604,24338000.0,157675000.0,1.0,149490315.0,149494000,,8.703,8858989000.0,0.0,211118000.0,1712261000.0,59.26,888698000.0
38,EQT,MRT,2011-12-31,2011-12-31,2011-12-31,2021-09-07,188141000.0,8772719000.0,7705693500.0,1690134000.0,7082585000.0,0.172,24.049,-1264036000.0,831251000.0,831251000.0,293162000.0,479769000.0,2.1,1.441,2870248000.0,342621000.0,2527627000.0,2870248000.0,0.0,339297000.0,0.0,0.016,0.88,854634000.0,1193931000.0,0.902,1193931000.0,854634000.0,718306000.0,3.21,3.19,3.21,3593830000.0,3355344500.0,3593830000.0,9965601954.0,12.0,8.347,-359016000.0,-2.402,1.0,1030667000.0,0.779,0.0,136328000.0,10006806000.0,9075142750.0,123960000.0,649133000.0,512161000.0,136972000.0,5178889000.0,804910000.0,4373979000.0,8187676954.0,831251000.0,619999000.0,2791000.0,680893000.0,-131625000.0,540321000.0,-614090000.0,29947000.0,905020000.0,0.0,479769000.0,479769000.0,479769000.0,0.0,0.0,0.362,269496000.0,761171000.0,256757000.0,0.274,2.278,17.066,17.069,6806309000.0,0.0,54.79,6.185,6.185,183578000.0,2143910000.0,1323829000.0,1323829000.0,4932000.0,0.062,0.143,0.094,0.646,20080000.0,153624000.0,1.0,149437433.0,149437433,,8.859,8772719000.0,0.0,238537000.0,1618944000.0,58.705,885224000.0
39,EQT,MRT,2011-09-30,2011-09-30,2011-09-30,2021-09-07,94436000.0,7720194000.0,7287123250.0,968893000.0,6751301000.0,0.223,23.004,-1276478000.0,334912000.0,334912000.0,515911000.0,462036000.0,1.635,1.246,2112837000.0,134241000.0,1978596000.0,2112837000.0,0.0,322268000.0,0.0,0.016,0.88,855516000.0,1177784000.0,0.724,1177784000.0,855516000.0,730792000.0,3.11,3.09,3.11,3437737000.0,3226561000.0,3437737000.0,10006794447.0,12.0,8.496,-370950000.0,-2.482,1.0,1110124000.0,0.683,0.0,124724000.0,8905479000.0,8726197500.0,138012000.0,449685000.0,313537000.0,136148000.0,4282457000.0,592640000.0,3689817000.0,7975120447.0,137545000.0,619999000.0,2278000.0,-9457000.0,-131563000.0,-149704000.0,-618279000.0,42253000.0,905528000.0,0.0,462036000.0,462036000.0,462036000.0,0.0,0.0,0.284,467046000.0,643078000.0,252030000.0,0.283,2.32,17.261,17.158,6485619000.0,0.0,53.36,4.905,4.904,132700000.0,2085980000.0,1626035000.0,1626035000.0,5401000.0,0.063,0.143,0.098,0.526,18932000.0,162162000.0,1.0,149458779.0,149441000,,10.881,7720194000.0,0.0,268756000.0,1539616000.0,51.66,376253000.0
40,EQT,MRT,2011-06-30,2011-06-30,2011-06-30,2021-09-07,44720000.0,7293089000.0,7088550250.0,799385000.0,6493704000.0,0.215,21.657,-1268983000.0,79225000.0,79225000.0,486341000.0,319644000.0,1.693,1.253,2110899000.0,122519000.0,1988380000.0,2110899000.0,0.0,303473000.0,0.0,0.017,0.88,628540000.0,932013000.0,0.613,932013000.0,628540000.0,502458000.0,2.15,2.14,2.15,3236555000.0,3131881000.0,3236555000.0,9752086586.0,16.0,10.463,-474738000.0,-3.177,1.0,1034385000.0,0.68,0.0,126082000.0,8852728000.0,8569567250.0,110382000.0,351220000.0,211986000.0,139234000.0,4056534000.0,472035000.0,3584499000.0,7848045586.0,-346376000.0,230525000.0,2097000.0,0.0,-131498000.0,-140363000.0,-1000258000.0,42253000.0,794245000.0,0.0,319644000.0,319644000.0,319644000.0,0.0,0.0,0.21,437966000.0,596419000.0,187419000.0,0.409,2.425,24.552,24.428,6222267000.0,0.0,52.52,5.161,5.161,138628000.0,1939980000.0,1520726000.0,1520726000.0,5528000.0,0.045,0.102,0.073,0.413,18220000.0,151750000.0,1.0,149429657.0,149444000,,10.176,7293089000.0,0.0,182814000.0,1424421000.0,48.801,327350000.0
41,EQT,MRT,2011-03-31,2011-03-31,2011-03-31,2021-09-07,23869000.0,7036772000.0,6958786750.0,615436000.0,6421336000.0,0.203,21.124,-1292833000.0,138628000.0,138628000.0,464015000.0,261890000.0,1.519,1.232,2042669000.0,99469000.0,1943200000.0,2042669000.0,0.0,286804000.0,0.0,0.018,0.88,538426000.0,825230000.0,0.585,825230000.0,538426000.0,411551000.0,1.76,1.76,1.76,3153256000.0,3074516250.0,3153256000.0,9553220816.0,18.0,11.576,-535992000.0,-3.591,1.0,946435000.0,0.671,0.0,126875000.0,8535558000.0,8337910250.0,72241000.0,374183000.0,179671000.0,194512000.0,3883516000.0,405255000.0,3478261000.0,7443649816.0,-414398000.0,230525000.0,11110000.0,0.0,-131360000.0,-131212000.0,-1040027000.0,26334000.0,756841000.0,0.0,261890000.0,261890000.0,261890000.0,0.0,0.0,0.186,424657000.0,521778000.0,171463000.0,0.5,2.361,28.423,28.352,6088334000.0,0.0,49.9,5.277,5.281,177780000.0,1885135000.0,1410450000.0,1410450000.0,5408000.0,0.038,0.085,0.065,0.382,14858000.0,155230000.0,1.0,149171339.0,149271000,,9.449,7036772000.0,0.0,149661000.0,1379461000.0,47.141,210181000.0
42,EQT,MRT,2010-12-31,2010-12-31,2010-12-31,2021-09-07,38104000.0,7098438000.0,6839552000.0,827940000.0,6270498000.0,0.201,20.642,-1246932000.0,0.0,0.0,472712000.0,227700000.0,1.387,1.306,2109571000.0,166371000.0,1943200000.0,2109571000.0,0.0,270285000.0,0.0,0.02,0.88,483377000.0,753662000.0,0.548,753662000.0,483377000.0,355220000.0,1.58,1.57,1.58,3078696000.0,2985830500.0,3078696000.0,8558809410.0,18.0,11.356,-457192000.0,-3.065,1.0,901683000.0,0.656,0.0,128157000.0,8611025000.0,8103170250.0,137853000.0,445572000.0,225339000.0,220233000.0,4019742000.0,596984000.0,3422758000.0,6687597410.0,0.0,0.0,539293000.0,48650000.0,-127292000.0,449689000.0,-1239429000.0,11556000.0,789740000.0,0.0,227700000.0,227700000.0,227700000.0,0.0,0.0,0.166,431204000.0,470479000.0,212134000.0,0.557,2.172,29.37,28.38,5910091000.0,0.0,44.84,4.866,4.866,195070000.0,1795766000.0,1374395000.0,1374395000.0,5368000.0,0.033,0.076,0.06,0.352,14104000.0,155551000.0,1.0,149143564.0,149143564,,9.215,7098438000.0,0.0,127520000.0,1316339000.0,47.595,230956000.0
43,EQT,MRT,2010-09-30,2010-09-30,2010-09-30,2021-09-07,62409000.0,6925902000.0,6554256750.0,768117000.0,6157785000.0,0.204,20.512,-1190853000.0,197367000.0,197367000.0,458340000.0,209969000.0,1.482,1.264,2068579000.0,119379000.0,1949200000.0,2068579000.0,0.0,251239000.0,0.0,0.024,0.88,459688000.0,710927000.0,0.532,710927000.0,459688000.0,323930000.0,1.52,1.51,1.52,3059017000.0,2753914000.0,3059017000.0,7009424617.0,15.0,9.86,-397050000.0,-2.662,1.0,878706000.0,0.657,0.0,135758000.0,8278958000.0,7808239250.0,167368000.0,508186000.0,280316000.0,227870000.0,3866885000.0,518156000.0,3348729000.0,5377582617.0,4863000.0,0.0,540464000.0,4574000.0,-123289000.0,414875000.0,-1203815000.0,-750000.0,793803000.0,0.0,209969000.0,209969000.0,209969000.0,0.0,0.0,0.157,429673000.0,449033000.0,191585000.0,0.579,1.758,25.611,23.724,5806629000.0,0.0,36.06,4.022,4.022,100774000.0,1755507000.0,1337046000.0,1337046000.0,9007000.0,0.032,0.076,0.059,0.344,11850000.0,169427000.0,1.0,149128747.0,149133000,,8.965,6925902000.0,0.0,113961000.0,1184411000.0,46.441,249961000.0
44,EQT,MRT,2010-06-30,2010-06-30,2010-06-30,2021-09-07,17936000.0,6774035000.0,6245189500.0,886654000.0,5887381000.0,0.208,20.377,-1047420000.0,425601000.0,425601000.0,457296000.0,176356000.0,1.848,1.253,2057443000.0,108243000.0,1949200000.0,2057443000.0,0.0,232397000.0,0.0,0.024,0.88,410975000.0,643372000.0,0.496,643372000.0,410975000.0,276685000.0,1.3,1.29,1.3,3007096000.0,2517167750.0,3007096000.0,6697333027.0,16.0,10.41,-313545000.0,-2.125,1.0,840772000.0,0.648,0.0,134290000.0,7926100000.0,7510947500.0,144039000.0,409139000.0,187494000.0,221645000.0,3766939000.0,479777000.0,3287162000.0,5188733027.0,90256000.0,111000.0,540234000.0,2574000.0,-119282000.0,416652000.0,-1060271000.0,-750000.0,733875000.0,0.0,176356000.0,176356000.0,176356000.0,0.0,0.0,0.136,439989000.0,400783000.0,195460000.0,0.677,1.725,29.422,27.8,5541433000.0,0.0,36.14,3.997,4.109,119133000.0,1751835000.0,1298068000.0,1298068000.0,12592000.0,0.028,0.07,0.055,0.317,9967000.0,195000000.0,1.0,143573133.0,147575000,,8.796,6774035000.0,0.0,100329000.0,1178681000.0,45.902,406877000.0
45,EQT,MRT,2010-03-31,2010-03-31,2010-03-31,2021-09-07,50261000.0,6559833000.0,5970709000.0,1117936000.0,5441897000.0,0.214,20.871,-973720000.0,553026000.0,553026000.0,473364000.0,173001000.0,2.369,1.344,2061626000.0,112426000.0,1949200000.0,2061626000.0,0.0,213368000.0,0.0,0.021,0.88,399695000.0,613063000.0,0.479,613063000.0,399695000.0,273025000.0,1.3,1.29,1.3,2798513000.0,2304337500.0,2798513000.0,7454821145.0,19.0,12.16,-185212000.0,-1.381,1.0,805229000.0,0.63,0.0,126670000.0,7596598000.0,7272886250.0,113031000.0,466848000.0,244193000.0,222655000.0,3761320000.0,471835000.0,3289485000.0,5368103145.0,553026000.0,-1900000.0,530721000.0,344733000.0,-115353000.0,753100000.0,-988582000.0,-750000.0,788508000.0,0.0,173001000.0,173001000.0,173001000.0,0.0,0.0,0.135,415461000.0,389768000.0,186833000.0,0.677,1.918,31.029,31.538,5074833000.0,0.0,41.0,4.198,4.3,195248000.0,1754605000.0,1278593000.0,1278593000.0,15928000.0,0.029,0.075,0.055,0.313,8204000.0,186165000.0,1.0,130929345.0,134084000,,9.536,6559833000.0,0.0,100024000.0,1185511000.0,48.923,646101000.0
46,EQT,MRT,2009-12-31,2009-12-31,2009-12-31,2021-09-07,-14440000.0,5957257000.0,5660484500.0,695166000.0,5262091000.0,0.232,16.43,-963908000.0,0.0,0.0,563879000.0,156929000.0,1.135,1.769,2086718000.0,137518000.0,1949200000.0,2086718000.0,0.0,196078000.0,0.0,0.02,0.88,365376000.0,561454000.0,0.428,561454000.0,365376000.0,253597000.0,1.2,1.19,1.2,2151030000.0,2149291000.0,2151030000.0,7644706328.0,21.0,13.616,-238167000.0,-1.819,1.0,747477000.0,0.57,0.0,111779000.0,7431301000.0,6936870250.0,182957000.0,381901000.0,163879000.0,218022000.0,3806227000.0,612674000.0,3193553000.0,5749973328.0,0.0,-6400000.0,1238000.0,380783000.0,-115368000.0,259779000.0,-985520000.0,-3000000.0,725741000.0,0.0,156929000.0,156929000.0,156929000.0,0.0,0.0,0.12,390686000.0,356791000.0,248987000.0,0.733,2.673,36.641,36.6,4914731000.0,0.0,43.92,4.385,4.385,193874000.0,1695358000.0,1311356000.0,1311356000.0,17905000.0,0.028,0.073,0.053,0.279,6768000.0,176703000.0,1.0,130919247.0,130919247,,10.017,5957257000.0,0.0,96668000.0,1096094000.0,45.503,82492000.0
47,EQT,MRT,2009-09-30,2009-09-30,2009-09-30,2021-09-07,-25306000.0,5689633000.0,5503585750.0,730156000.0,4959477000.0,0.243,16.141,-1020100000.0,192504000.0,192504000.0,642807000.0,135042000.0,1.476,1.694,2087237000.0,138037000.0,1949200000.0,2087237000.0,0.0,180214000.0,0.0,0.021,0.88,325442000.0,505656000.0,0.379,505656000.0,325442000.0,229944000.0,1.02,1.03,1.02,2112032000.0,2124056750.0,2112032000.0,7321682463.0,22.0,14.48,-284829000.0,-2.177,1.0,691871000.0,0.518,0.0,95498000.0,7089791000.0,6588135000.0,195654000.0,377782000.0,162901000.0,214881000.0,3577601000.0,494575000.0,3083026000.0,5576490463.0,181870000.0,-12600000.0,1300000.0,604104000.0,-115331000.0,482299000.0,-1035700000.0,-3000000.0,735271000.0,0.0,135042000.0,135042000.0,135042000.0,0.0,0.0,0.101,366765000.0,325106000.0,143526000.0,0.863,2.64,41.294,41.765,4633848000.0,0.0,42.6,4.178,4.176,84927000.0,1668826000.0,1334678000.0,1334678000.0,16414000.0,0.025,0.064,0.049,0.244,8885000.0,170137000.0,1.0,130903532.0,130850000,,10.2,5689633000.0,0.0,94902000.0,966023000.0,43.482,235581000.0
48,EQT,MRT,2009-06-30,2009-06-30,2009-06-30,2021-09-07,-5997000.0,5676113000.0,5317703000.0,874505000.0,4801608000.0,0.266,16.478,-1272209000.0,335345000.0,335345000.0,714043000.0,228331000.0,1.954,1.633,2080537000.0,131337000.0,1949200000.0,2080537000.0,0.0,164777000.0,0.0,0.025,0.88,447943000.0,612720000.0,0.433,612720000.0,447943000.0,371826000.0,1.74,1.74,1.74,2155775000.0,2070590500.0,2155775000.0,6304955815.0,14.0,10.29,-383351000.0,-2.93,1.0,700105000.0,0.495,0.0,76117000.0,6973855000.0,6233294250.0,157427000.0,400667000.0,191970000.0,208697000.0,3520338000.0,447450000.0,3072888000.0,4569627815.0,166801000.0,-24711000.0,1150000.0,699771000.0,-115289000.0,577863000.0,-1299920000.0,-3000000.0,888858000.0,0.0,228331000.0,228331000.0,228331000.0,0.0,0.0,0.161,252205000.0,447900000.0,175038000.0,0.506,2.12,20.013,20.063,4482217000.0,0.0,34.91,3.231,3.23,111074000.0,1694760000.0,1414148000.0,1414148000.0,15396000.0,0.043,0.11,0.072,0.317,11377000.0,72032000.0,1.0,130897388.0,130830000,,10.809,5676113000.0,0.0,143495000.0,965619000.0,43.385,427055000.0
49,EQT,MRT,2009-03-31,2009-03-31,2009-03-31,2021-09-07,15885000.0,5318935000.0,5096213750.0,750731000.0,4568204000.0,0.296,16.661,-1351697000.0,0.0,0.0,797033000.0,257077000.0,0.936,1.442,1735328000.0,486128000.0,1249200000.0,1735328000.0,0.0,150640000.0,0.0,0.028,0.88,482525000.0,633165000.0,0.419,633165000.0,482525000.0,418541000.0,1.98,1.98,1.98,2178327000.0,1870326250.0,2178327000.0,5849164306.0,12.0,9.238,-735927000.0,-5.629,1.0,713084000.0,0.472,0.0,63984000.0,6252534000.0,5810088250.0,147082000.0,444301000.0,243049000.0,201252000.0,3140608000.0,801729000.0,2338879000.0,4099858306.0,0.0,-33500000.0,562338000.0,330662000.0,-113347000.0,772427000.0,-1388197000.0,-3000000.0,615770000.0,0.0,257077000.0,257077000.0,257077000.0,0.0,0.0,0.17,231565000.0,481519000.0,198781000.0,0.444,1.882,15.948,15.823,4259829000.0,0.0,31.33,2.715,2.712,206513000.0,1696957000.0,1510117000.0,1510117000.0,11820000.0,0.05,0.137,0.083,0.32,9216000.0,69105000.0,1.0,130860463.0,130743000,,11.55,5318935000.0,0.0,161464000.0,937660000.0,40.682,-50998000.0
50,EQT,MRT,2008-12-31,2008-12-31,2008-12-31,2021-09-07,-68737000.0,5329662000.0,4777754750.0,927182000.0,4402480000.0,0.33,15.677,-1343996000.0,0.0,0.0,854706000.0,255604000.0,0.889,1.6,1749306000.0,500106000.0,1249200000.0,1749306000.0,0.0,136816000.0,0.0,0.026,0.88,468918000.0,605734000.0,0.384,605734000.0,468918000.0,410524000.0,2.01,2.0,2.01,2050093000.0,1584454250.0,2050093000.0,6069201382.0,13.0,10.02,-834839000.0,-6.384,1.0,721782000.0,0.458,0.0,58394000.0,6036360000.0,5445042750.0,288182000.0,387312000.0,192191000.0,195121000.0,3279569000.0,1042608000.0,2236961000.0,4387418382.0,-81711000.0,-29000000.0,562588000.0,340588000.0,-111403000.0,785128000.0,-1375996000.0,-3000000.0,509157000.0,0.0,255604000.0,255604000.0,255604000.0,0.0,0.0,0.162,256976000.0,464806000.0,356732000.0,0.438,2.14,17.165,16.692,4097519000.0,0.0,33.55,2.783,2.783,258938000.0,1653797000.0,1576488000.0,1576488000.0,9064000.0,0.053,0.161,0.086,0.297,6700000.0,111096000.0,1.0,130772530.0,130772530,,12.055,5329662000.0,0.0,154920000.0,829073000.0,40.755,-115426000.0
51,EQT,MRT,2008-09-30,2008-09-30,2008-09-30,2021-09-07,-211054000.0,4946102000.0,4429582000.0,853358000.0,4092744000.0,0.35,14.541,-1203965000.0,10634000.0,10634000.0,827464000.0,282706000.0,0.891,1.606,1692417000.0,438917000.0,1253500000.0,1692417000.0,0.0,124961000.0,0.0,0.024,0.88,498216000.0,623177000.0,0.401,623177000.0,498216000.0,445159000.0,2.26,2.24,2.26,1898167000.0,1346299000.0,1898167000.0,7001670890.0,14.0,11.235,-792226000.0,-6.069,1.0,724960000.0,0.467,0.0,53057000.0,5670428000.0,4957304500.0,340935000.0,279922000.0,86372000.0,193550000.0,3047935000.0,957457000.0,2090478000.0,4799771890.0,-102038000.0,-42017000.0,562106000.0,201521000.0,-109369000.0,666627000.0,-1180404000.0,-3000000.0,411739000.0,0.0,282706000.0,282706000.0,282706000.0,0.0,0.0,0.182,241059000.0,483901000.0,268692000.0,0.389,2.529,16.978,16.23,3789819000.0,0.0,36.68,3.092,3.084,162163000.0,1649115000.0,1552424000.0,1552424000.0,5202000.0,0.064,0.21,0.101,0.321,-5186000.0,117583000.0,1.0,130855286.0,130540000,,11.892,4946102000.0,0.0,162453000.0,713512000.0,37.89,-104099000.0
52,EQT,MRT,2008-06-30,2008-06-30,2008-06-30,2021-09-07,-688769000.0,4790156000.0,4111536500.0,1111660000.0,3678496000.0,0.36,10.731,-954226000.0,168544000.0,168544000.0,802112000.0,219433000.0,0.65,2.536,2370443000.0,1116943000.0,1253500000.0,2370443000.0,0.0,117599000.0,0.0,0.013,0.88,394317000.0,511916000.0,0.346,511916000.0,394317000.0,342715000.0,1.79,1.78,1.79,1354718000.0,1145118750.0,1354718000.0,10394662179.0,26.0,20.305,-750795000.0,-5.947,1.0,679291000.0,0.459,0.0,51602000.0,5281031000.0,4512039500.0,255630000.0,189826000.0,6044000.0,183782000.0,3435438000.0,1711024000.0,1724414000.0,8442111179.0,97778000.0,-30017000.0,562412000.0,318569000.0,-107344000.0,786268000.0,-891921000.0,-3000000.0,203431000.0,0.0,219433000.0,219433000.0,219433000.0,0.0,0.0,0.148,300748000.0,378543000.0,326287000.0,0.492,6.232,38.472,38.581,3374964000.0,0.0,69.06,5.699,5.885,226680000.0,1581718000.0,1481403000.0,1481403000.0,1856000.0,0.053,0.192,0.087,0.266,-9600000.0,187980000.0,1.0,122243139.0,126243000,,11.735,4790156000.0,0.0,123282000.0,351616000.0,37.944,-599364000.0
53,EQT,MRT,2008-03-31,2008-03-31,2008-03-31,2021-09-07,-420586000.0,4045099000.0,3773849250.0,665538000.0,3379561000.0,0.382,8.49,-819842000.0,0.0,0.0,793308000.0,271385000.0,0.552,2.909,1952551000.0,699051000.0,1253500000.0,1952551000.0,0.0,113140000.0,0.0,0.015,0.88,472952000.0,586092000.0,0.407,586092000.0,472952000.0,424741000.0,2.23,2.21,2.23,1034839000.0,1062195750.0,1034839000.0,8862534555.0,19.0,15.121,-512559000.0,-4.205,1.0,647326000.0,0.449,0.0,48211000.0,4792352000.0,4106266500.0,144448000.0,177262000.0,4965000.0,172297000.0,3010260000.0,1205298000.0,1804962000.0,7194790555.0,0.0,165359000.0,2256000.0,418806000.0,-107210000.0,326616000.0,-633899000.0,-3000000.0,307283000.0,0.0,271385000.0,271385000.0,271385000.0,0.0,0.0,0.188,188996000.0,458330000.0,262194000.0,0.395,6.953,26.511,26.413,3092079000.0,0.0,58.9,4.994,4.983,302921000.0,1553227000.0,1440634000.0,1440634000.0,1135000.0,0.072,0.255,0.115,0.328,-9733000.0,200809000.0,1.0,122152641.0,121891000,,11.819,4045099000.0,0.0,153356000.0,434685000.0,33.186,-539760000.0
54,EQT,MRT,2007-12-31,2007-12-31,2007-12-31,2021-09-07,-309264000.0,3936971000.0,3559602250.0,742247000.0,3194724000.0,0.382,9.021,-776667000.0,81711000.0,81711000.0,743704000.0,257483000.0,0.489,2.587,1749455000.0,995955000.0,753500000.0,1749455000.0,0.0,109802000.0,0.0,0.017,0.88,449547000.0,559349000.0,0.411,559349000.0,449547000.0,401878000.0,2.12,2.1,2.12,1097472000.0,1023755750.0,1097472000.0,7936794247.0,18.0,14.189,-349947000.0,-2.876,1.0,617702000.0,0.454,0.0,47669000.0,4085407000.0,3804523000.0,283485000.0,208184000.0,37143000.0,171041000.0,2839499000.0,1519308000.0,1320191000.0,6482224247.0,81711000.0,165359000.0,3198000.0,333330000.0,-107086000.0,245129000.0,-590138000.0,-2414000.0,426720000.0,0.0,257483000.0,257483000.0,257483000.0,0.0,0.0,0.189,179941000.0,437761000.0,279257000.0,0.415,5.907,25.175,25.132,2919491000.0,0.0,53.28,4.761,4.761,237305000.0,1509596000.0,1361406000.0,1361406000.0,862000.0,0.072,0.252,0.118,0.33,-12656000.0,195365000.0,1.0,121663368.0,121663368,,11.19,3936971000.0,0.0,144395000.0,451310000.0,32.36,-777061000.0
55,EQT,MRT,2007-09-30,2007-09-30,2007-09-30,2021-09-07,-282495000.0,3673920000.0,3395923250.0,724654000.0,2949266000.0,0.392,9.008,-683154000.0,180928000.0,180928000.0,714504000.0,269109000.0,0.585,2.36,1635498000.0,881998000.0,753500000.0,1635498000.0,0.0,107885000.0,0.0,0.017,0.88,459439000.0,567324000.0,0.426,567324000.0,459439000.0,411469000.0,2.22,2.19,2.22,1093446000.0,985957750.0,1093446000.0,7654654931.0,17.0,13.493,-273026000.0,-2.249,1.0,615871000.0,0.463,0.0,47970000.0,3889368000.0,3694891750.0,298593000.0,226020000.0,56165000.0,169855000.0,2580474000.0,1239122000.0,1341352000.0,6309905931.0,112672000.0,185300000.0,20581000.0,320897000.0,-106887000.0,248687000.0,-546143000.0,-2571000.0,410128000.0,0.0,269109000.0,269109000.0,269109000.0,-4261000.0,0.0,0.202,169117000.0,446754000.0,182944000.0,0.396,5.771,23.447,23.365,2669040000.0,0.0,51.87,4.743,4.732,114963000.0,1475779000.0,1330375000.0,1330375000.0,1363000.0,0.079,0.273,0.124,0.345,-14096000.0,179270000.0,1.0,121648466.0,121380000,,10.96,3673920000.0,0.0,142360000.0,446710000.0,30.268,-514468000.0
56,EQT,MRT,2007-06-30,2007-06-30,2007-06-30,2021-09-07,-346261000.0,3439407000.0,3250058000.0,671158000.0,2768249000.0,0.411,8.43,-583254000.0,166342000.0,166342000.0,717946000.0,267979000.0,0.596,2.362,1511091000.0,757591000.0,753500000.0,1511091000.0,0.0,106127000.0,0.0,0.018,0.88,460138000.0,566265000.0,0.424,566265000.0,460138000.0,410946000.0,2.21,2.18,2.21,1023026000.0,929891000.0,1023026000.0,7534738563.0,16.0,13.306,-51248000.0,-0.422,1.0,618424000.0,0.463,0.0,49192000.0,3657939000.0,3597049750.0,226954000.0,196671000.0,32336000.0,164335000.0,2416381000.0,1126217000.0,1290164000.0,6027029563.0,70766000.0,185300000.0,21085000.0,83287000.0,-106673000.0,11860000.0,-473100000.0,-2684000.0,532006000.0,0.0,267979000.0,267979000.0,267979000.0,-4261000.0,0.0,0.201,167903000.0,450521000.0,211953000.0,0.398,5.891,22.491,22.425,2490888000.0,0.0,49.56,4.51,4.501,173812000.0,1469629000.0,1336370000.0,1336370000.0,1201000.0,0.082,0.288,0.128,0.344,-14161000.0,179976000.0,1.0,121610766.0,121356000,,11.012,3439407000.0,0.0,142967000.0,399244000.0,28.341,-455059000.0
57,EQT,MRT,2007-03-31,2007-03-31,2007-03-31,2021-09-07,-406733000.0,3188111000.0,3137979750.0,499292000.0,2688819000.0,0.412,7.269,-489299000.0,0.0,0.0,686566000.0,204545000.0,0.45,2.618,1507709000.0,754209000.0,753500000.0,1507709000.0,0.0,103332000.0,0.0,0.018,0.88,351094000.0,454426000.0,0.351,454426000.0,351094000.0,302843000.0,1.7,1.67,1.7,881079000.0,845542750.0,881079000.0,7346706047.0,21.0,16.167,48090000.0,0.397,1.0,607771000.0,0.47,0.0,48251000.0,3585378000.0,3543604500.0,149822000.0,92732000.0,23716000.0,69016000.0,2307032000.0,1110442000.0,1196590000.0,5876956047.0,-5017000.0,3124000.0,20476000.0,21499000.0,-106460000.0,-50716000.0,-491690000.0,-4791000.0,537389000.0,0.0,204545000.0,204545000.0,204545000.0,-4261000.0,0.0,0.158,264051000.0,343720000.0,200815000.0,0.518,6.67,28.732,28.424,2507694000.0,0.0,48.32,4.541,4.525,264585000.0,1389052000.0,1294337000.0,1294337000.0,1084000.0,0.065,0.242,0.099,0.271,-13769000.0,162543000.0,1.0,121625746.0,121217000,,10.678,3188111000.0,0.0,98298000.0,301498000.0,26.301,-611150000.0
58,EQT,MRT,2006-12-31,2006-12-31,2006-12-31,2021-09-07,-314302000.0,3282255000.0,3084946250.0,726794000.0,2555461000.0,0.411,7.838,-403094000.0,0.0,0.0,671420000.0,220286000.0,0.658,2.469,1469750000.0,716250000.0,753500000.0,1469750000.0,0.0,100122000.0,0.0,0.021,0.87,378486000.0,478608000.0,0.377,478608000.0,378486000.0,329992000.0,1.83,1.8,1.83,946280000.0,779208500.0,946280000.0,6515024323.0,17.0,13.612,214752000.0,1.779,1.0,596490000.0,0.47,0.0,48494000.0,3646882000.0,3501169000.0,269128000.0,195968000.0,129675000.0,66293000.0,2335975000.0,1105123000.0,1230852000.0,5040159323.0,-74966000.0,0.0,34910000.0,-232301000.0,-104871000.0,-286523000.0,-406289000.0,-2471000.0,617846000.0,0.0,220286000.0,220286000.0,220286000.0,-4261000.0,0.0,0.174,223967000.0,372523000.0,213326000.0,0.475,5.326,22.88,22.814,2377471000.0,0.0,41.75,3.975,3.975,240113000.0,1363310000.0,1267910000.0,1267910000.0,802000.0,0.071,0.283,0.108,0.299,-15739000.0,125951000.0,1.0,120722379.0,120722379,,10.503,3282255000.0,0.0,109706000.0,338012000.0,27.188,-378329000.0
59,EQT,MRT,2006-09-30,2006-09-30,2006-09-30,2021-09-07,-328637000.0,3090459000.0,3099953750.0,678102000.0,2412357000.0,0.422,7.233,-476370000.0,0.0,0.0,709829000.0,220902000.0,0.635,2.556,1474865000.0,721431000.0,753434000.0,1474865000.0,0.0,98117000.0,0.0,0.025,0.86,395524000.0,493641000.0,0.378,493641000.0,395524000.0,348119000.0,1.85,1.8,1.85,869179000.0,631255500.0,869179000.0,5919051557.0,15.0,11.991,211955000.0,1.764,1.0,597180000.0,0.457,0.0,47405000.0,3498000000.0,3482155250.0,323766000.0,217884000.0,153548000.0,64336000.0,2221280000.0,1067324000.0,1153956000.0,4221198557.0,0.0,206833000.0,-19539000.0,-385898000.0,-103412000.0,-496263000.0,-192062000.0,-2554000.0,688325000.0,0.0,220902000.0,220902000.0,220902000.0,7180000.0,0.0,0.169,225801000.0,371379000.0,180179000.0,0.465,4.857,19.109,18.908,2253048000.0,0.0,34.98,3.23,3.216,130568000.0,1317668000.0,1307009000.0,1307009000.0,768000.0,0.071,0.35,0.114,0.303,-6090000.0,129824000.0,1.0,120674630.0,120172000,,10.876,3090459000.0,0.0,127217000.0,302726000.0,25.717,-389222000.0
60,EQT,MRT,2006-06-30,2006-06-30,2006-06-30,2021-09-07,-506222000.0,2991094000.0,3233912000.0,654996000.0,2336098000.0,0.403,5.708,-438432000.0,0.0,0.0,700390000.0,235598000.0,0.526,3.363,1697853000.0,934419000.0,763434000.0,1697853000.0,0.0,96232000.0,0.0,0.025,0.85,408853000.0,505085000.0,0.387,505085000.0,408853000.0,363295000.0,1.97,1.92,1.97,685633000.0,480645500.0,685633000.0,5810128558.0,14.0,11.503,-289904000.0,-2.413,1.0,603190000.0,0.463,0.0,45558000.0,3444158000.0,3616059750.0,289013000.0,107631000.0,44642000.0,62989000.0,2305461000.0,1244789000.0,1060672000.0,4039287558.0,0.0,247415000.0,-48844000.0,72000000.0,-102755000.0,-64793000.0,-83735000.0,-2604000.0,148528000.0,0.0,235598000.0,235598000.0,235598000.0,6500000.0,0.0,0.181,238257000.0,364933000.0,163699000.0,0.431,5.891,17.145,17.005,2174467000.0,0.0,33.5,3.099,3.087,149053000.0,1312434000.0,1303580000.0,1303580000.0,768000.0,0.073,0.49,0.113,0.314,-5758000.0,144165000.0,1.0,120575748.0,120128000,,10.852,2991094000.0,0.0,127697000.0,199190000.0,24.899,-589793000.0
61,EQT,MRT,2006-03-31,2006-03-31,2006-03-31,2021-09-07,-555425000.0,2975977000.0,3246891750.0,695246000.0,2280731000.0,0.395,5.149,-302315000.0,5017000.0,5017000.0,689049000.0,256008000.0,0.522,3.833,1775858000.0,1012424000.0,763434000.0,1775858000.0,0.0,94554000.0,0.0,0.023,0.84,455667000.0,550221000.0,0.429,550221000.0,455667000.0,410116000.0,2.13,2.08,2.13,615742000.0,477547250.0,615742000.0,6696679874.0,15.0,12.171,-342272000.0,-2.862,1.0,593518000.0,0.463,0.0,45551000.0,3415636000.0,3576608250.0,189047000.0,92662000.0,30783000.0,61879000.0,2360235000.0,1331182000.0,1029053000.0,4375707874.0,4301000.0,599334000.0,-67291000.0,-184999000.0,-101978000.0,-331918000.0,376176000.0,-655000.0,-39957000.0,0.0,256008000.0,256008000.0,256008000.0,134000.0,0.0,0.2,249245000.0,344273000.0,175407000.0,0.394,7.106,17.092,17.141,2121180000.0,0.0,36.51,3.412,3.404,238155000.0,1295078000.0,1282567000.0,1282567000.0,768000.0,0.079,0.536,0.127,0.355,-5601000.0,146607000.0,1.0,119849572.0,119579000,,10.726,2975977000.0,0.0,154108000.0,157818000.0,24.887,-635936000.0
62,EQT,MRT,2005-12-31,2005-12-31,2005-12-31,2021-09-07,-755600000.0,3342285000.0,3382837000.0,1097223000.0,2245062000.0,0.371,2.933,-275454000.0,74966000.0,74966000.0,667253000.0,260055000.0,0.524,8.429,2396004000.0,1632504000.0,763500000.0,2396004000.0,0.0,93527000.0,0.0,0.022,0.82,457874000.0,551401000.0,0.44,551401000.0,457874000.0,413093000.0,2.15,2.1,2.15,354468000.0,510868000.0,354468000.0,7229839694.0,16.0,13.112,-587760000.0,-4.863,1.0,586471000.0,0.468,0.0,44781000.0,3570827000.0,3708459500.0,289921000.0,103648000.0,42899000.0,60749000.0,2987817000.0,2092496000.0,895321000.0,4434815694.0,74966000.0,544958000.0,-97234000.0,209801000.0,-99737000.0,39182000.0,348090000.0,-4009000.0,-312306000.0,0.0,260055000.0,260055000.0,260055000.0,-1481000.0,0.0,0.207,242659000.0,343812000.0,242618000.0,0.381,12.511,17.053,17.065,2083205000.0,0.0,36.69,3.537,3.537,308355000.0,1247895000.0,1253724000.0,1253724000.0,768000.0,0.077,0.509,0.123,0.365,0.0,140529000.0,1.0,120872600.0,120872600,,10.372,3342285000.0,0.0,153038000.0,24042000.0,27.651,-995273000.0
63,EQT,MRT,2005-09-30,2005-09-30,2005-09-30,2021-09-07,-837205000.0,3626292000.0,3348602250.0,1299330000.0,2326962000.0,0.316,2.201,-118526000.0,0.0,0.0,543081000.0,230490000.0,0.544,12.595,2795024000.0,2030728000.0,764296000.0,2795024000.0,0.0,86463000.0,0.0,0.02,0.8,407156000.0,493619000.0,0.466,493619000.0,407156000.0,367482000.0,1.9,1.86,1.9,266739000.0,640919000.0,266739000.0,6308759876.0,15.0,12.781,-522960000.0,-4.316,1.0,516030000.0,0.487,0.0,39674000.0,4033618000.0,3656670250.0,257619000.0,282720000.0,151511000.0,131209000.0,3359553000.0,2387698000.0,971855000.0,4743326876.0,3040000.0,337401000.0,-87081000.0,305967000.0,-98090000.0,190515000.0,216959000.0,-4921000.0,-404434000.0,0.0,230490000.0,230490000.0,230490000.0,10275000.0,0.0,0.218,222192000.0,293838000.0,172551000.0,0.421,17.783,20.579,20.558,1983483000.0,0.0,39.06,4.479,4.469,852043000.0,1200178000.0,1059111000.0,1059111000.0,0.0,0.069,0.36,0.111,0.384,0.0,127894000.0,1.0,121436940.0,121181000,,8.74,3626292000.0,38147000.0,136992000.0,10243000.0,29.925,-1088368000.0
64,EQT,MRT,2005-06-30,2005-06-30,2005-06-30,2021-09-07,-440968000.0,3043013000.0,3210218750.0,787169000.0,2255844000.0,0.323,5.542,-111716000.0,30000000.0,30000000.0,534241000.0,219682000.0,0.595,3.52,1595433000.0,977975000.0,617458000.0,1595433000.0,0.0,85008000.0,0.0,0.023,0.78,398389000.0,483397000.0,0.467,483397000.0,398389000.0,357456000.0,1.81,1.76,1.81,673240000.0,781570750.0,673240000.0,6140038544.0,15.0,12.702,-165122000.0,-1.359,1.0,501345000.0,0.484,0.0,40933000.0,3286352000.0,3422940500.0,189984000.0,176993000.0,30188000.0,146805000.0,2369773000.0,1322094000.0,1047679000.0,4142016544.0,-1681000.0,339699000.0,-80943000.0,-35441000.0,-95704000.0,-144921000.0,196646000.0,-4485000.0,-53406000.0,0.0,219682000.0,219682000.0,219682000.0,10955000.0,0.0,0.212,197669000.0,303676000.0,179884000.0,0.431,6.152,18.855,18.785,1937448000.0,0.0,34.0,4.0,3.988,509721000.0,1179591000.0,1035586000.0,1035586000.0,0.0,0.068,0.281,0.116,0.385,0.0,104826000.0,1.0,121824016.0,121472000,,8.525,3043013000.0,0.0,137774000.0,234974000.0,25.051,-534925000.0
65,EQT,MRT,2005-03-31,2005-03-31,2005-03-31,2021-09-07,-346553000.0,3519758000.0,3183201250.0,738191000.0,2781567000.0,0.329,6.169,-209716000.0,2791000.0,2791000.0,543675000.0,286190000.0,0.469,3.699,2000813000.0,1300077000.0,700736000.0,2000813000.0,0.0,83499000.0,0.0,0.026,0.76,487307000.0,570806000.0,0.546,570806000.0,487307000.0,444859000.0,2.335,2.27,2.335,749025000.0,840793750.0,749025000.0,4534789105.0,9.0,7.945,-141703000.0,-1.167,1.0,502357000.0,0.48,0.0,42448000.0,3943041000.0,3375424250.0,105463000.0,686112000.0,76044000.0,610068000.0,2770733000.0,1574739000.0,1195994000.0,3506329105.0,-1553000.0,-14620000.0,-98285000.0,287869000.0,-93556000.0,155494000.0,-225060000.0,-3946000.0,68013000.0,0.0,286190000.0,286190000.0,286190000.0,17321000.0,0.0,0.274,223209000.0,279148000.0,168562000.0,0.325,4.681,12.252,12.3,1999059000.0,0.0,28.72,3.352,3.334,533810000.0,1141048000.0,1046032000.0,1046032000.0,0.0,0.09,0.34,0.144,0.466,0.0,120965000.0,1.0,122086668.0,121424000,,8.615,3519758000.0,0.0,158669000.0,380476000.0,28.987,-836548000.0
66,EQT,MRT,2004-12-31,2004-12-31,2004-12-31,2021-09-07,-180347000.0,3205346000.0,3027582750.0,738814000.0,2466532000.0,0.345,7.117,-201813000.0,0.0,0.0,543312000.0,279854000.0,0.663,2.665,1272315000.0,655881000.0,616434000.0,1272315000.0,0.0,82076000.0,0.0,0.024,0.72,477327000.0,559403000.0,0.535,559403000.0,477327000.0,434807000.0,2.27,2.22,2.27,874672000.0,898937500.0,874672000.0,4718151678.0,10.0,8.434,-21815000.0,-0.178,1.0,501871000.0,0.48,0.0,42520000.0,3363670000.0,3152312000.0,204625000.0,515982000.0,27585000.0,488397000.0,2330674000.0,1113991000.0,1216683000.0,3727433678.0,-34294000.0,42880000.0,-91696000.0,75399000.0,-89364000.0,-55798000.0,-158494000.0,0.0,179998000.0,0.0,279854000.0,279854000.0,279854000.0,18936000.0,0.0,0.268,230392000.0,271479000.0,171167000.0,0.317,4.262,13.319,13.361,1875131000.0,0.0,30.33,3.566,3.566,224418000.0,1087577000.0,1045183000.0,1045183000.0,0.0,0.092,0.311,0.151,0.457,0.0,130090000.0,1.0,122895934.0,122895934,,8.505,3205346000.0,0.0,154953000.0,504389000.0,26.082,-375177000.0
67,EQT,MRT,2004-09-30,2004-09-30,2004-09-30,2021-09-07,-221593000.0,3072758000.0,2963086000.0,576405000.0,2496353000.0,0.33,6.752,-203309000.0,0.0,0.0,477975000.0,286051000.0,0.597,2.705,990718000.0,309378000.0,681340000.0,990718000.0,0.0,84274000.0,0.0,0.025,0.68,480708000.0,564982000.0,0.578,564982000.0,480708000.0,437683000.0,2.31,2.25,2.31,829346000.0,921604500.0,829346000.0,4251238218.0,9.0,7.525,-22828000.0,-0.186,1.0,499180000.0,0.511,0.0,43025000.0,3098699000.0,3088001750.0,209450000.0,486625000.0,0.0,486625000.0,2243412000.0,964777000.0,1278635000.0,3359088218.0,-4916000.0,81299000.0,-59527000.0,29753000.0,-84968000.0,-69635000.0,-115762000.0,1152000.0,180481000.0,0.0,286051000.0,286051000.0,286051000.0,-7807000.0,0.0,0.293,221223000.0,277957000.0,148274000.0,0.294,4.05,11.743,11.755,1831338000.0,0.0,27.155,3.438,3.414,296023000.0,1067778000.0,977155000.0,977155000.0,0.0,0.097,0.31,0.156,0.492,0.0,118723000.0,1.0,123700542.0,122838000,,7.955,3072758000.0,0.0,151632000.0,479615000.0,25.015,-388372000.0
68,EQT,MRT,2004-06-30,2004-06-30,2004-06-30,2021-09-07,-155097000.0,2934943000.0,2895700000.0,506370000.0,2428573000.0,0.33,7.338,-211092000.0,4721000.0,4721000.0,467008000.0,278580000.0,0.693,2.225,896871000.0,230901000.0,665970000.0,896871000.0,0.0,82121000.0,0.0,0.025,0.64,468555000.0,550676000.0,0.576,550676000.0,468555000.0,426366000.0,2.245,2.195,2.245,910132000.0,941729250.0,910132000.0,4061398734.0,9.0,7.375,-57594000.0,-0.464,1.0,489815000.0,0.512,0.0,42189000.0,3096287000.0,3080605000.0,131050000.0,450077000.0,0.0,450077000.0,2024811000.0,730806000.0,1294005000.0,3231523734.0,-11857000.0,38419000.0,-42644000.0,78822000.0,-79942000.0,1343000.0,-166698000.0,879000.0,153498000.0,0.0,278580000.0,278580000.0,278580000.0,-7807000.0,0.0,0.291,222208000.0,267607000.0,148005000.0,0.285,3.551,11.6,11.517,1798872000.0,0.0,25.855,3.377,3.352,315357000.0,1055613000.0,956823000.0,956823000.0,0.0,0.096,0.296,0.152,0.49,0.0,121861000.0,1.0,124986414.0,124038000,,7.714,2934943000.0,0.0,147786000.0,511994000.0,23.662,-224436000.0
69,EQT,MRT,2004-03-31,2004-03-31,2004-03-31,2021-09-07,-11893000.0,2897284000.0,2841297250.0,452318000.0,2444966000.0,0.329,7.884,-224212000.0,5309000.0,5309000.0,455417000.0,179148000.0,0.669,1.952,835184000.0,165444000.0,669740000.0,835184000.0,0.0,79736000.0,0.0,0.025,0.55,317164000.0,396900000.0,0.425,396900000.0,317164000.0,275696000.0,1.445,1.415,1.445,981600000.0,924796500.0,981600000.0,3660120888.0,12.0,9.222,-28112000.0,-0.226,1.0,479262000.0,0.513,0.0,41468000.0,3050592000.0,3026005000.0,75067000.0,489351000.0,0.0,489351000.0,1915684000.0,676567000.0,1239117000.0,2739100888.0,-134234000.0,38419000.0,-16185000.0,-110481000.0,-68576000.0,-150135000.0,-180199000.0,498000.0,196100000.0,0.0,179148000.0,179148000.0,179148000.0,-7807000.0,0.0,0.192,183769000.0,295493000.0,139379000.0,0.381,2.79,15.29,15.37,1775886000.0,0.0,22.21,2.931,2.959,323922000.0,948414000.0,934679000.0,934679000.0,0.0,0.063,0.194,0.105,0.339,0.0,104033000.0,1.0,123327370.0,124512000,,7.507,2897284000.0,0.0,96548000.0,461016000.0,23.269,-224249000.0
70,EQT,MRT,2003-12-31,2003-12-31,2003-12-31,2021-09-07,15265000.0,2947359000.0,2825565500.0,557528000.0,2389831000.0,0.31,7.753,-214642000.0,37334000.0,37334000.0,411023000.0,170001000.0,0.785,2.053,958354000.0,277235000.0,681119000.0,958354000.0,0.0,76722000.0,0.0,0.023,0.485,297566000.0,374288000.0,0.427,374288000.0,297566000.0,256036000.0,1.37,1.34,1.37,965340000.0,899465750.0,965340000.0,3607535597.0,12.0,9.638,-86081000.0,-0.691,1.0,465551000.0,0.531,51656000.0,41530000.0,3106429000.0,2992093500.0,162090000.0,452455000.0,0.0,452455000.0,1982019000.0,710294000.0,1271725000.0,2671894597.0,26126000.0,-5781000.0,-16080000.0,144284000.0,-60419000.0,112892000.0,-215327000.0,0.0,128561000.0,0.0,170001000.0,170001000.0,170001000.0,-7807000.0,0.0,0.194,189544000.0,276007000.0,146086000.0,0.354,2.768,15.717,15.664,1766782000.0,0.0,21.46,3.048,3.048,314181000.0,897087000.0,876574000.0,876574000.0,0.0,0.06,0.189,0.099,0.339,0.0,103543000.0,1.0,124505806.0,124505806,,7.04,2895703000.0,0.0,86035000.0,472002000.0,23.258,-152766000.0
71,EQT,MRT,2003-09-30,2003-09-30,2003-09-30,2021-09-07,-3188000.0,2803214000.0,2697948500.0,475762000.0,2327452000.0,0.4,7.331,-209567000.0,11456000.0,11456000.0,600209000.0,162909000.0,0.71,2.081,947097000.0,301041000.0,646056000.0,947097000.0,0.0,79512000.0,0.0,0.02,0.42,287714000.0,367226000.0,0.34,367226000.0,287714000.0,242651000.0,1.31,1.295,1.31,909845000.0,852790500.0,909845000.0,3354767300.0,12.0,9.135,-103273000.0,-0.832,1.0,480060000.0,0.444,0.0,45063000.0,3069112000.0,2839428250.0,175808000.0,428568000.0,0.0,428568000.0,1893369000.0,669743000.0,1223626000.0,2558323300.0,4806000.0,-45250000.0,-25620000.0,244462000.0,-51891000.0,166951000.0,-268439000.0,-13622000.0,106294000.0,0.0,162909000.0,162909000.0,162909000.0,0.0,0.0,0.151,190580000.0,289480000.0,140785000.0,0.321,2.812,15.704,15.687,1719731000.0,0.0,20.55,2.368,2.361,230884000.0,866695000.0,1080269000.0,1080269000.0,-19587000.0,0.06,0.191,0.101,0.266,0.0,124957000.0,1.0,124492618.0,124106000,,8.704,2803214000.0,0.0,79742000.0,447800000.0,22.587,-193981000.0
72,EQT,MRT,2003-06-30,2003-06-30,2003-06-30,2021-09-07,-67683000.0,2717332000.0,2583375000.0,420796000.0,2296536000.0,0.429,6.787,-215863000.0,23118000.0,23118000.0,630726000.0,161383000.0,0.662,2.226,819562000.0,177101000.0,642461000.0,819562000.0,0.0,77469000.0,0.0,0.017,0.355,283759000.0,361228000.0,0.326,361228000.0,283759000.0,240707000.0,1.3,1.28,1.3,842401000.0,822522000.0,842401000.0,3206003253.0,11.0,8.875,-32400000.0,-0.261,1.0,478446000.0,0.431,0.0,43052000.0,2877887000.0,2661785000.0,99091000.0,418888000.0,0.0,418888000.0,1874931000.0,635889000.0,1239042000.0,2544132253.0,16676000.0,-45173000.0,-49683000.0,201427000.0,-43873000.0,107871000.0,-274658000.0,-13622000.0,183463000.0,0.0,161383000.0,161383000.0,161383000.0,0.0,0.0,0.145,192268000.0,286178000.0,129850000.0,0.273,3.02,15.765,15.669,1687893000.0,0.0,20.37,2.294,2.279,249549000.0,856976000.0,1109172000.0,1109172000.0,-12841000.0,0.062,0.196,0.107,0.256,0.0,121942000.0,1.0,124896036.0,124116000,,8.937,2717332000.0,0.0,79324000.0,414261000.0,21.893,-215093000.0
73,EQT,MRT,2003-03-31,2003-03-31,2003-03-31,2021-09-07,33740000.0,2834357000.0,2463814500.0,620774000.0,2213583000.0,0.454,7.092,-207722000.0,146083000.0,146083000.0,638140000.0,168177000.0,1.068,2.22,807954000.0,157182000.0,650772000.0,807954000.0,0.0,75015000.0,0.0,0.018,0.34,286314000.0,361329000.0,0.323,361329000.0,286314000.0,244785000.0,1.345,1.325,1.345,880277000.0,810349500.0,880277000.0,2972833185.0,10.0,8.227,-8759000.0,-0.071,1.0,479207000.0,0.429,0.0,41529000.0,2914946000.0,2514304500.0,64082000.0,386090000.0,0.0,386090000.0,1954080000.0,581282000.0,1372798000.0,2310560185.0,143564000.0,-44981000.0,-60508000.0,251987000.0,-42313000.0,149166000.0,-204565000.0,-13622000.0,198963000.0,0.0,168177000.0,168177000.0,168177000.0,-9000000.0,0.0,0.151,195813000.0,283394000.0,198376000.0,0.253,2.625,13.739,13.944,1641035000.0,0.0,18.755,2.068,2.083,342726000.0,837843000.0,1117347000.0,1117347000.0,-6450000.0,0.068,0.208,0.114,0.256,0.0,116230000.0,1.0,123197024.0,124126000,,9.002,2834357000.0,0.0,76608000.0,412192000.0,22.835,39492000.0
74,EQT,MRT,2002-12-31,2002-12-31,2002-12-31,2021-09-07,-24533000.0,2436891000.0,2337116500.0,430051000.0,2006840000.0,0.457,6.229,-218494000.0,17748000.0,17748000.0,606904000.0,154107000.0,0.779,2.13,680021000.0,219337000.0,460684000.0,680021000.0,0.0,73029000.0,0.0,0.019,0.335,270486000.0,343515000.0,0.321,343515000.0,270486000.0,231699000.0,1.225,1.205,1.225,778639000.0,794217750.0,778639000.0,2786293362.0,10.0,8.111,-3983000.0,-0.032,1.0,462164000.0,0.432,51656000.0,38787000.0,2495768000.0,2365313500.0,74735000.0,261890000.0,0.0,261890000.0,1658252000.0,551740000.0,1106512000.0,2189901362.0,-11874000.0,0.0,-68543000.0,53127000.0,-41809000.0,-57225000.0,-169160000.0,-13622000.0,214511000.0,0.0,154107000.0,154107000.0,154107000.0,-9000000.0,0.0,0.144,184593000.0,277571000.0,136478000.0,0.273,2.812,14.21,14.302,1561815000.0,0.0,17.52,2.048,2.048,298732000.0,787505000.0,1069068000.0,1069068000.0,0.0,0.066,0.194,0.114,0.253,0.0,109825000.0,1.0,124994370.0,124994370,,8.553,2385235000.0,0.0,77592000.0,363900000.0,19.083,-121689000.0
75,EQT,MRT,2002-09-30,2002-09-30,2002-09-30,2021-09-07,19480000.0,2344920000.0,2357580500.0,386654000.0,1958266000.0,0.465,6.328,-141980000.0,6650000.0,6650000.0,627013000.0,136033000.0,0.663,1.973,603042000.0,272869000.0,330173000.0,603042000.0,13755000.0,73555000.0,0.0,0.019,0.33,248988000.0,322543000.0,0.294,322543000.0,248988000.0,210708000.0,1.075,1.05,1.075,788771000.0,811096500.0,788771000.0,2649470552.0,11.0,8.214,61894000.0,0.497,1.0,469137000.0,0.428,0.0,38280000.0,2358539000.0,2336475250.0,94109000.0,260235000.0,0.0,260235000.0,1556149000.0,582773000.0,973376000.0,2141940552.0,6449000.0,1066000.0,-70487000.0,55725000.0,-41435000.0,-56197000.0,-141228000.0,-314000.0,203874000.0,0.0,136033000.0,136033000.0,136033000.0,-9000000.0,0.0,0.124,216426000.0,252711000.0,104595000.0,0.307,2.716,15.746,16.07,1513086000.0,0.0,17.275,1.954,1.964,191039000.0,755495000.0,1096150000.0,1096150000.0,27188000.0,0.058,0.168,0.107,0.227,0.0,112174000.0,1.0,123990770.0,124652000,,8.794,2344920000.0,0.0,74675000.0,370846000.0,18.812,-196119000.0
76,EQT,MRT,2002-06-30,2002-06-30,2002-06-30,2021-09-07,10724000.0,2239090000.0,2369496000.0,323536000.0,1915554000.0,0.442,6.271,-110387000.0,6442000.0,6442000.0,584745000.0,134147000.0,0.705,1.821,513972000.0,162917000.0,351055000.0,513972000.0,8691000.0,74042000.0,0.0,0.019,0.325,247336000.0,321378000.0,0.307,321378000.0,247336000.0,208212000.0,1.055,1.03,1.055,793711000.0,823515000.0,793711000.0,2683408616.0,11.0,8.35,67283000.0,0.532,1.0,462829000.0,0.442,0.0,39124000.0,2287965000.0,2328146250.0,61707000.0,259742000.0,0.0,259742000.0,1445379000.0,458655000.0,986724000.0,2172860616.0,3002000.0,1022000.0,-46658000.0,22851000.0,-41182000.0,-64989000.0,-109679000.0,-314000.0,177670000.0,0.0,134147000.0,134147000.0,134147000.0,-9000000.0,0.0,0.128,219096000.0,243733000.0,110981000.0,0.308,2.738,16.198,16.256,1463258000.0,0.0,17.15,2.074,2.072,182505000.0,739272000.0,1047574000.0,1047574000.0,28117000.0,0.057,0.163,0.106,0.236,0.0,113428000.0,1.0,126697412.0,126560000,,8.277,2239090000.0,0.0,74065000.0,354827000.0,17.692,-135119000.0
77,EQT,MRT,2002-03-31,2002-03-31,2002-03-31,2021-09-07,33426000.0,2327565000.0,2387802750.0,431262000.0,1896303000.0,0.489,6.417,-89373000.0,64279000.0,64279000.0,701098000.0,127395000.0,0.831,1.853,574827000.0,227280000.0,347547000.0,574827000.0,7343000.0,74675000.0,0.0,0.018,0.32,244057000.0,318732000.0,0.273,318732000.0,244057000.0,204847000.0,1.0,0.97,1.0,815750000.0,825271500.0,815750000.0,2760971727.0,11.0,8.662,43169000.0,0.34,1.0,465349000.0,0.399,0.0,39210000.0,2318982000.0,2301398500.0,34989000.0,249149000.0,0.0,249149000.0,1511815000.0,519131000.0,992684000.0,2180947727.0,-84335000.0,1492000.0,-71354000.0,43979000.0,-40870000.0,-68245000.0,-148632000.0,1009000.0,132542000.0,0.0,127395000.0,127395000.0,127395000.0,0.0,0.0,0.109,224876000.0,240473000.0,89316000.0,0.32,2.674,17.12,17.405,1435385000.0,0.0,17.405,1.87,1.897,231462000.0,717634000.0,1166447000.0,1166447000.0,31270000.0,0.053,0.154,0.106,0.209,0.0,120742000.0,1.0,125305816.0,127132000,,9.175,2327565000.0,0.0,77452000.0,357476000.0,18.308,-87869000.0
78,EQT,MRT,2001-12-31,2001-12-31,2001-12-31,2021-09-07,91380000.0,2518747000.0,2401673250.0,613344000.0,1905403000.0,0.462,6.615,-63621000.0,92578000.0,92578000.0,622333000.0,151808000.0,0.928,1.977,672602000.0,340945000.0,331657000.0,672602000.0,0.0,75041000.0,0.0,0.018,0.314,280629000.0,355670000.0,0.321,355670000.0,280629000.0,239531000.0,1.18,1.15,1.18,846154000.0,808488500.0,846154000.0,2720706764.0,10.0,7.65,66248000.0,0.518,1.0,487001000.0,0.439,57364000.0,41098000.0,2380415000.0,2235464500.0,96445000.0,253214000.0,0.0,253214000.0,1672593000.0,660992000.0,1011601000.0,2178956764.0,-22401000.0,0.0,-54348000.0,68195000.0,-40356000.0,-26509000.0,-125761000.0,816000.0,129869000.0,0.0,151808000.0,151808000.0,151808000.0,0.0,0.0,0.137,232473000.0,254528000.0,101654000.0,0.266,2.575,14.353,14.436,1414277000.0,0.0,17.035,1.964,1.964,259407000.0,675207000.0,1109334000.0,1109334000.0,34500000.0,0.063,0.188,0.126,0.253,0.0,124743000.0,1.0,127910582.0,127910582,,8.673,2461383000.0,0.0,87723000.0,378969000.0,19.243,-47648000.0
79,EQT,MRT,2001-09-30,2001-09-30,2001-09-30,2021-09-07,93567000.0,2392582000.0,2378215000.0,526887000.0,1865695000.0,0.57,6.559,114174000.0,201000.0,201000.0,877810000.0,159207000.0,0.865,1.854,541951000.0,270701000.0,271250000.0,541951000.0,6348000.0,73891000.0,0.0,0.02,0.307,296088000.0,369979000.0,0.273,369979000.0,296088000.0,245637000.0,1.235,1.205,1.235,838445000.0,770373750.0,838445000.0,2417973318.0,8.0,6.535,524628000.0,4.104,1.0,478606000.0,0.353,0.0,50451000.0,2325223000.0,2157183750.0,106557000.0,252235000.0,0.0,252235000.0,1554137000.0,609109000.0,945028000.0,1926606318.0,-4918000.0,127171000.0,-58386000.0,-479448000.0,-39776000.0,-577610000.0,162238000.0,-79107000.0,410454000.0,0.0,159207000.0,159207000.0,159207000.0,0.0,0.0,0.117,232474000.0,246132000.0,109236000.0,0.249,2.298,12.101,12.15,1441113000.0,0.0,15.005,1.42,1.414,201240000.0,661080000.0,1356416000.0,1356416000.0,38284000.0,0.067,0.207,0.137,0.218,0.0,121528000.0,1.0,128397622.0,127824000,,10.612,2392582000.0,0.0,86430000.0,350894000.0,18.718,-82222000.0
80,EQT,MRT,2001-06-30,2001-06-30,2001-06-30,2021-09-07,64540000.0,2312317000.0,2383653250.0,470976000.0,1841341000.0,0.64,6.194,117013000.0,3440000.0,3440000.0,1040609000.0,153548000.0,0.756,1.888,494807000.0,223557000.0,271250000.0,494807000.0,9917000.0,76824000.0,0.0,0.018,0.301,295929000.0,372753000.0,0.244,372753000.0,295929000.0,234490000.0,1.185,1.16,1.185,800737000.0,730385500.0,800737000.0,2621935676.0,9.0,7.034,523637000.0,4.051,1.0,485249000.0,0.318,0.0,61439000.0,2180974000.0,2184089250.0,64886000.0,246698000.0,0.0,246698000.0,1511580000.0,622710000.0,888870000.0,2174177676.0,-96172000.0,121649000.0,-54450000.0,-573820000.0,-39146000.0,-667416000.0,164620000.0,-74042000.0,406624000.0,0.0,153548000.0,153548000.0,153548000.0,0.0,0.0,0.101,238388000.0,246861000.0,123685000.0,0.254,2.715,14.16,14.055,1426288000.0,0.0,16.655,1.425,1.411,262481000.0,646501000.0,1525858000.0,1525858000.0,41823000.0,0.064,0.21,0.135,0.194,0.0,120970000.0,1.0,130542040.0,129272000,,11.803,2312317000.0,0.0,80942000.0,293356000.0,17.887,-151734000.0
81,EQT,MRT,2001-03-31,2001-03-31,2001-03-31,2021-09-07,-10246000.0,2383047000.0,2412220000.0,551632000.0,1831415000.0,0.627,5.774,125706000.0,86854000.0,86854000.0,1020039000.0,138336000.0,0.711,2.183,534612000.0,263362000.0,271250000.0,534612000.0,22886000.0,86355000.0,0.0,0.017,0.295,283027000.0,369382000.0,0.244,369382000.0,283027000.0,211694000.0,1.065,1.045,1.065,748618000.0,697569500.0,748618000.0,2793373346.0,10.0,7.562,526453000.0,4.06,1.0,492772000.0,0.326,0.0,71333000.0,2055246000.0,2223021000.0,29491000.0,241697000.0,0.0,241697000.0,1634429000.0,775559000.0,858870000.0,2244779346.0,84151000.0,279201000.0,-22830000.0,-607384000.0,-38384000.0,-668598000.0,352002000.0,-201431000.0,400747000.0,0.0,138336000.0,138336000.0,138336000.0,0.0,0.0,0.091,246013000.0,246759000.0,239033000.0,0.277,2.999,16.227,16.197,1414526000.0,0.0,17.25,1.484,1.478,391525000.0,628111000.0,1512811000.0,1512811000.0,45292000.0,0.057,0.198,0.127,0.187,0.0,115595000.0,1.0,130132136.0,129660000,,11.668,2383047000.0,0.0,73358000.0,273754000.0,18.379,-223927000.0
82,EQT,MRT,2000-12-31,2000-12-31,2000-12-31,2021-09-07,7000.0,2424914000.0,2442408250.0,583736000.0,1841178000.0,0.424,5.314,261342000.0,52023000.0,52023000.0,562600000.0,106173000.0,0.69,2.496,600617000.0,312828000.0,287789000.0,600617000.0,30232000.0,99006000.0,0.0,0.018,0.295,239005000.0,338011000.0,0.326,338011000.0,239005000.0,163344000.0,0.815,0.8,0.815,693695000.0,679392250.0,693695000.0,3210322240.0,13.0,9.498,622495000.0,4.769,1.0,473931000.0,0.457,60635000.0,75661000.0,2067292000.0,2342863250.0,85246000.0,230651000.0,0.0,230651000.0,1731219000.0,845581000.0,885638000.0,2178431240.0,33992000.0,-519021000.0,-20444000.0,94781000.0,-38490000.0,35847000.0,-363008000.0,-105329000.0,361153000.0,0.0,106173000.0,106173000.0,106173000.0,0.0,0.0,0.102,259697000.0,214234000.0,285723000.0,0.362,3.14,20.518,20.475,1419429000.0,0.0,16.688,2.102,2.102,403399000.0,563755000.0,1036531000.0,1036531000.0,45870000.0,0.043,0.156,0.102,0.231,0.0,116050000.0,1.0,130542696.0,130542696,,7.94,2364279000.0,0.0,57171000.0,263244000.0,18.111,-261845000.0
83,EQT,MRT,2000-09-30,2000-09-30,2000-09-30,2021-09-07,34000.0,2414335000.0,2283573250.0,377690000.0,2036645000.0,0.562,5.224,-97138000.0,5119000.0,5119000.0,816244000.0,100890000.0,0.373,2.558,1037010000.0,738660000.0,298350000.0,1037010000.0,299112000.0,123990000.0,0.0,0.019,0.295,219639000.0,343629000.0,0.268,343629000.0,219639000.0,153084000.0,0.77,0.758,0.77,678492000.0,666671000.0,678492000.0,3034514760.0,14.0,8.831,-20773000.0,-0.16,1.0,467138000.0,0.364,0.0,66555000.0,2432845000.0,2268478000.0,95556000.0,190744000.0,0.0,190744000.0,1735843000.0,1013381000.0,722462000.0,2065499760.0,-1712000.0,-566184000.0,-42119000.0,619897000.0,-38418000.0,539360000.0,-617437000.0,-102641000.0,76365000.0,0.0,100890000.0,100890000.0,100890000.0,0.0,0.0,0.079,249240000.0,217898000.0,137138000.0,0.383,3.044,20.473,20.581,1635424000.0,0.0,15.848,1.609,1.604,195798000.0,541648000.0,1283382000.0,1283382000.0,35432000.0,0.044,0.151,0.097,0.171,0.0,112918000.0,1.0,130336000.0,129876000,,9.882,2414335000.0,0.0,52194000.0,0.0,18.59,-635691000.0
84,EQT,MRT,2000-06-30,2000-06-30,2000-06-30,2021-09-07,34000.0,2426584000.0,2096236250.0,431559000.0,1995025000.0,0.544,5.128,-92049000.0,99612000.0,99612000.0,701030000.0,87479000.0,0.408,2.625,1068627000.0,770277000.0,298350000.0,1068627000.0,274863000.0,128542000.0,0.0,0.024,0.295,189665000.0,318207000.0,0.279,318207000.0,189665000.0,135727000.0,0.667,0.655,0.667,669473000.0,660685500.0,669473000.0,2725976170.0,14.0,8.567,35195000.0,0.27,1.0,440249000.0,0.386,0.0,53938000.0,2336701000.0,2106756500.0,43796000.0,170324000.0,0.0,170324000.0,1757111000.0,1058898000.0,698213000.0,1586683170.0,72595000.0,-561545000.0,-48056000.0,645011000.0,-38830000.0,558125000.0,-612774000.0,-107706000.0,127244000.0,0.0,87479000.0,87479000.0,87479000.0,0.0,0.0,0.077,247670000.0,192579000.0,123164000.0,0.442,2.37,18.138,18.092,1621005000.0,0.0,12.068,1.39,1.38,219865000.0,532099000.0,1141279000.0,1141279000.0,29539000.0,0.042,0.132,0.09,0.166,0.0,112689000.0,1.0,131484000.0,130548000,,8.742,2426584000.0,0.0,48248000.0,0.0,18.588,-627339000.0
85,EQT,MRT,2000-03-31,2000-03-31,2000-03-31,2021-09-07,34000.0,2503800000.0,1925811500.0,340303000.0,2163497000.0,0.519,5.174,-92245000.0,2703000.0,2703000.0,596661000.0,78492000.0,0.307,2.704,1141996000.0,843646000.0,298350000.0,1141996000.0,296063000.0,132432000.0,0.0,0.026,0.295,165901000.0,298333000.0,0.299,298333000.0,165901000.0,122237000.0,0.595,0.588,0.595,675909000.0,660608250.0,675909000.0,1957608265.0,12.0,6.562,76558000.0,0.586,1.0,402695000.0,0.403,0.0,43664000.0,2534615000.0,1970225750.0,23211000.0,44258000.0,0.0,44258000.0,1827891000.0,1108478000.0,719413000.0,1469803265.0,67934000.0,-723007000.0,-46052000.0,686975000.0,-39513000.0,601410000.0,-702279000.0,112973000.0,168803000.0,0.0,78492000.0,78492000.0,78492000.0,0.0,0.0,0.079,240418000.0,162277000.0,91765000.0,0.496,2.175,18.726,18.828,1916568000.0,0.0,11.203,1.471,1.464,248668000.0,525503000.0,999356000.0,999356000.0,19044000.0,0.041,0.119,0.084,0.166,0.0,112042000.0,1.0,131203148.0,130640000,,7.65,2503800000.0,0.0,43745000.0,0.0,19.166,-768175000.0
86,EQT,MRT,1999-12-31,1999-12-31,1999-12-31,2021-09-07,34000.0,1789574000.0,1765171250.0,326838000.0,1462736000.0,0.59,4.864,-93056000.0,18031000.0,18031000.0,686941000.0,69130000.0,0.737,1.784,505836000.0,207486000.0,298350000.0,505836000.0,45735000.0,123822000.0,0.0,0.035,0.295,145618000.0,269440000.0,0.259,269440000.0,145618000.0,108486000.0,0.51,0.505,0.51,642810000.0,663284750.0,642810000.0,1512981680.0,10.0,5.615,61262000.0,0.464,1.0,355072000.0,0.341,64382000.0,37132000.0,1769751000.0,1817831500.0,40859000.0,40873000.0,0.0,40873000.0,1146764000.0,443246000.0,703518000.0,1102741680.0,-84413000.0,-62847000.0,-94615000.0,33811000.0,-40384000.0,-101188000.0,-137543000.0,18360000.0,154318000.0,0.0,69130000.0,69130000.0,69130000.0,0.0,0.0,0.066,212317000.0,142755000.0,81444000.0,0.578,1.716,15.952,16.363,1221431000.0,0.0,8.345,1.058,1.058,194789000.0,496072000.0,1042013000.0,1042013000.0,9288000.0,0.039,0.104,0.08,0.14,0.0,102307000.0,1.0,132144000.0,132144000,,7.885,1725192000.0,0.0,39356000.0,200510000.0,13.055,-116408000.0
87,EQT,MRT,1999-09-30,1999-09-30,1999-09-30,2021-09-07,35000.0,1664987000.0,1782991750.0,255568000.0,1409419000.0,0.579,4.849,200898000.0,6831000.0,6831000.0,697393000.0,-25771000.0,0.883,1.544,417071000.0,118791000.0,298280000.0,417071000.0,297889000.0,110264000.0,0.0,0.031,0.295,842000.0,111106000.0,0.108,111106000.0,842000.0,-38429000.0,-0.158,-0.158,-0.158,654550000.0,679687000.0,654550000.0,1677972090.0,1993.0,15.102,330548000.0,2.449,1.0,334764000.0,0.324,0.0,39271000.0,1785959000.0,1805272000.0,42755000.0,0.0,0.0,0.0,1010437000.0,289268000.0,721169000.0,1281343090.0,148525000.0,-27003000.0,-100841000.0,-147758000.0,-41828000.0,-290427000.0,309302000.0,103472000.0,129650000.0,0.0,-25771000.0,-25771000.0,-25771000.0,4200000.0,0.0,-0.025,324555000.0,10209000.0,58420000.0,-1.867,1.958,-49.72,-59.826,1176918000.0,0.0,9.453,1.241,1.236,135783000.0,479177000.0,1032157000.0,1032157000.0,32469000.0,-0.014,-0.038,0.0,0.001,0.0,108253000.0,1.0,135556000.0,134976000,,7.647,1664987000.0,0.0,-12658000.0,0.0,12.335,-33700000.0
88,EQT,MRT,1999-06-30,1999-06-30,1999-06-30,2021-09-07,32000.0,1744885000.0,1931578250.0,341646000.0,1403239000.0,0.515,4.926,183589000.0,102016000.0,102016000.0,675027000.0,-29464000.0,0.974,1.608,498645000.0,200295000.0,298350000.0,498645000.0,301435000.0,106242000.0,0.0,0.031,0.295,-3807000.0,102435000.0,0.103,102435000.0,-3807000.0,-43934000.0,-0.185,-0.185,-0.185,669164000.0,721344250.0,669164000.0,1807295250.0,-475.0,17.643,263262000.0,1.938,1.0,320679000.0,0.322,0.0,40127000.0,1790578000.0,1929355500.0,26026000.0,0.0,0.0,0.0,1075721000.0,350936000.0,724785000.0,1287539250.0,155287000.0,-29083000.0,-92413000.0,-60915000.0,-42777000.0,-196105000.0,271719000.0,103472000.0,79673000.0,0.0,-29464000.0,-29464000.0,-29464000.0,4200000.0,0.0,-0.03,314980000.0,5699000.0,58334000.0,-1.595,1.924,-43.699,-51.014,1180660000.0,0.0,9.438,1.293,1.288,155338000.0,483450000.0,995706000.0,995706000.0,27818000.0,-0.015,-0.041,-0.002,-0.004,0.0,107351000.0,1.0,136428000.0,135840000,139272000.0,7.33,1744885000.0,0.0,-14470000.0,0.0,12.845,-9290000.0
89,EQT,MRT,1999-03-31,1999-03-30,1999-03-30,2021-09-07,10000.0,1861239000.0,2049395500.0,443274000.0,1417965000.0,0.481,4.869,151704000.0,9768000.0,9768000.0,686199000.0,-34427000.0,0.972,1.711,529524000.0,248174000.0,281350000.0,529524000.0,312317000.0,94877000.0,0.0,0.045,0.295,-12039000.0,82838000.0,0.084,82838000.0,-12039000.0,-52437000.0,-0.223,-0.223,-0.223,686615000.0,761440750.0,686615000.0,1256611588.0,-104.0,15.17,226436000.0,1.606,1.0,299697000.0,0.304,0.0,40398000.0,1925038000.0,2031025500.0,14562000.0,94614000.0,94614000.0,0.0,1174624000.0,455957000.0,718667000.0,887866588.0,70071000.0,-27119000.0,-81259000.0,-153391000.0,-32466000.0,-142116000.0,137455000.0,8859000.0,74732000.0,0.0,-34427000.0,-34427000.0,-34427000.0,4200000.0,0.0,-0.035,302194000.0,-2497000.0,106318000.0,-1.323,1.293,-25.79,-29.361,1194008000.0,0.0,6.548,0.901,0.937,258509000.0,486521000.0,985896000.0,985896000.0,26731000.0,-0.017,-0.045,-0.006,-0.012,0.0,107017000.0,1.0,135603908.0,141032000,,6.991,1861239000.0,0.0,-18010000.0,0.0,13.197,-12683000.0
90,EQT,MRT,1998-12-31,1998-12-31,1998-12-31,2021-09-07,-9000.0,1860856000.0,2143532000.0,451442000.0,1409414000.0,0.397,4.808,147537000.0,102444000.0,102444000.0,554542000.0,-44119000.0,1.021,1.627,471189000.0,189839000.0,281350000.0,471189000.0,70441000.0,93441000.0,0.0,0.041,0.295,-26198000.0,67243000.0,0.079,67243000.0,-26198000.0,-66500000.0,-0.297,-0.297,-0.297,708419000.0,796516000.0,708419000.0,1682407680.0,-64.0,25.02,237764000.0,1.614,1.0,297269000.0,0.349,68128000.0,40302000.0,1719513000.0,2097354250.0,33743000.0,17437000.0,0.0,17437000.0,1152437000.0,441960000.0,710477000.0,1081771680.0,33002000.0,-14393000.0,-35251000.0,-245177000.0,-43800000.0,-199228000.0,142003000.0,8859000.0,90227000.0,0.0,-44119000.0,-44119000.0,-44119000.0,8804000.0,0.0,-0.052,309067000.0,-11798000.0,147979000.0,-0.993,1.527,-24.519,-24.52,1194443000.0,0.0,7.282,1.27,1.26,240978000.0,467326000.0,851811000.0,851811000.0,27211000.0,-0.021,-0.055,-0.012,-0.031,0.0,114846000.0,1.0,148544000.0,147332000,147332000.0,5.782,1792728000.0,0.0,-22381000.0,190371000.0,12.168,9482000.0
91,EQT,MRT,1998-09-30,1998-09-30,1998-09-30,2021-09-07,-135000.0,2259333000.0,2260330750.0,521688000.0,1737645000.0,0.392,5.529,-224917000.0,26776000.0,26776000.0,697878000.0,66903000.0,0.903,1.751,627412000.0,214993000.0,412419000.0,627412000.0,323059000.0,144632000.0,0.0,0.046,0.295,143662000.0,288294000.0,0.325,288294000.0,143662000.0,109598000.0,0.46,0.5,0.46,821179000.0,825291250.0,821179000.0,1450451000.0,10.0,5.031,-90689000.0,-0.611,1.0,188745000.0,0.213,0.0,34064000.0,2282293000.0,2204999250.0,40105000.0,0.0,0.0,0.0,1438154000.0,577676000.0,860478000.0,943824000.0,-108147000.0,27782000.0,4996000.0,-103289000.0,-44023000.0,-17316000.0,-225059000.0,0.0,134228000.0,0.0,66903000.0,66903000.0,66903000.0,2391000.0,0.0,0.075,17743000.0,171002000.0,152790000.0,0.641,1.149,14.107,13.826,1247958000.0,0.0,6.36,1.065,1.065,246652000.0,546773000.0,886623000.0,886623000.0,10343000.0,0.03,0.081,0.065,0.162,0.0,175252000.0,1.0,148400000.0,148512000,,5.97,2259333000.0,0.0,42695000.0,0.0,15.213,-55988000.0
92,EQT,MRT,1998-06-30,1998-06-30,1998-06-30,2021-09-07,-53000.0,2216154000.0,2247343250.0,530206000.0,1685948000.0,0.398,5.598,-113050000.0,40200000.0,40200000.0,664390000.0,81853000.0,1.009,1.672,546827000.0,134653000.0,412174000.0,546827000.0,323907000.0,123069000.0,0.0,0.039,0.295,165072000.0,288141000.0,0.322,288141000.0,165072000.0,130709000.0,0.562,0.598,0.562,829550000.0,816556750.0,829550000.0,1768699972.0,11.0,6.138,53572000.0,0.361,1.0,230840000.0,0.258,0.0,34363000.0,2197258000.0,2168703500.0,23224000.0,0.0,0.0,0.0,1386604000.0,525523000.0,861081000.0,1131404972.0,-1167000.0,2884000.0,3187000.0,-132171000.0,-43909000.0,-47893000.0,-119896000.0,0.0,166622000.0,0.0,81853000.0,81853000.0,81853000.0,1754000.0,0.0,0.091,64287000.0,166553000.0,185218000.0,0.525,1.364,13.822,13.568,1221618000.0,0.0,7.625,1.264,1.262,274052000.0,555687000.0,895230000.0,895230000.0,9673000.0,0.036,0.1,0.076,0.184,0.0,151387000.0,1.0,148380980.0,148200000,147812000.0,6.041,2216154000.0,0.0,48856000.0,0.0,14.954,4683000.0
93,EQT,MRT,1998-03-31,1998-03-31,1998-03-31,2021-09-07,-53000.0,2237785000.0,2207089750.0,585524000.0,1652261000.0,0.404,5.597,-89830000.0,33168000.0,33168000.0,623027000.0,70315000.0,0.855,1.706,670463000.0,252654000.0,417809000.0,670463000.0,308333000.0,103609000.0,0.0,0.035,0.295,146862000.0,250471000.0,0.281,250471000.0,146862000.0,112516000.0,0.613,0.648,0.613,826916000.0,789321500.0,826916000.0,1867113941.0,13.0,7.454,21592000.0,0.146,1.0,269335000.0,0.302,0.0,34346000.0,2190353000.0,2161250750.0,21181000.0,0.0,0.0,0.0,1410869000.0,684727000.0,726142000.0,1232547941.0,-14872000.0,723000.0,-20600000.0,27322000.0,-43909000.0,-37187000.0,-89107000.0,0.0,111422000.0,0.0,70315000.0,70315000.0,70315000.0,3286000.0,0.0,0.079,119449000.0,149886000.0,232969000.0,0.481,1.491,17.529,13.56,1186428000.0,0.0,8.312,1.381,1.376,345097000.0,553415000.0,892362000.0,892362000.0,8242000.0,0.032,0.089,0.068,0.165,0.0,127338000.0,1.0,148276444.0,147736000,,6.04,2237785000.0,0.0,42201000.0,0.0,15.147,-99203000.0
94,EQT,MRT,1997-12-31,1997-12-31,1997-12-31,2021-09-07,-53000.0,2328051000.0,2160506500.0,684734000.0,1643317000.0,0.423,5.718,-78629000.0,69442000.0,69442000.0,603214000.0,78057000.0,0.918,1.827,704008000.0,286444000.0,417564000.0,704008000.0,85518000.0,83957000.0,0.0,0.033,0.295,156170000.0,240127000.0,0.263,240127000.0,156170000.0,121267000.0,0.542,0.54,0.542,823520000.0,770919750.0,823520000.0,1896311297.0,12.0,7.897,43232000.0,0.3,1.0,309855000.0,0.339,66823000.0,34903000.0,2150093000.0,2154277750.0,37156000.0,0.0,0.0,0.0,1504531000.0,745701000.0,758830000.0,1301355297.0,54705000.0,-427000.0,-21965000.0,76544000.0,-42679000.0,11900000.0,-79056000.0,0.0,121861000.0,0.0,78057000.0,78057000.0,78057000.0,-3870000.0,0.0,0.085,157555000.0,152300000.0,288192000.0,0.544,1.58,16.672,16.319,1187002000.0,0.0,8.845,1.425,1.395,386648000.0,555245000.0,913069000.0,913069000.0,7260000.0,0.036,0.101,0.072,0.171,0.0,100328000.0,1.0,147128920.0,144012000,144012000.0,6.34,2261228000.0,0.0,43210000.0,227028000.0,15.702,-60967000.0
95,EQT,MRT,1997-09-30,1997-09-30,1997-09-30,2021-09-07,-54000.0,2207383000.0,2102568500.0,551783000.0,1655600000.0,0.059,5.432,13931000.0,134923000.0,134923000.0,-145976000.0,58926000.0,0.925,1.808,729879000.0,312559000.0,417320000.0,729879000.0,89611000.0,68319000.0,8202000.0,0.037,0.295,111585000.0,179904000.0,1.462,179904000.0,111585000.0,83815000.0,0.545,,0.545,786241000.0,750610500.0,786241000.0,1726668522.0,15.0,9.598,98197000.0,0.678,1.0,269001000.0,2.187,68738000.0,27770000.0,2137110000.0,2161695500.0,32297000.0,0.0,0.0,0.0,1421142000.0,596491000.0,824651000.0,1089859522.0,95585000.0,-31273000.0,-23975000.0,117753000.0,-41860000.0,51918000.0,-40599000.0,0.0,84266000.0,0.0,58926000.0,58926000.0,58926000.0,-7509000.0,0.0,0.479,187647000.0,81354000.0,163355000.0,0.541,1.386,18.495,14.45,1437086000.0,0.0,7.875,8.859,9.265,279797000.0,523894000.0,123025000.0,123025000.0,14785000.0,0.028,0.079,0.052,0.907,0.0,101825000.0,1.0,138394860.0,144740000,,0.85,2138645000.0,0.0,24889000.0,329593000.0,14.776,-44708000.0
96,EQT,MRT,1997-06-30,1997-06-30,1997-06-30,2021-09-07,-1497000.0,2055140000.0,2045650750.0,422898000.0,1632242000.0,0.154,5.105,-90082000.0,41367000.0,41367000.0,52620000.0,38252000.0,0.826,1.852,678176000.0,261101000.0,417075000.0,678176000.0,94179000.0,68319000.0,1335000.0,0.042,0.295,79570000.0,147889000.0,0.47,147889000.0,79570000.0,51203000.0,0.402,,0.402,720609000.0,736261250.0,720609000.0,1602106115.0,20.0,10.833,-1783000.0,-0.013,1.0,262079000.0,0.833,12291000.0,28367000.0,2167447000.0,2159885500.0,26542000.0,0.0,0.0,0.0,1334531000.0,512211000.0,822320000.0,1008032115.0,15362000.0,-3445000.0,-22307000.0,107594000.0,-41440000.0,43847000.0,-116784000.0,0.0,88299000.0,0.0,38252000.0,38252000.0,38252000.0,-6872000.0,0.0,0.122,185213000.0,76866000.0,163851000.0,0.734,1.399,26.352,17.649,1491996000.0,0.0,7.095,3.203,3.182,276637000.0,517744000.0,314699000.0,314699000.0,14785000.0,0.019,0.052,0.037,0.253,0.0,101825000.0,1.0,142076408.0,141156000,,2.229,2042849000.0,0.0,12951000.0,313126000.0,14.472,-89313000.0
97,EQT,MRT,1997-03-31,1997-03-31,1997-03-31,2021-09-07,-1545000.0,2051452000.0,2019323750.0,438659000.0,1612793000.0,0.262,5.311,-84057000.0,48088000.0,48088000.0,266704000.0,48443000.0,0.93,1.723,642162000.0,220332000.0,421830000.0,642162000.0,99144000.0,68319000.0,884000.0,0.039,0.295,96735000.0,165054000.0,0.312,165054000.0,96735000.0,67649000.0,0.345,,0.345,753309000.0,740437750.0,753309000.0,1699898609.0,18.0,10.299,-28189000.0,-0.199,1.0,261866000.0,0.495,11634000.0,29086000.0,2162461000.0,2145309750.0,19192000.0,0.0,0.0,0.0,1298143000.0,471431000.0,826712000.0,1087623609.0,-7658000.0,0.0,1770000.0,83465000.0,-41447000.0,43788000.0,-107314000.0,0.0,55868000.0,0.0,48443000.0,48443000.0,48443000.0,-8404000.0,0.0,0.092,171523000.0,90343000.0,174579000.0,0.855,1.444,22.452,22.196,1479941000.0,0.0,7.657,2.058,2.055,289990000.0,527057000.0,528570000.0,528570000.0,14785000.0,0.024,0.065,0.045,0.183,0.0,101825000.0,1.0,142033772.0,141848000,,3.726,2039818000.0,0.0,19206000.0,316650000.0,14.38,-32772000.0
98,EQT,MRT,1996-12-31,1996-12-31,1996-12-31,2021-09-07,0.0,2096299000.0,2024862000.0,485761000.0,1610538000.0,0.423,5.274,-83997000.0,14737000.0,14737000.0,566266000.0,59379000.0,0.933,1.824,627012000.0,204900000.0,422112000.0,627012000.0,107674000.0,68319000.0,0.0,0.04,0.295,116261000.0,184580000.0,0.216,184580000.0,116261000.0,86424000.0,0.422,0.422,0.422,742283000.0,736035500.0,742283000.0,,,,-18429000.0,-0.131,1.0,290101000.0,0.339,8396000.0,29837000.0,2179764000.0,2126902000.0,38009000.0,0.0,0.0,0.0,1354016000.0,520414000.0,833602000.0,1056376179.0,-15432000.0,0.0,2273000.0,64379000.0,-41548000.0,25104000.0,-106104000.0,0.0,65568000.0,0.0,59379000.0,59379000.0,59379000.0,-5852000.0,0.0,0.069,179692000.0,110409000.0,231969000.0,0.699,1.423,17.79,17.624,1479685000.0,0.0,7.438,1.234,1.222,320332000.0,519867000.0,856367000.0,856367000.0,14785000.0,0.029,0.081,0.055,0.136,0.0,101825000.0,1.0,142033772.0,140752000,140752000.0,6.084,2087903000.0,0.0,27045000.0,280592000.0,14.834,-34653000.0
99,EQT,MRT,1996-09-30,1996-09-30,1996-09-30,2021-09-07,-1073000.0,1979712000.0,1991615500.0,384868000.0,1594844000.0,,5.167,,39386000.0,39386000.0,,,0.912,1.716,611569000.0,189649000.0,421920000.0,611569000.0,110062000.0,,6383000.0,0.041,0.295,,,,,,,,,,728844000.0,729234500.0,728844000.0,,,,,,1.0,,,0.0,,2129870000.0,2105182750.0,27181000.0,0.0,0.0,0.0,1250868000.0,422025000.0,828843000.0,,,,,,,,,,,,,,,,,,,,152359000.0,,,,,1466050000.0,,7.125,,,191536000.0,506877000.0,,,,,,,,,,1.0,,141068000,,,1979712000.0,0.0,,307885000.0,14.034,-37157000.0
100,EQT,MRT,1996-06-30,1996-06-30,1996-06-30,2021-09-07,-1137000.0,1949832000.0,,367924000.0,1581908000.0,,5.25,,26053000.0,26053000.0,,,0.983,1.645,559522000.0,143652000.0,415870000.0,559522000.0,116580000.0,,1125000.0,0.042,0.295,,,,,,,,,,737315000.0,,737315000.0,,,,,,1.0,,,0.0,,2109144000.0,,18302000.0,0.0,0.0,0.0,1212517000.0,374157000.0,838360000.0,,,,,,,,,,,,,,,,,,,,152818000.0,,,,,1454467000.0,,7.0,,,249743000.0,520982000.0,,,,,,,,,,1.0,,140452000,,,1949832000.0,0.0,,311929000.0,13.883,-6233000.0
101,EQT,MRT,1996-03-31,1996-03-31,1996-03-31,2021-09-07,-1138000.0,2073605000.0,,487209000.0,1586396000.0,,5.25,,55746000.0,55746000.0,,,1.023,1.819,547038000.0,131346000.0,415692000.0,547038000.0,124448000.0,,1043000.0,0.04,0.295,,,,,,,,,,735700000.0,,735700000.0,,,,,,1.0,,,0.0,,2088830000.0,,10673000.0,0.0,0.0,0.0,1337905000.0,476067000.0,861838000.0,,,,,,,,,,,,,,,,,,,,251038000.0,,,,,1451953000.0,,7.375,,,359383000.0,520060000.0,,,,,,,,,,1.0,,140140000,,,2073605000.0,0.0,,334899000.0,14.797,11142000.0
102,EQT,MRT,1995-12-31,1995-12-31,1995-12-31,2021-09-07,0.0,1963313000.0,,379254000.0,1584059000.0,,5.138,-93502000.0,30169000.0,30169000.0,911357000.0,1548000.0,0.97,1.746,550527000.0,135000000.0,415527000.0,550527000.0,129874000.0,104625000.0,9759000.0,0.038,0.295,22339000.0,126964000.0,0.089,126964000.0,22339000.0,-27759000.0,0.01,0.01,0.01,715079000.0,,715079000.0,,,,186300000.0,1.339,1.0,514633000.0,0.361,0.0,50098000.0,2092887000.0,,22499000.0,0.0,0.0,0.0,1248234000.0,390784000.0,857450000.0,,6754000.0,0.0,2516000.0,-140964000.0,-41098000.0,-179546000.0,-93502000.0,0.0,279802000.0,0.0,1548000.0,1548000.0,1548000.0,0.0,0.0,0.001,492681000.0,21952000.0,182185000.0,29.5,,,781.25,1457583000.0,0.0,7.812,,0.762,272598000.0,,1425990000.0,1425990000.0,0.0,,,,0.016,0.0,0.0,1.0,,139172000,139172000.0,10.246,1963313000.0,1505000.0,-29307000.0,304835000.0,14.107,-11530000.0
103,EQT,MRT,1994-12-31,1994-12-31,1994-12-31,2021-09-07,,,,,,,,-144979000.0,,,926905000.0,60729000.0,,,,,,,,93347000.0,,0.042,0.287,113411000.0,206758000.0,0.148,206758000.0,113411000.0,69506000.0,0.44,,0.44,,,,,,,-9844000.0,-0.071,1.0,470375000.0,0.337,,43905000.0,,,,,,,,,,,8378000.0,0.0,1396000.0,56512000.0,-39686000.0,18222000.0,-144979000.0,0.0,135135000.0,0.0,60729000.0,60729000.0,60729000.0,0.0,0.0,0.043,360127000.0,110248000.0,,0.652,,,15.415,,0.0,6.782,,0.67,,,1397280000.0,1397280000.0,0.0,,,,0.081,0.0,0.0,1.0,,138036000,,10.123,,,8777000.0,,,
