None,ticker,dimension,calendardate,datekey,reportperiod,lastupdated,accoci,assets,assetsavg,assetsc,assetsnc,assetturnover,bvps,capex,cashneq,cashnequsd,cor,consolinc,currentratio,de,debt,debtc,debtnc,debtusd,deferredrev,depamor,deposits,divyield,dps,ebit,ebitda,ebitdamargin,ebitdausd,ebitusd,ebt,eps,epsdil,epsusd,equity,equityavg,equityusd,ev,evebit,evebitda,fcf,fcfps,fxusd,gp,grossmargin,intangibles,intexp,invcap,invcapavg,inventory,investments,investmentsc,investmentsnc,liabilities,liabilitiesc,liabilitiesnc,marketcap,ncf,ncfbus,ncfcommon,ncfdebt,ncfdiv,ncff,ncfi,ncfinv,ncfo,ncfx,netinc,netinccmn,netinccmnusd,netincdis,netincnci,netmargin,opex,opinc,payables,payoutratio,pb,pe,pe1,ppnenet,prefdivis,price,ps,ps1,receivables,retearn,revenue,revenueusd,rnd,roa,roe,roic,ros,sbcomp,sgna,sharefactor,sharesbas,shareswa,shareswadil,sps,tangibles,taxassets,taxexp,taxliabilities,tbvps,workingcapital
0,HOT,MRY,2015-12-31,2015-12-31,2015-12-31,2021-08-25,-668000000.0,8257000000.0,8156000000.0,2295000000.0,5962000000.0,0.707,7.669,-261000000.0,1041000000.0,1041000000.0,4255000000.0,489000000.0,1.026,5.369,2176000000.0,32000000.0,2144000000.0,2176000000.0,0.0,280000000.0,0.0,0.022,1.5,780000000.0,1060000000.0,0.184,1060000000.0,780000000.0,669000000.0,2.9,2.88,2.9,1296000000.0,1306750000.0,1296000000.0,12975939029.0,17.0,12.241,629000000.0,3.722,1.0,1508000000.0,0.262,1744000000.0,111000000.0,5412000000.0,5450250000.0,15000000.0,170000000.0,0.0,170000000.0,6958000000.0,2236000000.0,4722000000.0,11707939029.0,113000000.0,701000000.0,-358000000.0,-595000000.0,-259000000.0,-1227000000.0,467000000.0,8000000.0,890000000.0,-17000000.0,489000000.0,489000000.0,489000000.0,0.0,0.0,0.085,769000000.0,739000000.0,86000000.0,0.517,9.034,23.943,23.89,1673000000.0,0.0,69.28,2.032,2.032,575000000.0,1847000000.0,5763000000.0,5763000000.0,0.0,0.06,0.374,0.143,0.135,43000000.0,388000000.0,1.0,168994501.0,169000000,170000000.0,34.101,6513000000.0,714000000.0,180000000.0,317000000.0,38.538,59000000.0
1,HOT,MRY,2014-12-31,2014-12-31,2014-12-31,2021-08-25,-508000000.0,8659000000.0,8645750000.0,2321000000.0,6338000000.0,0.692,8.243,-327000000.0,1019000000.0,1019000000.0,4419000000.0,633000000.0,0.947,4.676,2944000000.0,370000000.0,2574000000.0,2944000000.0,0.0,283000000.0,0.0,0.049,4.0,866000000.0,1149000000.0,0.192,1149000000.0,866000000.0,772000000.0,3.43,3.4,3.43,1525000000.0,2533000000.0,1525000000.0,16401101760.0,19.0,14.274,667000000.0,3.605,1.0,1564000000.0,0.261,1956000000.0,94000000.0,6178000000.0,6026750000.0,236000000.0,214000000.0,0.0,214000000.0,7131000000.0,2450000000.0,4681000000.0,14477101760.0,319000000.0,755000000.0,-1609000000.0,1182000000.0,-735000000.0,-1087000000.0,421000000.0,4000000.0,994000000.0,-9000000.0,633000000.0,633000000.0,633000000.0,0.0,0.0,0.106,714000000.0,850000000.0,101000000.0,1.166,9.493,22.871,23.636,2634000000.0,0.0,81.07,2.42,2.507,935000000.0,1984000000.0,5983000000.0,5983000000.0,0.0,0.073,0.25,0.144,0.145,43000000.0,402000000.0,1.0,178575327.0,185000000,186000000.0,32.341,6703000000.0,795000000.0,139000000.0,294000000.0,36.232,-129000000.0
2,HOT,MRY,2013-12-31,2013-12-31,2013-12-31,2021-08-25,-335000000.0,8762000000.0,8880250000.0,1996000000.0,6766000000.0,0.689,17.592,-364000000.0,750000000.0,750000000.0,4538000000.0,635000000.0,1.037,1.607,1622000000.0,99000000.0,1523000000.0,1622000000.0,0.0,267000000.0,0.0,0.017,1.35,998000000.0,1265000000.0,0.207,1265000000.0,998000000.0,898000000.0,3.33,3.28,3.33,3360000000.0,3423500000.0,3360000000.0,16048617039.0,16.0,12.687,787000000.0,4.12,1.0,1577000000.0,0.258,2032000000.0,100000000.0,5678000000.0,5893750000.0,217000000.0,251000000.0,0.0,251000000.0,5399000000.0,1924000000.0,3475000000.0,15215617039.0,311000000.0,193000000.0,-228000000.0,-179000000.0,-256000000.0,-678000000.0,-158000000.0,6000000.0,1151000000.0,-4000000.0,635000000.0,635000000.0,635000000.0,0.0,0.0,0.104,675000000.0,902000000.0,105000000.0,0.405,4.528,23.962,23.859,3034000000.0,0.0,79.45,2.488,2.482,1012000000.0,3032000000.0,6115000000.0,6115000000.0,0.0,0.072,0.185,0.169,0.163,28000000.0,384000000.0,1.0,191511857.0,191000000,193000000.0,32.016,6730000000.0,802000000.0,263000000.0,272000000.0,35.236,72000000.0
3,HOT,MRY,2012-12-31,2012-12-31,2012-12-31,2021-08-25,-338000000.0,8855000000.0,9144250000.0,1889000000.0,6966000000.0,0.691,16.254,-362000000.0,463000000.0,463000000.0,4800000000.0,562000000.0,0.937,1.821,1808000000.0,152000000.0,1656000000.0,1808000000.0,0.0,251000000.0,0.0,0.022,1.25,880000000.0,1131000000.0,0.179,1131000000.0,880000000.0,710000000.0,2.92,2.86,2.92,3137000000.0,3225750000.0,3137000000.0,12496252536.0,14.0,11.049,822000000.0,4.259,1.0,1521000000.0,0.241,2025000000.0,170000000.0,6159000000.0,6626000000.0,361000000.0,260000000.0,0.0,260000000.0,5713000000.0,2016000000.0,3697000000.0,11241252536.0,-149000000.0,483000000.0,-246000000.0,-1050000000.0,-242000000.0,-1456000000.0,126000000.0,2000000.0,1184000000.0,-3000000.0,562000000.0,562000000.0,562000000.0,0.0,0.0,0.089,630000000.0,891000000.0,121000000.0,0.428,3.583,20.002,19.644,3162000000.0,0.0,57.36,1.778,1.751,1089000000.0,2657000000.0,6321000000.0,6321000000.0,0.0,0.061,0.174,0.133,0.139,-9000000.0,370000000.0,1.0,195977206.0,193000000,197000000.0,32.751,6830000000.0,950000000.0,148000000.0,359000000.0,35.389,-127000000.0
4,HOT,MRY,2011-12-31,2011-12-31,2011-12-31,2021-08-25,-348000000.0,9560000000.0,9838750000.0,2534000000.0,7026000000.0,0.572,15.63,-385000000.0,686000000.0,686000000.0,4309000000.0,487000000.0,1.272,2.236,2729000000.0,133000000.0,2596000000.0,2729000000.0,0.0,265000000.0,0.0,0.01,0.5,614000000.0,879000000.0,0.156,879000000.0,614000000.0,414000000.0,2.58,2.51,2.58,2954000000.0,2809750000.0,2954000000.0,11418078486.0,19.0,12.99,256000000.0,1.354,1.0,1315000000.0,0.234,2053000000.0,200000000.0,7558000000.0,7621000000.0,812000000.0,259000000.0,0.0,259000000.0,6605000000.0,1992000000.0,4613000000.0,9370078486.0,-299000000.0,218000000.0,70000000.0,-565000000.0,-99000000.0,-755000000.0,-176000000.0,-7000000.0,641000000.0,-9000000.0,489000000.0,489000000.0,489000000.0,0.0,-2000000.0,0.087,685000000.0,630000000.0,144000000.0,0.194,3.172,19.162,18.593,3232000000.0,0.0,47.97,1.666,1.612,1079000000.0,2337000000.0,5624000000.0,5624000000.0,0.0,0.05,0.174,0.081,0.109,49000000.0,352000000.0,1.0,195332051.0,189000000,195000000.0,29.757,7507000000.0,917000000.0,-75000000.0,209000000.0,39.72,542000000.0
5,HOT,MRY,2010-12-31,2010-12-31,2010-12-31,2021-08-25,-283000000.0,9776000000.0,9377500000.0,2621000000.0,7155000000.0,0.541,13.503,-227000000.0,806000000.0,806000000.0,3917000000.0,475000000.0,1.211,2.95,3351000000.0,136000000.0,3215000000.0,3351000000.0,0.0,285000000.0,0.0,0.005,0.3,739000000.0,1024000000.0,0.202,1024000000.0,739000000.0,504000000.0,2.61,2.51,2.61,2471000000.0,2076250000.0,2471000000.0,14561718184.0,20.0,14.22,537000000.0,2.934,1.0,1154000000.0,0.228,2067000000.0,235000000.0,8089000000.0,8205250000.0,802000000.0,312000000.0,0.0,312000000.0,7290000000.0,2165000000.0,5125000000.0,11587718184.0,666000000.0,130000000.0,141000000.0,-64000000.0,-93000000.0,-26000000.0,-71000000.0,18000000.0,764000000.0,-1000000.0,477000000.0,477000000.0,477000000.0,0.0,-2000000.0,0.094,593000000.0,561000000.0,138000000.0,0.115,4.689,24.293,23.287,3323000000.0,0.0,60.78,2.285,2.193,980000000.0,1947000000.0,5071000000.0,5071000000.0,0.0,0.051,0.23,0.09,0.146,44000000.0,344000000.0,1.0,190650184.0,183000000,190000000.0,27.71,7709000000.0,979000000.0,27000000.0,401000000.0,42.126,456000000.0
6,HOT,MRY,2009-12-31,2009-12-31,2009-12-31,2021-08-25,-283000000.0,8761000000.0,9160250000.0,1489000000.0,7272000000.0,0.513,10.133,-196000000.0,134000000.0,134000000.0,3668000000.0,71000000.0,0.735,3.792,2960000000.0,5000000.0,2955000000.0,2960000000.0,0.0,317000000.0,0.0,0.005,0.2,7000000.0,324000000.0,0.069,324000000.0,7000000.0,-220000000.0,0.41,0.41,0.41,1824000000.0,1780250000.0,1824000000.0,10052952445.0,1436.0,31.028,375000000.0,2.083,1.0,1028000000.0,0.219,2063000000.0,227000000.0,7497000000.0,8311750000.0,783000000.0,368000000.0,0.0,368000000.0,6916000000.0,2027000000.0,4889000000.0,6838952445.0,-302000000.0,310000000.0,2000000.0,-1057000000.0,-165000000.0,-993000000.0,116000000.0,28000000.0,571000000.0,4000000.0,73000000.0,73000000.0,73000000.0,0.0,-2000000.0,0.016,1093000000.0,-65000000.0,139000000.0,0.488,3.749,93.684,89.195,3350000000.0,0.0,36.57,1.456,1.402,445000000.0,1553000000.0,4696000000.0,4696000000.0,0.0,0.008,0.041,0.001,0.001,53000000.0,314000000.0,1.0,187009911.0,180000000,180000000.0,26.089,6698000000.0,982000000.0,-293000000.0,399000000.0,37.211,-538000000.0
7,HOT,MRY,2008-12-31,2008-12-31,2008-12-31,2021-08-25,-391000000.0,9703000000.0,9876000000.0,2166000000.0,7537000000.0,0.583,8.956,-476000000.0,485000000.0,485000000.0,4313000000.0,329000000.0,0.806,4.972,4008000000.0,506000000.0,3502000000.0,4008000000.0,0.0,323000000.0,0.0,0.05,0.9,608000000.0,931000000.0,0.162,931000000.0,608000000.0,401000000.0,1.81,1.77,1.81,1621000000.0,1858500000.0,1621000000.0,7029169499.0,12.0,7.55,170000000.0,0.939,1.0,1441000000.0,0.25,2161000000.0,207000000.0,8377000000.0,8822500000.0,986000000.0,372000000.0,0.0,372000000.0,8059000000.0,2688000000.0,5371000000.0,3276169499.0,238000000.0,320000000.0,-473000000.0,412000000.0,-172000000.0,-243000000.0,-172000000.0,5000000.0,646000000.0,7000000.0,329000000.0,329000000.0,329000000.0,0.0,0.0,0.057,929000000.0,512000000.0,171000000.0,0.497,2.021,9.958,9.89,3347000000.0,0.0,17.9,0.569,0.563,552000000.0,1517000000.0,5754000000.0,5754000000.0,0.0,0.033,0.177,0.069,0.106,52000000.0,377000000.0,1.0,183026229.0,181000000,185000000.0,31.79,7542000000.0,639000000.0,72000000.0,417000000.0,41.669,-522000000.0
8,HOT,MRY,2007-12-31,2007-12-31,2007-12-31,2021-08-25,-147000000.0,9622000000.0,9465750000.0,1824000000.0,7798000000.0,0.634,10.227,-384000000.0,347000000.0,347000000.0,4392000000.0,543000000.0,0.868,3.635,3595000000.0,5000000.0,3590000000.0,3595000000.0,0.0,306000000.0,0.0,0.02,0.9,872000000.0,1178000000.0,0.196,1178000000.0,872000000.0,725000000.0,2.67,2.57,2.67,2076000000.0,2677250000.0,2076000000.0,11529307370.0,13.0,9.787,500000000.0,2.463,1.0,1607000000.0,0.268,2302000000.0,147000000.0,8467000000.0,7846250000.0,714000000.0,423000000.0,0.0,423000000.0,7546000000.0,2101000000.0,5445000000.0,8768307370.0,-32000000.0,59000000.0,-1597000000.0,942000000.0,-90000000.0,-712000000.0,-215000000.0,108000000.0,884000000.0,11000000.0,542000000.0,542000000.0,542000000.0,0.0,1000000.0,0.09,810000000.0,797000000.0,201000000.0,0.337,4.224,16.178,16.491,3850000000.0,0.0,44.03,1.462,1.49,627000000.0,1353000000.0,5999000000.0,5999000000.0,0.0,0.057,0.202,0.111,0.145,53000000.0,416000000.0,1.0,199143933.0,203000000,211000000.0,29.552,7320000000.0,729000000.0,183000000.0,343000000.0,36.059,-277000000.0
9,HOT,MRY,2006-12-31,2006-12-31,2006-12-31,2021-08-25,-228000000.0,9280000000.0,10025000000.0,1810000000.0,7470000000.0,0.596,14.122,-371000000.0,512000000.0,512000000.0,4348000000.0,1043000000.0,0.735,2.085,2632000000.0,805000000.0,1827000000.0,2632000000.0,0.0,306000000.0,0.0,0.222,13.904,824000000.0,1130000000.0,0.189,1130000000.0,824000000.0,609000000.0,4.91,4.69,4.91,3008000000.0,3395250000.0,3008000000.0,15697102000.0,19.0,13.891,129000000.0,0.606,1.0,1631000000.0,0.273,2302000000.0,215000000.0,6637000000.0,7914750000.0,566000000.0,436000000.0,0.0,436000000.0,6272000000.0,2461000000.0,3811000000.0,13250102000.0,-714000000.0,1490000000.0,-907000000.0,-1459000000.0,-276000000.0,-2635000000.0,1402000000.0,286000000.0,500000000.0,19000000.0,1043000000.0,1043000000.0,1043000000.0,0.0,0.0,0.174,795000000.0,836000000.0,179000000.0,2.832,4.405,12.704,12.729,3831000000.0,0.0,62.5,2.216,2.227,593000000.0,948000000.0,5979000000.0,5979000000.0,0.0,0.104,0.307,0.104,0.138,16000000.0,466000000.0,1.0,212001632.0,213000000,223000000.0,28.07,6978000000.0,518000000.0,-434000000.0,170000000.0,32.761,-651000000.0
10,HOT,MRY,2005-12-31,2005-12-31,2005-12-31,2021-08-25,-322000000.0,12494000000.0,12479750000.0,2283000000.0,10211000000.0,0.479,24.014,-464000000.0,1192000000.0,1192000000.0,4365000000.0,422000000.0,0.793,1.398,4145000000.0,1219000000.0,2926000000.0,4145000000.0,0.0,407000000.0,0.0,0.013,0.84,833000000.0,1240000000.0,0.207,1240000000.0,833000000.0,594000000.0,1.95,1.88,1.95,5211000000.0,5249750000.0,5211000000.0,17147192623.0,21.0,13.828,300000000.0,1.382,1.0,1612000000.0,0.27,2315000000.0,239000000.0,10253000000.0,11057750000.0,280000000.0,403000000.0,0.0,403000000.0,7283000000.0,2879000000.0,4404000000.0,14000192623.0,571000000.0,268000000.0,177000000.0,-241000000.0,-176000000.0,-253000000.0,85000000.0,279000000.0,764000000.0,-25000000.0,422000000.0,422000000.0,422000000.0,1000000.0,0.0,0.071,820000000.0,792000000.0,156000000.0,0.431,2.687,33.176,32.749,4169000000.0,0.0,63.86,2.342,2.318,642000000.0,170000000.0,5977000000.0,5977000000.0,0.0,0.034,0.08,0.075,0.139,31000000.0,370000000.0,1.0,219232581.0,217000000,225000000.0,27.544,10179000000.0,40000000.0,172000000.0,760000000.0,46.908,-596000000.0
11,HOT,MRY,2004-12-31,2004-12-31,2004-12-31,2021-08-25,-255000000.0,12298000000.0,12022500000.0,1683000000.0,10615000000.0,0.446,23.13,-333000000.0,673000000.0,673000000.0,3990000000.0,395000000.0,0.791,1.569,4442000000.0,619000000.0,3823000000.0,4442000000.0,0.0,431000000.0,0.0,0.014,0.84,692000000.0,1123000000.0,0.209,1123000000.0,692000000.0,438000000.0,1.91,1.84,1.91,4788000000.0,4659750000.0,4788000000.0,16186034382.0,23.0,14.413,245000000.0,1.184,1.0,1378000000.0,0.257,2011000000.0,254000000.0,11928000000.0,11980000000.0,371000000.0,453000000.0,0.0,453000000.0,7510000000.0,2128000000.0,5382000000.0,12105034382.0,-101000000.0,9000000.0,69000000.0,-171000000.0,-172000000.0,-273000000.0,-415000000.0,-79000000.0,578000000.0,9000000.0,395000000.0,395000000.0,395000000.0,-26000000.0,0.0,0.074,758000000.0,620000000.0,200000000.0,0.44,2.528,30.646,30.576,4341000000.0,0.0,58.4,2.255,2.252,482000000.0,-68000000.0,5368000000.0,5368000000.0,0.0,0.033,0.085,0.058,0.129,16000000.0,331000000.0,1.0,207277986.0,207000000,215000000.0,25.932,10287000000.0,0.0,43000000.0,1023000000.0,49.696,-445000000.0
12,HOT,MRY,2003-12-31,2003-12-31,2003-12-31,2021-08-25,-334000000.0,11857000000.0,11968000000.0,1225000000.0,10632000000.0,0.387,21.31,-302000000.0,508000000.0,508000000.0,3583000000.0,309000000.0,0.762,1.741,4626000000.0,233000000.0,4393000000.0,4626000000.0,0.0,429000000.0,0.0,0.023,0.84,478000000.0,907000000.0,0.196,907000000.0,478000000.0,196000000.0,1.53,1.5,1.53,4326000000.0,4219250000.0,4326000000.0,11288779628.0,24.0,12.446,464000000.0,2.286,1.0,1047000000.0,0.226,2488000000.0,282000000.0,11880000000.0,12248000000.0,232000000.0,415000000.0,0.0,415000000.0,7531000000.0,1607000000.0,5924000000.0,7274779628.0,319000000.0,1042000000.0,26000000.0,-809000000.0,-170000000.0,-979000000.0,515000000.0,-216000000.0,766000000.0,17000000.0,309000000.0,309000000.0,309000000.0,2000000.0,0.0,0.067,597000000.0,450000000.0,171000000.0,0.549,1.682,23.543,23.51,7106000000.0,0.0,35.97,1.571,1.577,381000000.0,-287000000.0,4630000000.0,4630000000.0,0.0,0.026,0.073,0.039,0.103,0.0,200000000.0,1.0,202245750.0,203000000,207000000.0,22.808,9369000000.0,0.0,-113000000.0,1074000000.0,46.153,-382000000.0
13,HOT,MRY,2002-12-31,2002-12-31,2002-12-31,2021-08-25,-474000000.0,12190000000.0,12230500000.0,936000000.0,11254000000.0,0.375,19.886,-296000000.0,216000000.0,216000000.0,3404000000.0,355000000.0,0.439,2.05,5319000000.0,870000000.0,4449000000.0,5319000000.0,0.0,488000000.0,0.0,0.035,0.84,680000000.0,1168000000.0,0.255,1168000000.0,680000000.0,357000000.0,1.76,1.73,1.76,3997000000.0,3953500000.0,3997000000.0,9853346960.0,14.0,8.436,466000000.0,2.318,1.0,1184000000.0,0.258,2570000000.0,323000000.0,12593000000.0,12651750000.0,214000000.0,434000000.0,0.0,434000000.0,8193000000.0,2130000000.0,6063000000.0,4735346960.0,1000000.0,58000000.0,35000000.0,-453000000.0,-40000000.0,-487000000.0,-282000000.0,-34000000.0,762000000.0,8000000.0,355000000.0,355000000.0,355000000.0,0.0,0.0,0.077,630000000.0,554000000.0,171000000.0,0.477,1.185,13.339,13.489,6911000000.0,0.0,23.74,1.032,1.04,398000000.0,-424000000.0,4588000000.0,4588000000.0,0.0,0.029,0.09,0.054,0.148,0.0,152000000.0,1.0,199467016.0,201000000,205000000.0,22.826,9620000000.0,0.0,2000000.0,1174000000.0,47.861,-1194000000.0
14,HOT,MRY,2001-12-31,2001-12-31,2001-12-31,2021-08-25,-484000000.0,12461000000.0,12623750000.0,897000000.0,11564000000.0,0.367,18.637,-477000000.0,157000000.0,157000000.0,3078000000.0,145000000.0,0.573,2.326,5559000000.0,310000000.0,5249000000.0,5559000000.0,0.0,518000000.0,0.0,0.027,0.8,541000000.0,1059000000.0,0.229,1059000000.0,541000000.0,187000000.0,0.72,0.7,0.72,3746000000.0,3851000000.0,3746000000.0,11205801322.0,21.0,10.581,278000000.0,1.383,1.0,1555000000.0,0.336,2825000000.0,354000000.0,13473000000.0,13286000000.0,219000000.0,400000000.0,0.0,400000000.0,8715000000.0,1565000000.0,7150000000.0,5902801322.0,-31000000.0,-12000000.0,-96000000.0,61000000.0,-156000000.0,-162000000.0,-621000000.0,-100000000.0,755000000.0,-3000000.0,145000000.0,145000000.0,145000000.0,0.0,0.0,0.031,1036000000.0,519000000.0,225000000.0,1.111,1.576,40.709,41.458,7835000000.0,0.0,29.85,1.274,1.295,432000000.0,-609000000.0,4633000000.0,4633000000.0,0.0,0.011,0.038,0.041,0.117,0.0,411000000.0,1.0,197748788.0,201000000,206000000.0,23.05,9636000000.0,0.0,42000000.0,1634000000.0,47.94,-668000000.0
15,HOT,MRY,2000-12-31,2000-12-31,2000-12-31,2021-08-25,-353000000.0,12697000000.0,12742500000.0,1085000000.0,11612000000.0,0.396,19.064,-544000000.0,189000000.0,189000000.0,3128000000.0,403000000.0,0.588,2.297,5542000000.0,585000000.0,4957000000.0,5542000000.0,0.0,481000000.0,0.0,0.02,0.69,1027000000.0,1508000000.0,0.299,1508000000.0,1027000000.0,604000000.0,2.0,1.97,2.0,3851000000.0,3736750000.0,3851000000.0,12082063345.0,12.0,8.012,270000000.0,1.337,1.0,1912000000.0,0.379,2881000000.0,423000000.0,13324000000.0,12994000000.0,238000000.0,412000000.0,0.0,412000000.0,8846000000.0,1845000000.0,7001000000.0,6807063345.0,-285000000.0,-23000000.0,-69000000.0,-237000000.0,-134000000.0,-417000000.0,-659000000.0,-57000000.0,814000000.0,-23000000.0,403000000.0,403000000.0,403000000.0,0.0,0.0,0.08,882000000.0,1030000000.0,186000000.0,0.345,1.768,16.891,17.625,7889000000.0,0.0,35.25,1.351,1.413,538000000.0,-592000000.0,5040000000.0,5040000000.0,0.0,0.032,0.108,0.079,0.204,0.0,403000000.0,1.0,193108180.0,202000000,205000000.0,24.95,9816000000.0,0.0,201000000.0,1770000000.0,48.594,-760000000.0
16,HOT,MRY,1999-12-31,1999-12-31,1999-12-31,2021-08-25,-238000000.0,12925000000.0,13097000000.0,1163000000.0,11762000000.0,0.292,19.524,-521000000.0,436000000.0,436000000.0,2313000000.0,-741000000.0,0.505,2.503,5631000000.0,988000000.0,4643000000.0,5631000000.0,0.0,452000000.0,0.0,0.026,0.6,819000000.0,1271000000.0,0.332,1271000000.0,819000000.0,335000000.0,-3.96,-3.96,-3.96,3690000000.0,3550000000.0,3690000000.0,10498861624.0,13.0,8.26,-64000000.0,-0.339,1.0,1516000000.0,0.396,2872000000.0,484000000.0,12943000000.0,14500500000.0,167000000.0,442000000.0,0.0,442000000.0,9235000000.0,2305000000.0,6930000000.0,4445861624.0,279000000.0,3742000000.0,-64000000.0,-3104000000.0,-116000000.0,-3335000000.0,3172000000.0,-29000000.0,457000000.0,-15000000.0,-741000000.0,-741000000.0,-741000000.0,0.0,0.0,-0.194,499000000.0,1017000000.0,205000000.0,-0.152,1.205,-6.0,-5.934,7787000000.0,0.0,23.5,1.161,1.16,468000000.0,-856000000.0,3829000000.0,3829000000.0,0.0,-0.057,-0.209,0.056,0.214,0.0,220000000.0,1.0,189185601.0,189000000,189000000.0,20.259,10053000000.0,0.0,1076000000.0,1770000000.0,53.19,-1142000000.0
17,HOT,MRY,1998-12-31,1998-12-31,1998-12-31,2021-08-25,-120000000.0,13417000000.0,15532250000.0,774000000.0,12643000000.0,0.211,23.208,-427000000.0,157000000.0,157000000.0,2030000000.0,1302000000.0,0.443,2.011,6489000000.0,687000000.0,5802000000.0,6489000000.0,0.0,378000000.0,0.0,0.075,1.71,1637000000.0,2015000000.0,0.614,2015000000.0,1637000000.0,1213000000.0,6.7,6.63,6.7,4456000000.0,4552250000.0,4456000000.0,12449008618.0,8.0,6.178,-680000000.0,-3.542,1.0,1251000000.0,0.381,2714000000.0,424000000.0,15288000000.0,17260250000.0,58000000.0,379000000.0,0.0,379000000.0,8961000000.0,1747000000.0,7214000000.0,4291008618.0,31000000.0,2794000000.0,-371000000.0,1845000000.0,-3357000000.0,-2056000000.0,2340000000.0,156000000.0,-253000000.0,0.0,1302000000.0,1302000000.0,1302000000.0,0.0,0.0,0.397,737000000.0,514000000.0,169000000.0,0.255,0.963,3.296,3.387,7877000000.0,0.0,22.69,1.308,1.328,484000000.0,2000000.0,3281000000.0,3281000000.0,0.0,0.084,0.286,0.095,0.499,0.0,210000000.0,1.0,189114527.0,192000000,194000000.0,17.089,10703000000.0,0.0,-89000000.0,712000000.0,55.745,-973000000.0
18,HOT,MRY,1997-12-31,1997-12-31,1997-12-31,2021-08-25,-135000000.0,8525000000.0,4918870000.0,793000000.0,7732000000.0,0.358,21.778,-233000000.0,201000000.0,201000000.0,1116000000.0,-298000000.0,0.329,2.107,1968000000.0,898000000.0,1070000000.0,1968000000.0,0.0,199000000.0,0.0,0.03,1.74,-128000000.0,71000000.0,0.04,71000000.0,-128000000.0,-144000000.0,-2.36,-2.36,-2.36,2744000000.0,1668330500.0,2744000000.0,,,,-929000000.0,-7.373,1.0,646000000.0,0.367,1257000000.0,16000000.0,6625000000.0,4195940000.0,63000000.0,368000000.0,0.0,368000000.0,5781000000.0,2410000000.0,3371000000.0,10661308816.0,8000000.0,-287000000.0,0.0,-455000000.0,0.0,-425000000.0,1132000000.0,51000000.0,-696000000.0,-3000000.0,-298000000.0,-298000000.0,-298000000.0,12000000.0,0.0,-0.169,1132000000.0,-486000000.0,273000000.0,-0.737,3.885,-35.776,-24.525,4832000000.0,0.0,57.88,6.051,4.139,424000000.0,-57000000.0,1762000000.0,1762000000.0,0.0,-0.061,-0.179,-0.031,-0.073,0.0,137000000.0,1.0,184196766.0,126000000,126000000.0,13.984,7268000000.0,0.0,154000000.0,97000000.0,57.683,-1617000000.0
19,HOT,MRY,1996-12-31,1996-12-31,1996-12-31,2021-08-25,0.0,1312740000.0,,,,,4.741,-528000000.0,25426000.0,25426000.0,2053000000.0,249000000.0,,1.215,479566000.0,,,479566000.0,0.0,261000000.0,0.0,0.037,1.36,518000000.0,779000000.0,0.266,779000000.0,518000000.0,422000000.0,1.99,1.96,1.99,592661000.0,,592661000.0,,,,-120000000.0,-0.96,1.0,878000000.0,0.3,0.0,96000000.0,1766880000.0,,0.0,1216293000.0,,,720079000.0,,,,64000000.0,-364000000.0,0.0,228000000.0,0.0,250000000.0,-595000000.0,363000000.0,408000000.0,1000000.0,249000000.0,249000000.0,249000000.0,-23000000.0,0.0,0.085,418000000.0,460000000.0,76554000.0,0.683,,,18.466,0.0,0.0,36.747,,1.567,43278000.0,-235901000.0,2931000000.0,2931000000.0,0.0,,,,0.177,0.0,76000000.0,1.0,,125000000,127000000.0,23.448,1312740000.0,0.0,173000000.0,0.0,10.502,
20,HOT,MRY,1995-12-31,1995-12-31,1995-12-31,2021-08-25,,,,,,,,-166211000.0,,,109259000.0,8970000.0,,,,,,,,15469000.0,,0.032,0.627,22108000.0,37577000.0,0.232,37577000.0,22108000.0,8970000.0,0.77,0.77,0.77,,,,,,,-149800000.0,-12.851,1.0,52457000.0,0.324,,13138000.0,,,,,,,,,,,4267000.0,0.0,259300000.0,-78884000.0,-9265000.0,169851000.0,-181995000.0,-12970000.0,16411000.0,0.0,8970000.0,8970000.0,8970000.0,0.0,0.0,0.055,21181000.0,31276000.0,,0.814,,,25.758,,0.0,19.833,,1.43,,,161716000.0,161716000.0,0.0,,,,0.137,0.0,5712000.0,1.0,,11657000,11710000.0,13.873,,,0.0,,,
0,HOT,MRQ,2016-06-30,2016-06-30,2016-06-30,2021-08-25,-468000000.0,6922000000.0,,2353000000.0,4569000000.0,,1.036,-29000000.0,1594000000.0,1594000000.0,896000000.0,-263000000.0,1.19,38.764,2414000000.0,34000000.0,2380000000.0,2414000000.0,0.0,65000000.0,0.0,0.02,0.375,-152000000.0,-87000000.0,-0.07,-87000000.0,-152000000.0,-176000000.0,-1.56,-1.56,-1.56,174000000.0,,174000000.0,13797308996.0,34.0,20.35,133000000.0,0.792,1.0,350000000.0,0.281,1769000000.0,24000000.0,3995000000.0,,15000000.0,178000000.0,0.0,178000000.0,6745000000.0,1978000000.0,4767000000.0,12537308996.0,395000000.0,292000000.0,0.0,55000000.0,-63000000.0,-9000000.0,247000000.0,-18000000.0,162000000.0,-5000000.0,-263000000.0,-263000000.0,-263000000.0,0.0,0.0,-0.211,283000000.0,67000000.0,74000000.0,-0.24,72.053,154.782,147.9,1478000000.0,0.0,73.95,2.272,2.252,630000000.0,505000000.0,1246000000.0,1246000000.0,0.0,,,,,13000000.0,93000000.0,1.0,169537647.0,168000000,168000000.0,7.417,5153000000.0,694000000.0,87000000.0,313000000.0,30.673,375000000.0
1,HOT,MRQ,2016-03-31,2016-03-31,2016-03-31,2021-08-25,-645000000.0,8444000000.0,,2480000000.0,5964000000.0,,8.048,-35000000.0,1248000000.0,1248000000.0,1057000000.0,90000000.0,1.112,5.281,2508000000.0,79000000.0,2429000000.0,2508000000.0,0.0,70000000.0,0.0,0.018,0.375,166000000.0,236000000.0,0.168,236000000.0,166000000.0,143000000.0,0.54,0.53,0.54,1344000000.0,,1344000000.0,15336641043.0,20.0,14.847,13000000.0,0.078,1.0,347000000.0,0.247,1948000000.0,23000000.0,5526000000.0,,355000000.0,197000000.0,0.0,197000000.0,7097000000.0,2230000000.0,4867000000.0,14079641043.0,132000000.0,33000000.0,3000000.0,148000000.0,-68000000.0,61000000.0,18000000.0,-11000000.0,48000000.0,5000000.0,90000000.0,90000000.0,90000000.0,0.0,0.0,0.064,193000000.0,154000000.0,115000000.0,0.694,10.476,29.333,29.171,2068000000.0,0.0,83.43,2.554,2.528,829000000.0,1872000000.0,1404000000.0,1404000000.0,0.0,,,,,13000000.0,86000000.0,1.0,168759931.0,167000000,168000000.0,8.407,6496000000.0,757000000.0,53000000.0,343000000.0,38.898,250000000.0
2,HOT,MRQ,2015-12-31,2015-12-31,2015-12-31,2021-08-25,-668000000.0,8257000000.0,,2295000000.0,5962000000.0,,7.669,-91000000.0,1041000000.0,1041000000.0,1040000000.0,166000000.0,1.026,5.369,2176000000.0,32000000.0,2144000000.0,2176000000.0,0.0,69000000.0,0.0,0.022,0.375,232000000.0,301000000.0,0.21,301000000.0,232000000.0,208000000.0,0.99,0.98,0.99,1296000000.0,,1296000000.0,12975939029.0,17.0,12.241,108000000.0,0.639,1.0,393000000.0,0.274,1744000000.0,24000000.0,5412000000.0,,15000000.0,170000000.0,0.0,170000000.0,6958000000.0,2236000000.0,4722000000.0,11707939029.0,-18000000.0,-26000000.0,-43000000.0,-1000000.0,-63000000.0,-112000000.0,-102000000.0,-3000000.0,199000000.0,-3000000.0,166000000.0,166000000.0,166000000.0,0.0,0.0,0.116,171000000.0,222000000.0,86000000.0,0.379,9.034,23.943,23.89,1673000000.0,0.0,69.28,2.032,2.032,575000000.0,1847000000.0,1433000000.0,1433000000.0,0.0,,,,,16000000.0,96000000.0,1.0,168994501.0,169000000,170000000.0,8.479,6513000000.0,714000000.0,42000000.0,317000000.0,38.538,59000000.0
3,HOT,MRQ,2015-09-30,2015-09-30,2015-09-30,2021-08-25,-636000000.0,8185000000.0,,2368000000.0,5817000000.0,,7.446,-67000000.0,1093000000.0,1093000000.0,1054000000.0,88000000.0,0.955,5.54,2361000000.0,350000000.0,2011000000.0,2361000000.0,0.0,69000000.0,0.0,0.032,0.375,159000000.0,228000000.0,0.159,228000000.0,159000000.0,130000000.0,0.53,0.53,0.53,1251000000.0,,1251000000.0,12897815532.0,16.0,11.953,264000000.0,1.571,1.0,380000000.0,0.265,1894000000.0,29000000.0,5080000000.0,,256000000.0,187000000.0,0.0,187000000.0,6931000000.0,2479000000.0,4452000000.0,11326815532.0,331000000.0,226000000.0,-100000000.0,12000000.0,-63000000.0,-144000000.0,150000000.0,-8000000.0,331000000.0,-6000000.0,88000000.0,88000000.0,88000000.0,0.0,0.0,0.061,226000000.0,154000000.0,102000000.0,0.708,9.054,20.335,20.646,2185000000.0,0.0,66.48,2.029,2.0,847000000.0,1787000000.0,1434000000.0,1434000000.0,0.0,,,,,8000000.0,102000000.0,1.0,170379295.0,168000000,169000000.0,8.536,6291000000.0,770000000.0,42000000.0,340000000.0,37.446,-111000000.0
4,HOT,MRQ,2015-06-30,2015-06-30,2015-06-30,2021-08-25,-598000000.0,8053000000.0,,2095000000.0,5958000000.0,,7.935,-52000000.0,777000000.0,777000000.0,902000000.0,136000000.0,0.87,5.003,2348000000.0,356000000.0,1992000000.0,2348000000.0,0.0,73000000.0,0.0,0.034,0.375,195000000.0,268000000.0,0.216,268000000.0,195000000.0,169000000.0,0.8,0.79,0.8,1341000000.0,,1341000000.0,15982142496.0,19.0,14.36,253000000.0,1.497,1.0,339000000.0,0.273,1912000000.0,26000000.0,5304000000.0,,246000000.0,204000000.0,0.0,204000000.0,6709000000.0,2408000000.0,4301000000.0,13857142496.0,162000000.0,505000000.0,-103000000.0,-419000000.0,-69000000.0,-590000000.0,444000000.0,-7000000.0,305000000.0,3000000.0,136000000.0,136000000.0,136000000.0,0.0,0.0,0.11,174000000.0,165000000.0,94000000.0,0.469,10.333,23.974,24.647,2320000000.0,0.0,81.09,2.456,2.429,912000000.0,1863000000.0,1241000000.0,1241000000.0,0.0,,,,,12000000.0,99000000.0,1.0,170885960.0,169000000,170000000.0,7.343,6141000000.0,750000000.0,33000000.0,296000000.0,36.337,-313000000.0
5,HOT,MRQ,2015-03-31,2015-03-31,2015-03-31,2021-08-25,-618000000.0,8129000000.0,,1937000000.0,6192000000.0,,7.876,-51000000.0,632000000.0,632000000.0,1071000000.0,99000000.0,0.832,5.069,2757000000.0,362000000.0,2395000000.0,2757000000.0,0.0,69000000.0,0.0,0.04,0.375,182000000.0,251000000.0,0.177,251000000.0,182000000.0,151000000.0,0.59,0.58,0.59,1339000000.0,,1339000000.0,16261287928.0,18.0,13.97,4000000.0,0.024,1.0,344000000.0,0.243,1922000000.0,31000000.0,6005000000.0,,242000000.0,202000000.0,0.0,202000000.0,6787000000.0,2327000000.0,4460000000.0,14336287928.0,-362000000.0,-4000000.0,-112000000.0,-187000000.0,-64000000.0,-381000000.0,-25000000.0,26000000.0,55000000.0,-11000000.0,99000000.0,99000000.0,99000000.0,0.0,0.0,0.07,177000000.0,167000000.0,107000000.0,0.636,10.707,24.095,25.303,2487000000.0,0.0,83.5,2.414,2.39,941000000.0,1896000000.0,1415000000.0,1415000000.0,0.0,,,,,7000000.0,91000000.0,1.0,171692071.0,170000000,171000000.0,8.324,6207000000.0,734000000.0,52000000.0,276000000.0,36.512,-390000000.0
6,HOT,MRQ,2014-12-31,2014-12-31,2014-12-31,2021-08-25,-508000000.0,8659000000.0,,2321000000.0,6338000000.0,,8.665,-90000000.0,1019000000.0,1019000000.0,1070000000.0,234000000.0,0.947,4.676,2944000000.0,370000000.0,2574000000.0,2944000000.0,0.0,73000000.0,0.0,0.049,1.0,259000000.0,332000000.0,0.222,332000000.0,259000000.0,238000000.0,1.3,1.29,1.3,1525000000.0,,1525000000.0,16401101760.0,19.0,14.274,211000000.0,1.199,1.0,423000000.0,0.283,1956000000.0,21000000.0,6178000000.0,,236000000.0,214000000.0,0.0,214000000.0,7131000000.0,2450000000.0,4681000000.0,14477101760.0,481000000.0,554000000.0,-606000000.0,506000000.0,-173000000.0,-274000000.0,455000000.0,0.0,301000000.0,-1000000.0,234000000.0,234000000.0,234000000.0,0.0,0.0,0.157,159000000.0,264000000.0,101000000.0,0.769,9.493,22.871,23.636,2634000000.0,0.0,81.07,2.42,2.507,935000000.0,1984000000.0,1493000000.0,1493000000.0,0.0,,,,,14000000.0,109000000.0,1.0,178575327.0,176000000,174000000.0,8.483,6703000000.0,795000000.0,4000000.0,294000000.0,38.085,-129000000.0
7,HOT,MRQ,2014-09-30,2014-09-30,2014-09-30,2021-08-25,-417000000.0,8426000000.0,,1752000000.0,6674000000.0,,11.611,-72000000.0,514000000.0,514000000.0,1115000000.0,109000000.0,0.907,2.922,2438000000.0,84000000.0,2354000000.0,2438000000.0,0.0,72000000.0,0.0,0.052,1.0,190000000.0,262000000.0,0.175,262000000.0,190000000.0,163000000.0,0.6,0.59,0.6,2148000000.0,,2148000000.0,16929428649.0,21.0,15.675,185000000.0,1.0,1.0,378000000.0,0.253,1998000000.0,27000000.0,6421000000.0,,198000000.0,233000000.0,0.0,233000000.0,6276000000.0,1931000000.0,4345000000.0,15853428649.0,-143000000.0,-7000000.0,-853000000.0,728000000.0,-181000000.0,-312000000.0,-80000000.0,1000000.0,257000000.0,-8000000.0,109000000.0,109000000.0,109000000.0,0.0,0.0,0.073,190000000.0,188000000.0,90000000.0,1.667,7.381,30.082,29.612,2942000000.0,0.0,83.21,2.644,2.567,918000000.0,2535000000.0,1493000000.0,1493000000.0,0.0,,,,,13000000.0,96000000.0,1.0,190523118.0,185000000,186000000.0,8.07,6428000000.0,777000000.0,54000000.0,293000000.0,34.746,-179000000.0
8,HOT,MRQ,2014-06-30,2014-06-30,2014-06-30,2021-08-25,-330000000.0,8746000000.0,,1922000000.0,6824000000.0,,16.537,-79000000.0,650000000.0,650000000.0,1133000000.0,153000000.0,0.99,1.783,1726000000.0,89000000.0,1637000000.0,1726000000.0,0.0,70000000.0,0.0,0.041,1.0,249000000.0,319000000.0,0.207,319000000.0,249000000.0,226000000.0,0.81,0.8,0.81,3142000000.0,,3142000000.0,16306232858.0,19.0,14.443,206000000.0,1.084,1.0,406000000.0,0.264,2013000000.0,23000000.0,5867000000.0,,202000000.0,242000000.0,0.0,242000000.0,5601000000.0,1942000000.0,3659000000.0,15517232858.0,-60000000.0,8000000.0,-160000000.0,-26000000.0,-191000000.0,-281000000.0,-65000000.0,4000000.0,285000000.0,1000000.0,153000000.0,153000000.0,153000000.0,0.0,0.0,0.099,166000000.0,240000000.0,88000000.0,1.235,4.939,26.986,26.673,3046000000.0,0.0,80.82,2.581,2.555,961000000.0,2937000000.0,1539000000.0,1539000000.0,0.0,,,,,9000000.0,102000000.0,1.0,191997437.0,190000000,191000000.0,8.1,6733000000.0,820000000.0,73000000.0,303000000.0,35.437,-20000000.0
9,HOT,MRQ,2014-03-31,2014-03-31,2014-03-31,2021-08-25,-335000000.0,8752000000.0,,2063000000.0,6689000000.0,,17.458,-86000000.0,806000000.0,806000000.0,1101000000.0,137000000.0,1.09,1.638,1595000000.0,95000000.0,1500000000.0,1595000000.0,0.0,68000000.0,0.0,0.03,1.0,168000000.0,236000000.0,0.162,236000000.0,168000000.0,145000000.0,0.72,0.72,0.72,3317000000.0,,3317000000.0,16149123814.0,19.0,14.253,65000000.0,0.342,1.0,357000000.0,0.245,2007000000.0,23000000.0,5641000000.0,,209000000.0,245000000.0,0.0,245000000.0,5432000000.0,1893000000.0,3539000000.0,15277123814.0,41000000.0,200000000.0,10000000.0,-26000000.0,-190000000.0,-220000000.0,111000000.0,-1000000.0,151000000.0,-1000000.0,137000000.0,137000000.0,137000000.0,0.0,0.0,0.094,199000000.0,158000000.0,78000000.0,1.389,4.606,27.329,27.075,2899000000.0,0.0,79.6,2.532,2.506,969000000.0,2975000000.0,1458000000.0,1458000000.0,0.0,,,,,7000000.0,95000000.0,1.0,191923666.0,190000000,192000000.0,7.674,6745000000.0,837000000.0,8000000.0,305000000.0,35.5,170000000.0
10,HOT,MRQ,2013-12-31,2013-12-31,2013-12-31,2021-08-25,-335000000.0,8762000000.0,,1996000000.0,6766000000.0,,17.872,-129000000.0,750000000.0,750000000.0,1104000000.0,128000000.0,1.037,1.607,1622000000.0,99000000.0,1523000000.0,1622000000.0,0.0,72000000.0,0.0,0.017,1.35,191000000.0,263000000.0,0.175,263000000.0,191000000.0,168000000.0,0.68,0.67,0.68,3360000000.0,,3360000000.0,16048617039.0,16.0,12.687,167000000.0,0.888,1.0,402000000.0,0.267,2032000000.0,23000000.0,5678000000.0,,217000000.0,251000000.0,0.0,251000000.0,5399000000.0,1924000000.0,3475000000.0,15215617039.0,-78000000.0,97000000.0,-55000000.0,-42000000.0,-253000000.0,-352000000.0,-26000000.0,0.0,296000000.0,4000000.0,128000000.0,128000000.0,128000000.0,0.0,0.0,0.085,220000000.0,182000000.0,105000000.0,1.985,4.528,23.962,23.859,3034000000.0,0.0,79.45,2.488,2.482,1012000000.0,3032000000.0,1506000000.0,1506000000.0,0.0,,,,,18000000.0,106000000.0,1.0,191511857.0,188000000,190000000.0,8.011,6730000000.0,802000000.0,40000000.0,272000000.0,35.798,72000000.0
11,HOT,MRQ,2013-09-30,2013-09-30,2013-09-30,2021-08-25,-354000000.0,8963000000.0,,2136000000.0,6827000000.0,,18.312,-94000000.0,831000000.0,831000000.0,1122000000.0,157000000.0,1.124,1.548,1664000000.0,108000000.0,1556000000.0,1664000000.0,0.0,65000000.0,0.0,0.019,0.0,246000000.0,311000000.0,0.206,311000000.0,246000000.0,221000000.0,0.82,0.81,0.82,3516000000.0,,3516000000.0,13839909987.0,14.0,10.932,229000000.0,1.193,1.0,386000000.0,0.256,2040000000.0,25000000.0,5856000000.0,,229000000.0,252000000.0,0.0,252000000.0,5442000000.0,1900000000.0,3542000000.0,12953909987.0,32000000.0,3000000.0,-176000000.0,-38000000.0,0.0,-205000000.0,-87000000.0,2000000.0,323000000.0,1000000.0,157000000.0,157000000.0,157000000.0,0.0,0.0,0.104,140000000.0,246000000.0,90000000.0,0.0,3.684,19.96,19.602,3097000000.0,0.0,66.45,2.109,2.077,1021000000.0,3164000000.0,1508000000.0,1508000000.0,0.0,,,,,5000000.0,100000000.0,1.0,194942212.0,192000000,194000000.0,7.854,6923000000.0,826000000.0,64000000.0,275000000.0,36.057,236000000.0
12,HOT,MRQ,2013-06-30,2013-06-30,2013-06-30,2021-08-25,-386000000.0,8966000000.0,,2190000000.0,6776000000.0,,18.104,-58000000.0,815000000.0,815000000.0,1159000000.0,138000000.0,1.138,1.578,1701000000.0,115000000.0,1586000000.0,1701000000.0,0.0,65000000.0,0.0,0.02,0.0,258000000.0,323000000.0,0.207,323000000.0,258000000.0,232000000.0,0.72,0.71,0.72,3476000000.0,,3476000000.0,13496433822.0,14.0,10.849,262000000.0,1.365,1.0,403000000.0,0.258,2031000000.0,26000000.0,5897000000.0,,253000000.0,266000000.0,0.0,266000000.0,5485000000.0,1924000000.0,3561000000.0,12294433822.0,275000000.0,47000000.0,13000000.0,-38000000.0,-1000000.0,-26000000.0,-12000000.0,1000000.0,320000000.0,-7000000.0,137000000.0,137000000.0,137000000.0,0.0,1000000.0,0.088,152000000.0,251000000.0,95000000.0,0.0,3.537,18.572,18.316,3039000000.0,0.0,63.19,2.019,1.993,1056000000.0,3007000000.0,1562000000.0,1562000000.0,0.0,,,,,13000000.0,88000000.0,1.0,194562966.0,192000000,194000000.0,8.135,6935000000.0,859000000.0,95000000.0,281000000.0,36.12,266000000.0
13,HOT,MRQ,2013-03-31,2013-03-31,2013-03-31,2021-08-25,-350000000.0,8830000000.0,,1947000000.0,6883000000.0,,17.497,-83000000.0,545000000.0,545000000.0,1153000000.0,212000000.0,1.045,1.641,1747000000.0,121000000.0,1626000000.0,1747000000.0,0.0,65000000.0,0.0,0.02,0.0,303000000.0,368000000.0,0.239,368000000.0,303000000.0,277000000.0,1.11,1.09,1.11,3342000000.0,,3342000000.0,13690661077.0,14.0,11.343,129000000.0,0.675,1.0,386000000.0,0.251,2025000000.0,26000000.0,6144000000.0,,299000000.0,266000000.0,0.0,266000000.0,5485000000.0,1863000000.0,3622000000.0,12345661077.0,82000000.0,46000000.0,-10000000.0,-61000000.0,-2000000.0,-95000000.0,-33000000.0,3000000.0,212000000.0,-2000000.0,213000000.0,213000000.0,213000000.0,0.0,-1000000.0,0.138,163000000.0,223000000.0,100000000.0,0.0,3.694,19.081,18.967,3133000000.0,0.0,63.73,2.009,1.981,1073000000.0,2870000000.0,1539000000.0,1539000000.0,0.0,,,,,-8000000.0,90000000.0,1.0,193718203.0,191000000,194000000.0,8.058,6805000000.0,901000000.0,64000000.0,270000000.0,35.628,84000000.0
14,HOT,MRQ,2012-12-31,2012-12-31,2012-12-31,2021-08-25,-338000000.0,8855000000.0,,1889000000.0,6966000000.0,,16.254,-113000000.0,463000000.0,463000000.0,1125000000.0,142000000.0,0.937,1.821,1808000000.0,152000000.0,1656000000.0,1808000000.0,0.0,65000000.0,0.0,0.022,1.25,199000000.0,264000000.0,0.172,264000000.0,199000000.0,163000000.0,0.74,0.72,0.74,3137000000.0,,3137000000.0,12496252536.0,14.0,11.049,170000000.0,0.881,1.0,408000000.0,0.266,2025000000.0,36000000.0,6159000000.0,,361000000.0,260000000.0,0.0,260000000.0,5713000000.0,2016000000.0,3697000000.0,11241252536.0,-346000000.0,205000000.0,-155000000.0,-372000000.0,-238000000.0,-746000000.0,120000000.0,1000000.0,283000000.0,-3000000.0,142000000.0,142000000.0,142000000.0,0.0,0.0,0.093,179000000.0,229000000.0,121000000.0,1.689,3.583,20.002,19.644,3162000000.0,0.0,57.36,1.778,1.751,1089000000.0,2657000000.0,1533000000.0,1533000000.0,0.0,,,,,11000000.0,101000000.0,1.0,195977206.0,193000000,197000000.0,7.943,6830000000.0,950000000.0,21000000.0,359000000.0,35.389,-127000000.0
15,HOT,MRQ,2012-09-30,2012-09-30,2012-09-30,2021-08-25,-337000000.0,9209000000.0,,2250000000.0,6959000000.0,,17.477,-99000000.0,809000000.0,809000000.0,1107000000.0,170000000.0,1.196,1.729,2064000000.0,112000000.0,1952000000.0,2064000000.0,0.0,61000000.0,0.0,0.009,0.0,228000000.0,289000000.0,0.199,289000000.0,228000000.0,189000000.0,0.88,0.87,0.88,3373000000.0,,3373000000.0,13063392738.0,16.0,12.018,256000000.0,1.326,1.0,348000000.0,0.239,2013000000.0,39000000.0,6569000000.0,,414000000.0,261000000.0,0.0,261000000.0,5831000000.0,1882000000.0,3949000000.0,11387392738.0,381000000.0,248000000.0,-69000000.0,-39000000.0,0.0,-106000000.0,134000000.0,-2000000.0,355000000.0,-2000000.0,170000000.0,170000000.0,170000000.0,0.0,0.0,0.117,147000000.0,201000000.0,111000000.0,0.0,3.376,19.399,19.003,3134000000.0,0.0,57.96,1.802,1.77,981000000.0,2757000000.0,1455000000.0,1455000000.0,0.0,,,,,14000000.0,87000000.0,1.0,196469854.0,193000000,196000000.0,7.539,7196000000.0,880000000.0,19000000.0,202000000.0,37.285,368000000.0
16,HOT,MRQ,2012-06-30,2012-06-30,2012-06-30,2021-08-25,-358000000.0,8989000000.0,,1980000000.0,7009000000.0,,16.564,-78000000.0,425000000.0,425000000.0,1228000000.0,122000000.0,1.086,1.781,2101000000.0,117000000.0,1984000000.0,2101000000.0,0.0,62000000.0,0.0,0.009,0.0,224000000.0,286000000.0,0.177,286000000.0,224000000.0,178000000.0,0.63,0.62,0.63,3230000000.0,,3230000000.0,12337179324.0,15.0,11.606,213000000.0,1.092,1.0,390000000.0,0.241,2027000000.0,46000000.0,6815000000.0,,461000000.0,267000000.0,0.0,267000000.0,5754000000.0,1823000000.0,3931000000.0,10483179324.0,-387000000.0,19000000.0,-39000000.0,-597000000.0,-1000000.0,-614000000.0,-64000000.0,3000000.0,291000000.0,0.0,122000000.0,122000000.0,122000000.0,0.0,0.0,0.075,149000000.0,241000000.0,104000000.0,0.0,3.246,18.074,17.447,3187000000.0,0.0,53.04,1.681,1.659,1038000000.0,2587000000.0,1618000000.0,1618000000.0,0.0,,,,,3000000.0,86000000.0,1.0,197646669.0,195000000,198000000.0,8.297,6962000000.0,892000000.0,56000000.0,194000000.0,35.703,157000000.0
17,HOT,MRQ,2012-03-31,2012-03-31,2012-03-31,2021-08-25,-309000000.0,9524000000.0,,2462000000.0,7062000000.0,,16.474,-72000000.0,835000000.0,835000000.0,1340000000.0,128000000.0,1.048,2.009,2689000000.0,677000000.0,2012000000.0,2689000000.0,0.0,63000000.0,0.0,0.009,0.0,229000000.0,292000000.0,0.17,292000000.0,229000000.0,180000000.0,0.67,0.65,0.67,3163000000.0,,3163000000.0,13105343916.0,17.0,12.963,183000000.0,0.953,1.0,375000000.0,0.219,2067000000.0,49000000.0,6961000000.0,,575000000.0,271000000.0,0.0,271000000.0,6356000000.0,2350000000.0,4006000000.0,11062343916.0,203000000.0,11000000.0,17000000.0,-42000000.0,-3000000.0,10000000.0,-64000000.0,0.0,255000000.0,2000000.0,128000000.0,128000000.0,128000000.0,0.0,0.0,0.075,155000000.0,220000000.0,116000000.0,0.0,3.497,18.782,18.197,3302000000.0,0.0,56.41,1.83,1.792,1038000000.0,2465000000.0,1715000000.0,1715000000.0,0.0,,,,,-37000000.0,96000000.0,1.0,196106079.0,192000000,197000000.0,8.932,7457000000.0,902000000.0,52000000.0,178000000.0,38.839,112000000.0
18,HOT,MRQ,2011-12-31,2011-12-31,2011-12-31,2021-08-25,-348000000.0,9560000000.0,,2534000000.0,7026000000.0,,15.63,-132000000.0,686000000.0,686000000.0,1131000000.0,167000000.0,1.272,2.236,2729000000.0,133000000.0,2596000000.0,2729000000.0,0.0,65000000.0,0.0,0.01,0.5,155000000.0,220000000.0,0.144,220000000.0,155000000.0,106000000.0,0.87,0.85,0.87,2954000000.0,,2954000000.0,11418078486.0,19.0,12.99,182000000.0,0.963,1.0,400000000.0,0.261,2053000000.0,49000000.0,7558000000.0,,812000000.0,259000000.0,0.0,259000000.0,6605000000.0,1992000000.0,4613000000.0,9370078486.0,-533000000.0,-45000000.0,15000000.0,-453000000.0,-96000000.0,-682000000.0,-158000000.0,-9000000.0,314000000.0,-7000000.0,167000000.0,167000000.0,167000000.0,0.0,0.0,0.109,243000000.0,157000000.0,144000000.0,0.575,3.172,19.162,18.593,3232000000.0,0.0,47.97,1.666,1.612,1079000000.0,2337000000.0,1531000000.0,1531000000.0,0.0,,,,,12000000.0,96000000.0,1.0,195332051.0,189000000,195000000.0,8.101,7507000000.0,917000000.0,-61000000.0,209000000.0,39.72,542000000.0
19,HOT,MRQ,2011-09-30,2011-09-30,2011-09-30,2021-08-25,-319000000.0,9937000000.0,,2788000000.0,7149000000.0,,15.142,-112000000.0,1137000000.0,1137000000.0,1057000000.0,163000000.0,1.078,2.454,3185000000.0,715000000.0,2470000000.0,3185000000.0,0.0,65000000.0,0.0,0.008,0.0,200000000.0,265000000.0,0.193,265000000.0,200000000.0,155000000.0,0.87,0.84,0.87,2877000000.0,,2877000000.0,9733950255.0,11.0,8.746,93000000.0,0.489,1.0,315000000.0,0.23,2055000000.0,45000000.0,7343000000.0,,857000000.0,256000000.0,0.0,256000000.0,7059000000.0,2587000000.0,4472000000.0,7588950255.0,-12000000.0,-28000000.0,0.0,-36000000.0,0.0,-38000000.0,-157000000.0,0.0,205000000.0,-22000000.0,163000000.0,163000000.0,163000000.0,0.0,0.0,0.119,108000000.0,207000000.0,125000000.0,0.0,2.638,11.481,10.904,3234000000.0,0.0,38.82,1.397,1.358,940000000.0,2269000000.0,1372000000.0,1372000000.0,0.0,,,,,18000000.0,88000000.0,1.0,195490733.0,190000000,195000000.0,7.221,7882000000.0,801000000.0,-8000000.0,203000000.0,41.484,201000000.0
20,HOT,MRQ,2011-06-30,2011-06-30,2011-06-30,2021-08-25,-207000000.0,9999000000.0,,2750000000.0,7249000000.0,,14.825,-80000000.0,1077000000.0,1077000000.0,1094000000.0,131000000.0,1.003,2.568,3222000000.0,733000000.0,2489000000.0,3222000000.0,0.0,67000000.0,0.0,0.005,0.0,167000000.0,234000000.0,0.164,234000000.0,167000000.0,115000000.0,0.69,0.68,0.69,2802000000.0,,2802000000.0,13495927290.0,19.0,13.729,53000000.0,0.28,1.0,332000000.0,0.233,2047000000.0,52000000.0,7355000000.0,,848000000.0,294000000.0,0.0,294000000.0,7196000000.0,2742000000.0,4454000000.0,10931927290.0,324000000.0,291000000.0,12000000.0,-39000000.0,-1000000.0,-24000000.0,208000000.0,1000000.0,133000000.0,7000000.0,131000000.0,131000000.0,131000000.0,0.0,0.0,0.092,153000000.0,179000000.0,140000000.0,0.0,3.901,22.219,21.068,3129000000.0,0.0,56.04,2.056,1.992,991000000.0,2106000000.0,1426000000.0,1426000000.0,0.0,,,,,12000000.0,88000000.0,1.0,195073649.0,189000000,195000000.0,7.545,7952000000.0,988000000.0,-16000000.0,332000000.0,42.074,8000000.0
21,HOT,MRQ,2011-03-31,2011-03-31,2011-03-31,2021-08-25,-232000000.0,9859000000.0,,2359000000.0,7500000000.0,,13.936,-61000000.0,748000000.0,748000000.0,1027000000.0,26000000.0,1.109,2.778,3312000000.0,134000000.0,3178000000.0,3312000000.0,0.0,68000000.0,0.0,0.005,0.0,92000000.0,160000000.0,0.124,160000000.0,92000000.0,38000000.0,0.15,0.14,0.15,2606000000.0,,2606000000.0,13713676703.0,19.0,13.484,-72000000.0,-0.385,1.0,268000000.0,0.207,2068000000.0,54000000.0,8228000000.0,,819000000.0,291000000.0,0.0,291000000.0,7239000000.0,2127000000.0,5112000000.0,11168676703.0,-78000000.0,0.0,43000000.0,-37000000.0,-2000000.0,-11000000.0,-69000000.0,1000000.0,-11000000.0,13000000.0,28000000.0,28000000.0,28000000.0,0.0,-2000000.0,0.022,181000000.0,87000000.0,140000000.0,0.0,4.286,23.513,22.354,3273000000.0,0.0,58.12,2.157,2.099,997000000.0,1975000000.0,1295000000.0,1295000000.0,0.0,,,,,7000000.0,80000000.0,1.0,192165807.0,187000000,194000000.0,6.925,7791000000.0,988000000.0,10000000.0,383000000.0,41.663,232000000.0
22,HOT,MRQ,2010-12-31,2010-12-31,2010-12-31,2021-08-25,-283000000.0,9776000000.0,,2621000000.0,7155000000.0,,13.285,-108000000.0,806000000.0,806000000.0,1006000000.0,339000000.0,1.211,2.95,3351000000.0,136000000.0,3215000000.0,3351000000.0,0.0,65000000.0,0.0,0.005,0.3,389000000.0,454000000.0,0.339,454000000.0,389000000.0,334000000.0,1.85,1.78,1.85,2471000000.0,,2471000000.0,14561718184.0,20.0,14.22,353000000.0,1.898,1.0,334000000.0,0.249,2067000000.0,55000000.0,8089000000.0,,802000000.0,312000000.0,0.0,312000000.0,7290000000.0,2165000000.0,5125000000.0,11587718184.0,396000000.0,4000000.0,85000000.0,-40000000.0,-56000000.0,-1000000.0,-62000000.0,43000000.0,461000000.0,-2000000.0,339000000.0,339000000.0,339000000.0,0.0,0.0,0.253,82000000.0,252000000.0,138000000.0,0.162,4.689,24.293,23.287,3323000000.0,0.0,60.78,2.285,2.193,980000000.0,1947000000.0,1340000000.0,1340000000.0,0.0,,,,,-2000000.0,86000000.0,1.0,190650184.0,186000000,193000000.0,7.204,7709000000.0,979000000.0,-5000000.0,401000000.0,41.446,456000000.0
23,HOT,MRQ,2010-09-30,2010-09-30,2010-09-30,2021-08-25,-290000000.0,9402000000.0,,1923000000.0,7479000000.0,,11.251,-49000000.0,418000000.0,418000000.0,973000000.0,-6000000.0,0.881,3.559,3392000000.0,141000000.0,3251000000.0,3392000000.0,0.0,71000000.0,0.0,0.004,0.0,64000000.0,135000000.0,0.108,135000000.0,64000000.0,5000000.0,-0.03,-0.03,-0.03,2059000000.0,,2059000000.0,13191078524.0,79.0,28.246,161000000.0,0.88,1.0,282000000.0,0.225,2067000000.0,59000000.0,8127000000.0,,778000000.0,314000000.0,0.0,314000000.0,7327000000.0,2182000000.0,5145000000.0,9991078524.0,267000000.0,68000000.0,10000000.0,28000000.0,0.0,34000000.0,17000000.0,1000000.0,210000000.0,6000000.0,-6000000.0,-6000000.0,-6000000.0,0.0,0.0,-0.005,216000000.0,66000000.0,148000000.0,0.0,4.852,322.293,309.118,3262000000.0,0.0,52.55,2.007,1.932,1007000000.0,1665000000.0,1255000000.0,1255000000.0,0.0,,,,,17000000.0,90000000.0,1.0,190125186.0,183000000,183000000.0,6.858,7335000000.0,988000000.0,11000000.0,356000000.0,40.082,-259000000.0
24,HOT,MRQ,2010-06-30,2010-06-30,2010-06-30,2021-08-25,-385000000.0,9113000000.0,,1619000000.0,7494000000.0,,10.632,-46000000.0,154000000.0,154000000.0,988000000.0,114000000.0,0.802,3.701,3354000000.0,115000000.0,3239000000.0,3354000000.0,0.0,73000000.0,0.0,0.005,0.0,195000000.0,268000000.0,0.208,268000000.0,195000000.0,136000000.0,0.63,0.61,0.63,1935000000.0,,1935000000.0,11145846955.0,66.0,23.318,34000000.0,0.187,1.0,301000000.0,0.234,2064000000.0,59000000.0,8231000000.0,,749000000.0,308000000.0,0.0,308000000.0,7162000000.0,2018000000.0,5144000000.0,7850846955.0,-1000000.0,58000000.0,29000000.0,-98000000.0,0.0,-78000000.0,1000000.0,-27000000.0,80000000.0,-4000000.0,114000000.0,114000000.0,114000000.0,0.0,0.0,0.088,144000000.0,157000000.0,142000000.0,0.0,4.057,101.959,98.643,3312000000.0,0.0,41.43,1.609,1.546,916000000.0,1671000000.0,1289000000.0,1289000000.0,0.0,,,,,13000000.0,92000000.0,1.0,189496668.0,182000000,189000000.0,7.082,7049000000.0,971000000.0,22000000.0,347000000.0,38.731,-399000000.0
25,HOT,MRQ,2010-03-31,2010-03-31,2010-03-31,2021-08-25,-307000000.0,9219000000.0,,1591000000.0,7628000000.0,,10.166,-24000000.0,158000000.0,158000000.0,950000000.0,28000000.0,0.761,4.002,3453000000.0,111000000.0,3342000000.0,3453000000.0,0.0,76000000.0,0.0,0.004,0.0,91000000.0,167000000.0,0.141,167000000.0,91000000.0,29000000.0,0.16,0.16,0.16,1840000000.0,,1840000000.0,11538912006.0,240.0,31.7,-11000000.0,-0.061,1.0,237000000.0,0.2,2050000000.0,62000000.0,8374000000.0,,723000000.0,307000000.0,0.0,307000000.0,7363000000.0,2090000000.0,5273000000.0,8712912006.0,4000000.0,0.0,17000000.0,46000000.0,-37000000.0,19000000.0,-27000000.0,1000000.0,13000000.0,-1000000.0,30000000.0,30000000.0,30000000.0,0.0,-2000000.0,0.025,151000000.0,86000000.0,143000000.0,0.0,4.735,89.824,86.37,3390000000.0,0.0,46.64,1.832,1.775,931000000.0,1557000000.0,1187000000.0,1187000000.0,0.0,,,,,16000000.0,76000000.0,1.0,186812007.0,181000000,187000000.0,6.558,7169000000.0,995000000.0,-1000000.0,385000000.0,39.608,-499000000.0
26,HOT,MRQ,2009-12-31,2009-12-31,2009-12-31,2021-08-25,-283000000.0,8761000000.0,,1489000000.0,7272000000.0,,10.133,-52000000.0,134000000.0,134000000.0,954000000.0,-107000000.0,0.735,3.792,2960000000.0,5000000.0,2955000000.0,2960000000.0,0.0,79000000.0,0.0,0.005,0.2,-182000000.0,-103000000.0,-0.083,-103000000.0,-182000000.0,-253000000.0,-0.59,-0.58,-0.59,1824000000.0,,1824000000.0,10052952445.0,1436.0,31.028,172000000.0,0.956,1.0,292000000.0,0.234,2063000000.0,71000000.0,7497000000.0,,783000000.0,368000000.0,0.0,368000000.0,6916000000.0,2027000000.0,4889000000.0,6838952445.0,-26000000.0,212000000.0,1000000.0,-403000000.0,0.0,-402000000.0,152000000.0,4000000.0,224000000.0,0.0,-107000000.0,-107000000.0,-107000000.0,0.0,0.0,-0.086,554000000.0,-262000000.0,139000000.0,-0.339,3.749,93.684,89.195,3350000000.0,0.0,36.57,1.456,1.402,445000000.0,1553000000.0,1246000000.0,1246000000.0,0.0,,,,,14000000.0,79000000.0,1.0,187009911.0,180000000,171000000.0,6.922,6698000000.0,982000000.0,-146000000.0,399000000.0,37.211,-538000000.0
27,HOT,MRQ,2009-09-30,2009-09-30,2009-09-30,2021-08-25,-307000000.0,9274000000.0,,1798000000.0,7476000000.0,,10.672,-32000000.0,148000000.0,148000000.0,904000000.0,40000000.0,0.913,3.817,3362000000.0,5000000.0,3357000000.0,3362000000.0,0.0,82000000.0,0.0,0.027,0.0,64000000.0,146000000.0,0.126,146000000.0,64000000.0,4000000.0,0.22,0.22,0.22,1921000000.0,,1921000000.0,9803072223.0,34.0,16.071,91000000.0,0.506,1.0,252000000.0,0.218,2190000000.0,60000000.0,8329000000.0,,1048000000.0,335000000.0,0.0,335000000.0,7332000000.0,1969000000.0,5363000000.0,6171072223.0,34000000.0,94000000.0,1000000.0,-401000000.0,-1000000.0,-149000000.0,59000000.0,4000000.0,123000000.0,1000000.0,40000000.0,40000000.0,40000000.0,0.0,0.0,0.035,189000000.0,63000000.0,130000000.0,0.0,3.212,23.827,22.938,3475000000.0,0.0,33.03,1.333,1.284,466000000.0,1698000000.0,1156000000.0,1156000000.0,0.0,,,,,13000000.0,84000000.0,1.0,186832341.0,180000000,185000000.0,6.422,7084000000.0,753000000.0,-36000000.0,389000000.0,39.356,-171000000.0
28,HOT,MRQ,2009-06-30,2009-06-30,2009-06-30,2021-08-25,-357000000.0,9304000000.0,,1780000000.0,7524000000.0,,10.056,-50000000.0,120000000.0,120000000.0,909000000.0,134000000.0,0.793,4.128,3752000000.0,330000000.0,3422000000.0,3752000000.0,0.0,79000000.0,0.0,0.041,0.0,75000000.0,154000000.0,0.132,154000000.0,75000000.0,22000000.0,0.75,0.74,0.75,1810000000.0,,1810000000.0,7943771991.0,19.0,10.648,206000000.0,1.144,1.0,258000000.0,0.221,2237000000.0,53000000.0,8455000000.0,,1035000000.0,345000000.0,0.0,345000000.0,7472000000.0,2244000000.0,5228000000.0,4143771991.0,3000000.0,4000000.0,0.0,-204000000.0,0.0,-226000000.0,-32000000.0,15000000.0,256000000.0,5000000.0,134000000.0,134000000.0,134000000.0,0.0,0.0,0.115,180000000.0,78000000.0,142000000.0,0.0,2.289,12.481,12.0,3593000000.0,0.0,22.2,0.827,0.798,476000000.0,1657000000.0,1167000000.0,1167000000.0,0.0,,,,,15000000.0,78000000.0,1.0,186656396.0,180000000,183000000.0,6.483,7067000000.0,734000000.0,-112000000.0,421000000.0,39.261,-464000000.0
29,HOT,MRQ,2009-03-31,2009-03-31,2009-03-31,2021-08-25,-449000000.0,9302000000.0,,1864000000.0,7438000000.0,,8.749,-62000000.0,158000000.0,158000000.0,901000000.0,4000000.0,0.975,4.927,3958000000.0,5000000.0,3953000000.0,3958000000.0,0.0,77000000.0,0.0,0.071,0.0,50000000.0,127000000.0,0.113,127000000.0,50000000.0,7000000.0,0.03,0.03,0.03,1566000000.0,,1566000000.0,5840026303.0,11.0,6.674,-94000000.0,-0.525,1.0,226000000.0,0.201,2225000000.0,43000000.0,8966000000.0,,1025000000.0,359000000.0,0.0,359000000.0,7715000000.0,1911000000.0,5804000000.0,2317026303.0,-313000000.0,0.0,0.0,-49000000.0,-164000000.0,-216000000.0,-63000000.0,5000000.0,-32000000.0,-2000000.0,6000000.0,6000000.0,6000000.0,0.0,-2000000.0,0.005,170000000.0,56000000.0,173000000.0,0.0,1.48,7.647,7.605,3540000000.0,0.0,12.7,0.428,0.42,513000000.0,1523000000.0,1127000000.0,1127000000.0,0.0,,,,,11000000.0,73000000.0,1.0,182443016.0,179000000,181000000.0,6.296,7077000000.0,619000000.0,1000000.0,395000000.0,39.536,-47000000.0
30,HOT,MRQ,2008-12-31,2008-12-31,2008-12-31,2021-08-25,-391000000.0,9703000000.0,,2166000000.0,7537000000.0,,9.107,-139000000.0,485000000.0,485000000.0,948000000.0,78000000.0,0.806,4.972,4008000000.0,506000000.0,3502000000.0,4008000000.0,0.0,81000000.0,0.0,0.05,0.9,102000000.0,183000000.0,0.155,183000000.0,102000000.0,45000000.0,0.44,0.44,0.44,1621000000.0,,1621000000.0,7029169499.0,12.0,7.55,37000000.0,0.208,1.0,232000000.0,0.197,2161000000.0,57000000.0,8377000000.0,,986000000.0,372000000.0,0.0,372000000.0,8059000000.0,2688000000.0,5371000000.0,3276169499.0,270000000.0,306000000.0,0.0,-61000000.0,0.0,-60000000.0,141000000.0,-21000000.0,176000000.0,13000000.0,79000000.0,79000000.0,79000000.0,0.0,-1000000.0,0.067,262000000.0,-30000000.0,171000000.0,2.045,2.021,9.958,9.89,3347000000.0,0.0,17.9,0.569,0.563,552000000.0,1517000000.0,1180000000.0,1180000000.0,0.0,,,,,11000000.0,-4000000.0,1.0,183026229.0,178000000,182000000.0,6.629,7542000000.0,639000000.0,-34000000.0,417000000.0,42.371,-522000000.0
31,HOT,MRQ,2008-09-30,2008-09-30,2008-09-30,2021-08-25,-217000000.0,9893000000.0,,2069000000.0,7824000000.0,,10.433,-121000000.0,321000000.0,321000000.0,1108000000.0,114000000.0,0.791,4.268,4074000000.0,541000000.0,3533000000.0,4074000000.0,0.0,83000000.0,0.0,0.032,0.0,199000000.0,282000000.0,0.184,282000000.0,199000000.0,151000000.0,0.63,0.62,0.63,1878000000.0,,1878000000.0,9008116764.0,12.0,8.571,105000000.0,0.583,1.0,427000000.0,0.278,2263000000.0,48000000.0,8766000000.0,,948000000.0,384000000.0,0.0,384000000.0,8015000000.0,2617000000.0,5398000000.0,5254116764.0,4000000.0,14000000.0,-131000000.0,32000000.0,0.0,-105000000.0,-102000000.0,8000000.0,226000000.0,-15000000.0,113000000.0,113000000.0,113000000.0,0.0,1000000.0,0.074,230000000.0,197000000.0,198000000.0,0.0,2.798,13.268,13.211,3717000000.0,0.0,28.14,0.871,0.84,630000000.0,1603000000.0,1535000000.0,1535000000.0,0.0,,,,,19000000.0,113000000.0,1.0,186713460.0,180000000,183000000.0,8.528,7630000000.0,723000000.0,38000000.0,371000000.0,42.389,-548000000.0
32,HOT,MRQ,2008-06-30,2008-06-30,2008-06-30,2021-08-25,-102000000.0,9935000000.0,,1994000000.0,7941000000.0,,10.826,-107000000.0,300000000.0,300000000.0,1154000000.0,106000000.0,0.778,3.987,4054000000.0,571000000.0,3483000000.0,4054000000.0,0.0,81000000.0,0.0,0.022,0.0,202000000.0,283000000.0,0.18,283000000.0,202000000.0,147000000.0,0.57,0.56,0.57,1992000000.0,,1992000000.0,11141754330.0,15.0,10.336,94000000.0,0.511,1.0,419000000.0,0.266,2279000000.0,55000000.0,8847000000.0,,896000000.0,429000000.0,0.0,429000000.0,7943000000.0,2563000000.0,5380000000.0,7480754330.0,-84000000.0,0.0,-132000000.0,-61000000.0,0.0,-182000000.0,-104000000.0,-1000000.0,201000000.0,1000000.0,105000000.0,105000000.0,105000000.0,0.0,1000000.0,0.067,219000000.0,200000000.0,185000000.0,0.0,3.755,18.157,18.812,3810000000.0,0.0,40.07,1.24,1.222,626000000.0,1490000000.0,1573000000.0,1573000000.0,0.0,,,,,4000000.0,138000000.0,1.0,186692147.0,184000000,188000000.0,8.549,7656000000.0,699000000.0,42000000.0,333000000.0,41.609,-569000000.0
33,HOT,MRQ,2008-03-31,2008-03-31,2008-03-31,2021-08-25,-123000000.0,9973000000.0,,2046000000.0,7927000000.0,,10.56,-109000000.0,454000000.0,454000000.0,1103000000.0,31000000.0,1.003,4.133,4115000000.0,4000000.0,4111000000.0,4115000000.0,0.0,78000000.0,0.0,0.017,0.0,105000000.0,183000000.0,0.125,183000000.0,105000000.0,58000000.0,0.17,0.17,0.17,1943000000.0,,1943000000.0,12980693740.0,17.0,11.986,-66000000.0,-0.359,1.0,363000000.0,0.248,2295000000.0,47000000.0,9300000000.0,,804000000.0,425000000.0,0.0,425000000.0,8030000000.0,2039000000.0,5991000000.0,9743693740.0,48000000.0,0.0,-210000000.0,502000000.0,-172000000.0,104000000.0,-107000000.0,19000000.0,43000000.0,8000000.0,32000000.0,32000000.0,32000000.0,0.0,-1000000.0,0.022,218000000.0,145000000.0,190000000.0,0.0,5.015,21.557,23.0,3840000000.0,0.0,51.75,1.615,1.578,625000000.0,1385000000.0,1466000000.0,1466000000.0,0.0,,,,,18000000.0,130000000.0,1.0,188283937.0,184000000,189000000.0,7.967,7678000000.0,747000000.0,26000000.0,405000000.0,41.728,7000000.0
34,HOT,MRQ,2007-12-31,2007-12-31,2007-12-31,2021-08-25,-147000000.0,9622000000.0,,1824000000.0,7798000000.0,,10.869,-138000000.0,347000000.0,347000000.0,1098000000.0,147000000.0,0.868,3.635,3595000000.0,5000000.0,3590000000.0,3595000000.0,0.0,80000000.0,0.0,0.02,0.9,223000000.0,303000000.0,0.208,303000000.0,223000000.0,184000000.0,0.76,0.73,0.76,2076000000.0,,2076000000.0,11529307370.0,13.0,9.787,126000000.0,0.66,1.0,358000000.0,0.246,2302000000.0,39000000.0,8467000000.0,,714000000.0,423000000.0,0.0,423000000.0,7546000000.0,2101000000.0,5445000000.0,8768307370.0,-30000000.0,52000000.0,-632000000.0,424000000.0,0.0,-209000000.0,-86000000.0,11000000.0,264000000.0,1000000.0,146000000.0,146000000.0,146000000.0,0.0,1000000.0,0.1,157000000.0,201000000.0,201000000.0,1.184,4.224,16.178,16.491,3850000000.0,0.0,44.03,1.462,1.49,627000000.0,1353000000.0,1456000000.0,1456000000.0,0.0,,,,,27000000.0,57000000.0,1.0,199143933.0,191000000,199000000.0,7.623,7320000000.0,729000000.0,38000000.0,343000000.0,38.325,-277000000.0
35,HOT,MRQ,2007-09-30,2007-09-30,2007-09-30,2021-08-25,-170000000.0,9452000000.0,,1802000000.0,7650000000.0,,12.818,-100000000.0,401000000.0,401000000.0,1099000000.0,129000000.0,1.034,2.633,3162000000.0,11000000.0,3151000000.0,3162000000.0,0.0,79000000.0,0.0,0.007,0.0,230000000.0,309000000.0,0.201,309000000.0,230000000.0,190000000.0,0.63,0.61,0.63,2602000000.0,,2602000000.0,15217150564.0,16.0,12.382,205000000.0,1.01,1.0,441000000.0,0.286,2302000000.0,40000000.0,8169000000.0,,684000000.0,428000000.0,0.0,428000000.0,6850000000.0,1742000000.0,5108000000.0,12746150564.0,-93000000.0,-2000000.0,-449000000.0,121000000.0,0.0,-329000000.0,-74000000.0,24000000.0,305000000.0,5000000.0,129000000.0,129000000.0,129000000.0,0.0,0.0,0.084,218000000.0,223000000.0,182000000.0,0.0,4.899,21.279,21.094,3823000000.0,0.0,60.75,2.084,2.017,569000000.0,1379000000.0,1540000000.0,1540000000.0,0.0,,,,,23000000.0,115000000.0,1.0,209813178.0,203000000,210000000.0,7.586,7150000000.0,584000000.0,61000000.0,178000000.0,35.222,60000000.0
36,HOT,MRQ,2007-06-30,2007-06-30,2007-06-30,2021-08-25,-203000000.0,9461000000.0,,1921000000.0,7540000000.0,,14.062,-83000000.0,561000000.0,561000000.0,1131000000.0,145000000.0,1.168,2.235,3032000000.0,100000000.0,2932000000.0,3032000000.0,0.0,74000000.0,0.0,0.006,0.0,214000000.0,288000000.0,0.183,288000000.0,214000000.0,178000000.0,0.69,0.67,0.69,2925000000.0,,2925000000.0,16565946406.0,18.0,13.793,74000000.0,0.356,1.0,441000000.0,0.281,2287000000.0,36000000.0,8000000000.0,,626000000.0,445000000.0,0.0,445000000.0,6536000000.0,1645000000.0,4891000000.0,14426946406.0,91000000.0,-30000000.0,-455000000.0,425000000.0,0.0,-19000000.0,-51000000.0,68000000.0,157000000.0,4000000.0,145000000.0,145000000.0,145000000.0,0.0,0.0,0.092,260000000.0,181000000.0,184000000.0,0.0,4.932,23.083,22.507,3787000000.0,0.0,67.07,2.39,2.311,564000000.0,1250000000.0,1572000000.0,1572000000.0,0.0,,,,,8000000.0,129000000.0,1.0,215102824.0,208000000,216000000.0,7.558,7174000000.0,586000000.0,33000000.0,133000000.0,34.49,276000000.0
37,HOT,MRQ,2007-03-31,2007-03-31,2007-03-31,2021-08-25,-245000000.0,9328000000.0,,1821000000.0,7507000000.0,,14.72,-63000000.0,467000000.0,467000000.0,1063000000.0,122000000.0,0.749,2.003,2606000000.0,797000000.0,1809000000.0,2606000000.0,0.0,73000000.0,0.0,0.208,0.0,205000000.0,278000000.0,0.194,278000000.0,205000000.0,173000000.0,0.58,0.56,0.58,3106000000.0,,3106000000.0,16053038648.0,18.0,13.169,95000000.0,0.45,1.0,368000000.0,0.257,2287000000.0,32000000.0,6749000000.0,,602000000.0,463000000.0,0.0,463000000.0,6222000000.0,2431000000.0,3791000000.0,13933038648.0,0.0,39000000.0,-61000000.0,-28000000.0,-90000000.0,-155000000.0,-4000000.0,5000000.0,158000000.0,1000000.0,122000000.0,122000000.0,122000000.0,0.0,0.0,0.085,176000000.0,192000000.0,179000000.0,0.0,4.486,12.011,11.899,3783000000.0,0.0,64.85,2.334,2.292,600000000.0,1105000000.0,1431000000.0,1431000000.0,0.0,,,,,-5000000.0,116000000.0,1.0,214850249.0,211000000,219000000.0,6.782,7041000000.0,583000000.0,51000000.0,202000000.0,33.37,-610000000.0
38,HOT,MRQ,2006-12-31,2006-12-31,2006-12-31,2021-08-25,-228000000.0,9280000000.0,,1810000000.0,7470000000.0,,14.324,-96000000.0,512000000.0,512000000.0,1095000000.0,203000000.0,0.735,2.085,2632000000.0,805000000.0,1827000000.0,2632000000.0,0.0,75000000.0,0.0,0.222,0.42,279000000.0,354000000.0,0.225,354000000.0,279000000.0,239000000.0,0.98,0.95,0.98,3008000000.0,,3008000000.0,15697102000.0,19.0,13.891,122000000.0,0.581,1.0,477000000.0,0.303,2302000000.0,40000000.0,6637000000.0,,566000000.0,436000000.0,0.0,436000000.0,6272000000.0,2461000000.0,3811000000.0,13250102000.0,-132000000.0,30000000.0,44000000.0,-446000000.0,0.0,-389000000.0,32000000.0,92000000.0,218000000.0,7000000.0,203000000.0,203000000.0,203000000.0,0.0,0.0,0.129,212000000.0,265000000.0,179000000.0,0.429,4.405,12.704,12.729,3831000000.0,0.0,62.5,2.216,2.227,593000000.0,948000000.0,1572000000.0,1572000000.0,0.0,,,,,13000000.0,124000000.0,1.0,212001632.0,210000000,220000000.0,7.486,6978000000.0,518000000.0,36000000.0,170000000.0,33.229,-651000000.0
39,HOT,MRQ,2006-09-30,2006-09-30,2006-09-30,2021-08-25,-249000000.0,9366000000.0,,1966000000.0,7400000000.0,,12.972,-78000000.0,627000000.0,627000000.0,1056000000.0,155000000.0,0.896,2.406,3074000000.0,729000000.0,2345000000.0,3074000000.0,0.0,81000000.0,0.0,0.25,0.0,200000000.0,281000000.0,0.192,281000000.0,200000000.0,172000000.0,0.73,0.71,0.73,2750000000.0,,2750000000.0,14650414642.0,18.0,13.011,74000000.0,0.349,1.0,405000000.0,0.277,2331000000.0,28000000.0,7287000000.0,,516000000.0,415000000.0,0.0,415000000.0,6616000000.0,2195000000.0,4421000000.0,12456414642.0,9000000.0,51000000.0,-439000000.0,248000000.0,0.0,-169000000.0,25000000.0,51000000.0,152000000.0,1000000.0,155000000.0,155000000.0,155000000.0,0.0,0.0,0.106,213000000.0,192000000.0,151000000.0,0.0,4.53,12.469,12.325,3816000000.0,0.0,57.19,2.103,2.047,644000000.0,835000000.0,1461000000.0,1461000000.0,0.0,,,,,8000000.0,115000000.0,1.0,217807565.0,212000000,220000000.0,6.892,7035000000.0,375000000.0,17000000.0,137000000.0,33.184,-229000000.0
40,HOT,MRQ,2006-06-30,2006-06-30,2006-06-30,2021-08-25,-249000000.0,9372000000.0,,1867000000.0,7505000000.0,,13.74,-84000000.0,626000000.0,626000000.0,1099000000.0,680000000.0,0.815,2.173,2820000000.0,742000000.0,2078000000.0,2820000000.0,0.0,77000000.0,0.0,0.237,13.064,229000000.0,306000000.0,0.203,306000000.0,229000000.0,179000000.0,3.16,3.01,3.16,2954000000.0,,2954000000.0,16288069960.0,21.0,14.727,-73000000.0,-0.34,1.0,406000000.0,0.27,2337000000.0,50000000.0,6938000000.0,,407000000.0,411000000.0,0.0,411000000.0,6418000000.0,2291000000.0,4127000000.0,13108069960.0,-454000000.0,1142000000.0,-190000000.0,-1346000000.0,-46000000.0,-1616000000.0,1141000000.0,103000000.0,11000000.0,10000000.0,680000000.0,680000000.0,680000000.0,0.0,0.0,0.452,207000000.0,199000000.0,144000000.0,4.134,4.437,14.845,14.753,4014000000.0,0.0,60.34,2.2,2.177,637000000.0,680000000.0,1505000000.0,1505000000.0,0.0,,,,,-2000000.0,121000000.0,1.0,217236824.0,215000000,226000000.0,7.0,7035000000.0,328000000.0,-501000000.0,254000000.0,32.721,-424000000.0
41,HOT,MRQ,2006-03-31,2006-03-31,2006-03-31,2021-08-25,-318000000.0,12082000000.0,,2151000000.0,9931000000.0,,22.647,-113000000.0,1046000000.0,1046000000.0,1098000000.0,5000000.0,0.993,1.481,4226000000.0,758000000.0,3468000000.0,4226000000.0,0.0,73000000.0,0.0,0.019,0.42,116000000.0,189000000.0,0.131,189000000.0,116000000.0,19000000.0,0.02,0.02,0.02,4869000000.0,,4869000000.0,17571531032.0,22.0,15.187,6000000.0,0.028,1.0,343000000.0,0.238,2299000000.0,97000000.0,10797000000.0,,363000000.0,393000000.0,0.0,393000000.0,7213000000.0,2166000000.0,5047000000.0,14618531032.0,-137000000.0,267000000.0,-322000000.0,85000000.0,-230000000.0,-461000000.0,204000000.0,40000000.0,119000000.0,1000000.0,5000000.0,5000000.0,5000000.0,0.0,0.0,0.003,163000000.0,180000000.0,151000000.0,21.0,3.002,42.007,42.331,3986000000.0,0.0,67.73,2.432,2.422,581000000.0,83000000.0,1441000000.0,1441000000.0,0.0,,,,,-3000000.0,106000000.0,1.0,215835391.0,215000000,225000000.0,6.702,9783000000.0,0.0,14000000.0,628000000.0,45.502,-15000000.0
42,HOT,MRQ,2005-12-31,2005-12-31,2005-12-31,2021-08-25,-322000000.0,12494000000.0,,2283000000.0,10211000000.0,,23.686,-127000000.0,1192000000.0,1192000000.0,1108000000.0,159000000.0,0.793,1.398,4145000000.0,1219000000.0,2926000000.0,4145000000.0,0.0,89000000.0,0.0,0.013,0.84,261000000.0,350000000.0,0.231,350000000.0,261000000.0,203000000.0,0.73,0.7,0.73,5211000000.0,,5211000000.0,17147192623.0,21.0,13.828,-181000000.0,-0.823,1.0,408000000.0,0.269,2315000000.0,58000000.0,10253000000.0,,280000000.0,403000000.0,0.0,403000000.0,7283000000.0,2879000000.0,4404000000.0,14000192623.0,-12000000.0,150000000.0,-146000000.0,-140000000.0,0.0,-287000000.0,339000000.0,293000000.0,-54000000.0,-10000000.0,159000000.0,159000000.0,159000000.0,0.0,0.0,0.105,196000000.0,212000000.0,156000000.0,1.151,2.687,33.176,32.749,4169000000.0,0.0,63.86,2.342,2.318,642000000.0,170000000.0,1516000000.0,1516000000.0,0.0,,,,,4000000.0,96000000.0,1.0,219232581.0,220000000,231000000.0,6.891,10179000000.0,40000000.0,44000000.0,760000000.0,46.268,-596000000.0
43,HOT,MRQ,2005-09-30,2005-09-30,2005-09-30,2021-08-25,-298000000.0,12739000000.0,,2270000000.0,10469000000.0,,24.908,-155000000.0,1160000000.0,1160000000.0,1081000000.0,39000000.0,0.992,1.346,4307000000.0,604000000.0,3703000000.0,4307000000.0,0.0,103000000.0,0.0,0.015,0.0,158000000.0,261000000.0,0.174,261000000.0,158000000.0,99000000.0,0.18,0.17,0.18,5430000000.0,,5430000000.0,15913975071.0,22.0,13.66,433000000.0,1.986,1.0,415000000.0,0.277,2539000000.0,59000000.0,11059000000.0,,281000000.0,408000000.0,0.0,408000000.0,7309000000.0,2288000000.0,5021000000.0,12444975071.0,528000000.0,60000000.0,84000000.0,-38000000.0,0.0,45000000.0,-103000000.0,3000000.0,588000000.0,-2000000.0,39000000.0,39000000.0,39000000.0,1000000.0,0.0,0.026,217000000.0,198000000.0,149000000.0,0.0,2.292,34.284,33.629,6777000000.0,0.0,57.17,2.108,2.111,642000000.0,195000000.0,1496000000.0,1496000000.0,0.0,,,,,6000000.0,98000000.0,1.0,217683664.0,218000000,226000000.0,6.862,10200000000.0,0.0,60000000.0,1082000000.0,46.789,-18000000.0
44,HOT,MRQ,2005-06-30,2005-06-30,2005-06-30,2021-08-25,-320000000.0,12396000000.0,,2001000000.0,10395000000.0,,24.347,-99000000.0,890000000.0,890000000.0,1110000000.0,145000000.0,1.046,1.357,4359000000.0,634000000.0,3725000000.0,4359000000.0,0.0,105000000.0,0.0,0.014,0.0,252000000.0,357000000.0,0.229,357000000.0,252000000.0,192000000.0,0.67,0.65,0.67,5259000000.0,,5259000000.0,16336010643.0,21.0,13.434,72000000.0,0.333,1.0,449000000.0,0.288,2532000000.0,60000000.0,11420000000.0,,316000000.0,432000000.0,0.0,432000000.0,7137000000.0,1913000000.0,5224000000.0,12658010643.0,68000000.0,30000000.0,25000000.0,-36000000.0,0.0,-13000000.0,-82000000.0,-7000000.0,171000000.0,-8000000.0,145000000.0,145000000.0,145000000.0,0.0,0.0,0.093,216000000.0,233000000.0,154000000.0,0.0,2.407,29.369,28.711,6778000000.0,0.0,58.57,2.204,2.203,598000000.0,156000000.0,1559000000.0,1559000000.0,0.0,,,,,15000000.0,94000000.0,1.0,216117648.0,216000000,223000000.0,7.218,9864000000.0,0.0,47000000.0,1009000000.0,45.667,88000000.0
45,HOT,MRQ,2005-03-31,2005-03-31,2005-03-31,2021-08-25,-291000000.0,12290000000.0,,1773000000.0,10517000000.0,,24.052,-83000000.0,719000000.0,719000000.0,1066000000.0,79000000.0,0.922,1.41,4397000000.0,642000000.0,3755000000.0,4397000000.0,0.0,110000000.0,0.0,0.014,0.0,162000000.0,272000000.0,0.193,272000000.0,162000000.0,100000000.0,0.37,0.36,0.37,5099000000.0,,5099000000.0,16523431889.0,22.0,13.897,-24000000.0,-0.113,1.0,340000000.0,0.242,2547000000.0,62000000.0,11499000000.0,,341000000.0,440000000.0,0.0,440000000.0,7191000000.0,1922000000.0,5269000000.0,12754431889.0,-13000000.0,28000000.0,214000000.0,-27000000.0,-176000000.0,2000000.0,-69000000.0,-10000000.0,59000000.0,-5000000.0,79000000.0,79000000.0,79000000.0,0.0,0.0,0.056,191000000.0,149000000.0,156000000.0,0.0,2.501,28.987,28.45,6888000000.0,0.0,60.03,2.299,2.294,544000000.0,11000000.0,1406000000.0,1406000000.0,0.0,,,,,6000000.0,82000000.0,1.0,212467631.0,212000000,221000000.0,6.632,9743000000.0,0.0,21000000.0,995000000.0,45.958,-149000000.0
46,HOT,MRQ,2004-12-31,2004-12-31,2004-12-31,2021-08-25,-255000000.0,12298000000.0,,1683000000.0,10615000000.0,,23.13,-125000000.0,673000000.0,673000000.0,1056000000.0,100000000.0,0.791,1.569,4442000000.0,619000000.0,3823000000.0,4442000000.0,0.0,112000000.0,0.0,0.014,0.84,163000000.0,275000000.0,0.191,275000000.0,163000000.0,102000000.0,0.48,0.46,0.48,4788000000.0,,4788000000.0,16186034382.0,23.0,14.413,76000000.0,0.367,1.0,386000000.0,0.268,2011000000.0,61000000.0,11928000000.0,,371000000.0,453000000.0,0.0,453000000.0,7510000000.0,2128000000.0,5382000000.0,12105034382.0,95000000.0,56000000.0,50000000.0,-72000000.0,0.0,-22000000.0,-91000000.0,-23000000.0,201000000.0,7000000.0,100000000.0,100000000.0,100000000.0,-26000000.0,0.0,0.069,261000000.0,125000000.0,200000000.0,1.75,2.528,30.646,30.576,4341000000.0,0.0,58.4,2.255,2.252,482000000.0,-68000000.0,1442000000.0,1442000000.0,0.0,,,,,16000000.0,87000000.0,1.0,207277986.0,207000000,218000000.0,6.966,10287000000.0,0.0,2000000.0,1023000000.0,49.696,-445000000.0
47,HOT,MRQ,2004-09-30,2004-09-30,2004-09-30,2021-08-25,-346000000.0,12008000000.0,,1355000000.0,10653000000.0,,22.553,-72000000.0,420000000.0,420000000.0,994000000.0,107000000.0,0.882,1.56,4501000000.0,243000000.0,4258000000.0,4501000000.0,0.0,107000000.0,0.0,0.018,0.0,205000000.0,312000000.0,0.234,312000000.0,205000000.0,141000000.0,0.52,0.5,0.52,4691000000.0,,4691000000.0,13714153964.0,20.0,12.422,123000000.0,0.591,1.0,342000000.0,0.256,2509000000.0,64000000.0,12043000000.0,,320000000.0,463000000.0,0.0,463000000.0,7317000000.0,1537000000.0,5780000000.0,9663153964.0,64000000.0,0.0,-114000000.0,62000000.0,0.0,-50000000.0,-80000000.0,-23000000.0,195000000.0,-1000000.0,107000000.0,107000000.0,107000000.0,0.0,0.0,0.08,146000000.0,196000000.0,154000000.0,0.0,2.06,25.296,25.092,6944000000.0,0.0,46.42,1.886,1.885,438000000.0,8000000.0,1336000000.0,1336000000.0,0.0,,,,,0.0,74000000.0,1.0,208167901.0,208000000,215000000.0,6.423,9499000000.0,0.0,34000000.0,1022000000.0,45.668,-182000000.0
48,HOT,MRQ,2004-06-30,2004-06-30,2004-06-30,2021-08-25,-359000000.0,11859000000.0,,1319000000.0,10540000000.0,,22.452,-72000000.0,383000000.0,383000000.0,996000000.0,154000000.0,0.871,1.539,4434000000.0,260000000.0,4174000000.0,4434000000.0,0.0,106000000.0,0.0,0.019,0.0,224000000.0,330000000.0,0.242,330000000.0,224000000.0,159000000.0,0.74,0.72,0.74,4670000000.0,,4670000000.0,13483629906.0,23.0,13.403,47000000.0,0.226,1.0,367000000.0,0.269,2508000000.0,65000000.0,11888000000.0,,292000000.0,441000000.0,0.0,441000000.0,7189000000.0,1514000000.0,5675000000.0,9283629906.0,-70000000.0,18000000.0,13000000.0,-136000000.0,0.0,-128000000.0,-64000000.0,-9000000.0,119000000.0,3000000.0,154000000.0,154000000.0,154000000.0,0.0,0.0,0.113,197000000.0,170000000.0,141000000.0,0.0,1.988,28.742,28.567,6956000000.0,0.0,44.85,1.886,1.895,451000000.0,-99000000.0,1363000000.0,1363000000.0,0.0,,,,,0.0,88000000.0,1.0,206992863.0,208000000,215000000.0,6.553,9351000000.0,0.0,5000000.0,994000000.0,44.957,-195000000.0
49,HOT,MRQ,2004-03-31,2004-03-31,2004-03-31,2021-08-25,-340000000.0,11925000000.0,,1284000000.0,10641000000.0,,21.902,-64000000.0,402000000.0,402000000.0,944000000.0,34000000.0,0.829,1.656,4602000000.0,240000000.0,4362000000.0,4602000000.0,0.0,106000000.0,0.0,0.021,0.0,100000000.0,206000000.0,0.168,206000000.0,100000000.0,36000000.0,0.16,0.16,0.16,4490000000.0,,4490000000.0,12386119955.0,18.0,11.189,-1000000.0,-0.005,1.0,283000000.0,0.231,2515000000.0,64000000.0,12061000000.0,,297000000.0,432000000.0,0.0,432000000.0,7435000000.0,1549000000.0,5886000000.0,8268119955.0,-190000000.0,-65000000.0,120000000.0,-25000000.0,-172000000.0,-73000000.0,-180000000.0,-24000000.0,63000000.0,0.0,34000000.0,34000000.0,34000000.0,0.0,0.0,0.028,189000000.0,94000000.0,163000000.0,0.0,1.841,18.013,17.92,7025000000.0,0.0,40.5,1.733,1.74,443000000.0,-253000000.0,1227000000.0,1227000000.0,0.0,,,,,0.0,82000000.0,1.0,204151110.0,205000000,211000000.0,5.985,9410000000.0,0.0,2000000.0,1067000000.0,45.902,-265000000.0
50,HOT,MRQ,2003-12-31,2003-12-31,2003-12-31,2021-08-25,-334000000.0,11857000000.0,,1225000000.0,10632000000.0,,21.0,-110000000.0,508000000.0,508000000.0,916000000.0,87000000.0,0.762,1.741,4626000000.0,233000000.0,4393000000.0,4626000000.0,0.0,106000000.0,0.0,0.023,0.84,150000000.0,256000000.0,0.214,256000000.0,150000000.0,87000000.0,0.43,0.42,0.43,4326000000.0,,4326000000.0,11288779628.0,24.0,12.446,145000000.0,0.704,1.0,281000000.0,0.235,2488000000.0,63000000.0,11880000000.0,,232000000.0,415000000.0,0.0,415000000.0,7531000000.0,1607000000.0,5924000000.0,7274779628.0,-360000000.0,1042000000.0,-17000000.0,-280000000.0,0.0,-301000000.0,-322000000.0,-209000000.0,255000000.0,8000000.0,87000000.0,87000000.0,87000000.0,2000000.0,0.0,0.073,-63000000.0,344000000.0,171000000.0,1.953,1.682,23.543,23.51,7106000000.0,0.0,35.97,1.571,1.577,381000000.0,-287000000.0,1197000000.0,1197000000.0,0.0,,,,,0.0,41000000.0,1.0,202245750.0,206000000,213000000.0,5.811,9369000000.0,0.0,0.0,1074000000.0,45.481,-382000000.0
51,HOT,MRQ,2003-09-30,2003-09-30,2003-09-30,2021-08-25,-396000000.0,11920000000.0,,1593000000.0,10327000000.0,,21.453,-66000000.0,871000000.0,871000000.0,879000000.0,48000000.0,1.019,1.737,4885000000.0,442000000.0,4443000000.0,4885000000.0,0.0,104000000.0,0.0,0.024,0.0,110000000.0,214000000.0,0.188,214000000.0,110000000.0,41000000.0,0.24,0.23,0.24,4355000000.0,,4355000000.0,11572498513.0,25.0,12.816,223000000.0,1.099,1.0,257000000.0,0.226,2476000000.0,69000000.0,11895000000.0,,201000000.0,400000000.0,0.0,400000000.0,7565000000.0,1563000000.0,6002000000.0,7001498513.0,466000000.0,0.0,22000000.0,-153000000.0,0.0,-132000000.0,308000000.0,-1000000.0,289000000.0,1000000.0,48000000.0,48000000.0,48000000.0,0.0,0.0,0.042,151000000.0,106000000.0,140000000.0,0.0,1.608,22.369,22.597,6946000000.0,0.0,34.8,1.533,1.546,398000000.0,-202000000.0,1136000000.0,1136000000.0,0.0,,,,,0.0,45000000.0,1.0,201192486.0,203000000,208000000.0,5.596,9444000000.0,0.0,-7000000.0,1059000000.0,46.522,30000000.0
52,HOT,MRQ,2003-06-30,2003-06-30,2003-06-30,2021-08-25,-399000000.0,11986000000.0,,1286000000.0,10700000000.0,,21.178,-61000000.0,482000000.0,482000000.0,921000000.0,290000000.0,0.839,1.802,5053000000.0,434000000.0,4619000000.0,5053000000.0,0.0,104000000.0,0.0,0.029,0.0,327000000.0,431000000.0,0.356,431000000.0,327000000.0,254000000.0,1.43,1.41,1.43,4278000000.0,,4278000000.0,10937040204.0,23.0,11.513,20000000.0,0.099,1.0,290000000.0,0.239,2476000000.0,73000000.0,12549000000.0,,212000000.0,405000000.0,0.0,405000000.0,7708000000.0,1532000000.0,6176000000.0,5736040204.0,163000000.0,0.0,11000000.0,-522000000.0,0.0,-518000000.0,595000000.0,-5000000.0,81000000.0,5000000.0,290000000.0,290000000.0,290000000.0,0.0,0.0,0.239,174000000.0,116000000.0,147000000.0,0.0,1.341,18.095,18.327,6968000000.0,0.0,28.59,1.253,1.261,431000000.0,-250000000.0,1211000000.0,1211000000.0,0.0,,,,,0.0,64000000.0,1.0,200630997.0,202000000,205000000.0,5.995,9510000000.0,0.0,-36000000.0,1083000000.0,47.079,-246000000.0
53,HOT,MRQ,2003-03-31,2003-03-31,2003-03-31,2021-08-25,-455000000.0,12109000000.0,,1041000000.0,11068000000.0,,19.59,-65000000.0,304000000.0,304000000.0,867000000.0,-116000000.0,0.504,2.091,5505000000.0,908000000.0,4597000000.0,5505000000.0,0.0,115000000.0,0.0,0.035,0.0,-109000000.0,6000000.0,0.006,6000000.0,-109000000.0,-186000000.0,-0.58,-0.58,-0.58,3918000000.0,,3918000000.0,9854914946.0,22.0,9.359,76000000.0,0.38,1.0,219000000.0,0.202,2576000000.0,77000000.0,12668000000.0,,213000000.0,407000000.0,0.0,407000000.0,8191000000.0,2066000000.0,6125000000.0,4751914946.0,50000000.0,0.0,10000000.0,146000000.0,-170000000.0,-28000000.0,-66000000.0,-1000000.0,141000000.0,3000000.0,-116000000.0,-116000000.0,-116000000.0,1000000.0,0.0,-0.107,333000000.0,-114000000.0,220000000.0,0.0,1.213,22.956,23.324,6925000000.0,0.0,23.79,1.036,1.037,376000000.0,-540000000.0,1086000000.0,1086000000.0,0.0,,,,,0.0,50000000.0,1.0,199744218.0,200000000,200000000.0,5.43,9533000000.0,0.0,-70000000.0,1120000000.0,47.665,-1025000000.0
54,HOT,MRQ,2002-12-31,2002-12-31,2002-12-31,2021-08-25,-474000000.0,12190000000.0,,936000000.0,11254000000.0,,19.886,-91000000.0,216000000.0,216000000.0,1076000000.0,91000000.0,0.439,2.05,5319000000.0,870000000.0,4449000000.0,5319000000.0,0.0,123000000.0,0.0,0.035,0.84,129000000.0,252000000.0,0.222,252000000.0,129000000.0,66000000.0,0.45,0.44,0.45,3997000000.0,,3997000000.0,9853346960.0,14.0,8.436,110000000.0,0.547,1.0,59000000.0,0.052,2570000000.0,63000000.0,12593000000.0,,214000000.0,434000000.0,0.0,434000000.0,8193000000.0,2130000000.0,6063000000.0,4735346960.0,-22000000.0,83000000.0,35000000.0,-83000000.0,0.0,-168000000.0,-55000000.0,-34000000.0,201000000.0,0.0,91000000.0,91000000.0,91000000.0,0.0,0.0,0.08,-46000000.0,105000000.0,171000000.0,1.867,1.185,13.339,13.489,6911000000.0,0.0,23.74,1.032,1.04,398000000.0,-424000000.0,1135000000.0,1135000000.0,0.0,,,,,0.0,-166000000.0,1.0,199467016.0,201000000,205000000.0,5.647,9620000000.0,0.0,-25000000.0,1174000000.0,47.861,-1194000000.0
55,HOT,MRQ,2002-09-30,2002-09-30,2002-09-30,2021-08-25,-496000000.0,12232000000.0,,984000000.0,11248000000.0,,20.124,-95000000.0,229000000.0,229000000.0,770000000.0,52000000.0,0.526,2.024,5347000000.0,589000000.0,4758000000.0,5347000000.0,0.0,129000000.0,0.0,0.009,0.0,132000000.0,261000000.0,0.228,261000000.0,132000000.0,55000000.0,0.26,0.26,0.26,4045000000.0,,4045000000.0,9748268685.0,19.0,9.7,157000000.0,0.781,1.0,377000000.0,0.329,2573000000.0,77000000.0,12907000000.0,,205000000.0,447000000.0,0.0,447000000.0,8187000000.0,1870000000.0,6317000000.0,4447268685.0,20000000.0,-17000000.0,0.0,-194000000.0,0.0,-127000000.0,-109000000.0,0.0,252000000.0,4000000.0,52000000.0,52000000.0,52000000.0,0.0,0.0,0.045,244000000.0,133000000.0,232000000.0,0.0,1.099,21.177,21.442,7747000000.0,0.0,22.3,1.005,1.013,413000000.0,-345000000.0,1147000000.0,1147000000.0,0.0,,,,,0.0,123000000.0,1.0,199429089.0,201000000,204000000.0,5.706,9659000000.0,0.0,3000000.0,1247000000.0,48.055,-886000000.0
56,HOT,MRQ,2002-06-30,2002-06-30,2002-06-30,2021-08-25,-478000000.0,12302000000.0,,984000000.0,11318000000.0,,19.935,-54000000.0,196000000.0,196000000.0,798000000.0,180000000.0,0.376,2.07,5497000000.0,1388000000.0,4109000000.0,5497000000.0,0.0,236000000.0,0.0,0.012,0.0,298000000.0,534000000.0,0.438,534000000.0,298000000.0,191000000.0,0.89,0.87,0.89,4007000000.0,,4007000000.0,11949226150.0,23.0,11.819,199000000.0,0.99,1.0,422000000.0,0.346,2575000000.0,107000000.0,12408000000.0,,209000000.0,437000000.0,0.0,437000000.0,8295000000.0,2620000000.0,5675000000.0,6557226150.0,7000000.0,4000000.0,0.0,-197000000.0,0.0,-197000000.0,-54000000.0,0.0,253000000.0,5000000.0,180000000.0,180000000.0,180000000.0,0.0,0.0,0.148,227000000.0,195000000.0,229000000.0,0.0,1.636,34.879,35.366,7795000000.0,0.0,32.89,1.483,1.495,427000000.0,-397000000.0,1220000000.0,1220000000.0,0.0,,,,,0.0,107000000.0,1.0,199368384.0,201000000,206000000.0,6.07,9727000000.0,0.0,11000000.0,1257000000.0,48.393,-1636000000.0
57,HOT,MRQ,2002-03-31,2002-03-31,2002-03-31,2021-08-25,-536000000.0,12198000000.0,,915000000.0,11283000000.0,,18.825,-56000000.0,174000000.0,174000000.0,760000000.0,32000000.0,0.399,2.24,5566000000.0,1072000000.0,4494000000.0,5566000000.0,0.0,0.0,0.0,0.016,0.0,121000000.0,121000000.0,0.111,121000000.0,121000000.0,45000000.0,0.16,0.16,0.16,3765000000.0,,3765000000.0,12866892412.0,27.0,14.962,0.0,0.0,1.0,326000000.0,0.3,2598000000.0,76000000.0,12699000000.0,,211000000.0,406000000.0,0.0,406000000.0,8433000000.0,2293000000.0,6140000000.0,7464892412.0,-4000000.0,-12000000.0,0.0,21000000.0,-40000000.0,5000000.0,-64000000.0,0.0,56000000.0,-1000000.0,32000000.0,32000000.0,32000000.0,0.0,0.0,0.029,205000000.0,121000000.0,205000000.0,0.0,1.983,64.912,65.982,7735000000.0,0.0,37.61,1.655,1.668,409000000.0,-577000000.0,1086000000.0,1086000000.0,0.0,,,,,0.0,88000000.0,1.0,198481585.0,200000000,205000000.0,5.43,9600000000.0,0.0,13000000.0,1407000000.0,48.0,-1378000000.0
58,HOT,MRQ,2001-12-31,2001-12-31,2001-12-31,2021-08-25,-484000000.0,12461000000.0,,897000000.0,11564000000.0,,18.637,-151000000.0,157000000.0,157000000.0,714000000.0,-54000000.0,0.573,2.326,5559000000.0,310000000.0,5249000000.0,5559000000.0,0.0,127000000.0,0.0,0.027,0.2,-38000000.0,89000000.0,0.092,89000000.0,-38000000.0,-102000000.0,-0.27,-0.26,-0.27,3746000000.0,,3746000000.0,11205801322.0,21.0,10.581,-56000000.0,-0.279,1.0,256000000.0,0.264,2825000000.0,64000000.0,13473000000.0,,219000000.0,400000000.0,0.0,400000000.0,8715000000.0,1565000000.0,7150000000.0,5902801322.0,-46000000.0,12000000.0,0.0,54000000.0,-40000000.0,19000000.0,-160000000.0,-2000000.0,95000000.0,0.0,-54000000.0,-54000000.0,-54000000.0,0.0,0.0,-0.056,319000000.0,-63000000.0,225000000.0,-0.741,1.576,40.709,41.458,7835000000.0,0.0,29.85,1.274,1.295,432000000.0,-609000000.0,970000000.0,970000000.0,0.0,,,,,0.0,88000000.0,1.0,197748788.0,201000000,203000000.0,4.826,9636000000.0,0.0,-48000000.0,1634000000.0,47.94,-668000000.0
59,HOT,MRQ,2001-09-30,2001-09-30,2001-09-30,2021-08-25,-426000000.0,12682000000.0,,1004000000.0,11678000000.0,,19.43,-122000000.0,204000000.0,204000000.0,758000000.0,30000000.0,0.527,2.264,5507000000.0,592000000.0,4915000000.0,5507000000.0,0.0,134000000.0,0.0,0.035,0.2,133000000.0,267000000.0,0.233,267000000.0,133000000.0,44000000.0,0.15,0.14,0.15,3886000000.0,,3886000000.0,9695664996.0,11.0,6.985,135000000.0,0.675,1.0,389000000.0,0.339,2869000000.0,89000000.0,13210000000.0,,224000000.0,455000000.0,0.0,455000000.0,8796000000.0,1906000000.0,6890000000.0,4387664996.0,-17000000.0,0.0,-54000000.0,-23000000.0,-41000000.0,-123000000.0,-152000000.0,-35000000.0,257000000.0,1000000.0,30000000.0,30000000.0,30000000.0,0.0,0.0,0.026,255000000.0,134000000.0,211000000.0,1.333,1.129,13.296,13.415,7864000000.0,0.0,22.0,0.803,0.805,437000000.0,-514000000.0,1147000000.0,1147000000.0,0.0,,,,,0.0,116000000.0,1.0,199439318.0,200000000,206000000.0,5.735,9813000000.0,0.0,14000000.0,1764000000.0,49.065,-902000000.0
60,HOT,MRQ,2001-06-30,2001-06-30,2001-06-30,2021-08-25,-443000000.0,12713000000.0,,1099000000.0,11614000000.0,,19.532,-110000000.0,221000000.0,221000000.0,815000000.0,107000000.0,0.599,2.238,5529000000.0,564000000.0,4965000000.0,5529000000.0,0.0,130000000.0,0.0,0.02,0.2,253000000.0,383000000.0,0.293,383000000.0,253000000.0,152000000.0,0.53,0.52,0.53,3926000000.0,,3926000000.0,12681278691.0,13.0,8.437,96000000.0,0.478,1.0,492000000.0,0.376,2879000000.0,101000000.0,13308000000.0,,233000000.0,442000000.0,0.0,442000000.0,8787000000.0,1834000000.0,6953000000.0,7409278691.0,-3000000.0,-45000000.0,-6000000.0,38000000.0,-40000000.0,3000000.0,-211000000.0,-45000000.0,206000000.0,-1000000.0,107000000.0,107000000.0,107000000.0,0.0,0.0,0.082,237000000.0,255000000.0,210000000.0,0.377,1.887,18.385,18.64,7810000000.0,0.0,37.28,1.368,1.383,485000000.0,-504000000.0,1307000000.0,1307000000.0,0.0,,,,,0.0,108000000.0,1.0,198746746.0,201000000,207000000.0,6.502,9834000000.0,0.0,45000000.0,1781000000.0,48.925,-735000000.0
61,HOT,MRQ,2001-03-31,2001-03-31,2001-03-31,2021-08-25,-427000000.0,12639000000.0,,1098000000.0,11541000000.0,,19.134,-94000000.0,224000000.0,224000000.0,791000000.0,62000000.0,0.586,2.286,5496000000.0,577000000.0,4919000000.0,5496000000.0,0.0,127000000.0,0.0,0.021,0.2,193000000.0,320000000.0,0.265,320000000.0,193000000.0,93000000.0,0.31,0.3,0.31,3846000000.0,,3846000000.0,12076269537.0,12.0,7.908,103000000.0,0.512,1.0,418000000.0,0.346,2885000000.0,100000000.0,13153000000.0,,235000000.0,399000000.0,0.0,399000000.0,8793000000.0,1873000000.0,6920000000.0,6723269537.0,35000000.0,21000000.0,-36000000.0,-8000000.0,-35000000.0,-61000000.0,-98000000.0,-18000000.0,197000000.0,-3000000.0,62000000.0,62000000.0,62000000.0,0.0,0.0,0.051,225000000.0,193000000.0,215000000.0,0.645,1.748,16.201,16.43,7753000000.0,0.0,34.01,1.28,1.301,497000000.0,-571000000.0,1209000000.0,1209000000.0,0.0,,,,,0.0,99000000.0,1.0,197685079.0,201000000,207000000.0,6.015,9754000000.0,0.0,31000000.0,1799000000.0,48.527,-775000000.0
62,HOT,MRQ,2000-12-31,2000-12-31,2000-12-31,2021-08-25,-353000000.0,12697000000.0,,1085000000.0,11612000000.0,,19.064,-214000000.0,189000000.0,189000000.0,1294000000.0,131000000.0,0.588,2.297,5542000000.0,585000000.0,4957000000.0,5542000000.0,0.0,125000000.0,0.0,0.02,0.172,293000000.0,418000000.0,0.232,418000000.0,293000000.0,187000000.0,0.65,0.64,0.65,3851000000.0,,3851000000.0,12082063345.0,12.0,8.012,19000000.0,0.094,1.0,506000000.0,0.281,2881000000.0,106000000.0,13324000000.0,,238000000.0,412000000.0,0.0,412000000.0,8846000000.0,1845000000.0,7001000000.0,6807063345.0,-91000000.0,25000000.0,-29000000.0,12000000.0,-35000000.0,-58000000.0,-268000000.0,-57000000.0,233000000.0,2000000.0,131000000.0,131000000.0,131000000.0,0.0,0.0,0.073,215000000.0,291000000.0,186000000.0,0.265,1.768,16.891,17.625,7889000000.0,0.0,35.25,1.351,1.413,538000000.0,-592000000.0,1800000000.0,1800000000.0,0.0,,,,,0.0,91000000.0,1.0,193108180.0,202000000,205000000.0,8.911,9816000000.0,0.0,56000000.0,1770000000.0,48.594,-760000000.0
63,HOT,MRQ,2000-09-30,2000-09-30,2000-09-30,2021-08-25,-386000000.0,12576000000.0,,1134000000.0,11442000000.0,,18.369,-104000000.0,242000000.0,242000000.0,616000000.0,103000000.0,0.446,2.372,5517000000.0,1270000000.0,4247000000.0,5517000000.0,0.0,121000000.0,0.0,0.021,0.172,261000000.0,382000000.0,0.347,382000000.0,261000000.0,157000000.0,0.51,0.5,0.51,3729000000.0,,3729000000.0,11402972906.0,12.0,8.221,158000000.0,0.778,1.0,486000000.0,0.441,2927000000.0,104000000.0,12380000000.0,,227000000.0,425000000.0,0.0,425000000.0,8847000000.0,2544000000.0,6303000000.0,6041972906.0,-41000000.0,-16000000.0,-21000000.0,-109000000.0,-35000000.0,-157000000.0,-140000000.0,-19000000.0,262000000.0,-6000000.0,103000000.0,103000000.0,103000000.0,0.0,0.0,0.093,219000000.0,267000000.0,198000000.0,0.337,1.62,21.656,21.853,7642000000.0,0.0,31.25,1.409,1.479,547000000.0,-688000000.0,1102000000.0,1102000000.0,0.0,,,,,0.0,97000000.0,1.0,193343133.0,203000000,207000000.0,5.429,9649000000.0,0.0,54000000.0,1742000000.0,47.532,-1410000000.0
64,HOT,MRQ,2000-06-30,2000-06-30,2000-06-30,2021-08-25,-316000000.0,12700000000.0,,1181000000.0,11519000000.0,,19.097,-124000000.0,283000000.0,283000000.0,628000000.0,119000000.0,0.534,2.41,5644000000.0,964000000.0,4680000000.0,5644000000.0,0.0,118000000.0,0.0,0.02,0.172,289000000.0,407000000.0,0.356,407000000.0,289000000.0,181000000.0,0.6,0.58,0.6,3724000000.0,,3724000000.0,11712538841.0,13.0,8.88,107000000.0,0.549,1.0,514000000.0,0.45,2947000000.0,108000000.0,12904000000.0,,210000000.0,438000000.0,0.0,438000000.0,8976000000.0,2210000000.0,6766000000.0,6192538841.0,-160000000.0,225000000.0,0.0,-485000000.0,-34000000.0,-502000000.0,115000000.0,23000000.0,231000000.0,-4000000.0,119000000.0,119000000.0,119000000.0,0.0,0.0,0.104,229000000.0,285000000.0,194000000.0,0.287,1.663,28.406,28.553,7722000000.0,0.0,32.55,1.494,1.532,560000000.0,-756000000.0,1142000000.0,1142000000.0,0.0,,,,,0.0,111000000.0,1.0,190246969.0,195000000,205000000.0,5.856,9753000000.0,0.0,62000000.0,1739000000.0,50.015,-1029000000.0
65,HOT,MRQ,2000-03-31,2000-03-31,2000-03-31,2021-08-25,-289000000.0,12997000000.0,,1234000000.0,11763000000.0,,18.682,-102000000.0,443000000.0,443000000.0,590000000.0,50000000.0,0.561,2.568,5963000000.0,915000000.0,5048000000.0,5963000000.0,0.0,117000000.0,0.0,0.024,0.172,184000000.0,301000000.0,0.302,301000000.0,184000000.0,79000000.0,0.25,0.25,0.25,3643000000.0,,3643000000.0,10072441554.0,12.0,7.625,-14000000.0,-0.072,1.0,406000000.0,0.408,2950000000.0,105000000.0,13368000000.0,,180000000.0,450000000.0,0.0,450000000.0,9354000000.0,2199000000.0,7155000000.0,4877441554.0,7000000.0,-257000000.0,-19000000.0,345000000.0,-30000000.0,300000000.0,-366000000.0,-4000000.0,88000000.0,-15000000.0,50000000.0,50000000.0,50000000.0,0.0,0.0,0.05,221000000.0,185000000.0,186000000.0,0.688,1.339,20.238,19.808,7735000000.0,0.0,25.75,1.228,1.264,504000000.0,-841000000.0,996000000.0,996000000.0,0.0,,,,,0.0,104000000.0,1.0,189415206.0,195000000,202000000.0,5.108,10047000000.0,0.0,29000000.0,1767000000.0,51.523,-965000000.0
66,HOT,MRQ,1999-12-31,1999-12-31,1999-12-31,2021-08-25,-238000000.0,12925000000.0,,1163000000.0,11762000000.0,,18.636,-211000000.0,436000000.0,436000000.0,604000000.0,7000000.0,0.505,2.503,5631000000.0,988000000.0,4643000000.0,5631000000.0,0.0,99000000.0,0.0,0.026,0.15,198000000.0,297000000.0,0.283,297000000.0,198000000.0,84000000.0,0.07,0.07,0.07,3690000000.0,,3690000000.0,10498861624.0,13.0,8.26,-5000000.0,-0.025,1.0,444000000.0,0.424,2872000000.0,114000000.0,12943000000.0,,167000000.0,442000000.0,0.0,442000000.0,9235000000.0,2305000000.0,6930000000.0,4445861624.0,241000000.0,3240000000.0,-22000000.0,-2861000000.0,-29000000.0,-2950000000.0,3000000000.0,-20000000.0,206000000.0,-15000000.0,7000000.0,7000000.0,7000000.0,0.0,0.0,0.007,49000000.0,395000000.0,205000000.0,2.143,1.205,-6.0,-5.934,7787000000.0,0.0,23.5,1.161,1.16,468000000.0,-856000000.0,1048000000.0,1048000000.0,0.0,,,,,0.0,97000000.0,1.0,189185601.0,198000000,198000000.0,5.293,10053000000.0,0.0,77000000.0,1770000000.0,50.773,-1142000000.0
67,HOT,MRQ,1999-09-30,1999-09-30,1999-09-30,2021-08-25,-205000000.0,13238000000.0,,871000000.0,12367000000.0,,18.978,-120000000.0,195000000.0,195000000.0,587000000.0,42000000.0,0.607,2.75,6248000000.0,233000000.0,6015000000.0,6248000000.0,0.0,117000000.0,0.0,0.05,0.15,197000000.0,314000000.0,0.328,314000000.0,197000000.0,70000000.0,0.22,0.22,0.22,3530000000.0,,3530000000.0,9943724372.0,12.0,7.811,-65000000.0,-0.349,1.0,371000000.0,0.387,2685000000.0,127000000.0,15171000000.0,,63000000.0,380000000.0,0.0,380000000.0,9708000000.0,1435000000.0,8273000000.0,3978724372.0,26000000.0,194000000.0,-42000000.0,96000000.0,-29000000.0,34000000.0,-63000000.0,-11000000.0,55000000.0,0.0,42000000.0,42000000.0,42000000.0,0.0,0.0,0.044,154000000.0,217000000.0,188000000.0,0.682,1.127,-6.665,-7.22,7838000000.0,0.0,22.31,1.085,1.131,536000000.0,-833000000.0,958000000.0,958000000.0,0.0,,,,,0.0,37000000.0,1.0,178338161.0,186000000,195000000.0,5.151,10553000000.0,0.0,28000000.0,1525000000.0,56.737,-564000000.0
68,HOT,MRQ,1999-06-30,1999-06-30,1999-06-30,2021-08-25,-214000000.0,13088000000.0,,817000000.0,12271000000.0,,18.925,-116000000.0,169000000.0,169000000.0,581000000.0,142000000.0,0.591,2.698,6134000000.0,209000000.0,5925000000.0,6134000000.0,0.0,117000000.0,0.0,0.049,0.15,292000000.0,409000000.0,0.422,409000000.0,292000000.0,171000000.0,0.76,0.73,0.76,3539000000.0,,3539000000.0,11443605632.0,18.0,11.014,19000000.0,0.102,1.0,389000000.0,0.401,2717000000.0,121000000.0,14954000000.0,,60000000.0,401000000.0,0.0,401000000.0,9549000000.0,1382000000.0,8167000000.0,5440605632.0,14000000.0,308000000.0,0.0,-47000000.0,-29000000.0,-79000000.0,-42000000.0,-7000000.0,135000000.0,0.0,142000000.0,142000000.0,142000000.0,0.0,0.0,0.146,114000000.0,275000000.0,172000000.0,0.197,1.537,-7.556,-8.171,7712000000.0,0.0,30.56,1.514,1.59,510000000.0,-846000000.0,970000000.0,970000000.0,0.0,,,,,0.0,38000000.0,1.0,178030289.0,187000000,196000000.0,5.187,10371000000.0,0.0,29000000.0,1522000000.0,55.46,-565000000.0
69,HOT,MRQ,1999-03-31,1999-03-31,1999-03-31,2021-08-25,-191000000.0,13137000000.0,,787000000.0,12350000000.0,,18.111,-74000000.0,180000000.0,180000000.0,541000000.0,-932000000.0,0.532,2.818,6183000000.0,241000000.0,5942000000.0,6183000000.0,0.0,119000000.0,0.0,0.065,0.15,132000000.0,251000000.0,0.294,251000000.0,132000000.0,10000000.0,-4.9,-4.9,-4.9,3441000000.0,,3441000000.0,13566250206.0,19.0,11.963,-13000000.0,-0.068,1.0,312000000.0,0.366,2728000000.0,122000000.0,14934000000.0,,58000000.0,387000000.0,0.0,387000000.0,9696000000.0,1478000000.0,8218000000.0,5051250206.0,-2000000.0,0.0,0.0,-292000000.0,-29000000.0,-340000000.0,277000000.0,9000000.0,61000000.0,0.0,-932000000.0,-932000000.0,-932000000.0,0.0,0.0,-1.093,182000000.0,130000000.0,178000000.0,-0.031,1.468,-8.069,-8.525,7745000000.0,0.0,28.56,1.415,1.52,465000000.0,-959000000.0,853000000.0,853000000.0,0.0,,,,,0.0,48000000.0,1.0,176864503.0,190000000,190000000.0,4.489,10409000000.0,0.0,942000000.0,1523000000.0,54.784,-691000000.0
70,HOT,MRQ,1998-12-31,1998-12-31,1998-12-31,2021-08-25,-120000000.0,13417000000.0,,774000000.0,12643000000.0,,23.957,-57000000.0,157000000.0,157000000.0,560000000.0,151000000.0,0.443,2.011,6489000000.0,687000000.0,5802000000.0,6489000000.0,0.0,69000000.0,0.0,0.075,0.67,230000000.0,299000000.0,0.337,299000000.0,230000000.0,128000000.0,0.83,0.76,0.83,4456000000.0,,4456000000.0,12449008618.0,8.0,6.178,19000000.0,0.102,1.0,327000000.0,0.369,2714000000.0,102000000.0,15288000000.0,,58000000.0,379000000.0,0.0,379000000.0,8961000000.0,1747000000.0,7214000000.0,4291008618.0,-22000000.0,2854000000.0,-28000000.0,370000000.0,-108000000.0,-168000000.0,70000000.0,10000000.0,76000000.0,0.0,151000000.0,151000000.0,151000000.0,-59000000.0,0.0,0.17,75000000.0,252000000.0,169000000.0,0.807,0.963,3.296,3.387,7877000000.0,0.0,22.69,1.308,1.328,484000000.0,2000000.0,887000000.0,887000000.0,0.0,,,,,0.0,42000000.0,1.0,189114527.0,186000000,194000000.0,4.769,10703000000.0,0.0,-23000000.0,712000000.0,57.543,-973000000.0
71,HOT,MRQ,1998-09-30,1998-09-30,1998-09-30,2021-08-25,-103000000.0,16227000000.0,,1195000000.0,15032000000.0,,20.226,-164000000.0,260000000.0,260000000.0,545000000.0,-81000000.0,0.466,3.032,8418000000.0,982000000.0,7436000000.0,8418000000.0,0.0,105000000.0,0.0,0.066,0.52,-25000000.0,80000000.0,0.09,80000000.0,-25000000.0,-183000000.0,-0.43,-0.43,-0.43,4025000000.0,,4025000000.0,13331299330.0,21.0,14.048,-79000000.0,-0.397,1.0,339000000.0,0.383,3602000000.0,158000000.0,18218000000.0,,67000000.0,360000000.0,0.0,360000000.0,12202000000.0,2565000000.0,9637000000.0,5745299330.0,-220000000.0,-9000000.0,-343000000.0,326000000.0,-104000000.0,-53000000.0,-252000000.0,56000000.0,85000000.0,0.0,-81000000.0,-81000000.0,-81000000.0,27000000.0,0.0,-0.092,357000000.0,-18000000.0,271000000.0,-1.209,1.427,10.861,29.212,9853000000.0,0.0,30.38,-49.105,-51.672,1048000000.0,1619000000.0,884000000.0,884000000.0,0.0,,,,,0.0,67000000.0,1.0,189114527.0,199000000,199000000.0,4.442,12625000000.0,0.0,-102000000.0,585000000.0,63.442,-1370000000.0
72,HOT,MRQ,1998-06-30,1998-06-30,1998-06-30,2021-08-25,-148000000.0,16253000000.0,,1289000000.0,14964000000.0,,24.667,-133000000.0,487000000.0,487000000.0,567000000.0,236000000.0,0.533,2.278,8073000000.0,988000000.0,7085000000.0,8073000000.0,0.0,131000000.0,0.0,0.039,0.52,373000000.0,504000000.0,0.533,504000000.0,373000000.0,262000000.0,1.15,1.1,1.15,4958000000.0,,4958000000.0,16952122799.0,21.0,15.932,-219000000.0,-1.09,1.0,378000000.0,0.4,3554000000.0,111000000.0,17866000000.0,,69000000.0,363000000.0,0.0,363000000.0,11295000000.0,2419000000.0,8876000000.0,9136122799.0,181000000.0,-79000000.0,0.0,5000000.0,-109000000.0,-186000000.0,453000000.0,36000000.0,-86000000.0,0.0,236000000.0,236000000.0,236000000.0,9000000.0,0.0,0.25,190000000.0,188000000.0,237000000.0,0.452,1.843,13.677,25.031,9714000000.0,0.0,48.31,19.992,21.248,964000000.0,31000000.0,945000000.0,945000000.0,0.0,,,,,0.0,59000000.0,1.0,189114527.0,201000000,213000000.0,4.701,12699000000.0,0.0,26000000.0,703000000.0,63.179,-1130000000.0
73,HOT,MRQ,1998-03-31,1998-03-31,1998-03-31,2021-08-25,-134000000.0,16232000000.0,,1074000000.0,15158000000.0,,25.372,-73000000.0,293000000.0,293000000.0,358000000.0,996000000.0,0.37,2.403,8109000000.0,1365000000.0,6744000000.0,8109000000.0,0.0,73000000.0,0.0,0.033,0.0,1059000000.0,1132000000.0,2.004,1132000000.0,1059000000.0,1006000000.0,5.25,5.17,5.25,4770000000.0,,4770000000.0,11386027175.0,15.0,11.63,-401000000.0,-2.133,1.0,207000000.0,0.366,3473000000.0,53000000.0,17669000000.0,,69000000.0,389000000.0,0.0,389000000.0,11462000000.0,2906000000.0,8556000000.0,9843475175.0,92000000.0,28000000.0,0.0,1144000000.0,-3036000000.0,-1649000000.0,2069000000.0,54000000.0,-328000000.0,0.0,996000000.0,996000000.0,996000000.0,23000000.0,0.0,1.763,115000000.0,92000000.0,277000000.0,0.0,2.064,15.649,22.74,9852000000.0,0.0,53.44,9.903,10.107,955000000.0,27000000.0,565000000.0,565000000.0,0.0,,,,,0.0,42000000.0,1.0,184196766.0,188000000,191000000.0,3.005,12759000000.0,0.0,10000000.0,606000000.0,67.867,-1832000000.0
74,HOT,MRQ,1997-12-31,1997-12-31,1997-12-31,2021-08-25,-135000000.0,8525000000.0,,793000000.0,7732000000.0,,21.778,529000000.0,201000000.0,201000000.0,-2126000000.0,-622000000.0,0.329,2.107,1968000000.0,898000000.0,1070000000.0,1968000000.0,0.0,1000000.0,0.0,0.03,0.96,-768000000.0,-767000000.0,0.305,-767000000.0,-768000000.0,-714000000.0,-4.93,-4.89,-4.93,2744000000.0,,2744000000.0,,,,-340000000.0,-2.698,1.0,-385000000.0,0.153,1257000000.0,-54000000.0,6625000000.0,,63000000.0,368000000.0,0.0,368000000.0,5781000000.0,2410000000.0,3371000000.0,10661308816.0,-210000000.0,-172000000.0,0.0,122000000.0,0.0,127000000.0,530000000.0,-1448000000.0,-869000000.0,2000000.0,-622000000.0,-622000000.0,-622000000.0,26000000.0,0.0,0.248,358000000.0,-743000000.0,273000000.0,-0.195,3.885,-35.776,-24.525,4832000000.0,0.0,57.88,6.051,4.139,424000000.0,-57000000.0,-2511000000.0,-2511000000.0,0.0,,,,,0.0,-348000000.0,1.0,184196766.0,126000000,120000000.0,-19.929,7268000000.0,0.0,-92000000.0,97000000.0,57.683,-1617000000.0
75,HOT,MRQ,1997-09-30,1997-09-30,1997-09-30,2021-08-25,,,,,,,,-292000000.0,,,1110000000.0,58000000.0,,,,,,,,64000000.0,,0.026,0.39,131000000.0,195000000.0,0.134,195000000.0,131000000.0,104000000.0,0.46,0.45,0.46,,,,,,,-97000000.0,-0.77,1.0,348000000.0,0.239,,27000000.0,,,,,,,,,,,111000000.0,-255000000.0,0.0,530000000.0,0.0,550000000.0,-631000000.0,-27000000.0,195000000.0,-3000000.0,58000000.0,58000000.0,58000000.0,-15000000.0,0.0,0.04,229000000.0,119000000.0,,0.848,,,,,0.0,57.5,,,,,1458000000.0,1458000000.0,0.0,,,,,0.0,151000000.0,1.0,,126000000,128000000.0,11.571,,,46000000.0,,,
76,HOT,MRQ,1997-06-30,1997-06-30,1997-06-30,2021-08-25,,,,,,,,-288000000.0,,,1106000000.0,197000000.0,,,,,,,,66000000.0,,0.034,0.39,353000000.0,419000000.0,0.283,419000000.0,353000000.0,333000000.0,1.57,1.55,1.57,,,,,,,-375000000.0,-3.0,1.0,376000000.0,0.254,,20000000.0,,,,,,,,,,,0.0,-194000000.0,0.0,-780000000.0,0.0,-777000000.0,969000000.0,1526000000.0,-87000000.0,2000000.0,197000000.0,197000000.0,197000000.0,-14000000.0,0.0,0.133,235000000.0,141000000.0,,0.248,,,,,0.0,42.75,,,,,1482000000.0,1482000000.0,0.0,,,,,0.0,170000000.0,1.0,,125000000,127000000.0,11.856,,,136000000.0,,,
77,HOT,MRQ,1997-03-31,1997-03-31,1997-03-31,2021-08-25,,,,,,,,-182000000.0,,,1026000000.0,69000000.0,,,,,,,,68000000.0,,0.034,0.0,156000000.0,224000000.0,0.168,224000000.0,156000000.0,133000000.0,0.55,0.54,0.55,,,,,,,-117000000.0,-0.936,1.0,307000000.0,0.23,,23000000.0,,,,,,,,,,,0.0,334000000.0,0.0,-327000000.0,0.0,-325000000.0,264000000.0,0.0,65000000.0,-4000000.0,69000000.0,69000000.0,69000000.0,0.0,0.0,0.052,310000000.0,-3000000.0,,0.0,,,,,0.0,40.5,,,,,1333000000.0,1333000000.0,0.0,,,,,0.0,164000000.0,1.0,,125000000,127000000.0,10.664,,,64000000.0,,,
78,HOT,MRQ,1996-12-31,1996-12-31,1996-12-31,2021-08-25,0.0,1312740000.0,,,,,4.741,,25426000.0,25426000.0,,,,1.215,479566000.0,,,479566000.0,0.0,,0.0,0.037,0.72,,,,,,,,,,592661000.0,,592661000.0,,,,,,1.0,,,0.0,,1766880000.0,,0.0,1216293000.0,,,720079000.0,,,,,,,,,,,,,,,,,,,,,,76554000.0,,,,18.466,0.0,,36.747,,1.567,43278000.0,-235901000.0,,,,,,,,,,1.0,,125000000,,,1312740000.0,0.0,,0.0,10.502,
0,HOT,MRT,2016-06-30,2016-06-30,2016-06-30,2021-08-25,-468000000.0,6922000000.0,7952000000.0,2353000000.0,4569000000.0,0.694,1.036,-222000000.0,1594000000.0,1594000000.0,4047000000.0,81000000.0,1.19,38.764,2414000000.0,34000000.0,2380000000.0,2414000000.0,0.0,273000000.0,0.0,0.02,1.5,405000000.0,678000000.0,0.123,678000000.0,405000000.0,305000000.0,0.5,0.48,0.5,174000000.0,1016250000.0,174000000.0,13797308996.0,34.0,20.35,518000000.0,3.083,1.0,1470000000.0,0.266,1769000000.0,100000000.0,3995000000.0,5003250000.0,15000000.0,178000000.0,0.0,178000000.0,6745000000.0,1978000000.0,4767000000.0,12537308996.0,840000000.0,525000000.0,-140000000.0,214000000.0,-257000000.0,-204000000.0,313000000.0,-40000000.0,740000000.0,-9000000.0,81000000.0,81000000.0,81000000.0,0.0,0.0,0.015,873000000.0,597000000.0,74000000.0,3.0,72.053,154.782,147.9,1478000000.0,0.0,73.95,2.272,2.252,630000000.0,505000000.0,5517000000.0,5517000000.0,0.0,0.01,0.08,0.081,0.073,50000000.0,377000000.0,1.0,169537647.0,168000000,168000000.0,32.839,5153000000.0,694000000.0,224000000.0,313000000.0,30.673,375000000.0
1,HOT,MRT,2016-03-31,2016-03-31,2016-03-31,2021-08-25,-645000000.0,8444000000.0,8234750000.0,2480000000.0,5964000000.0,0.669,8.048,-245000000.0,1248000000.0,1248000000.0,4053000000.0,480000000.0,1.112,5.281,2508000000.0,79000000.0,2429000000.0,2508000000.0,0.0,281000000.0,0.0,0.018,1.5,752000000.0,1033000000.0,0.187,1033000000.0,752000000.0,650000000.0,2.86,2.83,2.86,1344000000.0,1308000000.0,1344000000.0,15336641043.0,20.0,14.847,638000000.0,3.82,1.0,1459000000.0,0.265,1948000000.0,102000000.0,5526000000.0,5330500000.0,355000000.0,197000000.0,0.0,197000000.0,7097000000.0,2230000000.0,4867000000.0,14079641043.0,607000000.0,738000000.0,-243000000.0,-260000000.0,-263000000.0,-785000000.0,510000000.0,-29000000.0,883000000.0,-1000000.0,480000000.0,480000000.0,480000000.0,0.0,0.0,0.087,764000000.0,695000000.0,115000000.0,0.524,10.476,29.333,29.171,2068000000.0,0.0,83.43,2.554,2.528,829000000.0,1872000000.0,5512000000.0,5512000000.0,0.0,0.058,0.367,0.141,0.136,49000000.0,383000000.0,1.0,168759931.0,167000000,168000000.0,33.006,6496000000.0,757000000.0,170000000.0,343000000.0,38.898,250000000.0
2,HOT,MRT,2015-12-31,2015-12-31,2015-12-31,2021-08-25,-668000000.0,8257000000.0,8156000000.0,2295000000.0,5962000000.0,0.707,7.669,-261000000.0,1041000000.0,1041000000.0,4255000000.0,489000000.0,1.026,5.369,2176000000.0,32000000.0,2144000000.0,2176000000.0,0.0,280000000.0,0.0,0.022,1.5,780000000.0,1060000000.0,0.184,1060000000.0,780000000.0,669000000.0,2.9,2.88,2.9,1296000000.0,1306750000.0,1296000000.0,12975939029.0,17.0,12.241,629000000.0,3.722,1.0,1508000000.0,0.262,1744000000.0,111000000.0,5412000000.0,5450250000.0,15000000.0,170000000.0,0.0,170000000.0,6958000000.0,2236000000.0,4722000000.0,11707939029.0,113000000.0,701000000.0,-358000000.0,-595000000.0,-259000000.0,-1227000000.0,467000000.0,8000000.0,890000000.0,-17000000.0,489000000.0,489000000.0,489000000.0,0.0,0.0,0.085,769000000.0,739000000.0,86000000.0,0.517,9.034,23.943,23.89,1673000000.0,0.0,69.28,2.032,2.032,575000000.0,1847000000.0,5763000000.0,5763000000.0,0.0,0.06,0.374,0.143,0.135,43000000.0,388000000.0,1.0,168994501.0,169000000,170000000.0,34.101,6513000000.0,714000000.0,180000000.0,317000000.0,38.538,59000000.0
3,HOT,MRT,2015-09-30,2015-09-30,2015-09-30,2021-08-25,-636000000.0,8185000000.0,8256500000.0,2368000000.0,5817000000.0,0.676,7.446,-260000000.0,1093000000.0,1093000000.0,4097000000.0,557000000.0,0.955,5.54,2361000000.0,350000000.0,2011000000.0,2361000000.0,0.0,284000000.0,0.0,0.032,2.125,795000000.0,1079000000.0,0.193,1079000000.0,795000000.0,688000000.0,3.22,3.19,3.22,1251000000.0,1364000000.0,1251000000.0,12897815532.0,16.0,11.953,732000000.0,4.357,1.0,1486000000.0,0.266,1894000000.0,107000000.0,5080000000.0,5641750000.0,256000000.0,187000000.0,0.0,187000000.0,6931000000.0,2479000000.0,4452000000.0,11326815532.0,612000000.0,1281000000.0,-921000000.0,-88000000.0,-369000000.0,-1389000000.0,1024000000.0,11000000.0,992000000.0,-15000000.0,557000000.0,557000000.0,557000000.0,0.0,0.0,0.1,736000000.0,750000000.0,102000000.0,0.66,9.054,20.335,20.646,2185000000.0,0.0,66.48,2.029,2.0,847000000.0,1787000000.0,5583000000.0,5583000000.0,0.0,0.067,0.408,0.141,0.142,41000000.0,401000000.0,1.0,170379295.0,168000000,169000000.0,33.232,6291000000.0,770000000.0,131000000.0,340000000.0,37.446,-111000000.0
4,HOT,MRT,2015-06-30,2015-06-30,2015-06-30,2021-08-25,-598000000.0,8053000000.0,8316750000.0,2095000000.0,5958000000.0,0.678,7.935,-265000000.0,777000000.0,777000000.0,4158000000.0,578000000.0,0.87,5.003,2348000000.0,356000000.0,1992000000.0,2348000000.0,0.0,287000000.0,0.0,0.034,2.75,826000000.0,1113000000.0,0.197,1113000000.0,826000000.0,721000000.0,3.29,3.25,3.29,1341000000.0,1588250000.0,1341000000.0,15982142496.0,19.0,14.36,653000000.0,3.864,1.0,1484000000.0,0.263,1912000000.0,105000000.0,5304000000.0,5977000000.0,246000000.0,204000000.0,0.0,204000000.0,6709000000.0,2408000000.0,4301000000.0,13857142496.0,138000000.0,1048000000.0,-1674000000.0,628000000.0,-487000000.0,-1557000000.0,794000000.0,20000000.0,918000000.0,-17000000.0,578000000.0,578000000.0,578000000.0,0.0,0.0,0.102,700000000.0,784000000.0,94000000.0,0.836,10.333,23.974,24.647,2320000000.0,0.0,81.09,2.456,2.429,912000000.0,1863000000.0,5642000000.0,5642000000.0,0.0,0.069,0.364,0.138,0.146,46000000.0,395000000.0,1.0,170885960.0,169000000,170000000.0,33.385,6141000000.0,750000000.0,143000000.0,296000000.0,36.337,-313000000.0
5,HOT,MRT,2015-03-31,2015-03-31,2015-03-31,2021-08-25,-618000000.0,8129000000.0,8490000000.0,1937000000.0,6192000000.0,0.7,7.876,-292000000.0,632000000.0,632000000.0,4389000000.0,595000000.0,0.832,5.069,2757000000.0,362000000.0,2395000000.0,2757000000.0,0.0,284000000.0,0.0,0.04,3.375,880000000.0,1164000000.0,0.196,1164000000.0,880000000.0,778000000.0,3.3,3.26,3.3,1339000000.0,2038500000.0,1339000000.0,16261287928.0,18.0,13.97,606000000.0,3.565,1.0,1551000000.0,0.261,1922000000.0,102000000.0,6005000000.0,6117750000.0,242000000.0,202000000.0,0.0,202000000.0,6787000000.0,2327000000.0,4460000000.0,14336287928.0,-84000000.0,551000000.0,-1731000000.0,1021000000.0,-609000000.0,-1248000000.0,285000000.0,31000000.0,898000000.0,-19000000.0,595000000.0,595000000.0,595000000.0,0.0,0.0,0.1,692000000.0,859000000.0,107000000.0,1.023,10.707,24.095,25.303,2487000000.0,0.0,83.5,2.414,2.39,941000000.0,1896000000.0,5940000000.0,5940000000.0,0.0,0.07,0.292,0.144,0.148,43000000.0,398000000.0,1.0,171692071.0,170000000,171000000.0,34.941,6207000000.0,734000000.0,183000000.0,276000000.0,36.512,-390000000.0
6,HOT,MRT,2014-12-31,2014-12-31,2014-12-31,2021-08-25,-508000000.0,8659000000.0,8645750000.0,2321000000.0,6338000000.0,0.692,8.243,-327000000.0,1019000000.0,1019000000.0,4419000000.0,633000000.0,0.947,4.676,2944000000.0,370000000.0,2574000000.0,2944000000.0,0.0,283000000.0,0.0,0.049,4.0,866000000.0,1149000000.0,0.192,1149000000.0,866000000.0,772000000.0,3.43,3.4,3.43,1525000000.0,2533000000.0,1525000000.0,16401101760.0,19.0,14.274,667000000.0,3.605,1.0,1564000000.0,0.261,1956000000.0,94000000.0,6178000000.0,6026750000.0,236000000.0,214000000.0,0.0,214000000.0,7131000000.0,2450000000.0,4681000000.0,14477101760.0,319000000.0,755000000.0,-1609000000.0,1182000000.0,-735000000.0,-1087000000.0,421000000.0,4000000.0,994000000.0,-9000000.0,633000000.0,633000000.0,633000000.0,0.0,0.0,0.106,714000000.0,850000000.0,101000000.0,1.166,9.493,22.871,23.636,2634000000.0,0.0,81.07,2.42,2.507,935000000.0,1984000000.0,5983000000.0,5983000000.0,0.0,0.073,0.25,0.144,0.145,43000000.0,402000000.0,1.0,178575327.0,185000000,186000000.0,32.341,6703000000.0,795000000.0,139000000.0,294000000.0,36.232,-129000000.0
7,HOT,MRT,2014-09-30,2014-09-30,2014-09-30,2021-08-25,-417000000.0,8426000000.0,8671500000.0,1752000000.0,6674000000.0,0.691,11.611,-366000000.0,514000000.0,514000000.0,4453000000.0,527000000.0,0.907,2.922,2438000000.0,84000000.0,2354000000.0,2438000000.0,0.0,282000000.0,0.0,0.052,4.35,798000000.0,1080000000.0,0.18,1080000000.0,798000000.0,702000000.0,2.81,2.78,2.81,2148000000.0,2991750000.0,2148000000.0,16929428649.0,21.0,15.675,623000000.0,3.368,1.0,1543000000.0,0.257,1998000000.0,96000000.0,6421000000.0,5901750000.0,198000000.0,233000000.0,0.0,233000000.0,6276000000.0,1931000000.0,4345000000.0,15853428649.0,-240000000.0,298000000.0,-1058000000.0,634000000.0,-815000000.0,-1165000000.0,-60000000.0,4000000.0,989000000.0,-4000000.0,527000000.0,527000000.0,527000000.0,0.0,0.0,0.088,775000000.0,768000000.0,90000000.0,1.548,7.381,30.082,29.612,2942000000.0,0.0,83.21,2.644,2.567,918000000.0,2535000000.0,5996000000.0,5996000000.0,0.0,0.061,0.176,0.135,0.133,47000000.0,399000000.0,1.0,190523118.0,185000000,186000000.0,32.411,6428000000.0,777000000.0,175000000.0,293000000.0,34.746,-179000000.0
8,HOT,MRT,2014-06-30,2014-06-30,2014-06-30,2021-08-25,-330000000.0,8746000000.0,8805750000.0,1922000000.0,6824000000.0,0.683,16.537,-388000000.0,650000000.0,650000000.0,4460000000.0,575000000.0,0.99,1.783,1726000000.0,89000000.0,1637000000.0,1726000000.0,0.0,275000000.0,0.0,0.041,3.35,854000000.0,1129000000.0,0.188,1129000000.0,854000000.0,760000000.0,3.03,3.0,3.03,3142000000.0,3333750000.0,3142000000.0,16306232858.0,19.0,14.443,667000000.0,3.511,1.0,1551000000.0,0.258,2013000000.0,94000000.0,5867000000.0,5760500000.0,202000000.0,242000000.0,0.0,242000000.0,5601000000.0,1942000000.0,3659000000.0,15517232858.0,-65000000.0,308000000.0,-381000000.0,-132000000.0,-634000000.0,-1058000000.0,-67000000.0,5000000.0,1055000000.0,5000000.0,575000000.0,575000000.0,575000000.0,0.0,0.0,0.096,725000000.0,826000000.0,88000000.0,1.106,4.939,26.986,26.673,3046000000.0,0.0,80.82,2.581,2.555,961000000.0,2937000000.0,6011000000.0,6011000000.0,0.0,0.065,0.172,0.148,0.142,39000000.0,403000000.0,1.0,191997437.0,190000000,191000000.0,31.637,6733000000.0,820000000.0,185000000.0,303000000.0,35.437,-20000000.0
9,HOT,MRT,2014-03-31,2014-03-31,2014-03-31,2021-08-25,-335000000.0,8752000000.0,8860750000.0,2063000000.0,6689000000.0,0.681,17.458,-367000000.0,806000000.0,806000000.0,4486000000.0,560000000.0,1.09,1.638,1595000000.0,95000000.0,1500000000.0,1595000000.0,0.0,270000000.0,0.0,0.03,2.35,863000000.0,1133000000.0,0.188,1133000000.0,863000000.0,766000000.0,2.94,2.91,2.94,3317000000.0,3417250000.0,3317000000.0,16149123814.0,19.0,14.253,723000000.0,3.805,1.0,1548000000.0,0.257,2007000000.0,97000000.0,5641000000.0,5768000000.0,209000000.0,245000000.0,0.0,245000000.0,5432000000.0,1893000000.0,3539000000.0,15277123814.0,270000000.0,347000000.0,-208000000.0,-144000000.0,-444000000.0,-803000000.0,-14000000.0,2000000.0,1090000000.0,-3000000.0,559000000.0,559000000.0,559000000.0,0.0,1000000.0,0.093,711000000.0,837000000.0,78000000.0,0.799,4.606,27.329,27.075,2899000000.0,0.0,79.6,2.532,2.506,969000000.0,2975000000.0,6034000000.0,6034000000.0,0.0,0.063,0.164,0.15,0.143,43000000.0,389000000.0,1.0,191923666.0,190000000,192000000.0,31.758,6745000000.0,837000000.0,207000000.0,305000000.0,35.5,170000000.0
10,HOT,MRT,2013-12-31,2013-12-31,2013-12-31,2021-08-25,-335000000.0,8762000000.0,8880250000.0,1996000000.0,6766000000.0,0.689,17.592,-364000000.0,750000000.0,750000000.0,4538000000.0,635000000.0,1.037,1.607,1622000000.0,99000000.0,1523000000.0,1622000000.0,0.0,267000000.0,0.0,0.017,1.35,998000000.0,1265000000.0,0.207,1265000000.0,998000000.0,898000000.0,3.33,3.28,3.33,3360000000.0,3423500000.0,3360000000.0,16048617039.0,16.0,12.687,787000000.0,4.12,1.0,1577000000.0,0.258,2032000000.0,100000000.0,5678000000.0,5893750000.0,217000000.0,251000000.0,0.0,251000000.0,5399000000.0,1924000000.0,3475000000.0,15215617039.0,311000000.0,193000000.0,-228000000.0,-179000000.0,-256000000.0,-678000000.0,-158000000.0,6000000.0,1151000000.0,-4000000.0,635000000.0,635000000.0,635000000.0,0.0,0.0,0.104,675000000.0,902000000.0,105000000.0,0.405,4.528,23.962,23.859,3034000000.0,0.0,79.45,2.488,2.482,1012000000.0,3032000000.0,6115000000.0,6115000000.0,0.0,0.072,0.185,0.169,0.163,28000000.0,384000000.0,1.0,191511857.0,191000000,193000000.0,32.016,6730000000.0,802000000.0,263000000.0,272000000.0,35.236,72000000.0
11,HOT,MRT,2013-09-30,2013-09-30,2013-09-30,2021-08-25,-354000000.0,8963000000.0,8903500000.0,2136000000.0,6827000000.0,0.69,18.312,-348000000.0,831000000.0,831000000.0,4559000000.0,649000000.0,1.124,1.548,1664000000.0,108000000.0,1556000000.0,1664000000.0,0.0,260000000.0,0.0,0.019,1.25,1006000000.0,1266000000.0,0.206,1266000000.0,1006000000.0,893000000.0,3.39,3.33,3.39,3516000000.0,3367750000.0,3516000000.0,13839909987.0,14.0,10.932,790000000.0,4.115,1.0,1583000000.0,0.258,2040000000.0,113000000.0,5856000000.0,6014000000.0,229000000.0,252000000.0,0.0,252000000.0,5442000000.0,1900000000.0,3542000000.0,12953909987.0,43000000.0,301000000.0,-328000000.0,-509000000.0,-241000000.0,-1072000000.0,-12000000.0,7000000.0,1138000000.0,-11000000.0,649000000.0,649000000.0,649000000.0,0.0,0.0,0.106,634000000.0,949000000.0,90000000.0,0.369,3.684,19.96,19.602,3097000000.0,0.0,66.45,2.109,2.077,1021000000.0,3164000000.0,6142000000.0,6142000000.0,0.0,0.073,0.193,0.167,0.164,21000000.0,379000000.0,1.0,194942212.0,192000000,194000000.0,31.99,6923000000.0,826000000.0,244000000.0,275000000.0,36.057,236000000.0
12,HOT,MRT,2013-06-30,2013-06-30,2013-06-30,2021-08-25,-386000000.0,8966000000.0,8965000000.0,2190000000.0,6776000000.0,0.679,18.104,-353000000.0,815000000.0,815000000.0,4544000000.0,662000000.0,1.138,1.578,1701000000.0,115000000.0,1586000000.0,1701000000.0,0.0,256000000.0,0.0,0.02,1.25,988000000.0,1244000000.0,0.204,1244000000.0,988000000.0,861000000.0,3.45,3.39,3.45,3476000000.0,3332000000.0,3476000000.0,13496433822.0,14.0,10.849,817000000.0,4.255,1.0,1545000000.0,0.254,2031000000.0,127000000.0,5897000000.0,6192250000.0,253000000.0,266000000.0,0.0,266000000.0,5485000000.0,1924000000.0,3561000000.0,12294433822.0,392000000.0,546000000.0,-221000000.0,-510000000.0,-241000000.0,-973000000.0,209000000.0,3000000.0,1170000000.0,-14000000.0,662000000.0,662000000.0,662000000.0,0.0,0.0,0.109,641000000.0,904000000.0,95000000.0,0.362,3.537,18.572,18.316,3039000000.0,0.0,63.19,2.019,1.993,1056000000.0,3007000000.0,6089000000.0,6089000000.0,0.0,0.074,0.199,0.16,0.162,30000000.0,366000000.0,1.0,194562966.0,192000000,194000000.0,31.714,6935000000.0,859000000.0,199000000.0,281000000.0,36.12,266000000.0
13,HOT,MRT,2013-03-31,2013-03-31,2013-03-31,2021-08-25,-350000000.0,8830000000.0,8970750000.0,1947000000.0,6883000000.0,0.685,17.497,-373000000.0,545000000.0,545000000.0,4613000000.0,646000000.0,1.045,1.641,1747000000.0,121000000.0,1626000000.0,1747000000.0,0.0,253000000.0,0.0,0.02,1.25,954000000.0,1207000000.0,0.196,1207000000.0,954000000.0,807000000.0,3.36,3.3,3.36,3342000000.0,3270500000.0,3342000000.0,13690661077.0,14.0,11.343,768000000.0,4.021,1.0,1532000000.0,0.249,2025000000.0,147000000.0,6144000000.0,6421750000.0,299000000.0,266000000.0,0.0,266000000.0,5485000000.0,1863000000.0,3622000000.0,12345661077.0,-270000000.0,518000000.0,-273000000.0,-1069000000.0,-241000000.0,-1561000000.0,157000000.0,5000000.0,1141000000.0,-7000000.0,647000000.0,647000000.0,647000000.0,0.0,-1000000.0,0.105,638000000.0,894000000.0,100000000.0,0.372,3.694,19.081,18.967,3133000000.0,0.0,63.73,2.009,1.981,1073000000.0,2870000000.0,6145000000.0,6145000000.0,0.0,0.072,0.198,0.149,0.155,20000000.0,364000000.0,1.0,193718203.0,191000000,194000000.0,32.173,6805000000.0,901000000.0,160000000.0,270000000.0,35.628,84000000.0
14,HOT,MRT,2012-12-31,2012-12-31,2012-12-31,2021-08-25,-338000000.0,8855000000.0,9144250000.0,1889000000.0,6966000000.0,0.691,16.254,-362000000.0,463000000.0,463000000.0,4800000000.0,562000000.0,0.937,1.821,1808000000.0,152000000.0,1656000000.0,1808000000.0,0.0,251000000.0,0.0,0.022,1.25,880000000.0,1131000000.0,0.179,1131000000.0,880000000.0,710000000.0,2.92,2.86,2.92,3137000000.0,3225750000.0,3137000000.0,12496252536.0,14.0,11.049,822000000.0,4.259,1.0,1521000000.0,0.241,2025000000.0,170000000.0,6159000000.0,6626000000.0,361000000.0,260000000.0,0.0,260000000.0,5713000000.0,2016000000.0,3697000000.0,11241252536.0,-149000000.0,483000000.0,-246000000.0,-1050000000.0,-242000000.0,-1456000000.0,126000000.0,2000000.0,1184000000.0,-3000000.0,562000000.0,562000000.0,562000000.0,0.0,0.0,0.089,630000000.0,891000000.0,121000000.0,0.428,3.583,20.002,19.644,3162000000.0,0.0,57.36,1.778,1.751,1089000000.0,2657000000.0,6321000000.0,6321000000.0,0.0,0.061,0.174,0.133,0.139,-9000000.0,370000000.0,1.0,195977206.0,193000000,197000000.0,32.751,6830000000.0,950000000.0,148000000.0,359000000.0,35.389,-127000000.0
15,HOT,MRT,2012-09-30,2012-09-30,2012-09-30,2021-08-25,-337000000.0,9209000000.0,9320500000.0,2250000000.0,6959000000.0,0.678,17.477,-381000000.0,809000000.0,809000000.0,4806000000.0,587000000.0,1.196,1.729,2064000000.0,112000000.0,1952000000.0,2064000000.0,0.0,251000000.0,0.0,0.009,0.5,836000000.0,1087000000.0,0.172,1087000000.0,836000000.0,653000000.0,3.05,2.99,3.05,3373000000.0,3180000000.0,3373000000.0,13063392738.0,16.0,12.018,834000000.0,4.321,1.0,1513000000.0,0.239,2013000000.0,183000000.0,6569000000.0,6975750000.0,414000000.0,261000000.0,0.0,261000000.0,5831000000.0,1882000000.0,3949000000.0,11387392738.0,-336000000.0,233000000.0,-76000000.0,-1131000000.0,-100000000.0,-1392000000.0,-152000000.0,-8000000.0,1215000000.0,-7000000.0,587000000.0,587000000.0,587000000.0,0.0,0.0,0.093,694000000.0,819000000.0,111000000.0,0.164,3.376,19.399,19.003,3134000000.0,0.0,57.96,1.802,1.77,981000000.0,2757000000.0,6319000000.0,6319000000.0,0.0,0.063,0.185,0.12,0.132,-8000000.0,365000000.0,1.0,196469854.0,193000000,196000000.0,32.741,7196000000.0,880000000.0,66000000.0,202000000.0,37.285,368000000.0
16,HOT,MRT,2012-06-30,2012-06-30,2012-06-30,2021-08-25,-358000000.0,8989000000.0,9502500000.0,1980000000.0,7009000000.0,0.656,16.564,-394000000.0,425000000.0,425000000.0,4756000000.0,580000000.0,1.086,1.781,2101000000.0,117000000.0,1984000000.0,2101000000.0,0.0,255000000.0,0.0,0.009,0.5,808000000.0,1063000000.0,0.17,1063000000.0,808000000.0,619000000.0,3.04,2.96,3.04,3230000000.0,3056000000.0,3230000000.0,12337179324.0,15.0,11.606,671000000.0,3.441,1.0,1480000000.0,0.237,2027000000.0,189000000.0,6815000000.0,7169250000.0,461000000.0,267000000.0,0.0,267000000.0,5754000000.0,1823000000.0,3931000000.0,10483179324.0,-729000000.0,-43000000.0,-7000000.0,-1128000000.0,-100000000.0,-1324000000.0,-443000000.0,-6000000.0,1065000000.0,-27000000.0,580000000.0,580000000.0,580000000.0,0.0,0.0,0.093,655000000.0,825000000.0,104000000.0,0.164,3.246,18.074,17.447,3187000000.0,0.0,53.04,1.681,1.659,1038000000.0,2587000000.0,6236000000.0,6236000000.0,0.0,0.061,0.19,0.113,0.13,-4000000.0,366000000.0,1.0,197646669.0,195000000,198000000.0,31.979,6962000000.0,892000000.0,39000000.0,194000000.0,35.703,157000000.0
17,HOT,MRT,2012-03-31,2012-03-31,2012-03-31,2021-08-25,-309000000.0,9524000000.0,9755000000.0,2462000000.0,7062000000.0,0.62,16.474,-396000000.0,835000000.0,835000000.0,4622000000.0,589000000.0,1.048,2.009,2689000000.0,677000000.0,2012000000.0,2689000000.0,0.0,260000000.0,0.0,0.009,0.5,751000000.0,1011000000.0,0.167,1011000000.0,751000000.0,556000000.0,3.1,3.02,3.1,3163000000.0,2949000000.0,3163000000.0,13105343916.0,17.0,12.963,511000000.0,2.661,1.0,1422000000.0,0.235,2067000000.0,195000000.0,6961000000.0,7304250000.0,575000000.0,271000000.0,0.0,271000000.0,6356000000.0,2350000000.0,4006000000.0,11062343916.0,-18000000.0,229000000.0,44000000.0,-570000000.0,-100000000.0,-734000000.0,-171000000.0,-8000000.0,907000000.0,-20000000.0,589000000.0,589000000.0,589000000.0,0.0,0.0,0.097,659000000.0,763000000.0,116000000.0,0.161,3.497,18.782,18.197,3302000000.0,0.0,56.41,1.83,1.792,1038000000.0,2465000000.0,6044000000.0,6044000000.0,0.0,0.06,0.2,0.103,0.124,5000000.0,368000000.0,1.0,196106079.0,192000000,197000000.0,31.479,7457000000.0,902000000.0,-33000000.0,178000000.0,38.839,112000000.0
18,HOT,MRT,2011-12-31,2011-12-31,2011-12-31,2021-08-25,-348000000.0,9560000000.0,9838750000.0,2534000000.0,7026000000.0,0.572,15.63,-385000000.0,686000000.0,686000000.0,4309000000.0,487000000.0,1.272,2.236,2729000000.0,133000000.0,2596000000.0,2729000000.0,0.0,265000000.0,0.0,0.01,0.5,614000000.0,879000000.0,0.156,879000000.0,614000000.0,414000000.0,2.58,2.51,2.58,2954000000.0,2809750000.0,2954000000.0,11418078486.0,19.0,12.99,256000000.0,1.354,1.0,1315000000.0,0.234,2053000000.0,200000000.0,7558000000.0,7621000000.0,812000000.0,259000000.0,0.0,259000000.0,6605000000.0,1992000000.0,4613000000.0,9370078486.0,-299000000.0,218000000.0,70000000.0,-565000000.0,-99000000.0,-755000000.0,-176000000.0,-7000000.0,641000000.0,-9000000.0,489000000.0,489000000.0,489000000.0,0.0,-2000000.0,0.087,685000000.0,630000000.0,144000000.0,0.194,3.172,19.162,18.593,3232000000.0,0.0,47.97,1.666,1.612,1079000000.0,2337000000.0,5624000000.0,5624000000.0,0.0,0.05,0.174,0.081,0.109,49000000.0,352000000.0,1.0,195332051.0,189000000,195000000.0,29.757,7507000000.0,917000000.0,-75000000.0,209000000.0,39.72,542000000.0
19,HOT,MRT,2011-09-30,2011-09-30,2011-09-30,2021-08-25,-319000000.0,9937000000.0,9892750000.0,2788000000.0,7149000000.0,0.549,15.142,-361000000.0,1137000000.0,1137000000.0,4184000000.0,659000000.0,1.078,2.454,3185000000.0,715000000.0,2470000000.0,3185000000.0,0.0,265000000.0,0.0,0.008,0.3,848000000.0,1113000000.0,0.205,1113000000.0,848000000.0,642000000.0,3.56,3.44,3.56,2877000000.0,2689000000.0,2877000000.0,9733950255.0,11.0,8.746,427000000.0,2.247,1.0,1249000000.0,0.23,2055000000.0,206000000.0,7343000000.0,7753750000.0,857000000.0,256000000.0,0.0,256000000.0,7059000000.0,2587000000.0,4472000000.0,7588950255.0,630000000.0,267000000.0,140000000.0,-152000000.0,-59000000.0,-74000000.0,-80000000.0,45000000.0,788000000.0,-4000000.0,661000000.0,661000000.0,661000000.0,0.0,-2000000.0,0.122,524000000.0,725000000.0,125000000.0,0.084,2.638,11.481,10.904,3234000000.0,0.0,38.82,1.397,1.358,940000000.0,2269000000.0,5433000000.0,5433000000.0,0.0,0.067,0.246,0.109,0.156,35000000.0,342000000.0,1.0,195490733.0,190000000,195000000.0,28.595,7882000000.0,801000000.0,-19000000.0,203000000.0,41.484,201000000.0
20,HOT,MRT,2011-06-30,2011-06-30,2011-06-30,2021-08-25,-207000000.0,9999000000.0,9759000000.0,2750000000.0,7249000000.0,0.545,14.825,-298000000.0,1077000000.0,1077000000.0,4100000000.0,490000000.0,1.003,2.568,3222000000.0,733000000.0,2489000000.0,3222000000.0,0.0,271000000.0,0.0,0.005,0.3,712000000.0,983000000.0,0.185,983000000.0,712000000.0,492000000.0,2.66,2.57,2.66,2802000000.0,2484500000.0,2802000000.0,13495927290.0,19.0,13.729,495000000.0,2.619,1.0,1216000000.0,0.229,2047000000.0,220000000.0,7355000000.0,7949750000.0,848000000.0,294000000.0,0.0,294000000.0,7196000000.0,2742000000.0,4454000000.0,10931927290.0,909000000.0,363000000.0,150000000.0,-88000000.0,-59000000.0,-2000000.0,94000000.0,46000000.0,793000000.0,24000000.0,492000000.0,492000000.0,492000000.0,0.0,-2000000.0,0.093,632000000.0,584000000.0,140000000.0,0.113,3.901,22.219,21.068,3129000000.0,0.0,56.04,2.056,1.992,991000000.0,2106000000.0,5316000000.0,5316000000.0,0.0,0.05,0.198,0.09,0.134,34000000.0,344000000.0,1.0,195073649.0,189000000,195000000.0,28.127,7952000000.0,988000000.0,0.0,332000000.0,42.074,8000000.0
21,HOT,MRT,2011-03-31,2011-03-31,2011-03-31,2021-08-25,-232000000.0,9859000000.0,9537500000.0,2359000000.0,7500000000.0,0.543,13.936,-264000000.0,748000000.0,748000000.0,3994000000.0,473000000.0,1.109,2.778,3312000000.0,134000000.0,3178000000.0,3312000000.0,0.0,277000000.0,0.0,0.005,0.3,740000000.0,1017000000.0,0.196,1017000000.0,740000000.0,513000000.0,2.6,2.5,2.6,2606000000.0,2267750000.0,2606000000.0,13713676703.0,19.0,13.484,476000000.0,2.545,1.0,1185000000.0,0.229,2068000000.0,227000000.0,8228000000.0,8168750000.0,819000000.0,291000000.0,0.0,291000000.0,7239000000.0,2127000000.0,5112000000.0,11168676703.0,584000000.0,130000000.0,167000000.0,-147000000.0,-58000000.0,-56000000.0,-113000000.0,18000000.0,740000000.0,13000000.0,475000000.0,475000000.0,475000000.0,0.0,-2000000.0,0.092,623000000.0,562000000.0,140000000.0,0.115,4.286,23.513,22.354,3273000000.0,0.0,58.12,2.157,2.099,997000000.0,1975000000.0,5179000000.0,5179000000.0,0.0,0.05,0.209,0.091,0.143,35000000.0,348000000.0,1.0,192165807.0,187000000,194000000.0,27.695,7791000000.0,988000000.0,38000000.0,383000000.0,41.663,232000000.0
22,HOT,MRT,2010-12-31,2010-12-31,2010-12-31,2021-08-25,-283000000.0,9776000000.0,9377500000.0,2621000000.0,7155000000.0,0.541,13.503,-227000000.0,806000000.0,806000000.0,3917000000.0,475000000.0,1.211,2.95,3351000000.0,136000000.0,3215000000.0,3351000000.0,0.0,285000000.0,0.0,0.005,0.3,739000000.0,1024000000.0,0.202,1024000000.0,739000000.0,504000000.0,2.61,2.51,2.61,2471000000.0,2076250000.0,2471000000.0,14561718184.0,20.0,14.22,537000000.0,2.934,1.0,1154000000.0,0.228,2067000000.0,235000000.0,8089000000.0,8205250000.0,802000000.0,312000000.0,0.0,312000000.0,7290000000.0,2165000000.0,5125000000.0,11587718184.0,666000000.0,130000000.0,141000000.0,-64000000.0,-93000000.0,-26000000.0,-71000000.0,18000000.0,764000000.0,-1000000.0,477000000.0,477000000.0,477000000.0,0.0,-2000000.0,0.094,593000000.0,561000000.0,138000000.0,0.115,4.689,24.293,23.287,3323000000.0,0.0,60.78,2.285,2.193,980000000.0,1947000000.0,5071000000.0,5071000000.0,0.0,0.051,0.23,0.09,0.146,44000000.0,344000000.0,1.0,190650184.0,183000000,190000000.0,27.71,7709000000.0,979000000.0,27000000.0,401000000.0,42.126,456000000.0
23,HOT,MRT,2010-09-30,2010-09-30,2010-09-30,2021-08-25,-290000000.0,9402000000.0,9123750000.0,1923000000.0,7479000000.0,0.545,11.251,-171000000.0,418000000.0,418000000.0,3865000000.0,29000000.0,0.881,3.559,3392000000.0,141000000.0,3251000000.0,3392000000.0,0.0,299000000.0,0.0,0.004,0.2,168000000.0,467000000.0,0.094,467000000.0,168000000.0,-83000000.0,0.17,0.16,0.17,2059000000.0,1914500000.0,2059000000.0,13191078524.0,79.0,28.246,356000000.0,1.945,1.0,1112000000.0,0.223,2067000000.0,251000000.0,8127000000.0,8057250000.0,778000000.0,314000000.0,0.0,314000000.0,7327000000.0,2182000000.0,5145000000.0,9991078524.0,244000000.0,338000000.0,57000000.0,-427000000.0,-37000000.0,-427000000.0,143000000.0,-21000000.0,527000000.0,1000000.0,31000000.0,31000000.0,31000000.0,0.0,-2000000.0,0.006,1065000000.0,47000000.0,148000000.0,1.176,4.852,322.293,309.118,3262000000.0,0.0,52.55,2.007,1.932,1007000000.0,1665000000.0,4977000000.0,4977000000.0,0.0,0.003,0.016,0.021,0.034,60000000.0,337000000.0,1.0,190125186.0,183000000,183000000.0,27.197,7335000000.0,988000000.0,-114000000.0,356000000.0,40.082,-259000000.0
24,HOT,MRT,2010-06-30,2010-06-30,2010-06-30,2021-08-25,-385000000.0,9113000000.0,9091750000.0,1619000000.0,7494000000.0,0.537,10.632,-154000000.0,154000000.0,154000000.0,3796000000.0,75000000.0,0.802,3.701,3354000000.0,115000000.0,3239000000.0,3354000000.0,0.0,310000000.0,0.0,0.005,0.2,168000000.0,478000000.0,0.098,478000000.0,168000000.0,-84000000.0,0.42,0.41,0.42,1935000000.0,1880000000.0,1935000000.0,11145846955.0,66.0,23.318,286000000.0,1.571,1.0,1082000000.0,0.222,2064000000.0,252000000.0,8231000000.0,8107750000.0,749000000.0,308000000.0,0.0,308000000.0,7162000000.0,2018000000.0,5144000000.0,7850846955.0,11000000.0,364000000.0,48000000.0,-856000000.0,-38000000.0,-610000000.0,185000000.0,-18000000.0,440000000.0,-4000000.0,77000000.0,77000000.0,77000000.0,0.0,-2000000.0,0.016,1038000000.0,44000000.0,142000000.0,0.476,4.057,101.959,98.643,3312000000.0,0.0,41.43,1.609,1.546,916000000.0,1671000000.0,4878000000.0,4878000000.0,0.0,0.008,0.041,0.021,0.034,56000000.0,331000000.0,1.0,189496668.0,182000000,189000000.0,26.802,7049000000.0,971000000.0,-161000000.0,347000000.0,38.731,-399000000.0
25,HOT,MRT,2010-03-31,2010-03-31,2010-03-31,2021-08-25,-307000000.0,9219000000.0,9139500000.0,1591000000.0,7628000000.0,0.52,10.166,-158000000.0,158000000.0,158000000.0,3717000000.0,95000000.0,0.761,4.002,3453000000.0,111000000.0,3342000000.0,3453000000.0,0.0,316000000.0,0.0,0.004,0.2,48000000.0,364000000.0,0.077,364000000.0,48000000.0,-198000000.0,0.54,0.54,0.54,1840000000.0,1848750000.0,1840000000.0,11538912006.0,240.0,31.7,458000000.0,2.53,1.0,1039000000.0,0.218,2050000000.0,246000000.0,8374000000.0,8163750000.0,723000000.0,307000000.0,0.0,307000000.0,7363000000.0,2090000000.0,5273000000.0,8712912006.0,15000000.0,310000000.0,19000000.0,-962000000.0,-38000000.0,-758000000.0,152000000.0,24000000.0,616000000.0,5000000.0,97000000.0,97000000.0,97000000.0,0.0,-2000000.0,0.02,1074000000.0,-35000000.0,143000000.0,0.37,4.735,89.824,86.37,3390000000.0,0.0,46.64,1.832,1.775,931000000.0,1557000000.0,4756000000.0,4756000000.0,0.0,0.011,0.052,0.006,0.01,58000000.0,317000000.0,1.0,186812007.0,181000000,187000000.0,26.276,7169000000.0,995000000.0,-295000000.0,385000000.0,39.608,-499000000.0
26,HOT,MRT,2009-12-31,2009-12-31,2009-12-31,2021-08-25,-283000000.0,8761000000.0,9160250000.0,1489000000.0,7272000000.0,0.513,10.133,-196000000.0,134000000.0,134000000.0,3668000000.0,71000000.0,0.735,3.792,2960000000.0,5000000.0,2955000000.0,2960000000.0,0.0,317000000.0,0.0,0.005,0.2,7000000.0,324000000.0,0.069,324000000.0,7000000.0,-220000000.0,0.41,0.41,0.41,1824000000.0,1780250000.0,1824000000.0,10052952445.0,1436.0,31.028,375000000.0,2.083,1.0,1028000000.0,0.219,2063000000.0,227000000.0,7497000000.0,8311750000.0,783000000.0,368000000.0,0.0,368000000.0,6916000000.0,2027000000.0,4889000000.0,6838952445.0,-302000000.0,310000000.0,2000000.0,-1057000000.0,-165000000.0,-993000000.0,116000000.0,28000000.0,571000000.0,4000000.0,73000000.0,73000000.0,73000000.0,0.0,-2000000.0,0.016,1093000000.0,-65000000.0,139000000.0,0.488,3.749,93.684,89.195,3350000000.0,0.0,36.57,1.456,1.402,445000000.0,1553000000.0,4696000000.0,4696000000.0,0.0,0.008,0.041,0.001,0.001,53000000.0,314000000.0,1.0,187009911.0,180000000,180000000.0,26.089,6698000000.0,982000000.0,-293000000.0,399000000.0,37.211,-538000000.0
27,HOT,MRT,2009-09-30,2009-09-30,2009-09-30,2021-08-25,-307000000.0,9274000000.0,9395750000.0,1798000000.0,7476000000.0,0.493,10.672,-283000000.0,148000000.0,148000000.0,3662000000.0,256000000.0,0.913,3.817,3362000000.0,5000000.0,3357000000.0,3362000000.0,0.0,319000000.0,0.0,0.027,0.9,291000000.0,610000000.0,0.132,610000000.0,291000000.0,78000000.0,1.44,1.43,1.44,1921000000.0,1729500000.0,1921000000.0,9803072223.0,34.0,16.071,240000000.0,1.333,1.0,968000000.0,0.209,2190000000.0,213000000.0,8329000000.0,8531750000.0,1048000000.0,335000000.0,0.0,335000000.0,7332000000.0,1969000000.0,5363000000.0,6171072223.0,-6000000.0,404000000.0,1000000.0,-715000000.0,-165000000.0,-651000000.0,105000000.0,3000000.0,523000000.0,17000000.0,259000000.0,259000000.0,259000000.0,0.0,-3000000.0,0.056,801000000.0,167000000.0,130000000.0,0.625,3.212,23.827,22.938,3475000000.0,0.0,33.03,1.333,1.284,466000000.0,1698000000.0,4630000000.0,4630000000.0,0.0,0.028,0.15,0.034,0.063,50000000.0,231000000.0,1.0,186832341.0,180000000,185000000.0,25.722,7084000000.0,753000000.0,-181000000.0,389000000.0,39.356,-171000000.0
28,HOT,MRT,2009-06-30,2009-06-30,2009-06-30,2021-08-25,-357000000.0,9304000000.0,9550500000.0,1780000000.0,7524000000.0,0.524,10.056,-372000000.0,120000000.0,120000000.0,3866000000.0,330000000.0,0.793,4.128,3752000000.0,330000000.0,3422000000.0,3752000000.0,0.0,320000000.0,0.0,0.041,0.9,426000000.0,746000000.0,0.149,746000000.0,426000000.0,225000000.0,1.85,1.83,1.85,1810000000.0,1718750000.0,1810000000.0,7943771991.0,19.0,10.648,254000000.0,1.411,1.0,1143000000.0,0.228,2237000000.0,201000000.0,8455000000.0,8641000000.0,1035000000.0,345000000.0,0.0,345000000.0,7472000000.0,2244000000.0,5228000000.0,4143771991.0,-36000000.0,324000000.0,-131000000.0,-282000000.0,-164000000.0,-607000000.0,-56000000.0,7000000.0,626000000.0,1000000.0,332000000.0,332000000.0,332000000.0,0.0,-2000000.0,0.066,842000000.0,301000000.0,142000000.0,0.486,2.289,12.481,12.0,3593000000.0,0.0,22.2,0.827,0.798,476000000.0,1657000000.0,5009000000.0,5009000000.0,0.0,0.035,0.193,0.049,0.085,56000000.0,260000000.0,1.0,186656396.0,180000000,183000000.0,27.828,7067000000.0,734000000.0,-107000000.0,421000000.0,39.261,-464000000.0
29,HOT,MRT,2009-03-31,2009-03-31,2009-03-31,2021-08-25,-449000000.0,9302000000.0,9708250000.0,1864000000.0,7438000000.0,0.558,8.749,-429000000.0,158000000.0,158000000.0,4111000000.0,302000000.0,0.975,4.927,3958000000.0,5000000.0,3953000000.0,3958000000.0,0.0,322000000.0,0.0,0.071,0.9,553000000.0,875000000.0,0.162,875000000.0,553000000.0,350000000.0,1.67,1.65,1.67,1566000000.0,1764250000.0,1566000000.0,5840026303.0,11.0,6.674,142000000.0,0.793,1.0,1304000000.0,0.241,2225000000.0,203000000.0,8966000000.0,8739000000.0,1025000000.0,359000000.0,0.0,359000000.0,7715000000.0,1911000000.0,5804000000.0,2317026303.0,-123000000.0,320000000.0,-263000000.0,-139000000.0,-164000000.0,-563000000.0,-128000000.0,-9000000.0,571000000.0,-3000000.0,303000000.0,303000000.0,303000000.0,0.0,-1000000.0,0.056,881000000.0,423000000.0,173000000.0,0.539,1.48,7.647,7.605,3540000000.0,0.0,12.7,0.428,0.42,513000000.0,1523000000.0,5415000000.0,5415000000.0,0.0,0.031,0.172,0.063,0.102,45000000.0,320000000.0,1.0,182443016.0,179000000,181000000.0,30.251,7077000000.0,619000000.0,47000000.0,395000000.0,39.536,-47000000.0
30,HOT,MRT,2008-12-31,2008-12-31,2008-12-31,2021-08-25,-391000000.0,9703000000.0,9876000000.0,2166000000.0,7537000000.0,0.583,8.956,-476000000.0,485000000.0,485000000.0,4313000000.0,329000000.0,0.806,4.972,4008000000.0,506000000.0,3502000000.0,4008000000.0,0.0,323000000.0,0.0,0.05,0.9,608000000.0,931000000.0,0.162,931000000.0,608000000.0,401000000.0,1.81,1.77,1.81,1621000000.0,1858500000.0,1621000000.0,7029169499.0,12.0,7.55,170000000.0,0.939,1.0,1441000000.0,0.25,2161000000.0,207000000.0,8377000000.0,8822500000.0,986000000.0,372000000.0,0.0,372000000.0,8059000000.0,2688000000.0,5371000000.0,3276169499.0,238000000.0,320000000.0,-473000000.0,412000000.0,-172000000.0,-243000000.0,-172000000.0,5000000.0,646000000.0,7000000.0,329000000.0,329000000.0,329000000.0,0.0,0.0,0.057,929000000.0,512000000.0,171000000.0,0.497,2.021,9.958,9.89,3347000000.0,0.0,17.9,0.569,0.563,552000000.0,1517000000.0,5754000000.0,5754000000.0,0.0,0.033,0.177,0.069,0.106,52000000.0,377000000.0,1.0,183026229.0,181000000,185000000.0,31.79,7542000000.0,639000000.0,72000000.0,417000000.0,41.669,-522000000.0
31,HOT,MRT,2008-09-30,2008-09-30,2008-09-30,2021-08-25,-217000000.0,9893000000.0,9855750000.0,2069000000.0,7824000000.0,0.612,10.433,-475000000.0,321000000.0,321000000.0,4463000000.0,398000000.0,0.791,4.268,4074000000.0,541000000.0,3533000000.0,4074000000.0,0.0,322000000.0,0.0,0.032,0.9,729000000.0,1051000000.0,0.174,1051000000.0,729000000.0,540000000.0,2.13,2.08,2.13,1878000000.0,1972250000.0,1878000000.0,9008116764.0,12.0,8.571,259000000.0,1.439,1.0,1567000000.0,0.26,2263000000.0,189000000.0,8766000000.0,8845000000.0,948000000.0,384000000.0,0.0,384000000.0,8015000000.0,2617000000.0,5398000000.0,5254116764.0,-62000000.0,66000000.0,-1105000000.0,897000000.0,-172000000.0,-392000000.0,-399000000.0,37000000.0,734000000.0,-5000000.0,396000000.0,396000000.0,396000000.0,0.0,2000000.0,0.066,824000000.0,743000000.0,198000000.0,0.423,2.798,13.268,13.211,3717000000.0,0.0,28.14,0.871,0.84,630000000.0,1603000000.0,6030000000.0,6030000000.0,0.0,0.04,0.201,0.082,0.121,68000000.0,438000000.0,1.0,186713460.0,180000000,183000000.0,33.5,7630000000.0,723000000.0,144000000.0,371000000.0,42.389,-548000000.0
32,HOT,MRT,2008-06-30,2008-06-30,2008-06-30,2021-08-25,-102000000.0,9935000000.0,9745500000.0,1994000000.0,7941000000.0,0.619,10.826,-454000000.0,300000000.0,300000000.0,4454000000.0,413000000.0,0.778,3.987,4054000000.0,571000000.0,3483000000.0,4054000000.0,0.0,318000000.0,0.0,0.022,0.9,760000000.0,1078000000.0,0.179,1078000000.0,760000000.0,579000000.0,2.13,2.07,2.13,1992000000.0,2153250000.0,1992000000.0,11141754330.0,15.0,10.336,359000000.0,1.951,1.0,1581000000.0,0.262,2279000000.0,181000000.0,8847000000.0,8695750000.0,896000000.0,429000000.0,0.0,429000000.0,7943000000.0,2563000000.0,5380000000.0,7480754330.0,-159000000.0,50000000.0,-1423000000.0,986000000.0,-172000000.0,-616000000.0,-371000000.0,53000000.0,813000000.0,15000000.0,412000000.0,412000000.0,412000000.0,0.0,1000000.0,0.068,812000000.0,769000000.0,185000000.0,0.423,3.755,18.157,18.812,3810000000.0,0.0,40.07,1.24,1.222,626000000.0,1490000000.0,6035000000.0,6035000000.0,0.0,0.042,0.191,0.087,0.126,72000000.0,440000000.0,1.0,186692147.0,184000000,188000000.0,32.799,7656000000.0,699000000.0,167000000.0,333000000.0,41.609,-569000000.0
33,HOT,MRT,2008-03-31,2008-03-31,2008-03-31,2021-08-25,-123000000.0,9973000000.0,9627000000.0,2046000000.0,7927000000.0,0.627,10.56,-430000000.0,454000000.0,454000000.0,4431000000.0,452000000.0,1.003,4.133,4115000000.0,4000000.0,4111000000.0,4115000000.0,0.0,311000000.0,0.0,0.017,0.9,772000000.0,1083000000.0,0.179,1083000000.0,772000000.0,610000000.0,2.25,2.18,2.25,1943000000.0,2386500000.0,1943000000.0,12980693740.0,17.0,11.986,339000000.0,1.842,1.0,1603000000.0,0.266,2295000000.0,162000000.0,9300000000.0,8484000000.0,804000000.0,425000000.0,0.0,425000000.0,8030000000.0,2039000000.0,5991000000.0,9743693740.0,16000000.0,20000000.0,-1746000000.0,1472000000.0,-172000000.0,-453000000.0,-318000000.0,122000000.0,769000000.0,18000000.0,452000000.0,452000000.0,452000000.0,0.0,0.0,0.075,853000000.0,750000000.0,190000000.0,0.4,5.015,21.557,23.0,3840000000.0,0.0,51.75,1.615,1.578,625000000.0,1385000000.0,6034000000.0,6034000000.0,0.0,0.047,0.189,0.091,0.128,76000000.0,431000000.0,1.0,188283937.0,184000000,189000000.0,32.793,7678000000.0,747000000.0,158000000.0,405000000.0,41.728,7000000.0
34,HOT,MRT,2007-12-31,2007-12-31,2007-12-31,2021-08-25,-147000000.0,9622000000.0,9465750000.0,1824000000.0,7798000000.0,0.634,10.227,-384000000.0,347000000.0,347000000.0,4392000000.0,543000000.0,0.868,3.635,3595000000.0,5000000.0,3590000000.0,3595000000.0,0.0,306000000.0,0.0,0.02,0.9,872000000.0,1178000000.0,0.196,1178000000.0,872000000.0,725000000.0,2.67,2.57,2.67,2076000000.0,2677250000.0,2076000000.0,11529307370.0,13.0,9.787,500000000.0,2.463,1.0,1607000000.0,0.268,2302000000.0,147000000.0,8467000000.0,7846250000.0,714000000.0,423000000.0,0.0,423000000.0,7546000000.0,2101000000.0,5445000000.0,8768307370.0,-32000000.0,59000000.0,-1597000000.0,942000000.0,-90000000.0,-712000000.0,-215000000.0,108000000.0,884000000.0,11000000.0,542000000.0,542000000.0,542000000.0,0.0,1000000.0,0.09,810000000.0,797000000.0,201000000.0,0.337,4.224,16.178,16.491,3850000000.0,0.0,44.03,1.462,1.49,627000000.0,1353000000.0,5999000000.0,5999000000.0,0.0,0.057,0.202,0.111,0.145,53000000.0,416000000.0,1.0,199143933.0,203000000,211000000.0,29.552,7320000000.0,729000000.0,183000000.0,343000000.0,36.059,-277000000.0
35,HOT,MRT,2007-09-30,2007-09-30,2007-09-30,2021-08-25,-170000000.0,9452000000.0,9380250000.0,1802000000.0,7650000000.0,0.652,12.818,-342000000.0,401000000.0,401000000.0,4388000000.0,599000000.0,1.034,2.633,3162000000.0,11000000.0,3151000000.0,3162000000.0,0.0,301000000.0,0.0,0.007,0.42,928000000.0,1229000000.0,0.201,1229000000.0,928000000.0,780000000.0,2.88,2.79,2.88,2602000000.0,2910250000.0,2602000000.0,15217150564.0,16.0,12.382,496000000.0,2.443,1.0,1727000000.0,0.282,2302000000.0,148000000.0,8169000000.0,7388750000.0,684000000.0,428000000.0,0.0,428000000.0,6850000000.0,1742000000.0,5108000000.0,12746150564.0,-134000000.0,37000000.0,-921000000.0,72000000.0,-90000000.0,-892000000.0,-97000000.0,189000000.0,838000000.0,17000000.0,599000000.0,599000000.0,599000000.0,0.0,0.0,0.098,866000000.0,861000000.0,182000000.0,0.146,4.899,21.279,21.094,3823000000.0,0.0,60.75,2.084,2.017,569000000.0,1379000000.0,6115000000.0,6115000000.0,0.0,0.064,0.206,0.126,0.152,39000000.0,484000000.0,1.0,209813178.0,203000000,210000000.0,30.123,7150000000.0,584000000.0,181000000.0,178000000.0,35.222,60000000.0
36,HOT,MRT,2007-06-30,2007-06-30,2007-06-30,2021-08-25,-203000000.0,9461000000.0,9358750000.0,1921000000.0,7540000000.0,0.645,14.062,-320000000.0,561000000.0,561000000.0,4345000000.0,625000000.0,1.168,2.235,3032000000.0,100000000.0,2932000000.0,3032000000.0,0.0,303000000.0,0.0,0.006,0.42,898000000.0,1201000000.0,0.199,1201000000.0,898000000.0,762000000.0,2.98,2.89,2.98,2925000000.0,2947250000.0,2925000000.0,16565946406.0,18.0,13.793,365000000.0,1.755,1.0,1691000000.0,0.28,2287000000.0,136000000.0,8000000000.0,7168250000.0,626000000.0,445000000.0,0.0,445000000.0,6536000000.0,1645000000.0,4891000000.0,14426946406.0,-32000000.0,90000000.0,-911000000.0,199000000.0,-90000000.0,-732000000.0,2000000.0,216000000.0,685000000.0,13000000.0,625000000.0,625000000.0,625000000.0,0.0,0.0,0.104,861000000.0,830000000.0,184000000.0,0.141,4.932,23.083,22.507,3787000000.0,0.0,67.07,2.39,2.311,564000000.0,1250000000.0,6036000000.0,6036000000.0,0.0,0.067,0.212,0.125,0.149,24000000.0,484000000.0,1.0,215102824.0,208000000,216000000.0,29.019,7174000000.0,586000000.0,137000000.0,133000000.0,34.49,276000000.0
37,HOT,MRT,2007-03-31,2007-03-31,2007-03-31,2021-08-25,-245000000.0,9328000000.0,9336500000.0,1821000000.0,7507000000.0,0.639,14.72,-321000000.0,467000000.0,467000000.0,4313000000.0,1160000000.0,0.749,2.003,2606000000.0,797000000.0,1809000000.0,2606000000.0,0.0,306000000.0,0.0,0.208,13.484,913000000.0,1219000000.0,0.204,1219000000.0,913000000.0,763000000.0,5.45,5.23,5.45,3106000000.0,2954500000.0,3106000000.0,16053038648.0,18.0,13.169,218000000.0,1.033,1.0,1656000000.0,0.277,2287000000.0,150000000.0,6749000000.0,6902750000.0,602000000.0,463000000.0,0.0,463000000.0,6222000000.0,2431000000.0,3791000000.0,13933038648.0,-577000000.0,1262000000.0,-646000000.0,-1572000000.0,-136000000.0,-2329000000.0,1194000000.0,251000000.0,539000000.0,19000000.0,1160000000.0,1160000000.0,1160000000.0,0.0,0.0,0.194,808000000.0,848000000.0,179000000.0,2.474,4.486,12.011,11.899,3783000000.0,0.0,64.85,2.334,2.292,600000000.0,1105000000.0,5969000000.0,5969000000.0,0.0,0.124,0.393,0.132,0.153,14000000.0,476000000.0,1.0,214850249.0,211000000,219000000.0,28.289,7041000000.0,583000000.0,-397000000.0,202000000.0,33.37,-610000000.0
38,HOT,MRT,2006-12-31,2006-12-31,2006-12-31,2021-08-25,-228000000.0,9280000000.0,10025000000.0,1810000000.0,7470000000.0,0.596,14.122,-371000000.0,512000000.0,512000000.0,4348000000.0,1043000000.0,0.735,2.085,2632000000.0,805000000.0,1827000000.0,2632000000.0,0.0,306000000.0,0.0,0.222,13.904,824000000.0,1130000000.0,0.189,1130000000.0,824000000.0,609000000.0,4.91,4.69,4.91,3008000000.0,3395250000.0,3008000000.0,15697102000.0,19.0,13.891,129000000.0,0.606,1.0,1631000000.0,0.273,2302000000.0,215000000.0,6637000000.0,7914750000.0,566000000.0,436000000.0,0.0,436000000.0,6272000000.0,2461000000.0,3811000000.0,13250102000.0,-714000000.0,1490000000.0,-907000000.0,-1459000000.0,-276000000.0,-2635000000.0,1402000000.0,286000000.0,500000000.0,19000000.0,1043000000.0,1043000000.0,1043000000.0,0.0,0.0,0.174,795000000.0,836000000.0,179000000.0,2.832,4.405,12.704,12.729,3831000000.0,0.0,62.5,2.216,2.227,593000000.0,948000000.0,5979000000.0,5979000000.0,0.0,0.104,0.307,0.104,0.138,16000000.0,466000000.0,1.0,212001632.0,213000000,223000000.0,28.07,6978000000.0,518000000.0,-434000000.0,170000000.0,32.761,-651000000.0
39,HOT,MRT,2006-09-30,2006-09-30,2006-09-30,2021-08-25,-249000000.0,9366000000.0,10828500000.0,1966000000.0,7400000000.0,0.547,12.972,-402000000.0,627000000.0,627000000.0,4361000000.0,999000000.0,0.896,2.406,3074000000.0,729000000.0,2345000000.0,3074000000.0,0.0,320000000.0,0.0,0.25,14.324,806000000.0,1126000000.0,0.19,1126000000.0,806000000.0,573000000.0,4.64,4.44,4.64,2750000000.0,3946000000.0,2750000000.0,14650414642.0,18.0,13.011,-174000000.0,-0.821,1.0,1562000000.0,0.264,2331000000.0,233000000.0,7287000000.0,8818750000.0,516000000.0,415000000.0,0.0,415000000.0,6616000000.0,2195000000.0,4421000000.0,12456414642.0,-594000000.0,1610000000.0,-1097000000.0,-1153000000.0,-276000000.0,-2533000000.0,1709000000.0,487000000.0,228000000.0,2000000.0,999000000.0,999000000.0,999000000.0,0.0,0.0,0.169,779000000.0,783000000.0,151000000.0,3.087,4.53,12.469,12.325,3816000000.0,0.0,57.19,2.103,2.047,644000000.0,835000000.0,5923000000.0,5923000000.0,0.0,0.092,0.253,0.091,0.136,7000000.0,438000000.0,1.0,217807565.0,212000000,220000000.0,27.939,7035000000.0,375000000.0,-426000000.0,137000000.0,33.184,-229000000.0
40,HOT,MRT,2006-06-30,2006-06-30,2006-06-30,2021-08-25,-249000000.0,9372000000.0,11671750000.0,1867000000.0,7505000000.0,0.51,13.74,-479000000.0,626000000.0,626000000.0,4386000000.0,883000000.0,0.815,2.173,2820000000.0,742000000.0,2078000000.0,2820000000.0,0.0,342000000.0,0.0,0.237,14.324,764000000.0,1106000000.0,0.186,1106000000.0,764000000.0,500000000.0,4.09,3.9,4.09,2954000000.0,4616000000.0,2954000000.0,16288069960.0,21.0,14.727,185000000.0,0.86,1.0,1572000000.0,0.264,2337000000.0,264000000.0,6938000000.0,9761750000.0,407000000.0,411000000.0,0.0,411000000.0,6418000000.0,2291000000.0,4127000000.0,13108069960.0,-75000000.0,1619000000.0,-574000000.0,-1439000000.0,-276000000.0,-2319000000.0,1581000000.0,439000000.0,664000000.0,-1000000.0,883000000.0,883000000.0,883000000.0,1000000.0,0.0,0.148,783000000.0,789000000.0,144000000.0,3.502,4.437,14.845,14.753,4014000000.0,0.0,60.34,2.2,2.177,637000000.0,680000000.0,5958000000.0,5958000000.0,0.0,0.076,0.191,0.078,0.128,5000000.0,421000000.0,1.0,217236824.0,215000000,226000000.0,27.712,7035000000.0,328000000.0,-383000000.0,254000000.0,32.721,-424000000.0
41,HOT,MRT,2006-03-31,2006-03-31,2006-03-31,2021-08-25,-318000000.0,12082000000.0,12427750000.0,2151000000.0,9931000000.0,0.484,22.647,-494000000.0,1046000000.0,1046000000.0,4397000000.0,348000000.0,0.993,1.481,4226000000.0,758000000.0,3468000000.0,4226000000.0,0.0,370000000.0,0.0,0.019,1.26,787000000.0,1157000000.0,0.192,1157000000.0,787000000.0,513000000.0,1.6,1.54,1.6,4869000000.0,5192250000.0,4869000000.0,17571531032.0,22.0,15.187,330000000.0,1.535,1.0,1615000000.0,0.269,2299000000.0,274000000.0,10797000000.0,10882250000.0,363000000.0,393000000.0,0.0,393000000.0,7213000000.0,2166000000.0,5047000000.0,14618531032.0,447000000.0,507000000.0,-359000000.0,-129000000.0,-230000000.0,-716000000.0,358000000.0,329000000.0,824000000.0,-19000000.0,348000000.0,348000000.0,348000000.0,1000000.0,0.0,0.058,792000000.0,823000000.0,151000000.0,0.787,3.002,42.007,42.331,3986000000.0,0.0,67.73,2.432,2.422,581000000.0,83000000.0,6012000000.0,6012000000.0,0.0,0.028,0.067,0.072,0.131,22000000.0,394000000.0,1.0,215835391.0,215000000,225000000.0,27.963,9783000000.0,0.0,165000000.0,628000000.0,45.502,-15000000.0
42,HOT,MRT,2005-12-31,2005-12-31,2005-12-31,2021-08-25,-322000000.0,12494000000.0,12479750000.0,2283000000.0,10211000000.0,0.479,24.014,-464000000.0,1192000000.0,1192000000.0,4365000000.0,422000000.0,0.793,1.398,4145000000.0,1219000000.0,2926000000.0,4145000000.0,0.0,407000000.0,0.0,0.013,0.84,833000000.0,1240000000.0,0.207,1240000000.0,833000000.0,594000000.0,1.95,1.88,1.95,5211000000.0,5249750000.0,5211000000.0,17147192623.0,21.0,13.828,300000000.0,1.382,1.0,1612000000.0,0.27,2315000000.0,239000000.0,10253000000.0,11057750000.0,280000000.0,403000000.0,0.0,403000000.0,7283000000.0,2879000000.0,4404000000.0,14000192623.0,571000000.0,268000000.0,177000000.0,-241000000.0,-176000000.0,-253000000.0,85000000.0,279000000.0,764000000.0,-25000000.0,422000000.0,422000000.0,422000000.0,1000000.0,0.0,0.071,820000000.0,792000000.0,156000000.0,0.431,2.687,33.176,32.749,4169000000.0,0.0,63.86,2.342,2.318,642000000.0,170000000.0,5977000000.0,5977000000.0,0.0,0.034,0.08,0.075,0.139,31000000.0,370000000.0,1.0,219232581.0,217000000,225000000.0,27.544,10179000000.0,40000000.0,172000000.0,760000000.0,46.908,-596000000.0
43,HOT,MRT,2005-09-30,2005-09-30,2005-09-30,2021-08-25,-298000000.0,12739000000.0,12430750000.0,2270000000.0,10469000000.0,0.475,24.908,-462000000.0,1160000000.0,1160000000.0,4313000000.0,363000000.0,0.992,1.346,4307000000.0,604000000.0,3703000000.0,4307000000.0,0.0,430000000.0,0.0,0.015,0.84,735000000.0,1165000000.0,0.197,1165000000.0,735000000.0,493000000.0,1.7,1.64,1.7,5430000000.0,5144000000.0,5430000000.0,15913975071.0,22.0,13.66,557000000.0,2.555,1.0,1590000000.0,0.269,2539000000.0,242000000.0,11059000000.0,11476500000.0,281000000.0,408000000.0,0.0,408000000.0,7309000000.0,2288000000.0,5021000000.0,12444975071.0,678000000.0,174000000.0,373000000.0,-173000000.0,-176000000.0,12000000.0,-345000000.0,-37000000.0,1019000000.0,-8000000.0,363000000.0,363000000.0,363000000.0,-25000000.0,0.0,0.061,885000000.0,705000000.0,149000000.0,0.494,2.292,34.284,33.629,6777000000.0,0.0,57.17,2.108,2.111,642000000.0,195000000.0,5903000000.0,5903000000.0,0.0,0.029,0.071,0.064,0.125,43000000.0,361000000.0,1.0,217683664.0,218000000,226000000.0,27.078,10200000000.0,0.0,130000000.0,1082000000.0,46.789,-18000000.0
44,HOT,MRT,2005-06-30,2005-06-30,2005-06-30,2021-08-25,-320000000.0,12396000000.0,12248000000.0,2001000000.0,10395000000.0,0.469,24.347,-379000000.0,890000000.0,890000000.0,4226000000.0,431000000.0,1.046,1.357,4359000000.0,634000000.0,3725000000.0,4359000000.0,0.0,434000000.0,0.0,0.014,0.84,782000000.0,1216000000.0,0.212,1216000000.0,782000000.0,535000000.0,2.04,1.97,2.04,5259000000.0,4959250000.0,5259000000.0,16336010643.0,21.0,13.434,247000000.0,1.144,1.0,1517000000.0,0.264,2532000000.0,247000000.0,11420000000.0,11722500000.0,316000000.0,432000000.0,0.0,432000000.0,7137000000.0,1913000000.0,5224000000.0,12658010643.0,214000000.0,114000000.0,175000000.0,-73000000.0,-176000000.0,-83000000.0,-322000000.0,-63000000.0,626000000.0,-7000000.0,431000000.0,431000000.0,431000000.0,-26000000.0,0.0,0.075,814000000.0,703000000.0,154000000.0,0.412,2.407,29.369,28.711,6778000000.0,0.0,58.57,2.204,2.203,598000000.0,156000000.0,5743000000.0,5743000000.0,0.0,0.035,0.087,0.067,0.136,37000000.0,337000000.0,1.0,216117648.0,216000000,223000000.0,26.588,9864000000.0,0.0,104000000.0,1009000000.0,45.667,88000000.0
45,HOT,MRT,2005-03-31,2005-03-31,2005-03-31,2021-08-25,-291000000.0,12290000000.0,12113750000.0,1773000000.0,10517000000.0,0.458,24.052,-352000000.0,719000000.0,719000000.0,4112000000.0,440000000.0,0.922,1.41,4397000000.0,642000000.0,3755000000.0,4397000000.0,0.0,435000000.0,0.0,0.014,0.84,754000000.0,1189000000.0,0.214,1189000000.0,754000000.0,502000000.0,2.11,2.04,2.11,5099000000.0,4812000000.0,5099000000.0,16523431889.0,22.0,13.897,222000000.0,1.047,1.0,1435000000.0,0.259,2547000000.0,252000000.0,11499000000.0,11839500000.0,341000000.0,440000000.0,0.0,440000000.0,7191000000.0,1922000000.0,5269000000.0,12754431889.0,76000000.0,102000000.0,163000000.0,-173000000.0,-176000000.0,-198000000.0,-304000000.0,-65000000.0,574000000.0,4000000.0,440000000.0,440000000.0,440000000.0,-26000000.0,0.0,0.079,795000000.0,640000000.0,156000000.0,0.398,2.501,28.987,28.45,6888000000.0,0.0,60.03,2.299,2.294,544000000.0,11000000.0,5547000000.0,5547000000.0,0.0,0.036,0.091,0.064,0.136,22000000.0,331000000.0,1.0,212467631.0,212000000,221000000.0,26.165,9743000000.0,0.0,62000000.0,995000000.0,45.958,-149000000.0
46,HOT,MRT,2004-12-31,2004-12-31,2004-12-31,2021-08-25,-255000000.0,12298000000.0,12022500000.0,1683000000.0,10615000000.0,0.446,23.13,-333000000.0,673000000.0,673000000.0,3990000000.0,395000000.0,0.791,1.569,4442000000.0,619000000.0,3823000000.0,4442000000.0,0.0,431000000.0,0.0,0.014,0.84,692000000.0,1123000000.0,0.209,1123000000.0,692000000.0,438000000.0,1.91,1.84,1.91,4788000000.0,4659750000.0,4788000000.0,16186034382.0,23.0,14.413,245000000.0,1.184,1.0,1378000000.0,0.257,2011000000.0,254000000.0,11928000000.0,11980000000.0,371000000.0,453000000.0,0.0,453000000.0,7510000000.0,2128000000.0,5382000000.0,12105034382.0,-101000000.0,9000000.0,69000000.0,-171000000.0,-172000000.0,-273000000.0,-415000000.0,-79000000.0,578000000.0,9000000.0,395000000.0,395000000.0,395000000.0,-26000000.0,0.0,0.074,758000000.0,620000000.0,200000000.0,0.44,2.528,30.646,30.576,4341000000.0,0.0,58.4,2.255,2.252,482000000.0,-68000000.0,5368000000.0,5368000000.0,0.0,0.033,0.085,0.058,0.129,16000000.0,331000000.0,1.0,207277986.0,207000000,215000000.0,25.932,10287000000.0,0.0,43000000.0,1023000000.0,49.696,-445000000.0
47,HOT,MRT,2004-09-30,2004-09-30,2004-09-30,2021-08-25,-346000000.0,12008000000.0,11912250000.0,1355000000.0,10653000000.0,0.43,22.553,-318000000.0,420000000.0,420000000.0,3850000000.0,382000000.0,0.882,1.56,4501000000.0,243000000.0,4258000000.0,4501000000.0,0.0,425000000.0,0.0,0.018,0.84,679000000.0,1104000000.0,0.215,1104000000.0,679000000.0,423000000.0,1.85,1.8,1.85,4691000000.0,4544250000.0,4691000000.0,13714153964.0,20.0,12.422,314000000.0,1.51,1.0,1273000000.0,0.248,2509000000.0,256000000.0,12043000000.0,11968000000.0,320000000.0,463000000.0,0.0,463000000.0,7317000000.0,1537000000.0,5780000000.0,9663153964.0,-556000000.0,995000000.0,2000000.0,-379000000.0,-172000000.0,-552000000.0,-646000000.0,-265000000.0,632000000.0,10000000.0,382000000.0,382000000.0,382000000.0,2000000.0,0.0,0.075,469000000.0,804000000.0,154000000.0,0.454,2.06,25.296,25.092,6944000000.0,0.0,46.42,1.886,1.885,438000000.0,8000000.0,5123000000.0,5123000000.0,0.0,0.032,0.084,0.057,0.133,0.0,285000000.0,1.0,208167901.0,208000000,215000000.0,24.63,9499000000.0,0.0,41000000.0,1022000000.0,45.668,-182000000.0
48,HOT,MRT,2004-06-30,2004-06-30,2004-06-30,2021-08-25,-359000000.0,11859000000.0,11890250000.0,1319000000.0,10540000000.0,0.414,22.452,-312000000.0,383000000.0,383000000.0,3735000000.0,323000000.0,0.871,1.539,4434000000.0,260000000.0,4174000000.0,4434000000.0,0.0,422000000.0,0.0,0.019,0.84,584000000.0,1006000000.0,0.204,1006000000.0,584000000.0,323000000.0,1.57,1.53,1.57,4670000000.0,4460250000.0,4670000000.0,13483629906.0,23.0,13.403,414000000.0,1.99,1.0,1188000000.0,0.241,2508000000.0,261000000.0,11888000000.0,11931000000.0,292000000.0,441000000.0,0.0,441000000.0,7189000000.0,1514000000.0,5675000000.0,9283629906.0,-154000000.0,995000000.0,138000000.0,-594000000.0,-172000000.0,-634000000.0,-258000000.0,-243000000.0,726000000.0,12000000.0,323000000.0,323000000.0,323000000.0,2000000.0,0.0,0.066,474000000.0,714000000.0,141000000.0,0.535,1.988,28.742,28.567,6956000000.0,0.0,44.85,1.886,1.895,451000000.0,-99000000.0,4923000000.0,4923000000.0,0.0,0.027,0.072,0.049,0.119,0.0,256000000.0,1.0,206992863.0,208000000,215000000.0,23.668,9351000000.0,0.0,0.0,994000000.0,44.957,-195000000.0
49,HOT,MRT,2004-03-31,2004-03-31,2004-03-31,2021-08-25,-340000000.0,11925000000.0,11922000000.0,1284000000.0,10641000000.0,0.4,21.902,-301000000.0,402000000.0,402000000.0,3660000000.0,459000000.0,0.829,1.656,4602000000.0,240000000.0,4362000000.0,4602000000.0,0.0,420000000.0,0.0,0.021,0.84,687000000.0,1107000000.0,0.232,1107000000.0,687000000.0,418000000.0,2.26,2.22,2.26,4490000000.0,4362250000.0,4490000000.0,12386119955.0,18.0,11.189,387000000.0,1.888,1.0,1111000000.0,0.233,2515000000.0,269000000.0,12061000000.0,12096250000.0,297000000.0,432000000.0,0.0,432000000.0,7435000000.0,1549000000.0,5886000000.0,8268119955.0,79000000.0,977000000.0,136000000.0,-980000000.0,-172000000.0,-1024000000.0,401000000.0,-239000000.0,688000000.0,14000000.0,459000000.0,459000000.0,459000000.0,2000000.0,0.0,0.096,451000000.0,660000000.0,163000000.0,0.372,1.841,18.013,17.92,7025000000.0,0.0,40.5,1.733,1.74,443000000.0,-253000000.0,4771000000.0,4771000000.0,0.0,0.039,0.105,0.057,0.144,0.0,232000000.0,1.0,204151110.0,205000000,211000000.0,23.273,9410000000.0,0.0,-41000000.0,1067000000.0,45.902,-265000000.0
50,HOT,MRT,2003-12-31,2003-12-31,2003-12-31,2021-08-25,-334000000.0,11857000000.0,11968000000.0,1225000000.0,10632000000.0,0.387,21.31,-302000000.0,508000000.0,508000000.0,3583000000.0,309000000.0,0.762,1.741,4626000000.0,233000000.0,4393000000.0,4626000000.0,0.0,429000000.0,0.0,0.023,0.84,478000000.0,907000000.0,0.196,907000000.0,478000000.0,196000000.0,1.53,1.5,1.53,4326000000.0,4219250000.0,4326000000.0,11288779628.0,24.0,12.446,464000000.0,2.286,1.0,1047000000.0,0.226,2488000000.0,282000000.0,11880000000.0,12248000000.0,232000000.0,415000000.0,0.0,415000000.0,7531000000.0,1607000000.0,5924000000.0,7274779628.0,319000000.0,1042000000.0,26000000.0,-809000000.0,-170000000.0,-979000000.0,515000000.0,-216000000.0,766000000.0,17000000.0,309000000.0,309000000.0,309000000.0,2000000.0,0.0,0.067,597000000.0,450000000.0,171000000.0,0.549,1.682,23.543,23.51,7106000000.0,0.0,35.97,1.571,1.577,381000000.0,-287000000.0,4630000000.0,4630000000.0,0.0,0.026,0.073,0.039,0.103,0.0,200000000.0,1.0,202245750.0,203000000,207000000.0,22.808,9369000000.0,0.0,-113000000.0,1074000000.0,46.153,-382000000.0
51,HOT,MRT,2003-09-30,2003-09-30,2003-09-30,2021-08-25,-396000000.0,11920000000.0,12051250000.0,1593000000.0,10327000000.0,0.379,21.453,-283000000.0,871000000.0,871000000.0,3743000000.0,313000000.0,1.019,1.737,4885000000.0,442000000.0,4443000000.0,4885000000.0,0.0,446000000.0,0.0,0.024,0.84,457000000.0,903000000.0,0.198,903000000.0,457000000.0,175000000.0,1.54,1.5,1.54,4355000000.0,4137000000.0,4355000000.0,11572498513.0,25.0,12.816,429000000.0,2.113,1.0,825000000.0,0.181,2476000000.0,282000000.0,11895000000.0,12426250000.0,201000000.0,400000000.0,0.0,400000000.0,7565000000.0,1563000000.0,6002000000.0,7001498513.0,657000000.0,83000000.0,78000000.0,-612000000.0,-170000000.0,-846000000.0,782000000.0,-41000000.0,712000000.0,9000000.0,313000000.0,313000000.0,313000000.0,1000000.0,0.0,0.069,612000000.0,213000000.0,140000000.0,0.545,1.608,22.369,22.597,6946000000.0,0.0,34.8,1.533,1.546,398000000.0,-202000000.0,4568000000.0,4568000000.0,0.0,0.026,0.076,0.037,0.1,0.0,-7000000.0,1.0,201192486.0,203000000,208000000.0,22.502,9444000000.0,0.0,-138000000.0,1059000000.0,46.522,30000000.0
52,HOT,MRT,2003-06-30,2003-06-30,2003-06-30,2021-08-25,-399000000.0,11986000000.0,12129250000.0,1286000000.0,10700000000.0,0.378,21.178,-312000000.0,482000000.0,482000000.0,3634000000.0,317000000.0,0.839,1.802,5053000000.0,434000000.0,4619000000.0,5053000000.0,0.0,471000000.0,0.0,0.029,0.84,479000000.0,950000000.0,0.207,950000000.0,479000000.0,189000000.0,1.56,1.53,1.56,4278000000.0,4059500000.0,4278000000.0,10937040204.0,23.0,11.513,363000000.0,1.797,1.0,945000000.0,0.206,2476000000.0,290000000.0,12549000000.0,12679250000.0,212000000.0,405000000.0,0.0,405000000.0,7708000000.0,1532000000.0,6176000000.0,5736040204.0,211000000.0,66000000.0,56000000.0,-653000000.0,-170000000.0,-841000000.0,365000000.0,-40000000.0,675000000.0,12000000.0,317000000.0,317000000.0,317000000.0,1000000.0,0.0,0.069,705000000.0,240000000.0,147000000.0,0.538,1.341,18.095,18.327,6968000000.0,0.0,28.59,1.253,1.261,431000000.0,-250000000.0,4579000000.0,4579000000.0,0.0,0.026,0.078,0.038,0.105,0.0,71000000.0,1.0,200630997.0,202000000,205000000.0,22.668,9510000000.0,0.0,-128000000.0,1083000000.0,47.079,-246000000.0
53,HOT,MRT,2003-03-31,2003-03-31,2003-03-31,2021-08-25,-455000000.0,12109000000.0,12208250000.0,1041000000.0,11068000000.0,0.376,19.59,-305000000.0,304000000.0,304000000.0,3511000000.0,207000000.0,0.504,2.091,5505000000.0,908000000.0,4597000000.0,5505000000.0,0.0,603000000.0,0.0,0.035,0.84,450000000.0,1053000000.0,0.23,1053000000.0,450000000.0,126000000.0,1.02,0.99,1.02,3918000000.0,3991750000.0,3918000000.0,9854914946.0,22.0,9.359,542000000.0,2.71,1.0,1077000000.0,0.235,2576000000.0,324000000.0,12668000000.0,12644000000.0,213000000.0,407000000.0,0.0,407000000.0,8191000000.0,2066000000.0,6125000000.0,4751914946.0,55000000.0,70000000.0,45000000.0,-328000000.0,-170000000.0,-520000000.0,-284000000.0,-35000000.0,847000000.0,12000000.0,207000000.0,207000000.0,207000000.0,1000000.0,0.0,0.045,758000000.0,319000000.0,220000000.0,0.824,1.213,22.956,23.324,6925000000.0,0.0,23.79,1.036,1.037,376000000.0,-540000000.0,4588000000.0,4588000000.0,0.0,0.017,0.052,0.036,0.098,0.0,114000000.0,1.0,199744218.0,200000000,200000000.0,22.94,9533000000.0,0.0,-81000000.0,1120000000.0,47.665,-1025000000.0
54,HOT,MRT,2002-12-31,2002-12-31,2002-12-31,2021-08-25,-474000000.0,12190000000.0,12230500000.0,936000000.0,11254000000.0,0.375,19.886,-296000000.0,216000000.0,216000000.0,3404000000.0,355000000.0,0.439,2.05,5319000000.0,870000000.0,4449000000.0,5319000000.0,0.0,488000000.0,0.0,0.035,0.84,680000000.0,1168000000.0,0.255,1168000000.0,680000000.0,357000000.0,1.76,1.73,1.76,3997000000.0,3953500000.0,3997000000.0,9853346960.0,14.0,8.436,466000000.0,2.318,1.0,1184000000.0,0.258,2570000000.0,323000000.0,12593000000.0,12651750000.0,214000000.0,434000000.0,0.0,434000000.0,8193000000.0,2130000000.0,6063000000.0,4735346960.0,1000000.0,58000000.0,35000000.0,-453000000.0,-40000000.0,-487000000.0,-282000000.0,-34000000.0,762000000.0,8000000.0,355000000.0,355000000.0,355000000.0,0.0,0.0,0.077,630000000.0,554000000.0,171000000.0,0.477,1.185,13.339,13.489,6911000000.0,0.0,23.74,1.032,1.04,398000000.0,-424000000.0,4588000000.0,4588000000.0,0.0,0.029,0.09,0.054,0.148,0.0,152000000.0,1.0,199467016.0,201000000,205000000.0,22.826,9620000000.0,0.0,2000000.0,1174000000.0,47.861,-1194000000.0
55,HOT,MRT,2002-09-30,2002-09-30,2002-09-30,2021-08-25,-496000000.0,12232000000.0,12298250000.0,984000000.0,11248000000.0,0.36,20.124,-356000000.0,229000000.0,229000000.0,3042000000.0,210000000.0,0.526,2.024,5347000000.0,589000000.0,4758000000.0,5347000000.0,0.0,492000000.0,0.0,0.009,0.2,513000000.0,1005000000.0,0.227,1005000000.0,513000000.0,189000000.0,1.04,1.03,1.04,4045000000.0,3890750000.0,4045000000.0,9748268685.0,19.0,9.7,300000000.0,1.493,1.0,1381000000.0,0.312,2573000000.0,324000000.0,12907000000.0,12871750000.0,205000000.0,447000000.0,0.0,447000000.0,8187000000.0,1870000000.0,6317000000.0,4447268685.0,-23000000.0,-13000000.0,0.0,-316000000.0,-80000000.0,-300000000.0,-387000000.0,-2000000.0,656000000.0,8000000.0,210000000.0,210000000.0,210000000.0,0.0,0.0,0.047,995000000.0,386000000.0,232000000.0,0.192,1.099,21.177,21.442,7747000000.0,0.0,22.3,1.005,1.013,413000000.0,-345000000.0,4423000000.0,4423000000.0,0.0,0.017,0.054,0.04,0.116,0.0,406000000.0,1.0,199429089.0,201000000,204000000.0,22.005,9659000000.0,0.0,-21000000.0,1247000000.0,48.055,-886000000.0
56,HOT,MRT,2002-06-30,2002-06-30,2002-06-30,2021-08-25,-478000000.0,12302000000.0,12410750000.0,984000000.0,11318000000.0,0.356,19.935,-383000000.0,196000000.0,196000000.0,3030000000.0,188000000.0,0.376,2.07,5497000000.0,1388000000.0,4109000000.0,5497000000.0,0.0,497000000.0,0.0,0.012,0.4,514000000.0,1011000000.0,0.229,1011000000.0,514000000.0,178000000.0,0.93,0.91,0.93,4007000000.0,3851000000.0,4007000000.0,11949226150.0,23.0,11.819,278000000.0,1.383,1.0,1393000000.0,0.315,2575000000.0,336000000.0,12408000000.0,12947500000.0,209000000.0,437000000.0,0.0,437000000.0,8295000000.0,2620000000.0,5675000000.0,6557226150.0,-60000000.0,4000000.0,-54000000.0,-145000000.0,-121000000.0,-296000000.0,-430000000.0,-37000000.0,661000000.0,5000000.0,188000000.0,188000000.0,188000000.0,0.0,0.0,0.043,1006000000.0,387000000.0,229000000.0,0.43,1.636,34.879,35.366,7795000000.0,0.0,32.89,1.483,1.495,427000000.0,-397000000.0,4423000000.0,4423000000.0,0.0,0.015,0.049,0.04,0.116,0.0,399000000.0,1.0,199368384.0,201000000,206000000.0,22.005,9727000000.0,0.0,-10000000.0,1257000000.0,48.393,-1636000000.0
57,HOT,MRT,2002-03-31,2002-03-31,2002-03-31,2021-08-25,-536000000.0,12198000000.0,12513500000.0,915000000.0,11283000000.0,0.36,18.825,-439000000.0,174000000.0,174000000.0,3047000000.0,115000000.0,0.399,2.24,5566000000.0,1072000000.0,4494000000.0,5566000000.0,0.0,391000000.0,0.0,0.016,0.6,469000000.0,860000000.0,0.191,860000000.0,469000000.0,139000000.0,0.57,0.56,0.57,3765000000.0,3830750000.0,3765000000.0,12866892412.0,27.0,14.962,175000000.0,0.875,1.0,1463000000.0,0.324,2598000000.0,330000000.0,12699000000.0,13172500000.0,211000000.0,406000000.0,0.0,406000000.0,8433000000.0,2293000000.0,6140000000.0,7464892412.0,-70000000.0,-45000000.0,-60000000.0,90000000.0,-161000000.0,-96000000.0,-587000000.0,-82000000.0,614000000.0,-1000000.0,115000000.0,115000000.0,115000000.0,0.0,0.0,0.025,1016000000.0,447000000.0,205000000.0,1.053,1.983,64.912,65.982,7735000000.0,0.0,37.61,1.655,1.668,409000000.0,-577000000.0,4510000000.0,4510000000.0,0.0,0.009,0.03,0.036,0.104,0.0,400000000.0,1.0,198481585.0,200000000,205000000.0,22.55,9600000000.0,0.0,24000000.0,1407000000.0,48.0,-1378000000.0
58,HOT,MRT,2001-12-31,2001-12-31,2001-12-31,2021-08-25,-484000000.0,12461000000.0,12623750000.0,897000000.0,11564000000.0,0.367,18.637,-477000000.0,157000000.0,157000000.0,3078000000.0,145000000.0,0.573,2.326,5559000000.0,310000000.0,5249000000.0,5559000000.0,0.0,518000000.0,0.0,0.027,0.8,541000000.0,1059000000.0,0.229,1059000000.0,541000000.0,187000000.0,0.72,0.7,0.72,3746000000.0,3851000000.0,3746000000.0,11205801322.0,21.0,10.581,278000000.0,1.383,1.0,1555000000.0,0.336,2825000000.0,354000000.0,13473000000.0,13286000000.0,219000000.0,400000000.0,0.0,400000000.0,8715000000.0,1565000000.0,7150000000.0,5902801322.0,-31000000.0,-12000000.0,-96000000.0,61000000.0,-156000000.0,-162000000.0,-621000000.0,-100000000.0,755000000.0,-3000000.0,145000000.0,145000000.0,145000000.0,0.0,0.0,0.031,1036000000.0,519000000.0,225000000.0,1.111,1.576,40.709,41.458,7835000000.0,0.0,29.85,1.274,1.295,432000000.0,-609000000.0,4633000000.0,4633000000.0,0.0,0.011,0.038,0.041,0.117,0.0,411000000.0,1.0,197748788.0,201000000,206000000.0,23.05,9636000000.0,0.0,42000000.0,1634000000.0,47.94,-668000000.0
59,HOT,MRT,2001-09-30,2001-09-30,2001-09-30,2021-08-25,-426000000.0,12682000000.0,12682750000.0,1004000000.0,11678000000.0,0.431,19.43,-540000000.0,204000000.0,204000000.0,3658000000.0,330000000.0,0.527,2.264,5507000000.0,592000000.0,4915000000.0,5507000000.0,0.0,516000000.0,0.0,0.035,0.773,872000000.0,1388000000.0,0.254,1388000000.0,872000000.0,476000000.0,1.64,1.6,1.64,3886000000.0,3877250000.0,3886000000.0,9695664996.0,11.0,6.985,353000000.0,1.765,1.0,1805000000.0,0.33,2869000000.0,396000000.0,13210000000.0,13248750000.0,224000000.0,455000000.0,0.0,455000000.0,8796000000.0,1906000000.0,6890000000.0,4387664996.0,-76000000.0,1000000.0,-125000000.0,19000000.0,-151000000.0,-239000000.0,-729000000.0,-155000000.0,893000000.0,-1000000.0,330000000.0,330000000.0,330000000.0,0.0,0.0,0.06,932000000.0,873000000.0,211000000.0,0.471,1.129,13.296,13.415,7864000000.0,0.0,22.0,0.803,0.805,437000000.0,-514000000.0,5463000000.0,5463000000.0,0.0,0.026,0.085,0.066,0.16,0.0,414000000.0,1.0,199439318.0,200000000,206000000.0,27.315,9813000000.0,0.0,146000000.0,1764000000.0,49.065,-902000000.0
60,HOT,MRT,2001-06-30,2001-06-30,2001-06-30,2021-08-25,-443000000.0,12713000000.0,12656250000.0,1099000000.0,11614000000.0,0.428,19.532,-522000000.0,221000000.0,221000000.0,3516000000.0,403000000.0,0.599,2.238,5529000000.0,564000000.0,4965000000.0,5529000000.0,0.0,503000000.0,0.0,0.02,0.745,1000000000.0,1503000000.0,0.277,1503000000.0,1000000000.0,589000000.0,2.0,1.96,2.0,3926000000.0,3838000000.0,3926000000.0,12681278691.0,13.0,8.437,376000000.0,1.871,1.0,1902000000.0,0.351,2879000000.0,411000000.0,13308000000.0,13041250000.0,233000000.0,442000000.0,0.0,442000000.0,8787000000.0,1834000000.0,6953000000.0,7409278691.0,-100000000.0,-15000000.0,-92000000.0,-67000000.0,-145000000.0,-273000000.0,-717000000.0,-139000000.0,898000000.0,-8000000.0,403000000.0,403000000.0,403000000.0,0.0,0.0,0.074,896000000.0,1006000000.0,210000000.0,0.372,1.887,18.385,18.64,7810000000.0,0.0,37.28,1.368,1.383,485000000.0,-504000000.0,5418000000.0,5418000000.0,0.0,0.032,0.105,0.077,0.185,0.0,395000000.0,1.0,198746746.0,201000000,207000000.0,26.955,9834000000.0,0.0,186000000.0,1781000000.0,48.925,-735000000.0
61,HOT,MRT,2001-03-31,2001-03-31,2001-03-31,2021-08-25,-427000000.0,12639000000.0,12653000000.0,1098000000.0,11541000000.0,0.415,19.134,-536000000.0,224000000.0,224000000.0,3329000000.0,415000000.0,0.586,2.286,5496000000.0,577000000.0,4919000000.0,5496000000.0,0.0,491000000.0,0.0,0.021,0.717,1036000000.0,1527000000.0,0.291,1527000000.0,1036000000.0,618000000.0,2.07,2.02,2.07,3846000000.0,3787500000.0,3846000000.0,12076269537.0,12.0,7.908,387000000.0,1.925,1.0,1924000000.0,0.366,2885000000.0,418000000.0,13153000000.0,12940250000.0,235000000.0,399000000.0,0.0,399000000.0,8793000000.0,1873000000.0,6920000000.0,6723269537.0,-257000000.0,255000000.0,-86000000.0,-590000000.0,-139000000.0,-778000000.0,-391000000.0,-71000000.0,923000000.0,-11000000.0,415000000.0,415000000.0,415000000.0,0.0,0.0,0.079,888000000.0,1036000000.0,215000000.0,0.346,1.748,16.201,16.43,7753000000.0,0.0,34.01,1.28,1.301,497000000.0,-571000000.0,5253000000.0,5253000000.0,0.0,0.033,0.11,0.08,0.197,0.0,398000000.0,1.0,197685079.0,201000000,207000000.0,26.134,9754000000.0,0.0,203000000.0,1799000000.0,48.527,-775000000.0
62,HOT,MRT,2000-12-31,2000-12-31,2000-12-31,2021-08-25,-353000000.0,12697000000.0,12742500000.0,1085000000.0,11612000000.0,0.396,19.064,-544000000.0,189000000.0,189000000.0,3128000000.0,403000000.0,0.588,2.297,5542000000.0,585000000.0,4957000000.0,5542000000.0,0.0,481000000.0,0.0,0.02,0.69,1027000000.0,1508000000.0,0.299,1508000000.0,1027000000.0,604000000.0,2.0,1.97,2.0,3851000000.0,3736750000.0,3851000000.0,12082063345.0,12.0,8.012,270000000.0,1.337,1.0,1912000000.0,0.379,2881000000.0,423000000.0,13324000000.0,12994000000.0,238000000.0,412000000.0,0.0,412000000.0,8846000000.0,1845000000.0,7001000000.0,6807063345.0,-285000000.0,-23000000.0,-69000000.0,-237000000.0,-134000000.0,-417000000.0,-659000000.0,-57000000.0,814000000.0,-23000000.0,403000000.0,403000000.0,403000000.0,0.0,0.0,0.08,882000000.0,1030000000.0,186000000.0,0.345,1.768,16.891,17.625,7889000000.0,0.0,35.25,1.351,1.413,538000000.0,-592000000.0,5040000000.0,5040000000.0,0.0,0.032,0.108,0.079,0.204,0.0,403000000.0,1.0,193108180.0,202000000,205000000.0,24.95,9816000000.0,0.0,201000000.0,1770000000.0,48.594,-760000000.0
63,HOT,MRT,2000-09-30,2000-09-30,2000-09-30,2021-08-25,-386000000.0,12576000000.0,12799500000.0,1134000000.0,11442000000.0,0.335,18.369,-541000000.0,242000000.0,242000000.0,2438000000.0,279000000.0,0.446,2.372,5517000000.0,1270000000.0,4247000000.0,5517000000.0,0.0,455000000.0,0.0,0.021,0.667,932000000.0,1387000000.0,0.323,1387000000.0,932000000.0,501000000.0,1.43,1.4,1.43,3729000000.0,3696500000.0,3729000000.0,11402972906.0,12.0,8.221,246000000.0,1.212,1.0,1850000000.0,0.431,2927000000.0,431000000.0,12380000000.0,12898750000.0,227000000.0,425000000.0,0.0,425000000.0,8847000000.0,2544000000.0,6303000000.0,6041972906.0,47000000.0,3192000000.0,-62000000.0,-3110000000.0,-128000000.0,-3309000000.0,2609000000.0,-20000000.0,787000000.0,-40000000.0,279000000.0,279000000.0,279000000.0,0.0,0.0,0.065,718000000.0,1132000000.0,198000000.0,0.466,1.62,21.656,21.853,7642000000.0,0.0,31.25,1.409,1.479,547000000.0,-688000000.0,4288000000.0,4288000000.0,0.0,0.022,0.075,0.072,0.217,0.0,409000000.0,1.0,193343133.0,203000000,207000000.0,21.123,9649000000.0,0.0,222000000.0,1742000000.0,47.532,-1410000000.0
64,HOT,MRT,2000-06-30,2000-06-30,2000-06-30,2021-08-25,-316000000.0,12700000000.0,12965000000.0,1181000000.0,11519000000.0,0.32,19.097,-557000000.0,283000000.0,283000000.0,2409000000.0,218000000.0,0.534,2.41,5644000000.0,964000000.0,4680000000.0,5644000000.0,0.0,451000000.0,0.0,0.02,0.645,868000000.0,1319000000.0,0.318,1319000000.0,868000000.0,414000000.0,1.14,1.12,1.14,3724000000.0,3646750000.0,3724000000.0,11712538841.0,13.0,8.88,23000000.0,0.118,1.0,1735000000.0,0.419,2947000000.0,454000000.0,12904000000.0,13596500000.0,210000000.0,438000000.0,0.0,438000000.0,8976000000.0,2210000000.0,6766000000.0,6192538841.0,114000000.0,3402000000.0,-83000000.0,-2905000000.0,-122000000.0,-3118000000.0,2686000000.0,-12000000.0,580000000.0,-34000000.0,218000000.0,218000000.0,218000000.0,0.0,0.0,0.053,653000000.0,1082000000.0,194000000.0,0.566,1.663,28.406,28.553,7722000000.0,0.0,32.55,1.494,1.532,560000000.0,-756000000.0,4144000000.0,4144000000.0,0.0,0.017,0.06,0.064,0.209,0.0,349000000.0,1.0,190246969.0,195000000,205000000.0,21.251,9753000000.0,0.0,196000000.0,1739000000.0,50.015,-1029000000.0
65,HOT,MRT,2000-03-31,2000-03-31,2000-03-31,2021-08-25,-289000000.0,12997000000.0,13062000000.0,1234000000.0,11763000000.0,0.304,18.682,-549000000.0,443000000.0,443000000.0,2362000000.0,241000000.0,0.561,2.568,5963000000.0,915000000.0,5048000000.0,5963000000.0,0.0,450000000.0,0.0,0.024,0.623,871000000.0,1321000000.0,0.333,1321000000.0,871000000.0,404000000.0,1.3,1.27,1.3,3643000000.0,3600500000.0,3643000000.0,10072441554.0,12.0,7.625,-65000000.0,-0.333,1.0,1610000000.0,0.405,2950000000.0,467000000.0,13368000000.0,14109000000.0,180000000.0,450000000.0,0.0,450000000.0,9354000000.0,2199000000.0,7155000000.0,4877441554.0,288000000.0,3485000000.0,-83000000.0,-2467000000.0,-117000000.0,-2695000000.0,2529000000.0,-42000000.0,484000000.0,-30000000.0,241000000.0,241000000.0,241000000.0,0.0,0.0,0.061,538000000.0,1072000000.0,186000000.0,0.479,1.339,20.238,19.808,7735000000.0,0.0,25.75,1.228,1.264,504000000.0,-841000000.0,3972000000.0,3972000000.0,0.0,0.018,0.067,0.062,0.219,0.0,276000000.0,1.0,189415206.0,195000000,202000000.0,20.369,10047000000.0,0.0,163000000.0,1767000000.0,51.523,-965000000.0
66,HOT,MRT,1999-12-31,1999-12-31,1999-12-31,2021-08-25,-238000000.0,12925000000.0,13097000000.0,1163000000.0,11762000000.0,0.292,19.524,-521000000.0,436000000.0,436000000.0,2313000000.0,-741000000.0,0.505,2.503,5631000000.0,988000000.0,4643000000.0,5631000000.0,0.0,452000000.0,0.0,0.026,0.6,819000000.0,1271000000.0,0.332,1271000000.0,819000000.0,335000000.0,-3.96,-3.96,-3.96,3690000000.0,3550000000.0,3690000000.0,10498861624.0,13.0,8.26,-64000000.0,-0.339,1.0,1516000000.0,0.396,2872000000.0,484000000.0,12943000000.0,14500500000.0,167000000.0,442000000.0,0.0,442000000.0,9235000000.0,2305000000.0,6930000000.0,4445861624.0,279000000.0,3742000000.0,-64000000.0,-3104000000.0,-116000000.0,-3335000000.0,3172000000.0,-29000000.0,457000000.0,-15000000.0,-741000000.0,-741000000.0,-741000000.0,0.0,0.0,-0.194,499000000.0,1017000000.0,205000000.0,-0.152,1.205,-6.0,-5.934,7787000000.0,0.0,23.5,1.161,1.16,468000000.0,-856000000.0,3829000000.0,3829000000.0,0.0,-0.057,-0.209,0.056,0.214,0.0,220000000.0,1.0,189185601.0,189000000,189000000.0,20.259,10053000000.0,0.0,1076000000.0,1770000000.0,53.19,-1142000000.0
67,HOT,MRT,1999-09-30,1999-09-30,1999-09-30,2021-08-25,-205000000.0,13238000000.0,13220000000.0,871000000.0,12367000000.0,0.277,18.978,-367000000.0,195000000.0,195000000.0,2269000000.0,-597000000.0,0.607,2.75,6248000000.0,233000000.0,6015000000.0,6248000000.0,0.0,422000000.0,0.0,0.05,1.12,851000000.0,1273000000.0,0.347,1273000000.0,851000000.0,379000000.0,-3.09,-3.19,-3.09,3530000000.0,3741500000.0,3530000000.0,9943724372.0,12.0,7.811,-40000000.0,-0.215,1.0,1399000000.0,0.381,2685000000.0,472000000.0,15171000000.0,15086750000.0,63000000.0,380000000.0,0.0,380000000.0,9708000000.0,1435000000.0,8273000000.0,3978724372.0,16000000.0,3356000000.0,-70000000.0,127000000.0,-195000000.0,-553000000.0,242000000.0,1000000.0,327000000.0,0.0,-597000000.0,-597000000.0,-597000000.0,-59000000.0,0.0,-0.163,525000000.0,874000000.0,188000000.0,-0.362,1.127,-6.665,-7.22,7838000000.0,0.0,22.31,1.085,1.131,536000000.0,-833000000.0,3668000000.0,3668000000.0,0.0,-0.045,-0.16,0.056,0.232,0.0,165000000.0,1.0,178338161.0,186000000,195000000.0,19.72,10553000000.0,0.0,976000000.0,1525000000.0,56.737,-564000000.0
68,HOT,MRT,1999-06-30,1999-06-30,1999-06-30,2021-08-25,-214000000.0,13088000000.0,13967250000.0,817000000.0,12271000000.0,0.257,18.925,-411000000.0,169000000.0,169000000.0,2227000000.0,-720000000.0,0.591,2.698,6134000000.0,209000000.0,5925000000.0,6134000000.0,0.0,410000000.0,0.0,0.049,1.49,629000000.0,1039000000.0,0.289,1039000000.0,629000000.0,126000000.0,-3.74,-3.84,-3.74,3539000000.0,3865250000.0,3539000000.0,11443605632.0,18.0,11.014,-54000000.0,-0.289,1.0,1367000000.0,0.38,2717000000.0,503000000.0,14954000000.0,15848500000.0,60000000.0,401000000.0,0.0,401000000.0,9549000000.0,1382000000.0,8167000000.0,5440605632.0,-230000000.0,3153000000.0,-371000000.0,357000000.0,-270000000.0,-640000000.0,53000000.0,68000000.0,357000000.0,0.0,-720000000.0,-720000000.0,-720000000.0,-32000000.0,0.0,-0.2,728000000.0,639000000.0,172000000.0,-0.398,1.537,-7.556,-8.171,7712000000.0,0.0,30.56,1.514,1.59,510000000.0,-846000000.0,3594000000.0,3594000000.0,0.0,-0.052,-0.186,0.04,0.175,0.0,195000000.0,1.0,178030289.0,187000000,196000000.0,19.219,10371000000.0,0.0,846000000.0,1522000000.0,55.46,-565000000.0
69,HOT,MRT,1999-03-31,1999-03-31,1999-03-31,2021-08-25,-191000000.0,13137000000.0,14758500000.0,787000000.0,12350000000.0,0.242,18.111,-428000000.0,180000000.0,180000000.0,2213000000.0,-626000000.0,0.532,2.818,6183000000.0,241000000.0,5942000000.0,6183000000.0,0.0,424000000.0,0.0,0.065,1.86,710000000.0,1134000000.0,0.318,1134000000.0,710000000.0,217000000.0,-3.35,-3.47,-3.35,3441000000.0,4220000000.0,3441000000.0,13566250206.0,19.0,11.963,-292000000.0,-1.537,1.0,1356000000.0,0.38,2728000000.0,493000000.0,14934000000.0,16576500000.0,58000000.0,387000000.0,0.0,387000000.0,9696000000.0,1478000000.0,8218000000.0,5051250206.0,-63000000.0,2766000000.0,-371000000.0,409000000.0,-350000000.0,-747000000.0,548000000.0,111000000.0,136000000.0,0.0,-626000000.0,-626000000.0,-626000000.0,-23000000.0,0.0,-0.175,804000000.0,552000000.0,178000000.0,-0.555,1.468,-8.069,-8.525,7745000000.0,0.0,28.56,1.415,1.52,465000000.0,-959000000.0,3569000000.0,3569000000.0,0.0,-0.042,-0.148,0.043,0.199,0.0,216000000.0,1.0,176864503.0,190000000,190000000.0,18.784,10409000000.0,0.0,843000000.0,1523000000.0,54.784,-691000000.0
70,HOT,MRT,1998-12-31,1998-12-31,1998-12-31,2021-08-25,-120000000.0,13417000000.0,15532250000.0,774000000.0,12643000000.0,0.211,23.208,-427000000.0,157000000.0,157000000.0,2030000000.0,1302000000.0,0.443,2.011,6489000000.0,687000000.0,5802000000.0,6489000000.0,0.0,378000000.0,0.0,0.075,1.71,1637000000.0,2015000000.0,0.614,2015000000.0,1637000000.0,1213000000.0,6.7,6.63,6.7,4456000000.0,4552250000.0,4456000000.0,12449008618.0,8.0,6.178,-680000000.0,-3.542,1.0,1251000000.0,0.381,2714000000.0,424000000.0,15288000000.0,17260250000.0,58000000.0,379000000.0,0.0,379000000.0,8961000000.0,1747000000.0,7214000000.0,4291008618.0,31000000.0,2794000000.0,-371000000.0,1845000000.0,-3357000000.0,-2056000000.0,2340000000.0,156000000.0,-253000000.0,0.0,1302000000.0,1302000000.0,1302000000.0,0.0,0.0,0.397,737000000.0,514000000.0,169000000.0,0.255,0.963,3.296,3.387,7877000000.0,0.0,22.69,1.308,1.328,484000000.0,2000000.0,3281000000.0,3281000000.0,0.0,0.084,0.286,0.095,0.499,0.0,210000000.0,1.0,189114527.0,192000000,194000000.0,17.089,10703000000.0,0.0,-89000000.0,712000000.0,55.745,-973000000.0
71,HOT,MRT,1998-09-30,1998-09-30,1998-09-30,2021-08-25,-103000000.0,16227000000.0,14309250000.0,1195000000.0,15032000000.0,-0.008,20.226,159000000.0,260000000.0,260000000.0,-656000000.0,529000000.0,0.466,3.032,8418000000.0,982000000.0,7436000000.0,8418000000.0,0.0,310000000.0,0.0,0.066,2.0,639000000.0,949000000.0,-8.111,949000000.0,639000000.0,371000000.0,1.04,0.95,1.04,4025000000.0,4124250000.0,4025000000.0,13331299330.0,21.0,14.048,-1039000000.0,-5.221,1.0,539000000.0,-4.607,3602000000.0,268000000.0,18218000000.0,15094500000.0,67000000.0,360000000.0,0.0,360000000.0,12202000000.0,2565000000.0,9637000000.0,5745299330.0,-157000000.0,-232000000.0,-343000000.0,1597000000.0,-3249000000.0,-1761000000.0,2800000000.0,-1302000000.0,-1198000000.0,2000000.0,529000000.0,529000000.0,529000000.0,85000000.0,0.0,-4.521,1020000000.0,-481000000.0,271000000.0,1.923,1.427,10.861,29.212,9853000000.0,0.0,30.38,-49.105,-51.672,1048000000.0,1619000000.0,-117000000.0,-117000000.0,0.0,0.037,0.128,0.042,-5.462,0.0,-180000000.0,1.0,189114527.0,199000000,199000000.0,-0.588,12625000000.0,0.0,-158000000.0,585000000.0,63.442,-1370000000.0
72,HOT,MRT,1998-06-30,1998-06-30,1998-06-30,2021-08-25,-148000000.0,16253000000.0,,1289000000.0,14964000000.0,,24.667,31000000.0,487000000.0,487000000.0,-91000000.0,668000000.0,0.533,2.278,8073000000.0,988000000.0,7085000000.0,8073000000.0,0.0,269000000.0,0.0,0.039,1.87,795000000.0,1064000000.0,2.328,1064000000.0,795000000.0,658000000.0,1.93,1.83,1.93,4958000000.0,,4958000000.0,16952122799.0,21.0,15.932,-1057000000.0,-5.259,1.0,548000000.0,1.199,3554000000.0,137000000.0,17866000000.0,,69000000.0,363000000.0,0.0,363000000.0,11295000000.0,2419000000.0,8876000000.0,9136122799.0,174000000.0,-478000000.0,0.0,1801000000.0,-3145000000.0,-1158000000.0,2421000000.0,-1385000000.0,-1088000000.0,-1000000.0,668000000.0,668000000.0,668000000.0,43000000.0,0.0,1.462,892000000.0,-344000000.0,237000000.0,0.969,1.843,13.677,25.031,9714000000.0,0.0,48.31,19.992,21.248,964000000.0,31000000.0,457000000.0,457000000.0,0.0,,,,1.74,0.0,-96000000.0,1.0,189114527.0,201000000,213000000.0,2.274,12699000000.0,0.0,-10000000.0,703000000.0,63.179,-1130000000.0
73,HOT,MRT,1998-03-31,1998-03-31,1998-03-31,2021-08-25,-134000000.0,16232000000.0,,1074000000.0,15158000000.0,,25.372,-124000000.0,293000000.0,293000000.0,448000000.0,629000000.0,0.37,2.403,8109000000.0,1365000000.0,6744000000.0,8109000000.0,0.0,204000000.0,0.0,0.033,1.74,775000000.0,979000000.0,0.985,979000000.0,775000000.0,729000000.0,2.35,2.28,2.35,4770000000.0,,4770000000.0,11386027175.0,15.0,11.63,-1213000000.0,-6.452,1.0,546000000.0,0.549,3473000000.0,46000000.0,17669000000.0,,69000000.0,389000000.0,0.0,389000000.0,11462000000.0,2906000000.0,8556000000.0,9843475175.0,-7000000.0,-593000000.0,0.0,1016000000.0,-3036000000.0,-1749000000.0,2937000000.0,105000000.0,-1089000000.0,1000000.0,629000000.0,629000000.0,629000000.0,20000000.0,0.0,0.633,937000000.0,-391000000.0,277000000.0,0.74,2.064,15.649,22.74,9852000000.0,0.0,53.44,9.903,10.107,955000000.0,27000000.0,994000000.0,994000000.0,0.0,,,,0.78,0.0,15000000.0,1.0,184196766.0,188000000,191000000.0,5.287,12759000000.0,0.0,100000000.0,606000000.0,67.867,-1832000000.0
74,HOT,MRT,1997-12-31,1997-12-31,1997-12-31,2021-08-25,-135000000.0,8525000000.0,4918870000.0,793000000.0,7732000000.0,0.358,21.778,-233000000.0,201000000.0,201000000.0,1116000000.0,-298000000.0,0.329,2.107,1968000000.0,898000000.0,1070000000.0,1968000000.0,0.0,199000000.0,0.0,0.03,1.74,-128000000.0,71000000.0,0.04,71000000.0,-128000000.0,-144000000.0,-2.36,-2.36,-2.36,2744000000.0,1668330500.0,2744000000.0,,,,-929000000.0,-7.373,1.0,646000000.0,0.367,1257000000.0,16000000.0,6625000000.0,4195940000.0,63000000.0,368000000.0,0.0,368000000.0,5781000000.0,2410000000.0,3371000000.0,10661308816.0,8000000.0,-287000000.0,0.0,-455000000.0,0.0,-425000000.0,1132000000.0,51000000.0,-696000000.0,-3000000.0,-298000000.0,-298000000.0,-298000000.0,12000000.0,0.0,-0.169,1132000000.0,-486000000.0,273000000.0,-0.737,3.885,-35.776,-24.525,4832000000.0,0.0,57.88,6.051,4.139,424000000.0,-57000000.0,1762000000.0,1762000000.0,0.0,-0.061,-0.179,-0.031,-0.073,0.0,137000000.0,1.0,184196766.0,126000000,126000000.0,13.984,7268000000.0,0.0,154000000.0,97000000.0,57.683,-1617000000.0
75,HOT,MRT,1997-09-30,1997-09-30,1997-09-30,2021-08-25,,,,,,,,,,,,,,,,,,,,,,0.026,1.5,,,,,,,,,,,,,,,,,,1.0,,,,,,,,,,,,,,,,,,,,,,,,,,,,,,,,,,,,,,,,57.5,,,,,,,,,,,,,,1.0,,126000000,,,,,,,,
76,HOT,MRT,1997-06-30,1997-06-30,1997-06-30,2021-08-25,,,,,,,,,,,,,,,,,,,,,,0.034,1.437,,,,,,,,,,,,,,,,,,1.0,,,,,,,,,,,,,,,,,,,,,,,,,,,,,,,,,,,,,,,,42.75,,,,,,,,,,,,,,1.0,,125000000,,,,,,,,
77,HOT,MRT,1997-03-31,1997-03-31,1997-03-31,2021-08-25,,,,,,,,,,,,,,,,,,,,,,0.034,1.36,,,,,,,,,,,,,,,,,,1.0,,,,,,,,,,,,,,,,,,,,,,,,,,,,,,,,,,,,,,,,40.5,,,,,,,,,,,,,,1.0,,125000000,,,,,,,,
78,HOT,MRT,1996-12-31,1996-12-31,1996-12-31,2021-08-25,0.0,1312740000.0,,,,,4.741,-528000000.0,25426000.0,25426000.0,2053000000.0,249000000.0,,1.215,479566000.0,,,479566000.0,0.0,261000000.0,0.0,0.037,1.36,518000000.0,779000000.0,0.266,779000000.0,518000000.0,422000000.0,1.99,1.96,1.99,592661000.0,,592661000.0,,,,-120000000.0,-0.96,1.0,878000000.0,0.3,0.0,96000000.0,1766880000.0,,0.0,1216293000.0,,,720079000.0,,,,64000000.0,-364000000.0,0.0,228000000.0,0.0,250000000.0,-595000000.0,363000000.0,408000000.0,1000000.0,249000000.0,249000000.0,249000000.0,-23000000.0,0.0,0.085,418000000.0,460000000.0,76554000.0,0.683,,,18.466,0.0,0.0,36.747,,1.567,43278000.0,-235901000.0,2931000000.0,2931000000.0,0.0,,,,0.177,0.0,76000000.0,1.0,,125000000,127000000.0,23.448,1312740000.0,0.0,173000000.0,0.0,10.502,
79,HOT,MRT,1995-12-31,1995-12-31,1995-12-31,2021-08-25,,,,,,,,-166211000.0,,,109259000.0,8970000.0,,,,,,,,15469000.0,,0.032,0.627,22108000.0,37577000.0,0.232,37577000.0,22108000.0,8970000.0,0.77,0.77,0.77,,,,,,,-149800000.0,-12.851,1.0,52457000.0,0.324,,13138000.0,,,,,,,,,,,4267000.0,0.0,259300000.0,-78884000.0,-9265000.0,169851000.0,-181995000.0,-12970000.0,16411000.0,0.0,8970000.0,8970000.0,8970000.0,0.0,0.0,0.055,21181000.0,31276000.0,,0.814,,,25.758,,0.0,19.833,,1.43,,,161716000.0,161716000.0,0.0,,,,0.137,0.0,5712000.0,1.0,,11657000,11710000.0,13.873,,,0.0,,,
