None,ticker,dimension,calendardate,datekey,reportperiod,lastupdated,accoci,assets,assetsavg,assetsc,assetsnc,assetturnover,bvps,capex,cashneq,cashnequsd,cor,consolinc,currentratio,de,debt,debtc,debtnc,debtusd,deferredrev,depamor,deposits,divyield,dps,ebit,ebitda,ebitdamargin,ebitdausd,ebitusd,ebt,eps,epsdil,epsusd,equity,equityavg,equityusd,ev,evebit,evebitda,fcf,fcfps,fxusd,gp,grossmargin,intangibles,intexp,invcap,invcapavg,inventory,investments,investmentsc,investmentsnc,liabilities,liabilitiesc,liabilitiesnc,marketcap,ncf,ncfbus,ncfcommon,ncfdebt,ncfdiv,ncff,ncfi,ncfinv,ncfo,ncfx,netinc,netinccmn,netinccmnusd,netincdis,netincnci,netmargin,opex,opinc,payables,payoutratio,pb,pe,pe1,ppnenet,prefdivis,price,ps,ps1,receivables,retearn,revenue,revenueusd,rnd,roa,roe,roic,ros,sbcomp,sgna,sharefactor,sharesbas,shareswa,shareswadil,sps,tangibles,taxassets,taxexp,taxliabilities,tbvps,workingcapital
0,DTV1,MRY,2014-12-31,2014-12-31,2014-12-31,2018-10-25,-418000000.0,25459000000.0,23174750000.0,8819000000.0,16640000000.0,1.435,-10.323,-3225000000.0,4635000000.0,4635000000.0,17680000000.0,2775000000.0,1.267,-5.81,20812000000.0,1327000000.0,19485000000.0,20812000000.0,584000000.0,2943000000.0,0.0,0.0,0.0,5327000000.0,8270000000.0,0.249,8270000000.0,5327000000.0,4429000000.0,5.46,5.4,5.46,-5213000000.0,-6144250000.0,-5213000000.0,60395922584.0,11.0,7.303,3144000000.0,6.226,1.0,15580000000.0,0.468,4923000000.0,898000000.0,29754000000.0,28588000000.0,299000000.0,1956000000.0,0.0,1956000000.0,30287000000.0,6959000000.0,23328000000.0,43543922584.0,2455000000.0,-47000000.0,-1365000000.0,1301000000.0,0.0,-168000000.0,-3363000000.0,32000000.0,6369000000.0,-383000000.0,2756000000.0,2756000000.0,2756000000.0,0.0,19000000.0,0.083,10171000000.0,5409000000.0,5048000000.0,0.0,-8.353,15.8,15.879,9761000000.0,0.0,86.7,1.309,1.316,2800000000.0,-8408000000.0,33260000000.0,33260000000.0,0.0,0.119,-0.449,0.186,0.16,81000000.0,5772000000.0,1.0,502236708.0,505000000.0,510000000.0,65.861,20536000000.0,68000000.0,1673000000.0,1726000000.0,40.665,1860000000.0
1,DTV1,MRY,2013-12-31,2013-12-31,2013-12-31,2018-10-25,-322000000.0,21905000000.0,21016000000.0,5953000000.0,15952000000.0,1.511,-11.942,-3786000000.0,2180000000.0,2180000000.0,16642000000.0,2885000000.0,0.912,-4.347,19540000000.0,1256000000.0,18284000000.0,19540000000.0,589000000.0,2828000000.0,0.0,0.0,0.0,5302000000.0,8130000000.0,0.256,8130000000.0,5302000000.0,4462000000.0,5.22,5.17,5.22,-6544000000.0,-6347000000.0,-6544000000.0,53897026039.0,10.0,6.629,2608000000.0,4.759,1.0,15112000000.0,0.476,4890000000.0,840000000.0,27845000000.0,27540500000.0,283000000.0,1945000000.0,0.0,1945000000.0,28449000000.0,6530000000.0,21919000000.0,36287026039.0,278000000.0,-66000000.0,-4000000000.0,1851000000.0,0.0,-2176000000.0,-3753000000.0,257000000.0,6394000000.0,-187000000.0,2859000000.0,2859000000.0,2859000000.0,0.0,26000000.0,0.09,9796000000.0,5316000000.0,4685000000.0,0.0,-5.545,12.692,13.23,9117000000.0,0.0,69.06,1.143,1.192,2547000000.0,-9874000000.0,31754000000.0,31754000000.0,0.0,0.136,-0.45,0.193,0.167,76000000.0,5421000000.0,1.0,525442022.0,548000000.0,553000000.0,57.945,17015000000.0,140000000.0,1603000000.0,1804000000.0,31.049,-577000000.0
2,DTV1,MRY,2012-12-31,2012-12-31,2012-12-31,2018-10-25,-242000000.0,20555000000.0,20613000000.0,5554000000.0,15001000000.0,1.443,-8.513,-3349000000.0,1902000000.0,1902000000.0,15579000000.0,2977000000.0,1.002,-4.785,17528000000.0,358000000.0,17170000000.0,17528000000.0,565000000.0,2437000000.0,0.0,0.0,0.0,5256000000.0,7693000000.0,0.259,7693000000.0,5256000000.0,4414000000.0,4.62,4.58,4.62,-5431000000.0,-4595750000.0,-5431000000.0,45044404728.0,9.0,5.855,2285000000.0,3.582,1.0,14161000000.0,0.476,4895000000.0,842000000.0,25745000000.0,24628500000.0,412000000.0,1711000000.0,0.0,1711000000.0,25986000000.0,5541000000.0,20445000000.0,30303404728.0,1029000000.0,-16000000.0,-5172000000.0,3961000000.0,0.0,-1242000000.0,-3363000000.0,24000000.0,5634000000.0,0.0,2949000000.0,2949000000.0,2949000000.0,0.0,28000000.0,0.099,9076000000.0,5085000000.0,4618000000.0,0.0,-5.58,10.276,10.857,8395000000.0,0.0,50.16,1.019,1.076,2696000000.0,-9210000000.0,29740000000.0,29740000000.0,0.0,0.143,-0.642,0.213,0.177,79000000.0,5212000000.0,1.0,604134863.0,638000000.0,644000000.0,46.614,15660000000.0,73000000.0,1465000000.0,1672000000.0,24.545,13000000.0
3,DTV1,MRY,2011-12-31,2011-12-31,2011-12-31,2018-10-25,-156000000.0,18423000000.0,19106250000.0,4241000000.0,14182000000.0,1.425,-4.159,-3170000000.0,873000000.0,873000000.0,13955000000.0,2636000000.0,0.894,-6.93,13464000000.0,0.0,13464000000.0,13464000000.0,533000000.0,2349000000.0,0.0,0.0,0.0,4720000000.0,7069000000.0,0.26,7069000000.0,4720000000.0,3957000000.0,3.49,3.47,3.49,-3107000000.0,-2081750000.0,-3107000000.0,42336673791.0,9.0,5.989,2015000000.0,2.697,1.0,13271000000.0,0.487,5006000000.0,763000000.0,21265000000.0,21085000000.0,280000000.0,1738000000.0,0.0,1738000000.0,21530000000.0,4743000000.0,16787000000.0,30170673791.0,-629000000.0,-11000000.0,-5496000000.0,2737000000.0,0.0,-2792000000.0,-3022000000.0,116000000.0,5185000000.0,0.0,2609000000.0,2609000000.0,2609000000.0,0.0,27000000.0,0.096,8642000000.0,4629000000.0,4210000000.0,0.0,-9.711,11.564,12.252,7438000000.0,0.0,42.76,1.108,1.173,2474000000.0,-7750000000.0,27226000000.0,27226000000.0,0.0,0.137,-1.253,0.224,0.173,78000000.0,4966000000.0,1.0,705581707.0,747000000.0,752000000.0,36.447,13417000000.0,62000000.0,1348000000.0,1771000000.0,17.961,-502000000.0
4,DTV1,MRY,2010-12-31,2010-12-31,2010-12-31,2018-10-25,-27000000.0,17909000000.0,18219250000.0,4253000000.0,13656000000.0,1.323,-0.223,-2416000000.0,1502000000.0,1502000000.0,12105000000.0,2312000000.0,0.956,-93.314,10510000000.0,38000000.0,10472000000.0,10510000000.0,486000000.0,2482000000.0,0.0,0.0,0.0,3957000000.0,6439000000.0,0.267,6439000000.0,3957000000.0,3400000000.0,2.31,2.3,2.31,-194000000.0,1224500000.0,-194000000.0,40773553440.0,10.0,6.332,2790000000.0,3.207,1.0,11997000000.0,0.498,5222000000.0,557000000.0,17245000000.0,15785750000.0,247000000.0,1755000000.0,0.0,1755000000.0,18103000000.0,4450000000.0,13653000000.0,33290553440.0,-1103000000.0,-617000000.0,-5073000000.0,1985000000.0,0.0,-3210000000.0,-3099000000.0,9000000.0,5206000000.0,0.0,2198000000.0,2198000000.0,2198000000.0,0.0,114000000.0,0.091,8101000000.0,3896000000.0,3926000000.0,0.0,-171.601,15.146,17.286,6679000000.0,0.0,39.93,1.381,1.441,2001000000.0,-5730000000.0,24102000000.0,24102000000.0,0.0,0.121,1.795,0.251,0.164,71000000.0,4450000000.0,1.0,833722851.0,870000000.0,876000000.0,27.703,12687000000.0,53000000.0,1202000000.0,1670000000.0,14.583,-197000000.0
5,DTV1,MRY,2009-12-31,2009-12-31,2009-12-31,2018-10-25,-56000000.0,18260000000.0,17176000000.0,5055000000.0,13205000000.0,1.256,2.955,-2071000000.0,2605000000.0,2605000000.0,10930000000.0,1007000000.0,0.887,5.273,8010000000.0,1510000000.0,6500000000.0,8010000000.0,434000000.0,2640000000.0,0.0,0.0,0.0,2192000000.0,4832000000.0,0.224,4832000000.0,2192000000.0,1769000000.0,0.96,0.95,0.96,2911000000.0,4023000000.0,2911000000.0,35781183185.0,16.0,7.405,2360000000.0,2.396,1.0,10635000000.0,0.493,5295000000.0,423000000.0,12669000000.0,12082250000.0,212000000.0,1434000000.0,0.0,1434000000.0,15349000000.0,5701000000.0,9648000000.0,31911183185.0,600000000.0,-134000000.0,-1661000000.0,91000000.0,0.0,-1637000000.0,-2194000000.0,0.0,4431000000.0,0.0,942000000.0,942000000.0,942000000.0,0.0,65000000.0,0.044,7962000000.0,2673000000.0,3757000000.0,0.0,10.962,33.876,34.74,6476000000.0,0.0,33.35,1.48,1.523,1625000000.0,-3722000000.0,21565000000.0,21565000000.0,0.0,0.055,0.234,0.181,0.102,55000000.0,4230000000.0,1.0,956857067.0,985000000.0,992000000.0,21.893,12965000000.0,217000000.0,827000000.0,1070000000.0,13.162,-646000000.0
6,DTV1,MRY,2008-12-31,2008-12-31,2008-12-31,2018-10-25,-128000000.0,16539000000.0,16868000000.0,4044000000.0,12495000000.0,1.167,4.172,-2229000000.0,2005000000.0,2005000000.0,9948000000.0,1613000000.0,1.128,2.571,5833000000.0,108000000.0,5725000000.0,5833000000.0,362000000.0,2320000000.0,0.0,0.0,0.0,2745000000.0,5065000000.0,0.257,5065000000.0,2745000000.0,2385000000.0,1.37,1.37,1.37,4631000000.0,5954250000.0,4631000000.0,26924023668.0,10.0,5.316,1681000000.0,1.514,1.0,9745000000.0,0.495,4925000000.0,360000000.0,11857000000.0,11037250000.0,192000000.0,923000000.0,0.0,923000000.0,11908000000.0,3585000000.0,8323000000.0,24062023668.0,922000000.0,-204000000.0,-2909000000.0,2301000000.0,0.0,-600000000.0,-2388000000.0,0.0,3910000000.0,0.0,1521000000.0,1521000000.0,1521000000.0,-6000000.0,92000000.0,0.077,7050000000.0,2695000000.0,3115000000.0,0.0,5.196,15.82,16.723,6647000000.0,0.0,22.91,1.222,1.291,1423000000.0,-3559000000.0,19693000000.0,19693000000.0,0.0,0.09,0.255,0.249,0.139,51000000.0,3672000000.0,1.0,1050284752.0,1110000000.0,1114000000.0,17.741,11614000000.0,68000000.0,864000000.0,524000000.0,10.463,459000000.0
7,DTV1,MRY,2007-12-31,2007-12-31,2007-12-31,2018-10-25,-21000000.0,15063000000.0,15116975000.0,3146000000.0,11917000000.0,1.141,5.274,-2692000000.0,1083000000.0,1083000000.0,8909000000.0,1462000000.0,0.916,1.39,3395000000.0,48000000.0,3347000000.0,3395000000.0,354000000.0,1684000000.0,0.0,0.0,0.0,2629000000.0,4313000000.0,0.25,4313000000.0,2629000000.0,2394000000.0,1.21,1.21,1.21,6302000000.0,6613675000.0,6302000000.0,28976980604.0,11.0,6.719,953000000.0,0.797,1.0,8337000000.0,0.483,5246000000.0,235000000.0,8695000000.0,8272450000.0,193000000.0,838000000.0,0.0,838000000.0,8761000000.0,3434000000.0,5327000000.0,26770980604.0,-1416000000.0,-348000000.0,-1907000000.0,-339000000.0,0.0,-2239000000.0,-2822000000.0,160000000.0,3645000000.0,0.0,1451000000.0,1451000000.0,1451000000.0,0.0,11000000.0,0.084,5851000000.0,2486000000.0,3032000000.0,0.0,4.248,18.45,19.107,5833000000.0,0.0,23.12,1.552,1.602,1535000000.0,-2995000000.0,17246000000.0,17246000000.0,0.0,0.096,0.219,0.318,0.152,49000000.0,3191000000.0,1.0,1157914386.0,1195000000.0,1202000000.0,14.432,9817000000.0,90000000.0,943000000.0,567000000.0,8.215,-288000000.0
8,DTV1,MRY,2006-12-31,2006-12-31,2006-12-31,2018-10-25,-48000000.0,15141000000.0,14126625000.0,4556000000.0,10585000000.0,1.044,5.294,-1976000000.0,2499000000.0,2499000000.0,7598000000.0,1420000000.0,1.371,1.266,3615000000.0,220000000.0,3395000000.0,3615000000.0,286000000.0,1034000000.0,0.0,0.0,0.0,2532000000.0,3566000000.0,0.242,3566000000.0,2532000000.0,2286000000.0,1.13,1.12,1.13,6681000000.0,6325450000.0,6681000000.0,32095151880.0,13.0,9.0,1186000000.0,0.94,1.0,7157000000.0,0.485,5326000000.0,246000000.0,7609000000.0,7529075000.0,148000000.0,976000000.0,170000000.0,806000000.0,8460000000.0,3322000000.0,5138000000.0,30516051880.0,-1202000000.0,-389000000.0,-2720000000.0,-110000000.0,0.0,-2828000000.0,-1536000000.0,836000000.0,3162000000.0,0.0,1420000000.0,1420000000.0,1420000000.0,0.0,0.0,0.096,4800000000.0,2357000000.0,2816000000.0,0.0,4.568,21.49,22.071,4453000000.0,0.0,24.94,2.068,2.133,1345000000.0,-3107000000.0,14755000000.0,14755000000.0,0.0,0.101,0.224,0.336,0.172,0.0,3014000000.0,1.0,1223578664.0,1262000000.0,1270000000.0,11.692,9815000000.0,166000000.0,866000000.0,315000000.0,7.777,1234000000.0
9,DTV1,MRY,2005-12-31,2005-12-31,2005-12-31,2018-10-25,-14000000.0,15630200000.0,15099275000.0,6096400000.0,9533800000.0,0.872,5.72,-889000000.0,3701300000.0,3701300000.0,6721000000.0,336000000.0,2.156,0.969,3415000000.0,9700000.0,3405300000.0,3415000000.0,276600000.0,853000000.0,0.0,0.0,0.0,746000000.0,1599000000.0,0.121,1599000000.0,746000000.0,508000000.0,0.24,0.24,0.24,7940000000.0,7713075000.0,7940000000.0,19483112036.0,26.0,12.185,283000000.0,0.204,1.0,6443000000.0,0.489,4923300000.0,238000000.0,7592500000.0,7147050000.0,283100000.0,1726600000.0,683200000.0,1043400000.0,7690200000.0,2828100000.0,4862100000.0,19639612036.0,1394000000.0,245000000.0,45000000.0,900000000.0,0.0,945000000.0,-723000000.0,-48000000.0,1172000000.0,0.0,336000000.0,336000000.0,336000000.0,-31000000.0,0.0,0.026,5810000000.0,633000000.0,2541800000.0,0.0,2.474,58.451,58.833,3074700000.0,0.0,14.12,1.492,1.489,1033200000.0,-3002200000.0,13164000000.0,13164000000.0,0.0,0.022,0.044,0.104,0.057,41000000.0,3885000000.0,1.0,1390907368.0,1388000000.0,1395000000.0,9.484,10706900000.0,655700000.0,172000000.0,0.0,7.714,3268300000.0
10,DTV1,MRY,2004-12-31,2004-12-31,2004-12-31,2018-10-25,-24700000.0,14324400000.0,15878050000.0,4771100000.0,9553300000.0,0.715,5.421,-1988900000.0,2307400000.0,2307400000.0,5973100000.0,-1949200000.0,1.771,0.908,2429300000.0,19800000.0,2409500000.0,2429300000.0,261500000.0,838000000.0,0.0,0.0,0.0,-2507900000.0,-1669900000.0,-0.147,-1669900000.0,-2507900000.0,-2639800000.0,-1.41,-1.41,-1.41,7507100000.0,8195275000.0,7507100000.0,22320702286.0,-9.0,-13.366,-1760300000.0,-1.271,1.0,5386900000.0,0.474,5271200000.0,131900000.0,6480600000.0,7809325000.0,124400000.0,1446700000.0,522600000.0,924100000.0,6817300000.0,2694500000.0,4122800000.0,23196702286.0,872700000.0,2529900000.0,23000000.0,-265700000.0,0.0,-242700000.0,886800000.0,332700000.0,228600000.0,0.0,-1949200000.0,-1949200000.0,-1949200000.0,582300000.0,0.0,-0.172,7463300000.0,-2076400000.0,1290900000.0,0.0,3.09,-11.901,-11.872,2695500000.0,0.0,16.74,2.042,2.041,918600000.0,-3338100000.0,11360000000.0,11360000000.0,0.0,-0.123,-0.238,-0.321,-0.221,57100000.0,3972700000.0,1.0,1385705035.0,1384800000.0,1384800000.0,8.203,9053200000.0,840200000.0,-690600000.0,0.0,6.538,2076600000.0
11,DTV1,MRY,2003-12-31,2003-12-31,2003-12-31,2018-10-25,202500000.0,19037400000.0,19325575000.0,10415600000.0,8621800000.0,0.485,6.966,-747400000.0,1779500000.0,1779500000.0,5364300000.0,-361800000.0,1.766,0.977,2661000000.0,226200000.0,2434800000.0,2661000000.0,170300000.0,754900000.0,0.0,0.0,0.0,-309800000.0,445100000.0,0.047,445100000.0,-309800000.0,-466100000.0,-0.26,-0.26,-0.26,9631100000.0,9879175000.0,9631100000.0,26595205202.0,-86.0,59.751,39800000.0,0.029,1.0,4007900000.0,0.428,3602600000.0,156300000.0,10417000000.0,12006600000.0,270300000.0,819400000.0,0.0,819400000.0,9406300000.0,5899300000.0,3507000000.0,24525305202.0,1040100000.0,-11800000.0,17700000.0,2024400000.0,0.0,1767100000.0,-1084700000.0,-315000000.0,787200000.0,0.0,-361800000.0,-361800000.0,-361800000.0,-78100000.0,0.0,-0.039,4357700000.0,-349800000.0,1425700000.0,0.0,2.546,-67.787,-63.654,4199800000.0,0.0,16.55,2.617,2.441,896300000.0,-1388900000.0,9372200000.0,9372200000.0,0.0,-0.019,-0.037,-0.026,-0.033,10500000.0,2978500000.0,1.0,1481891553.0,1382500000.0,1382500000.0,6.779,15434800000.0,0.0,-104300000.0,216600000.0,11.164,4516300000.0
12,DTV1,MRY,2002-12-31,2002-12-31,2002-12-31,2018-10-25,-61700000.0,17885100000.0,,3656400000.0,14228700000.0,,7.428,-954500000.0,1128600000.0,1128600000.0,4989300000.0,-893800000.0,1.142,0.793,3117800000.0,727800000.0,2390000000.0,3117800000.0,166400000.0,676700000.0,0.0,,0.0,-747400000.0,-70700000.0,-0.009,-70700000.0,-747400000.0,-936000000.0,-0.7,-0.7,-0.7,9977100000.0,,9977100000.0,,,,-242600000.0,-0.181,1.0,3196100000.0,0.39,6419900000.0,188600000.0,10251300000.0,,230300000.0,868800000.0,0.0,868800000.0,7908000000.0,3203100000.0,4704900000.0,,98200000.0,1698000000.0,5100000.0,-1327100000.0,0.0,-1524900000.0,1066200000.0,322400000.0,711900000.0,0.0,-893800000.0,-940700000.0,-940700000.0,97600000.0,0.0,-0.115,3605700000.0,-409600000.0,1039000000.0,0.0,,,,6940000000.0,46900000.0,,,,1133900000.0,-1027100000.0,8185400000.0,8185400000.0,0.0,,,,-0.091,0.0,2651500000.0,1.0,,1343100000.0,1343100000.0,6.094,11465200000.0,0.0,-42200000.0,581200000.0,8.536,453300000.0
13,DTV1,MRY,2001-12-31,2001-12-31,2001-12-31,2018-10-25,,,,,,,,-1702800000.0,,,4170200000.0,-621600000.0,,,,,,,,1110600000.0,,,0.0,-702200000.0,408400000.0,0.05,408400000.0,-702200000.0,-897500000.0,-0.55,-0.55,-0.55,,,,,,,-1370800000.0,-1.054,1.0,4067000000.0,0.494,,195300000.0,,,,,,,,,,,-808000000.0,-287800000.0,21800000.0,1314800000.0,0.0,742900000.0,-1700500000.0,204900000.0,332000000.0,0.0,-621600000.0,-718000000.0,-718000000.0,94000000.0,0.0,-0.087,4681500000.0,-614500000.0,,0.0,,,,,96400000.0,,,,,,8237200000.0,8237200000.0,0.0,,,,-0.085,0.0,3570900000.0,,,1300000000.0,1300000000.0,6.336,,,-275900000.0,,,
0,DTV1,MRQ,2015-03-31,2015-03-31,2015-03-31,2018-10-25,-577000000.0,24301000000.0,,8046000000.0,16255000000.0,,-9.239,-709000000.0,4284000000.0,4284000000.0,4274000000.0,730000000.0,1.064,-6.15,19413000000.0,2355000000.0,17058000000.0,19413000000.0,570000000.0,730000000.0,0.0,0.0,0.0,1416000000.0,2146000000.0,0.264,2146000000.0,1416000000.0,1171000000.0,1.45,1.44,1.45,-4647000000.0,,-4647000000.0,58965397608.0,11.0,7.009,927000000.0,1.843,1.0,3869000000.0,0.475,4831000000.0,245000000.0,27035000000.0,,334000000.0,1924000000.0,0.0,1924000000.0,28581000000.0,7564000000.0,21017000000.0,42788397608.0,-351000000.0,-10000000.0,0.0,-1238000000.0,0.0,-1271000000.0,-716000000.0,0.0,1636000000.0,0.0,730000000.0,730000000.0,730000000.0,0.0,0.0,0.09,2482000000.0,1387000000.0,4639000000.0,0.0,-9.208,14.629,14.647,9500000000.0,0.0,85.1,1.275,1.276,2635000000.0,-7678000000.0,8143000000.0,8143000000.0,0.0,,,,,-4000000.0,1402000000.0,1.0,502801382.0,503000000.0,507000000.0,16.189,19470000000.0,71000000.0,441000000.0,1606000000.0,38.708,482000000.0
1,DTV1,MRQ,2014-12-31,2014-12-31,2014-12-31,2018-10-25,-418000000.0,25459000000.0,,8819000000.0,16640000000.0,,-10.323,-829000000.0,4635000000.0,4635000000.0,5022000000.0,781000000.0,1.267,-5.81,20812000000.0,1327000000.0,19485000000.0,20812000000.0,584000000.0,745000000.0,0.0,0.0,0.0,1334000000.0,2079000000.0,0.233,2079000000.0,1334000000.0,1113000000.0,1.54,1.52,1.54,-5213000000.0,,-5213000000.0,60395922584.0,11.0,7.303,814000000.0,1.612,1.0,3900000000.0,0.437,4923000000.0,221000000.0,29754000000.0,,299000000.0,1956000000.0,0.0,1956000000.0,30287000000.0,6959000000.0,23328000000.0,43543922584.0,1737000000.0,-33000000.0,11000000.0,1067000000.0,0.0,1073000000.0,-979000000.0,2000000.0,1643000000.0,0.0,778000000.0,778000000.0,778000000.0,0.0,3000000.0,0.087,2645000000.0,1255000000.0,5048000000.0,0.0,-8.353,15.8,15.879,9761000000.0,0.0,86.7,1.309,1.316,2800000000.0,-8408000000.0,8922000000.0,8922000000.0,0.0,,,,,34000000.0,1525000000.0,1.0,502236708.0,505000000.0,510000000.0,17.667,20536000000.0,68000000.0,335000000.0,1726000000.0,40.665,1860000000.0
2,DTV1,MRQ,2014-09-30,2014-09-30,2014-09-30,2018-10-25,-334000000.0,22594000000.0,,6515000000.0,16079000000.0,,-11.843,-870000000.0,2898000000.0,2898000000.0,4448000000.0,615000000.0,1.007,-4.735,19750000000.0,1439000000.0,18311000000.0,19750000000.0,765000000.0,755000000.0,0.0,0.0,0.0,1237000000.0,1992000000.0,0.238,1992000000.0,1237000000.0,1022000000.0,1.22,1.21,1.22,-5945000000.0,,-5945000000.0,61143845639.0,11.0,7.327,792000000.0,1.578,1.0,3926000000.0,0.469,4838000000.0,215000000.0,28136000000.0,,269000000.0,1971000000.0,0.0,1971000000.0,28151000000.0,6472000000.0,21679000000.0,43452845639.0,608000000.0,-6000000.0,0.0,-88000000.0,0.0,-112000000.0,-875000000.0,1000000.0,1662000000.0,-67000000.0,611000000.0,611000000.0,611000000.0,0.0,4000000.0,0.073,2704000000.0,1222000000.0,4268000000.0,0.0,-7.309,15.586,15.846,9270000000.0,0.0,86.52,1.319,1.319,2485000000.0,-9180000000.0,8374000000.0,8374000000.0,0.0,,,,,24000000.0,1551000000.0,1.0,502228914.0,502000000.0,507000000.0,16.681,17756000000.0,115000000.0,411000000.0,1759000000.0,35.371,43000000.0
3,DTV1,MRQ,2014-06-30,2014-06-30,2014-06-30,2018-10-25,-288000000.0,22126000000.0,,5869000000.0,16257000000.0,,-12.938,-822000000.0,2290000000.0,2290000000.0,4179000000.0,810000000.0,0.904,-4.333,19981000000.0,1542000000.0,18439000000.0,19981000000.0,637000000.0,729000000.0,0.0,0.0,0.0,1467000000.0,2196000000.0,0.271,2196000000.0,1467000000.0,1237000000.0,1.6,1.59,1.6,-6521000000.0,,-6521000000.0,60614114964.0,11.0,7.274,652000000.0,1.294,1.0,3930000000.0,0.485,4895000000.0,230000000.0,28429000000.0,,312000000.0,2024000000.0,0.0,2024000000.0,28253000000.0,6493000000.0,21760000000.0,42830114964.0,-724000000.0,-4000000.0,-481000000.0,-901000000.0,0.0,-1396000000.0,-802000000.0,25000000.0,1474000000.0,0.0,806000000.0,806000000.0,806000000.0,0.0,4000000.0,0.099,2506000000.0,1424000000.0,4314000000.0,0.0,-6.568,14.892,15.373,9338000000.0,0.0,85.01,1.32,1.321,2489000000.0,-9777000000.0,8109000000.0,8109000000.0,0.0,,,,,25000000.0,1415000000.0,1.0,503824432.0,504000000.0,508000000.0,16.089,17231000000.0,110000000.0,431000000.0,1798000000.0,34.188,-624000000.0
4,DTV1,MRQ,2014-03-31,2014-03-31,2014-03-31,2018-10-25,-298000000.0,22520000000.0,,6449000000.0,16071000000.0,,-13.499,-704000000.0,3014000000.0,3014000000.0,4031000000.0,569000000.0,0.874,-4.209,20798000000.0,2460000000.0,18338000000.0,20798000000.0,632000000.0,714000000.0,0.0,0.0,0.0,1289000000.0,2003000000.0,0.255,2003000000.0,1289000000.0,1057000000.0,1.1,1.09,1.1,-6898000000.0,,-6898000000.0,56293898996.0,11.0,6.898,886000000.0,1.734,1.0,3824000000.0,0.487,4893000000.0,232000000.0,28033000000.0,,319000000.0,1973000000.0,0.0,1973000000.0,29032000000.0,7378000000.0,21654000000.0,38933898996.0,834000000.0,-4000000.0,-895000000.0,1223000000.0,0.0,267000000.0,-707000000.0,4000000.0,1590000000.0,-316000000.0,561000000.0,561000000.0,561000000.0,0.0,8000000.0,0.071,2316000000.0,1508000000.0,4286000000.0,0.0,-5.644,14.262,14.926,9205000000.0,0.0,76.42,1.216,1.219,2483000000.0,-10149000000.0,7855000000.0,7855000000.0,0.0,,,,,-2000000.0,1281000000.0,1.0,509472638.0,511000000.0,515000000.0,15.372,17627000000.0,146000000.0,496000000.0,1838000000.0,34.495,-929000000.0
5,DTV1,MRQ,2013-12-31,2013-12-31,2013-12-31,2018-10-25,-322000000.0,21905000000.0,,5953000000.0,15952000000.0,,-12.56,-1039000000.0,2180000000.0,2180000000.0,4751000000.0,816000000.0,0.912,-4.347,19540000000.0,1256000000.0,18284000000.0,19540000000.0,589000000.0,711000000.0,0.0,0.0,0.0,1443000000.0,2154000000.0,0.251,2154000000.0,1443000000.0,1221000000.0,1.54,1.52,1.54,-6544000000.0,,-6544000000.0,53897026039.0,10.0,6.629,1000000000.0,1.919,1.0,3843000000.0,0.447,4890000000.0,222000000.0,27845000000.0,,283000000.0,1945000000.0,0.0,1945000000.0,28449000000.0,6530000000.0,21919000000.0,36287026039.0,558000000.0,-19000000.0,-772000000.0,228000000.0,0.0,-540000000.0,-941000000.0,117000000.0,2039000000.0,0.0,810000000.0,810000000.0,810000000.0,0.0,6000000.0,0.094,2510000000.0,1333000000.0,4685000000.0,0.0,-5.545,12.692,13.23,9117000000.0,0.0,69.06,1.143,1.192,2547000000.0,-9874000000.0,8594000000.0,8594000000.0,0.0,,,,,21000000.0,1405000000.0,1.0,525442022.0,521000000.0,526000000.0,16.495,17015000000.0,140000000.0,411000000.0,1804000000.0,32.658,-577000000.0
6,DTV1,MRQ,2013-09-30,2013-09-30,2013-09-30,2018-10-25,-242000000.0,20588000000.0,,5029000000.0,15559000000.0,,-12.214,-973000000.0,1622000000.0,1622000000.0,4122000000.0,710000000.0,0.944,-4.116,19232000000.0,597000000.0,18635000000.0,19232000000.0,715000000.0,708000000.0,0.0,0.0,0.0,1272000000.0,1980000000.0,0.251,1980000000.0,1272000000.0,1090000000.0,1.29,1.28,1.29,-6608000000.0,,-6608000000.0,49266919366.0,9.0,6.128,372000000.0,0.688,1.0,3758000000.0,0.477,4915000000.0,182000000.0,27954000000.0,,350000000.0,1739000000.0,0.0,1739000000.0,27196000000.0,5329000000.0,21867000000.0,32818919366.0,-743000000.0,-20000000.0,-1260000000.0,303000000.0,0.0,-955000000.0,-1133000000.0,0.0,1345000000.0,0.0,699000000.0,699000000.0,699000000.0,0.0,11000000.0,0.089,2533000000.0,1225000000.0,4017000000.0,0.0,-4.967,10.973,11.43,8905000000.0,0.0,59.78,1.051,1.036,2527000000.0,-10037000000.0,7880000000.0,7880000000.0,0.0,,,,,20000000.0,1414000000.0,1.0,548994971.0,541000000.0,545000000.0,14.566,15673000000.0,73000000.0,391000000.0,1542000000.0,28.97,-300000000.0
7,DTV1,MRQ,2013-06-30,2013-06-30,2013-06-30,2018-10-25,-268000000.0,20921000000.0,,5880000000.0,15041000000.0,,-10.95,-948000000.0,2365000000.0,2365000000.0,3926000000.0,661000000.0,1.118,-4.436,18813000000.0,297000000.0,18516000000.0,18813000000.0,606000000.0,731000000.0,0.0,0.0,0.0,1293000000.0,2024000000.0,0.263,2024000000.0,1293000000.0,1074000000.0,1.19,1.18,1.19,-6088000000.0,,-6088000000.0,51115170737.0,10.0,6.557,526000000.0,0.946,1.0,3774000000.0,0.49,4773000000.0,219000000.0,27338000000.0,,403000000.0,1608000000.0,0.0,1608000000.0,27009000000.0,5258000000.0,21751000000.0,34429170737.0,686000000.0,-24000000.0,-360000000.0,429000000.0,0.0,73000000.0,-861000000.0,124000000.0,1474000000.0,0.0,660000000.0,660000000.0,660000000.0,0.0,1000000.0,0.086,2424000000.0,1350000000.0,4355000000.0,0.0,-5.655,12.051,12.709,8660000000.0,0.0,61.64,1.12,1.115,2597000000.0,-9606000000.0,7700000000.0,7700000000.0,0.0,,,,,25000000.0,1319000000.0,1.0,558552413.0,556000000.0,561000000.0,13.849,16148000000.0,66000000.0,414000000.0,1510000000.0,29.043,622000000.0
8,DTV1,MRQ,2013-03-31,2013-03-31,2013-03-31,2018-10-25,-253000000.0,20650000000.0,,5616000000.0,15034000000.0,,-10.748,-826000000.0,1679000000.0,1679000000.0,3843000000.0,698000000.0,1.012,-4.359,18365000000.0,499000000.0,17866000000.0,18365000000.0,604000000.0,678000000.0,0.0,0.0,0.0,1294000000.0,1972000000.0,0.26,1972000000.0,1294000000.0,1077000000.0,1.21,1.2,1.21,-6148000000.0,,-6148000000.0,48058791421.0,9.0,6.226,710000000.0,1.241,1.0,3737000000.0,0.493,4764000000.0,217000000.0,27025000000.0,,418000000.0,1683000000.0,0.0,1683000000.0,26798000000.0,5547000000.0,21251000000.0,32432791421.0,-223000000.0,-3000000.0,-1608000000.0,891000000.0,0.0,-754000000.0,-818000000.0,16000000.0,1536000000.0,-187000000.0,690000000.0,690000000.0,690000000.0,0.0,8000000.0,0.091,2329000000.0,1408000000.0,4422000000.0,0.0,-5.275,11.153,11.914,8587000000.0,0.0,56.59,1.071,1.069,2649000000.0,-9717000000.0,7580000000.0,7580000000.0,0.0,,,,,10000000.0,1283000000.0,1.0,573118774.0,572000000.0,577000000.0,13.252,15886000000.0,63000000.0,387000000.0,1679000000.0,27.773,69000000.0
9,DTV1,MRQ,2012-12-31,2012-12-31,2012-12-31,2018-10-25,-242000000.0,20555000000.0,,5554000000.0,15001000000.0,,-9.067,-958000000.0,1902000000.0,1902000000.0,4428000000.0,948000000.0,1.002,-4.785,17528000000.0,358000000.0,17170000000.0,17528000000.0,565000000.0,626000000.0,0.0,0.0,0.0,1438000000.0,2064000000.0,0.256,2064000000.0,1438000000.0,1218000000.0,1.54,1.52,1.54,-5431000000.0,,-5431000000.0,45044404728.0,9.0,5.855,543000000.0,0.907,1.0,3626000000.0,0.45,4895000000.0,220000000.0,25745000000.0,,412000000.0,1711000000.0,0.0,1711000000.0,25986000000.0,5541000000.0,20445000000.0,30303404728.0,-519000000.0,-12000000.0,-1346000000.0,346000000.0,0.0,-1003000000.0,-1017000000.0,0.0,1501000000.0,0.0,942000000.0,942000000.0,942000000.0,0.0,6000000.0,0.117,2328000000.0,1298000000.0,4618000000.0,0.0,-5.58,10.276,10.857,8395000000.0,0.0,50.16,1.019,1.076,2696000000.0,-9210000000.0,8054000000.0,8054000000.0,0.0,,,,,32000000.0,1331000000.0,1.0,604134863.0,599000000.0,611000000.0,13.446,15660000000.0,73000000.0,276000000.0,1672000000.0,26.144,13000000.0
10,DTV1,MRQ,2012-09-30,2012-09-30,2012-09-30,2018-10-25,-218000000.0,20353000000.0,,5830000000.0,14523000000.0,,-8.013,-790000000.0,2421000000.0,2421000000.0,3957000000.0,572000000.0,1.195,-5.071,17162000000.0,0.0,17162000000.0,17162000000.0,674000000.0,618000000.0,0.0,0.0,0.0,1117000000.0,1735000000.0,0.234,1735000000.0,1117000000.0,913000000.0,0.91,0.9,0.91,-5000000000.0,,-5000000000.0,46754636963.0,9.0,6.297,319000000.0,0.511,1.0,3459000000.0,0.466,4887000000.0,204000000.0,25330000000.0,,377000000.0,1642000000.0,0.0,1642000000.0,25353000000.0,4877000000.0,20476000000.0,32924636963.0,289000000.0,-4000000.0,-1214000000.0,1169000000.0,0.0,-49000000.0,-771000000.0,24000000.0,1109000000.0,0.0,565000000.0,565000000.0,565000000.0,0.0,7000000.0,0.076,2391000000.0,1068000000.0,4203000000.0,0.0,-6.585,12.082,12.822,7994000000.0,0.0,52.44,1.13,1.123,2583000000.0,-9073000000.0,7416000000.0,7416000000.0,0.0,,,,,17000000.0,1391000000.0,1.0,627853489.0,624000000.0,629000000.0,11.885,15466000000.0,66000000.0,348000000.0,1672000000.0,24.785,953000000.0
11,DTV1,MRQ,2012-06-30,2012-06-30,2012-06-30,2018-10-25,-190000000.0,19632000000.0,,5248000000.0,14384000000.0,,-6.621,-790000000.0,2132000000.0,2132000000.0,3627000000.0,716000000.0,1.11,-5.555,15962000000.0,0.0,15962000000.0,15962000000.0,577000000.0,598000000.0,0.0,0.0,0.0,1350000000.0,1948000000.0,0.27,1948000000.0,1350000000.0,1136000000.0,1.09,1.09,1.09,-4310000000.0,,-4310000000.0,44912031896.0,9.0,6.203,471000000.0,0.724,1.0,3597000000.0,0.498,4907000000.0,214000000.0,23827000000.0,,331000000.0,1685000000.0,0.0,1685000000.0,23942000000.0,4728000000.0,19214000000.0,31977031896.0,-2394000000.0,0.0,-1352000000.0,-1514000000.0,0.0,-2866000000.0,-789000000.0,0.0,1261000000.0,0.0,711000000.0,711000000.0,711000000.0,0.0,5000000.0,0.098,2186000000.0,1411000000.0,4151000000.0,0.0,-7.419,11.95,12.582,7792000000.0,0.0,48.82,1.119,1.112,2341000000.0,-8557000000.0,7224000000.0,7224000000.0,0.0,,,,,31000000.0,1257000000.0,1.0,654998605.0,651000000.0,655000000.0,11.097,14725000000.0,64000000.0,425000000.0,1683000000.0,22.619,520000000.0
12,DTV1,MRQ,2012-03-31,2012-03-31,2012-03-31,2018-10-25,-137000000.0,21912000000.0,,7447000000.0,14465000000.0,,-5.372,-811000000.0,4526000000.0,4526000000.0,3567000000.0,741000000.0,1.194,-7.016,17461000000.0,1500000000.0,15961000000.0,17461000000.0,549000000.0,595000000.0,0.0,0.0,0.0,1351000000.0,1946000000.0,0.276,1946000000.0,1351000000.0,1147000000.0,1.08,1.07,1.08,-3642000000.0,,-3642000000.0,45957993699.0,9.0,6.375,952000000.0,1.404,1.0,3479000000.0,0.494,4998000000.0,204000000.0,23612000000.0,,285000000.0,1749000000.0,0.0,1749000000.0,25554000000.0,6237000000.0,19317000000.0,33366993699.0,3653000000.0,0.0,-1260000000.0,3960000000.0,0.0,2676000000.0,-786000000.0,0.0,1763000000.0,0.0,731000000.0,731000000.0,731000000.0,0.0,10000000.0,0.104,2171000000.0,1308000000.0,4188000000.0,0.0,-9.162,12.516,13.299,7718000000.0,0.0,49.34,1.194,1.197,2197000000.0,-8122000000.0,7046000000.0,7046000000.0,0.0,,,,,-1000000.0,1233000000.0,1.0,676266593.0,678000000.0,681000000.0,10.392,16914000000.0,71000000.0,416000000.0,1796000000.0,24.947,1210000000.0
13,DTV1,MRQ,2011-12-31,2011-12-31,2011-12-31,2018-10-25,-156000000.0,18423000000.0,,4241000000.0,14182000000.0,,-4.426,-854000000.0,873000000.0,873000000.0,4039000000.0,723000000.0,0.894,-6.93,13464000000.0,0.0,13464000000.0,13464000000.0,533000000.0,568000000.0,0.0,0.0,0.0,1228000000.0,1796000000.0,0.241,1796000000.0,1228000000.0,1034000000.0,1.01,1.0,1.01,-3107000000.0,,-3107000000.0,42336673791.0,9.0,5.989,720000000.0,1.026,1.0,3424000000.0,0.459,5006000000.0,194000000.0,21265000000.0,,280000000.0,1738000000.0,0.0,1738000000.0,21530000000.0,4743000000.0,16787000000.0,30170673791.0,-424000000.0,0.0,-1130000000.0,-13000000.0,0.0,-1146000000.0,-852000000.0,0.0,1574000000.0,0.0,718000000.0,718000000.0,718000000.0,0.0,5000000.0,0.096,2210000000.0,1214000000.0,4210000000.0,0.0,-9.711,11.564,12.252,7438000000.0,0.0,42.76,1.108,1.173,2474000000.0,-7750000000.0,7463000000.0,7463000000.0,0.0,,,,,27000000.0,1288000000.0,1.0,705581707.0,702000000.0,707000000.0,10.631,13417000000.0,62000000.0,316000000.0,1771000000.0,19.113,-502000000.0
14,DTV1,MRQ,2011-09-30,2011-09-30,2011-09-30,2018-10-25,-118000000.0,18232000000.0,,4346000000.0,13886000000.0,,-3.682,-972000000.0,1297000000.0,1297000000.0,3525000000.0,521000000.0,1.024,-7.765,13463000000.0,0.0,13463000000.0,13463000000.0,560000000.0,554000000.0,0.0,0.0,0.0,996000000.0,1550000000.0,0.226,1550000000.0,996000000.0,802000000.0,0.7,0.7,0.7,-2695000000.0,,-2695000000.0,42141384346.0,9.0,6.084,235000000.0,0.321,1.0,3319000000.0,0.485,5042000000.0,194000000.0,21113000000.0,,313000000.0,1652000000.0,0.0,1652000000.0,20927000000.0,4243000000.0,16684000000.0,31207384346.0,-1231000000.0,0.0,-1453000000.0,-15000000.0,0.0,-1468000000.0,-970000000.0,0.0,1207000000.0,0.0,516000000.0,516000000.0,516000000.0,0.0,5000000.0,0.075,2289000000.0,1030000000.0,3683000000.0,0.0,-11.58,12.438,13.209,7192000000.0,0.0,42.27,1.183,1.173,2120000000.0,-7546000000.0,6844000000.0,6844000000.0,0.0,,,,,23000000.0,1370000000.0,1.0,738286831.0,732000000.0,737000000.0,9.35,13190000000.0,63000000.0,286000000.0,1738000000.0,18.019,103000000.0
15,DTV1,MRQ,2011-06-30,2011-06-30,2011-06-30,2018-10-25,16000000.0,19177000000.0,,5318000000.0,13859000000.0,,-2.127,-700000000.0,2528000000.0,2528000000.0,3255000000.0,709000000.0,1.314,-12.816,13462000000.0,0.0,13462000000.0,13462000000.0,509000000.0,616000000.0,0.0,0.0,0.0,1301000000.0,1917000000.0,0.29,1917000000.0,1301000000.0,1098000000.0,0.92,0.91,0.92,-1623000000.0,,-1623000000.0,48844854485.0,11.0,7.105,395000000.0,0.518,1.0,3345000000.0,0.507,5195000000.0,203000000.0,20868000000.0,,321000000.0,1702000000.0,0.0,1702000000.0,20800000000.0,4048000000.0,16752000000.0,39018854485.0,-1767000000.0,-11000000.0,-1508000000.0,-697000000.0,0.0,-2206000000.0,-656000000.0,55000000.0,1095000000.0,0.0,701000000.0,701000000.0,701000000.0,0.0,8000000.0,0.106,2115000000.0,1230000000.0,3539000000.0,0.0,-24.041,15.784,16.608,6962000000.0,0.0,50.82,1.526,1.517,2003000000.0,-6816000000.0,6600000000.0,6600000000.0,0.0,,,,,30000000.0,1172000000.0,1.0,767785409.0,763000000.0,767000000.0,8.65,13982000000.0,61000000.0,397000000.0,1784000000.0,18.325,1270000000.0
16,DTV1,MRQ,2011-03-31,2011-03-31,2011-03-31,2018-10-25,-14000000.0,20593000000.0,,6938000000.0,13655000000.0,,-1.137,-644000000.0,4295000000.0,4295000000.0,3136000000.0,683000000.0,1.682,-23.83,14121000000.0,0.0,14121000000.0,14121000000.0,481000000.0,611000000.0,0.0,0.0,0.0,1195000000.0,1806000000.0,0.286,1806000000.0,1195000000.0,1023000000.0,0.85,0.85,0.85,-902000000.0,,-902000000.0,46016598489.0,11.0,6.969,665000000.0,0.839,1.0,3183000000.0,0.504,5200000000.0,172000000.0,21094000000.0,,312000000.0,1709000000.0,0.0,1709000000.0,21495000000.0,4125000000.0,17370000000.0,37008598489.0,2793000000.0,0.0,-1405000000.0,3462000000.0,0.0,2028000000.0,-544000000.0,61000000.0,1309000000.0,0.0,674000000.0,674000000.0,674000000.0,0.0,9000000.0,0.107,2028000000.0,1155000000.0,3644000000.0,0.0,-41.029,15.993,18.281,6746000000.0,0.0,46.8,1.492,1.496,1916000000.0,-6236000000.0,6319000000.0,6319000000.0,0.0,,,,,-2000000.0,1136000000.0,1.0,790782019.0,793000000.0,797000000.0,7.968,15393000000.0,54000000.0,349000000.0,1719000000.0,19.411,2813000000.0
17,DTV1,MRQ,2010-12-31,2010-12-31,2010-12-31,2018-10-25,-27000000.0,17909000000.0,,4253000000.0,13656000000.0,,-0.247,-670000000.0,1502000000.0,1502000000.0,3426000000.0,683000000.0,0.956,-93.314,10510000000.0,38000000.0,10472000000.0,10510000000.0,486000000.0,622000000.0,0.0,0.0,0.0,1032000000.0,1654000000.0,0.25,1654000000.0,1032000000.0,871000000.0,0.73,0.73,0.73,-194000000.0,,-194000000.0,40773553440.0,10.0,6.332,711000000.0,0.905,1.0,3195000000.0,0.483,5222000000.0,161000000.0,17245000000.0,,247000000.0,1755000000.0,0.0,1755000000.0,18103000000.0,4450000000.0,13653000000.0,33290553440.0,-1486000000.0,-616000000.0,-1514000000.0,5000000.0,0.0,-1548000000.0,-1319000000.0,4000000.0,1381000000.0,0.0,618000000.0,618000000.0,618000000.0,0.0,65000000.0,0.093,2133000000.0,1062000000.0,3926000000.0,0.0,-171.601,15.146,17.286,6679000000.0,0.0,39.93,1.381,1.441,2001000000.0,-5730000000.0,6621000000.0,6621000000.0,0.0,,,,,11000000.0,1195000000.0,1.0,833722851.0,786000000.0,792000000.0,8.424,12687000000.0,53000000.0,253000000.0,1670000000.0,16.141,-197000000.0
18,DTV1,MRQ,2010-09-30,2010-09-30,2010-09-30,2018-10-25,-38000000.0,18781000000.0,,5553000000.0,13228000000.0,,0.787,-666000000.0,2988000000.0,2988000000.0,3024000000.0,500000000.0,1.315,26.701,10471000000.0,0.0,10471000000.0,10471000000.0,566000000.0,616000000.0,0.0,0.0,0.0,882000000.0,1498000000.0,0.249,1498000000.0,882000000.0,735000000.0,0.56,0.55,0.56,678000000.0,,678000000.0,42793355008.0,13.0,7.448,665000000.0,0.772,1.0,3001000000.0,0.498,5247000000.0,147000000.0,16795000000.0,,185000000.0,1444000000.0,0.0,1444000000.0,18103000000.0,4222000000.0,13881000000.0,36084355008.0,988000000.0,0.0,-1372000000.0,1702000000.0,0.0,320000000.0,-663000000.0,0.0,1331000000.0,0.0,479000000.0,479000000.0,479000000.0,0.0,21000000.0,0.08,2133000000.0,868000000.0,3656000000.0,0.0,53.222,23.31,26.516,6537000000.0,0.0,41.63,1.538,1.528,1790000000.0,-5073000000.0,6025000000.0,6025000000.0,0.0,,,,,22000000.0,1196000000.0,1.0,866787293.0,861000000.0,868000000.0,6.998,13534000000.0,43000000.0,256000000.0,1202000000.0,15.719,1331000000.0
19,DTV1,MRQ,2010-06-30,2010-06-30,2010-06-30,2018-10-25,-93000000.0,17361000000.0,,4317000000.0,13044000000.0,,1.646,-607000000.0,2000000000.0,2000000000.0,2858000000.0,554000000.0,1.032,10.707,8709000000.0,273000000.0,8436000000.0,8709000000.0,426000000.0,625000000.0,0.0,0.0,0.0,1020000000.0,1645000000.0,0.281,1645000000.0,1020000000.0,886000000.0,0.42,0.42,0.42,1483000000.0,,1483000000.0,36136525612.0,12.0,6.456,383000000.0,0.425,1.0,2990000000.0,0.511,5236000000.0,134000000.0,14650000000.0,,183000000.0,1427000000.0,0.0,1427000000.0,15878000000.0,4184000000.0,11694000000.0,30826525612.0,-1488000000.0,-1000000.0,-1721000000.0,-124000000.0,0.0,-1857000000.0,-621000000.0,2000000.0,990000000.0,0.0,543000000.0,543000000.0,543000000.0,0.0,11000000.0,0.093,1980000000.0,1010000000.0,3485000000.0,0.0,20.787,21.482,24.403,6381000000.0,0.0,33.92,1.346,1.334,1670000000.0,-4452000000.0,5848000000.0,5848000000.0,0.0,,,,,18000000.0,1083000000.0,1.0,908800873.0,901000000.0,907000000.0,6.491,12125000000.0,115000000.0,343000000.0,1072000000.0,13.457,133000000.0
20,DTV1,MRQ,2010-03-31,2010-03-31,2010-03-31,2018-10-25,-80000000.0,18826000000.0,,5728000000.0,13098000000.0,,3.148,-473000000.0,3488000000.0,3488000000.0,2797000000.0,575000000.0,1.302,5.423,8798000000.0,360000000.0,8438000000.0,8798000000.0,401000000.0,619000000.0,0.0,0.0,0.0,1023000000.0,1642000000.0,0.293,1642000000.0,1023000000.0,908000000.0,0.6,0.59,0.6,2931000000.0,,2931000000.0,37022130599.0,13.0,6.879,1031000000.0,1.107,1.0,2811000000.0,0.501,5283000000.0,115000000.0,14453000000.0,,222000000.0,1453000000.0,0.0,1453000000.0,15895000000.0,4400000000.0,11495000000.0,31617130599.0,883000000.0,0.0,-466000000.0,402000000.0,0.0,-125000000.0,-496000000.0,3000000.0,1504000000.0,0.0,558000000.0,558000000.0,558000000.0,0.0,17000000.0,0.1,1855000000.0,956000000.0,3639000000.0,0.0,10.787,24.34,24.679,6362000000.0,0.0,33.81,1.42,1.413,1543000000.0,-3578000000.0,5608000000.0,5608000000.0,0.0,,,,,20000000.0,976000000.0,1.0,935141396.0,931000000.0,938000000.0,6.024,13543000000.0,148000000.0,350000000.0,1085000000.0,14.547,1328000000.0
21,DTV1,MRQ,2009-12-31,2009-12-31,2009-12-31,2018-10-25,-56000000.0,18260000000.0,,5055000000.0,13205000000.0,,3.087,-523000000.0,2605000000.0,2605000000.0,3146000000.0,-7000000.0,0.887,5.273,8010000000.0,1510000000.0,6500000000.0,8010000000.0,434000000.0,632000000.0,0.0,0.0,0.0,329000000.0,961000000.0,0.161,961000000.0,329000000.0,210000000.0,-0.01,-0.02,-0.01,2911000000.0,,2911000000.0,35781183185.0,16.0,7.405,710000000.0,0.753,1.0,2835000000.0,0.474,5295000000.0,119000000.0,12669000000.0,,212000000.0,1434000000.0,0.0,1434000000.0,15349000000.0,5701000000.0,9648000000.0,31911183185.0,-688000000.0,-104000000.0,-81000000.0,-1141000000.0,0.0,-1294000000.0,-627000000.0,0.0,1233000000.0,0.0,-32000000.0,-32000000.0,-32000000.0,0.0,25000000.0,-0.005,1973000000.0,862000000.0,3757000000.0,0.0,10.962,33.876,34.74,6476000000.0,0.0,33.35,1.48,1.523,1625000000.0,-3722000000.0,5981000000.0,5981000000.0,0.0,,,,,16000000.0,1068000000.0,1.0,956857067.0,943000000.0,959000000.0,6.343,12965000000.0,217000000.0,242000000.0,1070000000.0,13.749,-646000000.0
22,DTV1,MRQ,2009-09-30,2009-09-30,2009-09-30,2018-10-25,-75000000.0,17627000000.0,,5476000000.0,12151000000.0,,4.208,-515000000.0,3293000000.0,3293000000.0,2764000000.0,384000000.0,1.283,3.306,7163000000.0,572000000.0,6591000000.0,7163000000.0,526000000.0,663000000.0,0.0,0.0,0.0,686000000.0,1349000000.0,0.247,1349000000.0,686000000.0,585000000.0,0.38,0.37,0.38,4094000000.0,,4094000000.0,30468484418.0,12.0,5.96,643000000.0,0.661,1.0,2701000000.0,0.494,4763000000.0,101000000.0,12465000000.0,,234000000.0,871000000.0,0.0,871000000.0,13533000000.0,4269000000.0,9264000000.0,26953484418.0,1021000000.0,-18000000.0,-943000000.0,1338000000.0,0.0,395000000.0,-532000000.0,0.0,1158000000.0,0.0,366000000.0,366000000.0,366000000.0,0.0,18000000.0,0.067,2016000000.0,685000000.0,3171000000.0,0.0,6.584,20.638,21.215,6517000000.0,0.0,27.58,1.29,1.284,1458000000.0,-3665000000.0,5465000000.0,5465000000.0,0.0,,,,,14000000.0,1076000000.0,1.0,977283699.0,973000000.0,977000000.0,5.617,12864000000.0,48000000.0,219000000.0,723000000.0,13.221,1207000000.0
23,DTV1,MRQ,2009-06-30,2009-06-30,2009-06-30,2018-10-25,-123000000.0,16411000000.0,,4282000000.0,12129000000.0,,4.542,-494000000.0,2272000000.0,2272000000.0,2559000000.0,418000000.0,1.167,2.592,5787000000.0,183000000.0,5604000000.0,5787000000.0,393000000.0,679000000.0,0.0,0.0,0.0,751000000.0,1430000000.0,0.274,1430000000.0,751000000.0,649000000.0,0.4,0.4,0.4,4569000000.0,,4569000000.0,28617967957.0,12.0,5.703,550000000.0,0.547,1.0,2659000000.0,0.51,4788000000.0,102000000.0,11469000000.0,,222000000.0,836000000.0,0.0,836000000.0,11842000000.0,3669000000.0,8173000000.0,24906967957.0,167000000.0,-9000000.0,-320000000.0,-60000000.0,0.0,-384000000.0,-493000000.0,0.0,1044000000.0,0.0,407000000.0,407000000.0,407000000.0,0.0,11000000.0,0.078,1957000000.0,702000000.0,3093000000.0,0.0,5.451,19.115,19.768,6505000000.0,0.0,24.71,1.22,1.218,1377000000.0,-3408000000.0,5218000000.0,5218000000.0,0.0,,,,,8000000.0,1017000000.0,1.0,1007971184.0,1006000000.0,1009000000.0,5.187,11623000000.0,83000000.0,242000000.0,543000000.0,11.554,613000000.0
24,DTV1,MRQ,2009-03-31,2009-03-31,2009-03-31,2018-10-25,-129000000.0,16406000000.0,,4035000000.0,12371000000.0,,4.438,-539000000.0,2105000000.0,2105000000.0,2461000000.0,212000000.0,1.133,2.631,5816000000.0,120000000.0,5696000000.0,5816000000.0,383000000.0,666000000.0,0.0,0.0,0.0,426000000.0,1092000000.0,0.223,1092000000.0,426000000.0,325000000.0,0.2,0.2,0.2,4518000000.0,,4518000000.0,27012121714.0,11.0,5.436,457000000.0,0.449,1.0,2440000000.0,0.498,4829000000.0,101000000.0,11726000000.0,,198000000.0,923000000.0,0.0,923000000.0,11888000000.0,3562000000.0,8326000000.0,23184121714.0,100000000.0,-3000000.0,-317000000.0,-46000000.0,0.0,-354000000.0,-542000000.0,0.0,996000000.0,0.0,201000000.0,201000000.0,201000000.0,0.0,11000000.0,0.041,2016000000.0,424000000.0,3059000000.0,0.0,5.132,17.161,18.232,6619000000.0,0.0,22.79,1.159,1.16,1321000000.0,-3578000000.0,4901000000.0,4901000000.0,0.0,,,,,17000000.0,1069000000.0,1.0,1017293625.0,1018000000.0,1021000000.0,4.814,11577000000.0,73000000.0,124000000.0,562000000.0,11.372,473000000.0
25,DTV1,MRQ,2008-12-31,2008-12-31,2008-12-31,2018-10-25,-128000000.0,16539000000.0,,4044000000.0,12495000000.0,,4.423,-657000000.0,2005000000.0,2005000000.0,2826000000.0,364000000.0,1.128,2.571,5833000000.0,108000000.0,5725000000.0,5833000000.0,362000000.0,645000000.0,0.0,0.0,0.0,596000000.0,1241000000.0,0.234,1241000000.0,596000000.0,484000000.0,0.32,0.32,0.32,4631000000.0,,4631000000.0,26924023668.0,10.0,5.316,432000000.0,0.413,1.0,2488000000.0,0.468,4925000000.0,112000000.0,11857000000.0,,192000000.0,923000000.0,0.0,923000000.0,11908000000.0,3585000000.0,8323000000.0,24062023668.0,-983000000.0,-1000000.0,-1379000000.0,-43000000.0,0.0,-1422000000.0,-650000000.0,0.0,1089000000.0,0.0,332000000.0,332000000.0,332000000.0,-6000000.0,32000000.0,0.062,1909000000.0,579000000.0,3115000000.0,0.0,5.196,15.82,16.723,6647000000.0,0.0,22.91,1.222,1.291,1423000000.0,-3559000000.0,5314000000.0,5314000000.0,0.0,,,,,14000000.0,951000000.0,1.0,1050284752.0,1047000000.0,1048000000.0,5.075,11614000000.0,68000000.0,152000000.0,524000000.0,11.093,459000000.0
26,DTV1,MRQ,2008-09-30,2008-09-30,2008-09-30,2018-10-25,-41000000.0,17515000000.0,,5022000000.0,12493000000.0,,5.357,-536000000.0,2988000000.0,2988000000.0,2508000000.0,398000000.0,1.483,1.956,5850000000.0,95000000.0,5755000000.0,5850000000.0,490000000.0,594000000.0,0.0,0.0,0.0,661000000.0,1255000000.0,0.252,1255000000.0,661000000.0,558000000.0,0.33,0.33,0.33,5925000000.0,,5925000000.0,31091829107.0,11.0,6.298,332000000.0,0.3,1.0,2473000000.0,0.496,5061000000.0,103000000.0,11929000000.0,,247000000.0,873000000.0,0.0,873000000.0,11590000000.0,3387000000.0,8203000000.0,29061829107.0,-849000000.0,-203000000.0,-1036000000.0,-47000000.0,0.0,-1083000000.0,-634000000.0,104000000.0,868000000.0,0.0,363000000.0,363000000.0,363000000.0,0.0,35000000.0,0.073,1815000000.0,658000000.0,2802000000.0,0.0,4.905,18.908,19.393,6559000000.0,0.0,26.18,1.509,1.504,1387000000.0,-3072000000.0,4981000000.0,4981000000.0,0.0,,,,,14000000.0,953000000.0,1.0,1110077506.0,1106000000.0,1111000000.0,4.504,12454000000.0,85000000.0,195000000.0,613000000.0,11.26,1635000000.0
27,DTV1,MRQ,2008-06-30,2008-06-30,2008-06-30,2018-10-25,-33000000.0,17834000000.0,,5706000000.0,12128000000.0,,5.77,-470000000.0,3837000000.0,3837000000.0,2326000000.0,468000000.0,1.752,1.711,5867000000.0,83000000.0,5784000000.0,5867000000.0,390000000.0,557000000.0,0.0,0.0,0.0,824000000.0,1381000000.0,0.287,1381000000.0,824000000.0,742000000.0,0.4,0.4,0.4,6578000000.0,,6578000000.0,31454775366.0,12.0,6.664,373000000.0,0.327,1.0,2481000000.0,0.516,5044000000.0,82000000.0,11564000000.0,,202000000.0,883000000.0,0.0,883000000.0,11256000000.0,3256000000.0,8000000000.0,29688775366.0,2211000000.0,13000000.0,-529000000.0,2436000000.0,0.0,1907000000.0,-539000000.0,-104000000.0,843000000.0,0.0,455000000.0,455000000.0,455000000.0,0.0,13000000.0,0.095,1680000000.0,801000000.0,2783000000.0,0.0,4.513,19.885,20.085,6201000000.0,0.0,25.91,1.596,1.588,1319000000.0,-2718000000.0,4807000000.0,4807000000.0,0.0,,,,,23000000.0,906000000.0,1.0,1145842353.0,1140000000.0,1146000000.0,4.217,12790000000.0,87000000.0,287000000.0,680000000.0,11.219,2450000000.0
28,DTV1,MRQ,2008-03-31,2008-03-31,2008-03-31,2018-10-25,-30000000.0,15584000000.0,,3413000000.0,12171000000.0,,5.821,-566000000.0,1626000000.0,1626000000.0,2288000000.0,383000000.0,1.004,1.332,3392000000.0,60000000.0,3332000000.0,3392000000.0,371000000.0,524000000.0,0.0,0.0,0.0,664000000.0,1188000000.0,0.259,1188000000.0,664000000.0,601000000.0,0.32,0.32,0.32,6683000000.0,,6683000000.0,30800606546.0,11.0,6.808,544000000.0,0.474,1.0,2303000000.0,0.502,5150000000.0,63000000.0,8799000000.0,,155000000.0,838000000.0,0.0,838000000.0,8901000000.0,3401000000.0,5500000000.0,28488606546.0,543000000.0,-13000000.0,35000000.0,-45000000.0,0.0,-2000000.0,-565000000.0,0.0,1110000000.0,0.0,371000000.0,371000000.0,371000000.0,0.0,12000000.0,0.081,1646000000.0,657000000.0,2970000000.0,0.0,4.263,19.171,19.675,6183000000.0,0.0,24.79,1.589,1.587,1343000000.0,-2738000000.0,4591000000.0,4591000000.0,0.0,,,,,0.0,862000000.0,1.0,1149197521.0,1148000000.0,1152000000.0,3.999,10434000000.0,82000000.0,230000000.0,612000000.0,9.089,12000000.0
29,DTV1,MRQ,2007-12-31,2007-12-31,2007-12-31,2018-10-25,-21000000.0,15063000000.0,,3146000000.0,11917000000.0,,5.466,-640000000.0,1083000000.0,1083000000.0,2621000000.0,359000000.0,0.916,1.39,3395000000.0,48000000.0,3347000000.0,3395000000.0,354000000.0,486000000.0,0.0,0.0,0.0,627000000.0,1113000000.0,0.228,1113000000.0,627000000.0,568000000.0,0.3,0.3,0.3,6302000000.0,,6302000000.0,28976980604.0,11.0,6.719,361000000.0,0.313,1.0,2255000000.0,0.462,5246000000.0,59000000.0,8695000000.0,,193000000.0,838000000.0,0.0,838000000.0,8761000000.0,3434000000.0,5327000000.0,26770980604.0,-108000000.0,-9000000.0,-445000000.0,-26000000.0,0.0,-470000000.0,-639000000.0,0.0,1001000000.0,0.0,348000000.0,348000000.0,348000000.0,17000000.0,11000000.0,0.071,1638000000.0,617000000.0,3032000000.0,0.0,4.248,18.45,19.107,5833000000.0,0.0,23.12,1.552,1.602,1535000000.0,-2995000000.0,4876000000.0,4876000000.0,0.0,,,,,49000000.0,879000000.0,1.0,1157914386.0,1153000000.0,1157000000.0,4.229,9817000000.0,90000000.0,220000000.0,567000000.0,8.514,-288000000.0
30,DTV1,MRQ,2007-09-30,2007-09-30,2007-09-30,2018-10-25,-35000000.0,14977000000.0,,3195000000.0,11782000000.0,,5.387,-706000000.0,1191000000.0,1191000000.0,2229000000.0,319000000.0,0.974,1.352,3397000000.0,35000000.0,3362000000.0,3397000000.0,475000000.0,438000000.0,0.0,0.0,0.0,600000000.0,1038000000.0,0.24,1038000000.0,600000000.0,539000000.0,0.27,0.27,0.27,6368000000.0,,6368000000.0,30323603376.0,11.0,7.284,82000000.0,0.069,1.0,2098000000.0,0.485,5377000000.0,61000000.0,8525000000.0,,204000000.0,825000000.0,10000000.0,815000000.0,8609000000.0,3281000000.0,5328000000.0,28859603376.0,-747000000.0,-339000000.0,-837000000.0,-37000000.0,0.0,-874000000.0,-661000000.0,371000000.0,788000000.0,0.0,319000000.0,319000000.0,319000000.0,0.0,0.0,0.074,1532000000.0,566000000.0,2771000000.0,0.0,4.532,19.78,20.066,5590000000.0,0.0,24.28,1.743,1.734,1414000000.0,-3017000000.0,4327000000.0,4327000000.0,0.0,,,,,0.0,822000000.0,1.0,1188616284.0,1182000000.0,1190000000.0,3.661,9600000000.0,58000000.0,220000000.0,611000000.0,8.122,-86000000.0
31,DTV1,MRQ,2007-06-30,2007-06-30,2007-06-30,2018-10-25,-36000000.0,15165000000.0,,3695000000.0,11470000000.0,,5.615,-656000000.0,1938000000.0,1938000000.0,2057000000.0,448000000.0,1.195,1.219,3402000000.0,25000000.0,3377000000.0,3402000000.0,358000000.0,393000000.0,0.0,0.0,0.0,792000000.0,1185000000.0,0.287,1185000000.0,792000000.0,735000000.0,0.37,0.37,0.37,6833000000.0,,6833000000.0,29425070538.0,11.0,7.26,201000000.0,0.165,1.0,2078000000.0,0.503,5444000000.0,57000000.0,8092000000.0,,200000000.0,852000000.0,49000000.0,803000000.0,8332000000.0,3093000000.0,5239000000.0,28281770538.0,-322000000.0,0.0,-579000000.0,-33000000.0,0.0,-612000000.0,-567000000.0,67000000.0,857000000.0,0.0,448000000.0,448000000.0,448000000.0,-17000000.0,0.0,0.108,1338000000.0,740000000.0,2710000000.0,0.0,4.139,18.73,18.637,5223000000.0,0.0,23.11,1.78,1.77,1184000000.0,-2811000000.0,4135000000.0,4135000000.0,0.0,,,,,0.0,746000000.0,1.0,1223789292.0,1217000000.0,1224000000.0,3.398,9721000000.0,96000000.0,287000000.0,450000000.0,7.988,602000000.0
32,DTV1,MRQ,2007-03-31,2007-03-31,2007-03-31,2018-10-25,-41800000.0,15262900000.0,,4054000000.0,11208900000.0,,5.661,-690000000.0,2259700000.0,2259700000.0,2002000000.0,336000000.0,1.305,1.196,3403000000.0,10800000.0,3392200000.0,3403000000.0,321200000.0,367000000.0,0.0,0.0,0.0,610000000.0,977000000.0,0.25,977000000.0,610000000.0,552000000.0,0.27,0.27,0.27,6951700000.0,,6951700000.0,29483033834.0,11.0,7.608,309000000.0,0.252,1.0,1906000000.0,0.488,5521800000.0,58000000.0,7777800000.0,,177300000.0,943500000.0,117800000.0,825700000.0,8311200000.0,3106600000.0,5204600000.0,28366733834.0,-239000000.0,0.0,-46000000.0,-243000000.0,0.0,-283000000.0,-955000000.0,-278000000.0,999000000.0,0.0,336000000.0,336000000.0,336000000.0,0.0,0.0,0.086,1343000000.0,563000000.0,2774600000.0,0.0,4.081,18.65,18.756,4861400000.0,0.0,23.07,1.857,1.854,1145200000.0,-2861500000.0,3908000000.0,3908000000.0,0.0,,,,,0.0,744000000.0,1.0,1229594011.0,1228000000.0,1235000000.0,3.182,9741100000.0,131000000.0,216000000.0,409400000.0,7.932,947400000.0
33,DTV1,MRQ,2006-12-31,2006-12-31,2006-12-31,2018-10-25,-48000000.0,15141000000.0,,4556000000.0,10585000000.0,,5.449,-687000000.0,2499000000.0,2499000000.0,2268000000.0,356000000.0,1.371,1.266,3615000000.0,220000000.0,3395000000.0,3615000000.0,286000000.0,320000000.0,0.0,0.0,0.0,643000000.0,963000000.0,0.23,963000000.0,643000000.0,576000000.0,0.3,0.29,0.3,6681000000.0,,6681000000.0,32095151880.0,13.0,9.0,300000000.0,0.245,1.0,1915000000.0,0.458,5326000000.0,67000000.0,7609000000.0,,148000000.0,976000000.0,170000000.0,806000000.0,8460000000.0,3322000000.0,5138000000.0,30516051880.0,460000000.0,-7000000.0,112000000.0,-31000000.0,0.0,81000000.0,-608000000.0,62000000.0,987000000.0,0.0,356000000.0,356000000.0,356000000.0,0.0,0.0,0.085,1320000000.0,595000000.0,2816000000.0,0.0,4.568,21.49,22.071,4453000000.0,0.0,24.94,2.068,2.133,1345000000.0,-3107000000.0,4183000000.0,4183000000.0,0.0,,,,,-33000000.0,781000000.0,1.0,1223578664.0,1226000000.0,1237000000.0,3.412,9815000000.0,166000000.0,220000000.0,315000000.0,8.006,1234000000.0
34,DTV1,MRQ,2006-09-30,2006-09-30,2006-09-30,2018-10-25,-28600000.0,14205300000.0,,4016900000.0,10188400000.0,,5.086,-555000000.0,2039100000.0,2039100000.0,1886000000.0,370000000.0,1.297,1.288,3618200000.0,220700000.0,3397500000.0,3618200000.0,420300000.0,266000000.0,0.0,0.0,0.0,662000000.0,928000000.0,0.253,928000000.0,662000000.0,598000000.0,0.3,0.3,0.3,6209800000.0,,6209800000.0,25564299738.0,12.0,8.241,320000000.0,0.262,1.0,1780000000.0,0.486,5429400000.0,64000000.0,7256900000.0,,167600000.0,1023700000.0,233000000.0,790700000.0,7995500000.0,3098100000.0,4897400000.0,24037299738.0,155000000.0,-382000000.0,-209000000.0,-28000000.0,0.0,-237000000.0,-483000000.0,462000000.0,875000000.0,0.0,370000000.0,370000000.0,370000000.0,0.0,0.0,0.101,1151000000.0,629000000.0,2457100000.0,0.0,3.871,20.276,21.391,3954100000.0,0.0,19.68,1.697,1.696,1155500000.0,-3443200000.0,3666000000.0,3666000000.0,0.0,,,,,11000000.0,736000000.0,1.0,1221407507.0,1221000000.0,1228000000.0,3.002,8775900000.0,133900000.0,228000000.0,0.0,7.187,918800000.0
35,DTV1,MRQ,2006-06-30,2006-06-30,2006-06-30,2018-10-25,-30900000.0,13276400000.0,,3613200000.0,9663200000.0,,4.778,-463700000.0,1884200000.0,1884200000.0,1726000000.0,459000000.0,1.477,1.21,3411200000.0,11000000.0,3400200000.0,3411200000.0,276200000.0,235200000.0,0.0,0.0,0.0,772000000.0,1007200000.0,0.286,1007200000.0,772000000.0,716000000.0,0.36,0.36,0.36,6006400000.0,,6006400000.0,22302632469.0,13.0,8.634,396500000.0,0.315,1.0,1794000000.0,0.51,4769000000.0,56000000.0,7588600000.0,,201300000.0,1417700000.0,163700000.0,1254000000.0,7270000000.0,2445800000.0,4824200000.0,21014632469.0,-242100000.0,0.0,-867900000.0,-26900000.0,0.0,-894300000.0,-208000000.0,266400000.0,860200000.0,0.0,459000000.0,459000000.0,459000000.0,0.0,0.0,0.13,1053000000.0,741000000.0,2158600000.0,0.0,3.499,23.09,23.913,3484700000.0,0.0,16.5,1.53,1.51,1047000000.0,-3676100000.0,3520000000.0,3520000000.0,0.0,,,,,10800000.0,672000000.0,1.0,1273614089.0,1257000000.0,1264000000.0,2.8,8507400000.0,291900000.0,257000000.0,0.0,6.768,1167400000.0
36,DTV1,MRQ,2006-03-31,2006-03-31,2006-03-31,2018-10-25,-18700000.0,13883800000.0,,4147800000.0,9736000000.0,,4.755,-270300000.0,2126400000.0,2126400000.0,1718300000.0,235200000.0,1.563,1.168,3414400000.0,11700000.0,3402700000.0,3414400000.0,279800000.0,212800000.0,0.0,0.0,0.0,454600000.0,667400000.0,0.197,667400000.0,454600000.0,395900000.0,0.17,0.17,0.17,6404600000.0,,6404600000.0,20730750869.0,17.0,9.947,169500000.0,0.126,1.0,1667300000.0,0.492,4856500000.0,58700000.0,7661800000.0,,310700000.0,1717200000.0,368800000.0,1348400000.0,7479200000.0,2653500000.0,4825700000.0,21017050869.0,-1574900000.0,0.0,-1755100000.0,-24100000.0,0.0,-1777700000.0,-237000000.0,45600000.0,439800000.0,0.0,235200000.0,235200000.0,235200000.0,0.0,0.0,0.069,1275200000.0,392100000.0,2362000000.0,0.0,3.282,34.308,36.444,3169900000.0,0.0,16.4,1.568,1.648,874100000.0,-3652200000.0,3385600000.0,3385600000.0,0.0,,,,,11200000.0,824300000.0,1.0,1281527492.0,1347000000.0,1352800000.0,2.513,9027300000.0,515600000.0,160700000.0,0.0,6.702,1494300000.0
37,DTV1,MRQ,2005-12-31,2005-12-31,2005-12-31,2018-10-25,-14000000.0,15630200000.0,,6096400000.0,9533800000.0,,5.716,-273000000.0,3701300000.0,3701300000.0,1925700000.0,121300000.0,2.156,0.969,3415000000.0,9700000.0,3405300000.0,3415000000.0,276600000.0,221600000.0,0.0,0.0,0.0,277800000.0,499400000.0,0.139,499400000.0,277800000.0,219700000.0,0.09,0.09,0.09,7940000000.0,,7940000000.0,19483112036.0,26.0,12.185,195200000.0,0.141,1.0,1669300000.0,0.464,4923300000.0,58100000.0,7592500000.0,,283100000.0,1726600000.0,683200000.0,1043400000.0,7690200000.0,2828100000.0,4862100000.0,19639612036.0,129200000.0,-1000000.0,10500000.0,2979200000.0,0.0,-13600000.0,-325400000.0,-30700000.0,468200000.0,0.0,121300000.0,121300000.0,121300000.0,300000.0,0.0,0.034,1450100000.0,219200000.0,2541800000.0,0.0,2.474,58.451,58.833,3074700000.0,0.0,14.12,1.492,1.489,1033200000.0,-3002200000.0,3595000000.0,3595000000.0,0.0,,,,,10100000.0,897900000.0,1.0,1390907368.0,1389200000.0,1398600000.0,2.588,10706900000.0,655700000.0,98400000.0,0.0,7.707,3268300000.0
38,DTV1,MRQ,2005-09-30,2005-09-30,2005-09-30,2018-10-25,-30500000.0,15402400000.0,,5799400000.0,9603000000.0,,5.6,-182800000.0,3572200000.0,3572200000.0,1623100000.0,94600000.0,2.171,0.98,3415700000.0,7500000.0,3408200000.0,3415700000.0,364600000.0,208300000.0,0.0,0.0,0.0,200700000.0,409000000.0,0.127,409000000.0,200700000.0,136300000.0,0.07,0.07,0.07,7778600000.0,,7778600000.0,20543940091.0,428.0,21.384,190600000.0,0.137,1.0,1610100000.0,0.498,5010300000.0,64400000.0,7564700000.0,,237000000.0,2292600000.0,653000000.0,1639600000.0,7623800000.0,2670900000.0,4952900000.0,20801740091.0,-103000000.0,0.0,19200000.0,-24300000.0,0.0,-5100000.0,-471300000.0,-278500000.0,373400000.0,0.0,94600000.0,94600000.0,94600000.0,0.0,0.0,0.029,1453700000.0,156400000.0,1412300000.0,0.0,2.674,-281.866,-299.6,2953100000.0,0.0,14.98,1.609,1.609,889200000.0,-3123400000.0,3233200000.0,3233200000.0,0.0,,,,,10500000.0,982000000.0,1.0,1388634185.0,1389100000.0,1395500000.0,2.328,10392100000.0,0.0,41700000.0,0.0,7.481,3128500000.0
39,DTV1,MRQ,2005-06-30,2005-06-30,2005-06-30,2018-10-25,-18500000.0,15117000000.0,,5579300000.0,9537700000.0,,5.523,-227600000.0,3675200000.0,3675200000.0,1533000000.0,161500000.0,2.285,0.973,3417400000.0,5700000.0,3411700000.0,3417400000.0,242600000.0,211100000.0,0.0,0.0,0.0,297300000.0,508400000.0,0.159,508400000.0,297300000.0,237100000.0,0.12,0.12,0.12,7663600000.0,,7663600000.0,21247256219.0,-12.0,-24.845,99000000.0,0.071,1.0,1654900000.0,0.519,5097100000.0,60200000.0,7320100000.0,,296100000.0,1974600000.0,379000000.0,1595600000.0,7453400000.0,2442000000.0,5011400000.0,21506056219.0,996700000.0,246000000.0,14400000.0,-2022400000.0,0.0,995300000.0,-325200000.0,-343900000.0,326600000.0,0.0,161500000.0,161500000.0,161500000.0,-31300000.0,0.0,0.051,1343300000.0,311600000.0,1312700000.0,0.0,2.806,-18.272,-18.235,2845000000.0,0.0,15.5,1.712,1.712,856400000.0,-3218000000.0,3187900000.0,3187900000.0,0.0,,,,,9500000.0,905700000.0,1.0,1387487498.0,1387600000.0,1393500000.0,2.297,10019900000.0,0.0,75600000.0,0.0,7.221,3137300000.0
40,DTV1,MRQ,2005-03-31,2005-03-31,2005-03-31,2018-10-25,-23200000.0,14247500000.0,,4734200000.0,9513300000.0,,5.39,-205600000.0,2678500000.0,2678500000.0,1639200000.0,-41400000.0,1.758,0.907,2419700000.0,24800000.0,2394900000.0,2419700000.0,236000000.0,212000000.0,0.0,0.0,0.0,-29800000.0,182200000.0,0.058,182200000.0,-29800000.0,-85100000.0,-0.03,-0.03,-0.03,7470100000.0,,7470100000.0,19583232919.0,-9.0,-16.253,-201800000.0,-0.146,1.0,1508700000.0,0.479,5184700000.0,55300000.0,6110900000.0,,266900000.0,1557800000.0,0.0,1557800000.0,6777400000.0,2693100000.0,4084300000.0,19983932919.0,371100000.0,0.0,900000.0,-32500000.0,0.0,-31600000.0,398900000.0,605100000.0,3800000.0,0.0,-41400000.0,-41400000.0,-41400000.0,0.0,0.0,-0.013,1562900000.0,-54200000.0,1330800000.0,0.0,2.675,-14.783,-14.714,2770800000.0,0.0,14.42,1.663,1.663,871100000.0,-3379500000.0,3147900000.0,3147900000.0,0.0,,,,,10900000.0,1075500000.0,1.0,1385848330.0,1386000000.0,1386000000.0,2.271,9062800000.0,0.0,-43700000.0,0.0,6.539,2041100000.0
41,DTV1,MRQ,2004-12-31,2004-12-31,2004-12-31,2018-10-25,-24700000.0,14324400000.0,,4771100000.0,9553300000.0,,5.419,-264000000.0,2307400000.0,2307400000.0,1816200000.0,-288500000.0,1.771,0.908,2429300000.0,19800000.0,2409500000.0,2429300000.0,261500000.0,281300000.0,0.0,0.0,0.0,-420200000.0,-138900000.0,-0.041,-138900000.0,-420200000.0,-481800000.0,-0.21,-0.21,-0.21,7507100000.0,,7507100000.0,22320702286.0,-9.0,-13.366,-68100000.0,-0.049,1.0,1545900000.0,0.46,5271200000.0,61600000.0,6480600000.0,,124400000.0,1446700000.0,522600000.0,924100000.0,6817300000.0,2694500000.0,4122800000.0,23196702286.0,-435600000.0,-388500000.0,6700000.0,-35500000.0,0.0,-28800000.0,-602700000.0,43100000.0,195900000.0,0.0,-288500000.0,-288500000.0,-288500000.0,100000.0,0.0,-0.086,1991200000.0,-445300000.0,1290900000.0,0.0,3.09,-11.901,-11.872,2695500000.0,0.0,16.74,2.042,2.041,918600000.0,-3338100000.0,3362100000.0,3362100000.0,0.0,,,,,4900000.0,1148700000.0,1.0,1385705035.0,1385400000.0,1385400000.0,2.427,9053200000.0,840200000.0,-193300000.0,0.0,6.535,2076600000.0
42,DTV1,MRQ,2004-09-30,2004-09-30,2004-09-30,2018-10-25,-37200000.0,14327700000.0,,5030700000.0,9297000000.0,,5.609,-1287500000.0,3308700000.0,3308700000.0,1480600000.0,-1008600000.0,1.975,0.844,2432700000.0,24200000.0,2408500000.0,2432700000.0,340500000.0,199600000.0,0.0,0.0,0.0,-1606500000.0,-1406900000.0,-0.492,-1406900000.0,-1606500000.0,-1632900000.0,-0.73,-0.73,-0.73,7768600000.0,,7768600000.0,24964782788.0,-10.0,-14.951,-1179200000.0,-0.851,1.0,1381300000.0,0.483,5360700000.0,26400000.0,5544200000.0,,255200000.0,1047800000.0,0.0,1047800000.0,6559100000.0,2546800000.0,4012300000.0,24364182788.0,1260500000.0,2639000000.0,2700000.0,-17500000.0,0.0,-14800000.0,1167000000.0,-186700000.0,108300000.0,0.0,-1008600000.0,-1008600000.0,-1008600000.0,83000000.0,0.0,-0.352,2931300000.0,-1550000000.0,1069500000.0,0.0,3.136,-12.366,-12.387,2888500000.0,0.0,17.59,2.266,2.266,948100000.0,-3049600000.0,2861900000.0,2861900000.0,0.0,,,,,10000000.0,1003800000.0,1.0,1385115565.0,1385100000.0,1385100000.0,2.066,8967000000.0,0.0,-624300000.0,0.0,6.474,2483900000.0
43,DTV1,MRQ,2004-06-30,2004-06-30,2004-06-30,2018-10-25,-35700000.0,17598100000.0,,8639400000.0,8958700000.0,,6.328,-227600000.0,1833800000.0,1833800000.0,1360900000.0,-13300000.0,1.784,1.008,2434400000.0,26200000.0,2408200000.0,2434400000.0,215300000.0,171500000.0,0.0,0.0,0.0,-12800000.0,158700000.0,0.06,158700000.0,-12800000.0,-33400000.0,-0.01,-0.01,-0.01,8762100000.0,,8762100000.0,24872451990.0,-30.0,-302.585,109300000.0,0.079,1.0,1281900000.0,0.485,4058700000.0,20600000.0,9296100000.0,,331600000.0,606100000.0,0.0,606100000.0,8836000000.0,4843900000.0,3992100000.0,23673651990.0,281900000.0,279400000.0,8500000.0,-204400000.0,0.0,-195900000.0,140900000.0,86700000.0,336900000.0,0.0,-13300000.0,-13300000.0,-13300000.0,-4300000.0,0.0,-0.005,1312000000.0,-30100000.0,1009200000.0,0.0,2.702,-24.044,-24.085,4293900000.0,0.0,17.1,2.305,2.306,883800000.0,-2041000000.0,2642800000.0,2642800000.0,0.0,,,,,35100000.0,908400000.0,1.0,1384424093.0,1384600000.0,1384600000.0,1.909,13539400000.0,0.0,-20100000.0,138100000.0,9.779,3795500000.0
44,DTV1,MRQ,2004-03-31,2004-03-31,2004-03-31,2018-10-25,-28100000.0,17262000000.0,,8787200000.0,8474800000.0,,6.317,-209800000.0,1440000000.0,1440000000.0,1315400000.0,-638800000.0,1.772,0.974,2638800000.0,230700000.0,2408100000.0,2638800000.0,183300000.0,185600000.0,0.0,0.0,0.0,-468400000.0,-282800000.0,-0.113,-282800000.0,-468400000.0,-491700000.0,-0.46,-0.46,-0.46,8743300000.0,,8743300000.0,23385344406.0,-32.0,1277.888,-622300000.0,-0.45,1.0,1177800000.0,0.472,3584900000.0,23300000.0,9916400000.0,,287500000.0,629700000.0,0.0,629700000.0,8518700000.0,4959500000.0,3559200000.0,21287644406.0,-234100000.0,0.0,5100000.0,-8300000.0,0.0,-3200000.0,181600000.0,389600000.0,-412500000.0,0.0,-638800000.0,-638800000.0,-638800000.0,503500000.0,0.0,-0.256,1228800000.0,-51000000.0,1022500000.0,0.0,2.435,-22.415,-22.618,4260200000.0,0.0,15.38,2.169,2.169,911900000.0,-2027700000.0,2493200000.0,2493200000.0,0.0,,,,,7100000.0,911800000.0,1.0,1384112120.0,1384000000.0,1389900000.0,1.801,13677100000.0,0.0,147100000.0,163800000.0,9.882,3827700000.0
45,DTV1,MRQ,2003-12-31,2003-12-31,2003-12-31,2018-10-25,202500000.0,19037400000.0,,10415600000.0,8621800000.0,,6.962,-359200000.0,1779500000.0,1779500000.0,1622400000.0,-309500000.0,1.766,0.977,2661000000.0,226200000.0,2434800000.0,2661000000.0,170300000.0,188500000.0,0.0,0.0,0.0,-327300000.0,-138800000.0,-0.05,-138800000.0,-327300000.0,-359800000.0,-0.22,-0.22,-0.22,9631100000.0,,9631100000.0,26595205202.0,-86.0,59.751,-146600000.0,-0.106,1.0,1131900000.0,0.411,3602600000.0,32500000.0,10417000000.0,,270300000.0,819400000.0,0.0,819400000.0,9406300000.0,5899300000.0,3507000000.0,24525305202.0,-743400000.0,-11800000.0,6700000.0,-37300000.0,0.0,-305600000.0,-649000000.0,-235300000.0,212600000.0,0.0,-309500000.0,-309500000.0,-309500000.0,2200000.0,0.0,-0.112,1502200000.0,-370300000.0,1425700000.0,0.0,2.546,-67.787,-63.654,4199800000.0,0.0,16.55,2.617,2.441,896300000.0,-1388900000.0,2754300000.0,2754300000.0,0.0,,,,,4000000.0,966700000.0,1.0,1481891553.0,1383400000.0,1383400000.0,1.991,15434800000.0,0.0,-50300000.0,216600000.0,11.157,4516300000.0
46,DTV1,MRQ,2003-09-30,2003-09-30,2003-09-30,2018-10-25,-41000000.0,18931900000.0,,4844000000.0,14087900000.0,,7.221,-85900000.0,2627900000.0,2627900000.0,1322300000.0,-23000000.0,2.083,0.896,4697800000.0,96100000.0,4601700000.0,4697800000.0,241100000.0,194300000.0,0.0,,0.0,-13600000.0,180700000.0,0.076,180700000.0,-13600000.0,-48700000.0,-0.02,-0.02,-0.02,9985600000.0,,9985600000.0,,,,69400000.0,0.05,1.0,1056400000.0,0.444,6373400000.0,35100000.0,12302900000.0,,292500000.0,980700000.0,0.0,980700000.0,8946300000.0,2325500000.0,6620800000.0,,-259000000.0,0.0,6100000.0,36000000.0,0.0,42100000.0,-94500000.0,-39100000.0,155300000.0,0.0,-23000000.0,-23000000.0,-23000000.0,-43200000.0,0.0,-0.01,1056600000.0,-200000.0,1040300000.0,0.0,,,,6733800000.0,0.0,,,,835600000.0,-1079400000.0,2378700000.0,2378700000.0,0.0,,,,,3000000.0,728600000.0,1.0,1481891553.0,1382800000.0,1382800000.0,1.72,12558500000.0,6000000.0,-25700000.0,424200000.0,9.082,2518500000.0
47,DTV1,MRQ,2003-06-30,2003-06-30,2003-06-30,2018-10-25,-49700000.0,19658800000.0,,5576000000.0,14082800000.0,,7.218,-147900000.0,3185400000.0,3185400000.0,1251800000.0,21600000.0,2.177,0.971,5008800000.0,62700000.0,4946100000.0,5008800000.0,156600000.0,184300000.0,0.0,,0.0,74900000.0,259200000.0,0.119,259200000.0,74900000.0,29300000.0,0.02,0.02,0.02,9975800000.0,,9975800000.0,,,,90900000.0,0.066,1.0,935500000.0,0.428,6385200000.0,45600000.0,12535200000.0,,297300000.0,907100000.0,0.0,907100000.0,9683000000.0,2561800000.0,7121200000.0,,44100000.0,0.0,4800000.0,-9500000.0,0.0,-4700000.0,-179800000.0,-33600000.0,238800000.0,0.0,21600000.0,21600000.0,21600000.0,-14200000.0,0.0,0.01,874000000.0,61500000.0,1021700000.0,0.0,,,,6790500000.0,0.0,,,,1061600000.0,-1056400000.0,2187300000.0,2187300000.0,0.0,,,,,3500000.0,684500000.0,1.0,1481891553.0,1382100000.0,1382100000.0,1.583,13273600000.0,88700000.0,7700000.0,512300000.0,9.604,3014200000.0
48,DTV1,MRQ,2003-03-31,2003-03-31,2003-03-31,2018-10-25,-64300000.0,19674200000.0,,5476100000.0,14198100000.0,,7.182,-154400000.0,2962200000.0,2962200000.0,1218500000.0,-50900000.0,2.144,0.982,5014800000.0,45100000.0,4969700000.0,5014800000.0,173200000.0,187800000.0,0.0,,0.0,-43200000.0,144600000.0,0.07,144600000.0,-43200000.0,-86300000.0,-0.04,-0.04,-0.04,9924200000.0,,9924200000.0,,,,26100000.0,0.019,1.0,843300000.0,0.409,6401400000.0,43100000.0,12771300000.0,,290100000.0,918100000.0,0.0,918100000.0,9750000000.0,2554100000.0,7195900000.0,,1998400000.0,0.0,100000.0,2035200000.0,0.0,2035300000.0,-161400000.0,-7000000.0,180500000.0,0.0,-50900000.0,-50900000.0,-50900000.0,-21100000.0,0.0,-0.025,881000000.0,-37700000.0,1150200000.0,0.0,,,,6878600000.0,0.0,,,,1126000000.0,-1078000000.0,2061800000.0,2061800000.0,0.0,,,,,0.0,686300000.0,1.0,1481891553.0,1381900000.0,1381900000.0,1.492,13272800000.0,84600000.0,-35400000.0,530200000.0,9.605,2922000000.0
49,DTV1,MRQ,2002-12-31,2002-12-31,2002-12-31,2018-10-25,-61700000.0,17885100000.0,,3656400000.0,14228700000.0,,7.428,29400000.0,1128600000.0,1128600000.0,1471200000.0,112600000.0,1.142,0.793,3117800000.0,727800000.0,2390000000.0,3117800000.0,166400000.0,676700000.0,0.0,,0.0,130000000.0,806700000.0,0.455,806700000.0,130000000.0,215200000.0,,,,9977100000.0,,9977100000.0,,,,283600000.0,0.211,1.0,302400000.0,0.171,6419900000.0,-85200000.0,10251300000.0,,230300000.0,868800000.0,0.0,868800000.0,7908000000.0,3203100000.0,4704900000.0,,-64900000.0,1700000000.0,-2100000.0,-1997300000.0,0.0,-1999400000.0,1714200000.0,200800000.0,254200000.0,0.0,112600000.0,65700000.0,65700000.0,23100000.0,0.0,0.037,541600000.0,-239200000.0,1039000000.0,,,,,6940000000.0,0.0,,,,1133900000.0,-1027100000.0,1773600000.0,1773600000.0,0.0,,,,,0.0,343700000.0,1.0,,1343100000.0,,1.321,11465200000.0,0.0,102600000.0,581200000.0,8.536,453300000.0
50,DTV1,MRQ,2002-09-30,2002-09-30,2002-09-30,2018-10-25,,,,,,,,-287600000.0,,,1174600000.0,-13600000.0,,,,,,,,0.0,,,0.0,71700000.0,71700000.0,0.033,71700000.0,71700000.0,-4400000.0,,,,,,,,,,46500000.0,,1.0,1020100000.0,0.465,,76100000.0,,,,,,,,,,,27100000.0,-2000000.0,700000.0,-104200000.0,0.0,-103500000.0,-165400000.0,122900000.0,334100000.0,0.0,-13600000.0,-13600000.0,-13600000.0,24300000.0,0.0,-0.006,1004100000.0,16000000.0,,,,,,,0.0,,,,,,2194700000.0,2194700000.0,0.0,,,,,0.0,750300000.0,1.0,,,,,,,9200000.0,,,
51,DTV1,MRQ,2002-06-30,2002-06-30,2002-06-30,2018-10-25,,,,,,,,-350400000.0,,,1264800000.0,-155100000.0,,,,,,,,0.0,,,0.0,-111200000.0,-111200000.0,-0.051,-111200000.0,-111200000.0,-232600000.0,,,,,,,,,,-322300000.0,,1.0,927500000.0,0.423,,121400000.0,,,,,,,,,,,-277700000.0,0.0,5800000.0,88900000.0,0.0,49400000.0,-310400000.0,-1300000.0,28100000.0,0.0,-155100000.0,-155100000.0,-155100000.0,25300000.0,0.0,-0.071,1026200000.0,-98700000.0,,,,,,,22800000.0,,,,,,2192300000.0,2192300000.0,0.0,,,,,0.0,775900000.0,1.0,,,,,,,-77500000.0,,,
52,DTV1,MRQ,2002-03-31,2002-03-31,2002-03-31,2018-10-25,,,,,,,,-345900000.0,,,1078700000.0,-837700000.0,,,,,,,,0.0,,,0.0,-837900000.0,-837900000.0,-0.414,-837900000.0,-837900000.0,-914200000.0,,,,,,,,,,-250400000.0,,1.0,946100000.0,0.467,,76300000.0,,,,,,,,,,,413700000.0,0.0,700000.0,685500000.0,0.0,528600000.0,-172200000.0,0.0,95500000.0,0.0,-837700000.0,-837700000.0,-837700000.0,24900000.0,0.0,-0.414,1033800000.0,-87700000.0,,,,,,,24100000.0,,,,,,2024800000.0,2024800000.0,0.0,,,,,0.0,781600000.0,1.0,,,,,,,-76500000.0,,,
0,DTV1,MRT,2015-03-31,2015-03-31,2015-03-31,2018-10-25,-577000000.0,24301000000.0,23620000000.0,8046000000.0,16255000000.0,1.42,-9.239,-3230000000.0,4284000000.0,4284000000.0,17923000000.0,2936000000.0,1.064,-6.15,19413000000.0,2355000000.0,17058000000.0,19413000000.0,570000000.0,2959000000.0,0.0,0.0,0.0,5454000000.0,8413000000.0,0.251,8413000000.0,5454000000.0,4543000000.0,5.81,5.76,5.81,-4647000000.0,-5581500000.0,-4647000000.0,58965397608.0,11.0,7.009,3185000000.0,6.332,1.0,15625000000.0,0.466,4831000000.0,911000000.0,27035000000.0,28338500000.0,334000000.0,1924000000.0,0.0,1924000000.0,28581000000.0,7564000000.0,21017000000.0,42788397608.0,1270000000.0,-53000000.0,-470000000.0,-1160000000.0,0.0,-1706000000.0,-3372000000.0,28000000.0,6415000000.0,-67000000.0,2925000000.0,2925000000.0,2925000000.0,0.0,11000000.0,0.087,10337000000.0,5288000000.0,4639000000.0,0.0,-9.208,14.629,14.647,9500000000.0,0.0,85.1,1.275,1.276,2635000000.0,-7678000000.0,33548000000.0,33548000000.0,0.0,0.124,-0.524,0.192,0.163,79000000.0,5893000000.0,1.0,502801382.0,503000000.0,507000000.0,66.696,19470000000.0,71000000.0,1618000000.0,1606000000.0,38.708,482000000.0
1,DTV1,MRT,2014-12-31,2014-12-31,2014-12-31,2018-10-25,-418000000.0,25459000000.0,23174750000.0,8819000000.0,16640000000.0,1.435,-10.323,-3225000000.0,4635000000.0,4635000000.0,17680000000.0,2775000000.0,1.267,-5.81,20812000000.0,1327000000.0,19485000000.0,20812000000.0,584000000.0,2943000000.0,0.0,0.0,0.0,5327000000.0,8270000000.0,0.249,8270000000.0,5327000000.0,4429000000.0,5.46,5.4,5.46,-5213000000.0,-6144250000.0,-5213000000.0,60395922584.0,11.0,7.303,3144000000.0,6.226,1.0,15580000000.0,0.468,4923000000.0,898000000.0,29754000000.0,28588000000.0,299000000.0,1956000000.0,0.0,1956000000.0,30287000000.0,6959000000.0,23328000000.0,43543922584.0,2455000000.0,-47000000.0,-1365000000.0,1301000000.0,0.0,-168000000.0,-3363000000.0,32000000.0,6369000000.0,-383000000.0,2756000000.0,2756000000.0,2756000000.0,0.0,19000000.0,0.083,10171000000.0,5409000000.0,5048000000.0,0.0,-8.353,15.8,15.879,9761000000.0,0.0,86.7,1.309,1.316,2800000000.0,-8408000000.0,33260000000.0,33260000000.0,0.0,0.119,-0.449,0.186,0.16,81000000.0,5772000000.0,1.0,502236708.0,505000000.0,510000000.0,65.861,20536000000.0,68000000.0,1673000000.0,1726000000.0,40.665,1860000000.0
2,DTV1,MRT,2014-09-30,2014-09-30,2014-09-30,2018-10-25,-334000000.0,22594000000.0,22286250000.0,6515000000.0,16079000000.0,1.478,-11.843,-3435000000.0,2898000000.0,2898000000.0,17409000000.0,2810000000.0,1.007,-4.735,19750000000.0,1439000000.0,18311000000.0,19750000000.0,765000000.0,2909000000.0,0.0,0.0,0.0,5436000000.0,8345000000.0,0.253,8345000000.0,5436000000.0,4537000000.0,5.46,5.41,5.46,-5945000000.0,-6477000000.0,-5945000000.0,61143845639.0,11.0,7.327,3330000000.0,6.633,1.0,15523000000.0,0.471,4838000000.0,899000000.0,28136000000.0,28110750000.0,269000000.0,1971000000.0,0.0,1971000000.0,28151000000.0,6472000000.0,21679000000.0,43452845639.0,1276000000.0,-33000000.0,-2148000000.0,462000000.0,0.0,-1781000000.0,-3325000000.0,147000000.0,6765000000.0,-383000000.0,2788000000.0,2788000000.0,2788000000.0,0.0,22000000.0,0.085,10036000000.0,5487000000.0,4268000000.0,0.0,-7.309,15.586,15.846,9270000000.0,0.0,86.52,1.319,1.319,2485000000.0,-9180000000.0,32932000000.0,32932000000.0,0.0,0.125,-0.43,0.193,0.165,68000000.0,5652000000.0,1.0,502228914.0,502000000.0,507000000.0,65.602,17756000000.0,115000000.0,1749000000.0,1759000000.0,35.371,43000000.0
3,DTV1,MRT,2014-06-30,2014-06-30,2014-06-30,2018-10-25,-288000000.0,22126000000.0,21784750000.0,5869000000.0,16257000000.0,1.489,-12.938,-3538000000.0,2290000000.0,2290000000.0,17083000000.0,2905000000.0,0.904,-4.333,19981000000.0,1542000000.0,18439000000.0,19981000000.0,637000000.0,2862000000.0,0.0,0.0,0.0,5471000000.0,8333000000.0,0.257,8333000000.0,5471000000.0,4605000000.0,5.53,5.48,5.53,-6521000000.0,-6642750000.0,-6521000000.0,60614114964.0,11.0,7.274,2910000000.0,5.774,1.0,15355000000.0,0.473,4895000000.0,866000000.0,28429000000.0,28065250000.0,312000000.0,2024000000.0,0.0,2024000000.0,28253000000.0,6493000000.0,21760000000.0,42830114964.0,-75000000.0,-47000000.0,-3408000000.0,853000000.0,0.0,-2624000000.0,-3583000000.0,146000000.0,6448000000.0,-316000000.0,2876000000.0,2876000000.0,2876000000.0,0.0,29000000.0,0.089,9865000000.0,5490000000.0,4314000000.0,0.0,-6.568,14.892,15.373,9338000000.0,0.0,85.01,1.32,1.321,2489000000.0,-9777000000.0,32438000000.0,32438000000.0,0.0,0.132,-0.433,0.195,0.169,64000000.0,5515000000.0,1.0,503824432.0,504000000.0,508000000.0,64.361,17231000000.0,110000000.0,1729000000.0,1798000000.0,34.188,-624000000.0
4,DTV1,MRT,2014-03-31,2014-03-31,2014-03-31,2018-10-25,-298000000.0,22520000000.0,21483500000.0,6449000000.0,16071000000.0,1.491,-13.499,-3664000000.0,3014000000.0,3014000000.0,16830000000.0,2756000000.0,0.874,-4.209,20798000000.0,2460000000.0,18338000000.0,20798000000.0,632000000.0,2864000000.0,0.0,0.0,0.0,5297000000.0,8161000000.0,0.255,8161000000.0,5297000000.0,4442000000.0,5.12,5.07,5.12,-6898000000.0,-6534500000.0,-6898000000.0,56293898996.0,11.0,6.898,2784000000.0,5.448,1.0,15199000000.0,0.475,4893000000.0,855000000.0,28033000000.0,27792500000.0,319000000.0,1973000000.0,0.0,1973000000.0,29032000000.0,7378000000.0,21654000000.0,38933898996.0,1335000000.0,-67000000.0,-3287000000.0,2183000000.0,0.0,-1155000000.0,-3642000000.0,245000000.0,6448000000.0,-316000000.0,2730000000.0,2730000000.0,2730000000.0,0.0,26000000.0,0.085,9783000000.0,5416000000.0,4286000000.0,0.0,-5.644,14.262,14.926,9205000000.0,0.0,76.42,1.216,1.219,2483000000.0,-10149000000.0,32029000000.0,32029000000.0,0.0,0.127,-0.418,0.191,0.165,64000000.0,5419000000.0,1.0,509472638.0,511000000.0,515000000.0,62.679,17627000000.0,146000000.0,1712000000.0,1838000000.0,34.495,-929000000.0
5,DTV1,MRT,2013-12-31,2013-12-31,2013-12-31,2018-10-25,-322000000.0,21905000000.0,21016000000.0,5953000000.0,15952000000.0,1.511,-11.942,-3786000000.0,2180000000.0,2180000000.0,16642000000.0,2885000000.0,0.912,-4.347,19540000000.0,1256000000.0,18284000000.0,19540000000.0,589000000.0,2828000000.0,0.0,0.0,0.0,5302000000.0,8130000000.0,0.256,8130000000.0,5302000000.0,4462000000.0,5.22,5.17,5.22,-6544000000.0,-6347000000.0,-6544000000.0,53897026039.0,10.0,6.629,2608000000.0,4.759,1.0,15112000000.0,0.476,4890000000.0,840000000.0,27845000000.0,27540500000.0,283000000.0,1945000000.0,0.0,1945000000.0,28449000000.0,6530000000.0,21919000000.0,36287026039.0,278000000.0,-66000000.0,-4000000000.0,1851000000.0,0.0,-2176000000.0,-3753000000.0,257000000.0,6394000000.0,-187000000.0,2859000000.0,2859000000.0,2859000000.0,0.0,26000000.0,0.09,9796000000.0,5316000000.0,4685000000.0,0.0,-5.545,12.692,13.23,9117000000.0,0.0,69.06,1.143,1.192,2547000000.0,-9874000000.0,31754000000.0,31754000000.0,0.0,0.136,-0.45,0.193,0.167,76000000.0,5421000000.0,1.0,525442022.0,548000000.0,553000000.0,57.945,17015000000.0,140000000.0,1603000000.0,1804000000.0,31.049,-577000000.0
6,DTV1,MRT,2013-09-30,2013-09-30,2013-09-30,2018-10-25,-242000000.0,20588000000.0,20678500000.0,5029000000.0,15559000000.0,1.509,-12.214,-3705000000.0,1622000000.0,1622000000.0,16319000000.0,3017000000.0,0.944,-4.116,19232000000.0,597000000.0,18635000000.0,19232000000.0,715000000.0,2743000000.0,0.0,0.0,0.0,5297000000.0,8040000000.0,0.258,8040000000.0,5297000000.0,4459000000.0,5.23,5.18,5.23,-6608000000.0,-6068750000.0,-6608000000.0,49266919366.0,9.0,6.128,2151000000.0,3.976,1.0,14895000000.0,0.477,4915000000.0,838000000.0,27954000000.0,27015500000.0,350000000.0,1739000000.0,0.0,1739000000.0,27196000000.0,5329000000.0,21867000000.0,32818919366.0,-799000000.0,-59000000.0,-4574000000.0,1969000000.0,0.0,-2639000000.0,-3829000000.0,140000000.0,5856000000.0,-187000000.0,2991000000.0,2991000000.0,2991000000.0,0.0,26000000.0,0.096,9614000000.0,5281000000.0,4017000000.0,0.0,-4.967,10.973,11.43,8905000000.0,0.0,59.78,1.051,1.036,2527000000.0,-10037000000.0,31214000000.0,31214000000.0,0.0,0.145,-0.493,0.196,0.17,87000000.0,5347000000.0,1.0,548994971.0,541000000.0,545000000.0,57.697,15673000000.0,73000000.0,1468000000.0,1542000000.0,28.97,-300000000.0
7,DTV1,MRT,2013-06-30,2013-06-30,2013-06-30,2018-10-25,-268000000.0,20921000000.0,20619750000.0,5880000000.0,15041000000.0,1.491,-10.95,-3522000000.0,2365000000.0,2365000000.0,16154000000.0,2879000000.0,1.118,-4.436,18813000000.0,297000000.0,18516000000.0,18813000000.0,606000000.0,2653000000.0,0.0,0.0,0.0,5142000000.0,7795000000.0,0.253,7795000000.0,5142000000.0,4282000000.0,4.85,4.8,4.85,-6088000000.0,-5666750000.0,-6088000000.0,51115170737.0,10.0,6.557,2098000000.0,3.773,1.0,14596000000.0,0.475,4773000000.0,860000000.0,27338000000.0,26359500000.0,403000000.0,1608000000.0,0.0,1608000000.0,27009000000.0,5258000000.0,21751000000.0,34429170737.0,233000000.0,-43000000.0,-4528000000.0,2835000000.0,0.0,-1733000000.0,-3467000000.0,164000000.0,5620000000.0,-187000000.0,2857000000.0,2857000000.0,2857000000.0,0.0,22000000.0,0.093,9472000000.0,5124000000.0,4355000000.0,0.0,-5.655,12.051,12.709,8660000000.0,0.0,61.64,1.12,1.115,2597000000.0,-9606000000.0,30750000000.0,30750000000.0,0.0,0.139,-0.504,0.195,0.167,84000000.0,5324000000.0,1.0,558552413.0,556000000.0,561000000.0,55.306,16148000000.0,66000000.0,1425000000.0,1510000000.0,29.043,622000000.0
8,DTV1,MRT,2013-03-31,2013-03-31,2013-03-31,2018-10-25,-253000000.0,20650000000.0,20297500000.0,5616000000.0,15034000000.0,1.492,-10.748,-3364000000.0,1679000000.0,1679000000.0,15855000000.0,2934000000.0,1.012,-4.359,18365000000.0,499000000.0,17866000000.0,18365000000.0,604000000.0,2520000000.0,0.0,0.0,0.0,5199000000.0,7719000000.0,0.255,7719000000.0,5199000000.0,4344000000.0,4.75,4.71,4.75,-6148000000.0,-5222250000.0,-6148000000.0,48058791421.0,9.0,6.226,2043000000.0,3.572,1.0,14419000000.0,0.476,4764000000.0,855000000.0,27025000000.0,25481750000.0,418000000.0,1683000000.0,0.0,1683000000.0,26798000000.0,5547000000.0,21251000000.0,32432791421.0,-2847000000.0,-19000000.0,-5520000000.0,892000000.0,0.0,-4672000000.0,-3395000000.0,40000000.0,5407000000.0,-187000000.0,2908000000.0,2908000000.0,2908000000.0,0.0,26000000.0,0.096,9234000000.0,5185000000.0,4422000000.0,0.0,-5.275,11.153,11.914,8587000000.0,0.0,56.59,1.071,1.069,2649000000.0,-9717000000.0,30274000000.0,30274000000.0,0.0,0.143,-0.557,0.204,0.172,90000000.0,5262000000.0,1.0,573118774.0,572000000.0,577000000.0,52.927,15886000000.0,63000000.0,1436000000.0,1679000000.0,27.773,69000000.0
9,DTV1,MRT,2012-12-31,2012-12-31,2012-12-31,2018-10-25,-242000000.0,20555000000.0,20613000000.0,5554000000.0,15001000000.0,1.443,-8.513,-3349000000.0,1902000000.0,1902000000.0,15579000000.0,2977000000.0,1.002,-4.785,17528000000.0,358000000.0,17170000000.0,17528000000.0,565000000.0,2437000000.0,0.0,0.0,0.0,5256000000.0,7693000000.0,0.259,7693000000.0,5256000000.0,4414000000.0,4.62,4.58,4.62,-5431000000.0,-4595750000.0,-5431000000.0,45044404728.0,9.0,5.855,2285000000.0,3.582,1.0,14161000000.0,0.476,4895000000.0,842000000.0,25745000000.0,24628500000.0,412000000.0,1711000000.0,0.0,1711000000.0,25986000000.0,5541000000.0,20445000000.0,30303404728.0,1029000000.0,-16000000.0,-5172000000.0,3961000000.0,0.0,-1242000000.0,-3363000000.0,24000000.0,5634000000.0,0.0,2949000000.0,2949000000.0,2949000000.0,0.0,28000000.0,0.099,9076000000.0,5085000000.0,4618000000.0,0.0,-5.58,10.276,10.857,8395000000.0,0.0,50.16,1.019,1.076,2696000000.0,-9210000000.0,29740000000.0,29740000000.0,0.0,0.143,-0.642,0.213,0.177,79000000.0,5212000000.0,1.0,604134863.0,638000000.0,644000000.0,46.614,15660000000.0,73000000.0,1465000000.0,1672000000.0,24.545,13000000.0
10,DTV1,MRT,2012-09-30,2012-09-30,2012-09-30,2018-10-25,-218000000.0,20353000000.0,20080000000.0,5830000000.0,14523000000.0,1.452,-8.013,-3245000000.0,2421000000.0,2421000000.0,15190000000.0,2752000000.0,1.195,-5.071,17162000000.0,0.0,17162000000.0,17162000000.0,674000000.0,2379000000.0,0.0,0.0,0.0,5046000000.0,7425000000.0,0.255,7425000000.0,5046000000.0,4230000000.0,4.09,4.06,4.09,-5000000000.0,-4014750000.0,-5000000000.0,46754636963.0,9.0,6.297,2462000000.0,3.946,1.0,13959000000.0,0.479,4887000000.0,816000000.0,25330000000.0,23508500000.0,377000000.0,1642000000.0,0.0,1642000000.0,25353000000.0,4877000000.0,20476000000.0,32924636963.0,1124000000.0,-4000000.0,-4956000000.0,3602000000.0,0.0,-1385000000.0,-3198000000.0,24000000.0,5707000000.0,0.0,2725000000.0,2725000000.0,2725000000.0,0.0,27000000.0,0.093,8958000000.0,5001000000.0,4203000000.0,0.0,-6.585,12.082,12.822,7994000000.0,0.0,52.44,1.13,1.123,2583000000.0,-9073000000.0,29149000000.0,29149000000.0,0.0,0.136,-0.679,0.215,0.173,74000000.0,5169000000.0,1.0,627853489.0,624000000.0,629000000.0,46.713,15466000000.0,66000000.0,1505000000.0,1672000000.0,24.785,953000000.0
11,DTV1,MRT,2012-06-30,2012-06-30,2012-06-30,2018-10-25,-190000000.0,19632000000.0,19549750000.0,5248000000.0,14384000000.0,1.462,-6.621,-3427000000.0,2132000000.0,2132000000.0,14758000000.0,2701000000.0,1.11,-5.555,15962000000.0,0.0,15962000000.0,15962000000.0,577000000.0,2315000000.0,0.0,0.0,0.0,4925000000.0,7240000000.0,0.253,7240000000.0,4925000000.0,4119000000.0,3.88,3.86,3.88,-4310000000.0,-3438500000.0,-4310000000.0,44912031896.0,9.0,6.203,2378000000.0,3.653,1.0,13819000000.0,0.484,4907000000.0,806000000.0,23827000000.0,22454250000.0,331000000.0,1685000000.0,0.0,1685000000.0,23942000000.0,4728000000.0,19214000000.0,31977031896.0,-396000000.0,0.0,-5195000000.0,2418000000.0,0.0,-2804000000.0,-3397000000.0,0.0,5805000000.0,0.0,2676000000.0,2676000000.0,2676000000.0,0.0,25000000.0,0.094,8856000000.0,4963000000.0,4151000000.0,0.0,-7.419,11.95,12.582,7792000000.0,0.0,48.82,1.119,1.112,2341000000.0,-8557000000.0,28577000000.0,28577000000.0,0.0,0.137,-0.778,0.219,0.172,80000000.0,5148000000.0,1.0,654998605.0,651000000.0,655000000.0,43.897,14725000000.0,64000000.0,1443000000.0,1683000000.0,22.619,520000000.0
12,DTV1,MRT,2012-03-31,2012-03-31,2012-03-31,2018-10-25,-137000000.0,21912000000.0,19436000000.0,7447000000.0,14465000000.0,1.438,-5.372,-3337000000.0,4526000000.0,4526000000.0,14386000000.0,2694000000.0,1.194,-7.016,17461000000.0,1500000000.0,15961000000.0,17461000000.0,549000000.0,2333000000.0,0.0,0.0,0.0,4876000000.0,7209000000.0,0.258,7209000000.0,4876000000.0,4081000000.0,3.71,3.68,3.71,-3642000000.0,-2766750000.0,-3642000000.0,45957993699.0,9.0,6.375,2302000000.0,3.395,1.0,13567000000.0,0.485,4998000000.0,795000000.0,23612000000.0,21714500000.0,285000000.0,1749000000.0,0.0,1749000000.0,25554000000.0,6237000000.0,19317000000.0,33366993699.0,231000000.0,-11000000.0,-5351000000.0,3235000000.0,0.0,-2144000000.0,-3264000000.0,55000000.0,5639000000.0,0.0,2666000000.0,2666000000.0,2666000000.0,0.0,28000000.0,0.095,8785000000.0,4782000000.0,4188000000.0,0.0,-9.162,12.516,13.299,7718000000.0,0.0,49.34,1.194,1.197,2197000000.0,-8122000000.0,27953000000.0,27953000000.0,0.0,0.137,-0.964,0.225,0.174,79000000.0,5063000000.0,1.0,676266593.0,678000000.0,681000000.0,41.229,16914000000.0,71000000.0,1415000000.0,1796000000.0,24.947,1210000000.0
13,DTV1,MRT,2011-12-31,2011-12-31,2011-12-31,2018-10-25,-156000000.0,18423000000.0,19106250000.0,4241000000.0,14182000000.0,1.425,-4.159,-3170000000.0,873000000.0,873000000.0,13955000000.0,2636000000.0,0.894,-6.93,13464000000.0,0.0,13464000000.0,13464000000.0,533000000.0,2349000000.0,0.0,0.0,0.0,4720000000.0,7069000000.0,0.26,7069000000.0,4720000000.0,3957000000.0,3.49,3.47,3.49,-3107000000.0,-2081750000.0,-3107000000.0,42336673791.0,9.0,5.989,2015000000.0,2.697,1.0,13271000000.0,0.487,5006000000.0,763000000.0,21265000000.0,21085000000.0,280000000.0,1738000000.0,0.0,1738000000.0,21530000000.0,4743000000.0,16787000000.0,30170673791.0,-629000000.0,-11000000.0,-5496000000.0,2737000000.0,0.0,-2792000000.0,-3022000000.0,116000000.0,5185000000.0,0.0,2609000000.0,2609000000.0,2609000000.0,0.0,27000000.0,0.096,8642000000.0,4629000000.0,4210000000.0,0.0,-9.711,11.564,12.252,7438000000.0,0.0,42.76,1.108,1.173,2474000000.0,-7750000000.0,27226000000.0,27226000000.0,0.0,0.137,-1.253,0.224,0.173,78000000.0,4966000000.0,1.0,705581707.0,747000000.0,752000000.0,36.447,13417000000.0,62000000.0,1348000000.0,1771000000.0,17.961,-502000000.0
14,DTV1,MRT,2011-09-30,2011-09-30,2011-09-30,2018-10-25,-118000000.0,18232000000.0,18977750000.0,4346000000.0,13886000000.0,1.39,-3.682,-2986000000.0,1297000000.0,1297000000.0,13342000000.0,2596000000.0,1.024,-7.765,13463000000.0,0.0,13463000000.0,13463000000.0,560000000.0,2403000000.0,0.0,0.0,0.0,4524000000.0,6927000000.0,0.263,6927000000.0,4524000000.0,3794000000.0,3.2,3.19,3.2,-2695000000.0,-1353500000.0,-2695000000.0,42141384346.0,9.0,6.084,2006000000.0,2.74,1.0,13042000000.0,0.494,5042000000.0,730000000.0,21113000000.0,20080000000.0,313000000.0,1652000000.0,0.0,1652000000.0,20927000000.0,4243000000.0,16684000000.0,31207384346.0,-1691000000.0,-627000000.0,-5880000000.0,2755000000.0,0.0,-3194000000.0,-3489000000.0,120000000.0,4992000000.0,0.0,2509000000.0,2509000000.0,2509000000.0,0.0,87000000.0,0.095,8565000000.0,4477000000.0,3683000000.0,0.0,-11.58,12.438,13.209,7192000000.0,0.0,42.27,1.183,1.173,2120000000.0,-7546000000.0,26384000000.0,26384000000.0,0.0,0.132,-1.854,0.225,0.171,62000000.0,4873000000.0,1.0,738286831.0,732000000.0,737000000.0,36.044,13190000000.0,63000000.0,1285000000.0,1738000000.0,18.019,103000000.0
15,DTV1,MRT,2011-06-30,2011-06-30,2011-06-30,2018-10-25,16000000.0,19177000000.0,19115000000.0,5318000000.0,13859000000.0,1.337,-2.127,-2680000000.0,2528000000.0,2528000000.0,12841000000.0,2575000000.0,1.314,-12.816,13462000000.0,0.0,13462000000.0,13462000000.0,509000000.0,2465000000.0,0.0,0.0,0.0,4410000000.0,6875000000.0,0.269,6875000000.0,4410000000.0,3727000000.0,3.06,3.04,3.06,-1623000000.0,-510250000.0,-1623000000.0,48844854485.0,11.0,7.105,2436000000.0,3.193,1.0,12724000000.0,0.498,5195000000.0,683000000.0,20868000000.0,19000500000.0,321000000.0,1702000000.0,0.0,1702000000.0,20800000000.0,4048000000.0,16752000000.0,39018854485.0,528000000.0,-627000000.0,-5799000000.0,4472000000.0,0.0,-1406000000.0,-3182000000.0,120000000.0,5116000000.0,0.0,2472000000.0,2472000000.0,2472000000.0,0.0,103000000.0,0.097,8409000000.0,4315000000.0,3539000000.0,0.0,-24.041,15.784,16.608,6962000000.0,0.0,50.82,1.526,1.517,2003000000.0,-6816000000.0,25565000000.0,25565000000.0,0.0,0.129,-4.845,0.232,0.173,61000000.0,4699000000.0,1.0,767785409.0,763000000.0,767000000.0,33.506,13982000000.0,61000000.0,1255000000.0,1784000000.0,18.325,1270000000.0
16,DTV1,MRT,2011-03-31,2011-03-31,2011-03-31,2018-10-25,-14000000.0,20593000000.0,18661000000.0,6938000000.0,13655000000.0,1.33,-1.137,-2587000000.0,4295000000.0,4295000000.0,12444000000.0,2420000000.0,1.682,-23.83,14121000000.0,0.0,14121000000.0,14121000000.0,481000000.0,2474000000.0,0.0,0.0,0.0,4129000000.0,6603000000.0,0.266,6603000000.0,4129000000.0,3515000000.0,2.56,2.55,2.56,-902000000.0,266250000.0,-902000000.0,46016598489.0,11.0,6.969,2424000000.0,3.057,1.0,12369000000.0,0.498,5200000000.0,614000000.0,21094000000.0,17446000000.0,312000000.0,1709000000.0,0.0,1709000000.0,21495000000.0,4125000000.0,17370000000.0,37008598489.0,807000000.0,-617000000.0,-6012000000.0,5045000000.0,0.0,-1057000000.0,-3147000000.0,67000000.0,5011000000.0,0.0,2314000000.0,2314000000.0,2314000000.0,0.0,106000000.0,0.093,8274000000.0,4095000000.0,3644000000.0,0.0,-41.029,15.993,18.281,6746000000.0,0.0,46.8,1.492,1.496,1916000000.0,-6236000000.0,24813000000.0,24813000000.0,0.0,0.124,8.691,0.237,0.166,49000000.0,4610000000.0,1.0,790782019.0,793000000.0,797000000.0,31.29,15393000000.0,54000000.0,1201000000.0,1719000000.0,19.411,2813000000.0
17,DTV1,MRT,2010-12-31,2010-12-31,2010-12-31,2018-10-25,-27000000.0,17909000000.0,18219250000.0,4253000000.0,13656000000.0,1.323,-0.223,-2416000000.0,1502000000.0,1502000000.0,12105000000.0,2312000000.0,0.956,-93.314,10510000000.0,38000000.0,10472000000.0,10510000000.0,486000000.0,2482000000.0,0.0,0.0,0.0,3957000000.0,6439000000.0,0.267,6439000000.0,3957000000.0,3400000000.0,2.31,2.3,2.31,-194000000.0,1224500000.0,-194000000.0,40773553440.0,10.0,6.332,2790000000.0,3.207,1.0,11997000000.0,0.498,5222000000.0,557000000.0,17245000000.0,15785750000.0,247000000.0,1755000000.0,0.0,1755000000.0,18103000000.0,4450000000.0,13653000000.0,33290553440.0,-1103000000.0,-617000000.0,-5073000000.0,1985000000.0,0.0,-3210000000.0,-3099000000.0,9000000.0,5206000000.0,0.0,2198000000.0,2198000000.0,2198000000.0,0.0,114000000.0,0.091,8101000000.0,3896000000.0,3926000000.0,0.0,-171.601,15.146,17.286,6679000000.0,0.0,39.93,1.381,1.441,2001000000.0,-5730000000.0,24102000000.0,24102000000.0,0.0,0.121,1.795,0.251,0.164,71000000.0,4450000000.0,1.0,833722851.0,870000000.0,876000000.0,27.703,12687000000.0,53000000.0,1202000000.0,1670000000.0,14.583,-197000000.0
18,DTV1,MRT,2010-09-30,2010-09-30,2010-09-30,2018-10-25,-38000000.0,18781000000.0,18307000000.0,5553000000.0,13228000000.0,1.282,0.787,-2269000000.0,2988000000.0,2988000000.0,11825000000.0,1622000000.0,1.315,26.701,10471000000.0,0.0,10471000000.0,10471000000.0,566000000.0,2492000000.0,0.0,0.0,0.0,3254000000.0,5746000000.0,0.245,5746000000.0,3254000000.0,2739000000.0,1.57,1.54,1.57,678000000.0,2000750000.0,678000000.0,42793355008.0,13.0,7.448,2789000000.0,3.239,1.0,11637000000.0,0.496,5247000000.0,515000000.0,16795000000.0,14641750000.0,185000000.0,1444000000.0,0.0,1444000000.0,18103000000.0,4222000000.0,13881000000.0,36084355008.0,-305000000.0,-105000000.0,-3640000000.0,839000000.0,0.0,-2956000000.0,-2407000000.0,5000000.0,5058000000.0,0.0,1548000000.0,1548000000.0,1548000000.0,0.0,74000000.0,0.066,7941000000.0,3696000000.0,3656000000.0,0.0,53.222,23.31,26.516,6537000000.0,0.0,41.63,1.538,1.528,1790000000.0,-5073000000.0,23462000000.0,23462000000.0,0.0,0.085,0.774,0.222,0.139,76000000.0,4323000000.0,1.0,866787293.0,861000000.0,868000000.0,27.25,13534000000.0,43000000.0,1191000000.0,1202000000.0,15.719,1331000000.0
19,DTV1,MRT,2010-06-30,2010-06-30,2010-06-30,2018-10-25,-93000000.0,17361000000.0,18018500000.0,4317000000.0,13044000000.0,1.271,1.646,-2118000000.0,2000000000.0,2000000000.0,11565000000.0,1506000000.0,1.032,10.707,8709000000.0,273000000.0,8436000000.0,8709000000.0,426000000.0,2539000000.0,0.0,0.0,0.0,3058000000.0,5597000000.0,0.244,5597000000.0,3058000000.0,2589000000.0,1.39,1.36,1.39,1483000000.0,2854750000.0,1483000000.0,36136525612.0,12.0,6.456,2767000000.0,3.071,1.0,11337000000.0,0.495,5236000000.0,469000000.0,14650000000.0,13559250000.0,183000000.0,1427000000.0,0.0,1427000000.0,15878000000.0,4184000000.0,11694000000.0,30826525612.0,-272000000.0,-123000000.0,-3211000000.0,475000000.0,0.0,-2881000000.0,-2276000000.0,5000000.0,4885000000.0,0.0,1435000000.0,1435000000.0,1435000000.0,0.0,71000000.0,0.063,7824000000.0,3513000000.0,3485000000.0,0.0,20.787,21.482,24.403,6381000000.0,0.0,33.92,1.346,1.334,1670000000.0,-4452000000.0,22902000000.0,22902000000.0,0.0,0.08,0.503,0.226,0.134,68000000.0,4203000000.0,1.0,908800873.0,901000000.0,907000000.0,25.418,12125000000.0,115000000.0,1154000000.0,1072000000.0,13.457,133000000.0
20,DTV1,MRT,2010-03-31,2010-03-31,2010-03-31,2018-10-25,-80000000.0,18826000000.0,17781000000.0,5728000000.0,13098000000.0,1.253,3.148,-2005000000.0,3488000000.0,3488000000.0,11266000000.0,1370000000.0,1.302,5.423,8798000000.0,360000000.0,8438000000.0,8798000000.0,401000000.0,2593000000.0,0.0,0.0,0.0,2789000000.0,5382000000.0,0.242,5382000000.0,2789000000.0,2352000000.0,1.37,1.34,1.37,2931000000.0,3626250000.0,2931000000.0,37022130599.0,13.0,6.879,2934000000.0,3.151,1.0,11006000000.0,0.494,5283000000.0,437000000.0,14453000000.0,12764000000.0,222000000.0,1453000000.0,0.0,1453000000.0,15895000000.0,4400000000.0,11495000000.0,31617130599.0,1383000000.0,-131000000.0,-1810000000.0,539000000.0,0.0,-1408000000.0,-2148000000.0,3000000.0,4939000000.0,0.0,1299000000.0,1299000000.0,1299000000.0,0.0,71000000.0,0.058,7801000000.0,3205000000.0,3639000000.0,0.0,10.787,24.34,24.679,6362000000.0,0.0,33.81,1.42,1.413,1543000000.0,-3578000000.0,22272000000.0,22272000000.0,0.0,0.073,0.358,0.219,0.125,58000000.0,4137000000.0,1.0,935141396.0,931000000.0,938000000.0,23.923,13543000000.0,148000000.0,1053000000.0,1085000000.0,14.547,1328000000.0
21,DTV1,MRT,2009-12-31,2009-12-31,2009-12-31,2018-10-25,-56000000.0,18260000000.0,17176000000.0,5055000000.0,13205000000.0,1.256,2.955,-2071000000.0,2605000000.0,2605000000.0,10930000000.0,1007000000.0,0.887,5.273,8010000000.0,1510000000.0,6500000000.0,8010000000.0,434000000.0,2640000000.0,0.0,0.0,0.0,2192000000.0,4832000000.0,0.224,4832000000.0,2192000000.0,1769000000.0,0.96,0.95,0.96,2911000000.0,4023000000.0,2911000000.0,35781183185.0,16.0,7.405,2360000000.0,2.396,1.0,10635000000.0,0.493,5295000000.0,423000000.0,12669000000.0,12082250000.0,212000000.0,1434000000.0,0.0,1434000000.0,15349000000.0,5701000000.0,9648000000.0,31911183185.0,600000000.0,-134000000.0,-1661000000.0,91000000.0,0.0,-1637000000.0,-2194000000.0,0.0,4431000000.0,0.0,942000000.0,942000000.0,942000000.0,0.0,65000000.0,0.044,7962000000.0,2673000000.0,3757000000.0,0.0,10.962,33.876,34.74,6476000000.0,0.0,33.35,1.48,1.523,1625000000.0,-3722000000.0,21565000000.0,21565000000.0,0.0,0.055,0.234,0.181,0.102,55000000.0,4230000000.0,1.0,956857067.0,985000000.0,992000000.0,21.893,12965000000.0,217000000.0,827000000.0,1070000000.0,13.162,-646000000.0
22,DTV1,MRT,2009-09-30,2009-09-30,2009-09-30,2018-10-25,-75000000.0,17627000000.0,16745750000.0,5476000000.0,12151000000.0,1.248,4.208,-2205000000.0,3293000000.0,3293000000.0,10610000000.0,1378000000.0,1.283,3.306,7163000000.0,572000000.0,6591000000.0,7163000000.0,526000000.0,2653000000.0,0.0,0.0,0.0,2459000000.0,5112000000.0,0.245,5112000000.0,2459000000.0,2043000000.0,1.3,1.29,1.3,4094000000.0,4453000000.0,4094000000.0,30468484418.0,12.0,5.96,2082000000.0,2.14,1.0,10288000000.0,0.492,4763000000.0,416000000.0,12465000000.0,11879250000.0,234000000.0,871000000.0,0.0,871000000.0,13533000000.0,4269000000.0,9264000000.0,26953484418.0,305000000.0,-31000000.0,-2959000000.0,1189000000.0,0.0,-1765000000.0,-2217000000.0,0.0,4287000000.0,0.0,1306000000.0,1306000000.0,1306000000.0,-6000000.0,72000000.0,0.062,7898000000.0,2390000000.0,3171000000.0,0.0,6.584,20.638,21.215,6517000000.0,0.0,27.58,1.29,1.284,1458000000.0,-3665000000.0,20898000000.0,20898000000.0,0.0,0.078,0.293,0.207,0.118,53000000.0,4113000000.0,1.0,977283699.0,973000000.0,977000000.0,21.478,12864000000.0,48000000.0,737000000.0,723000000.0,13.221,1207000000.0
23,DTV1,MRT,2009-06-30,2009-06-30,2009-06-30,2018-10-25,-123000000.0,16411000000.0,16717750000.0,4282000000.0,12129000000.0,1.221,4.542,-2226000000.0,2272000000.0,2272000000.0,10354000000.0,1392000000.0,1.167,2.592,5787000000.0,183000000.0,5604000000.0,5787000000.0,393000000.0,2584000000.0,0.0,0.0,0.0,2434000000.0,5018000000.0,0.246,5018000000.0,2434000000.0,2016000000.0,1.25,1.25,1.25,4569000000.0,4910750000.0,4569000000.0,28617967957.0,12.0,5.703,1771000000.0,1.76,1.0,10060000000.0,0.493,4788000000.0,418000000.0,11469000000.0,11745250000.0,222000000.0,836000000.0,0.0,836000000.0,11842000000.0,3669000000.0,8173000000.0,24906967957.0,-1565000000.0,-216000000.0,-3052000000.0,-196000000.0,0.0,-3243000000.0,-2319000000.0,104000000.0,3997000000.0,0.0,1303000000.0,1303000000.0,1303000000.0,-6000000.0,89000000.0,0.064,7697000000.0,2363000000.0,3093000000.0,0.0,5.451,19.115,19.768,6505000000.0,0.0,24.71,1.22,1.218,1377000000.0,-3408000000.0,20414000000.0,20414000000.0,0.0,0.078,0.265,0.207,0.119,53000000.0,3990000000.0,1.0,1007971184.0,1006000000.0,1009000000.0,20.292,11623000000.0,83000000.0,713000000.0,543000000.0,11.554,613000000.0
24,DTV1,MRT,2009-03-31,2009-03-31,2009-03-31,2018-10-25,-129000000.0,16406000000.0,17073500000.0,4035000000.0,12371000000.0,1.172,4.438,-2202000000.0,2105000000.0,2105000000.0,10121000000.0,1442000000.0,1.133,2.631,5816000000.0,120000000.0,5696000000.0,5816000000.0,383000000.0,2462000000.0,0.0,0.0,0.0,2507000000.0,4969000000.0,0.248,4969000000.0,2507000000.0,2109000000.0,1.25,1.25,1.25,4518000000.0,5413000000.0,4518000000.0,27012121714.0,11.0,5.436,1594000000.0,1.566,1.0,9882000000.0,0.494,4829000000.0,398000000.0,11726000000.0,11769000000.0,198000000.0,923000000.0,0.0,923000000.0,11888000000.0,3562000000.0,8326000000.0,23184121714.0,479000000.0,-194000000.0,-3261000000.0,2300000000.0,0.0,-952000000.0,-2365000000.0,0.0,3796000000.0,0.0,1351000000.0,1351000000.0,1351000000.0,-6000000.0,91000000.0,0.068,7420000000.0,2462000000.0,3059000000.0,0.0,5.132,17.161,18.232,6619000000.0,0.0,22.79,1.159,1.16,1321000000.0,-3578000000.0,20003000000.0,20003000000.0,0.0,0.079,0.25,0.213,0.125,68000000.0,3879000000.0,1.0,1017293625.0,1018000000.0,1021000000.0,19.649,11577000000.0,73000000.0,758000000.0,562000000.0,11.372,473000000.0
25,DTV1,MRT,2008-12-31,2008-12-31,2008-12-31,2018-10-25,-128000000.0,16539000000.0,16868000000.0,4044000000.0,12495000000.0,1.167,4.172,-2229000000.0,2005000000.0,2005000000.0,9948000000.0,1613000000.0,1.128,2.571,5833000000.0,108000000.0,5725000000.0,5833000000.0,362000000.0,2320000000.0,0.0,0.0,0.0,2745000000.0,5065000000.0,0.257,5065000000.0,2745000000.0,2385000000.0,1.37,1.37,1.37,4631000000.0,5954250000.0,4631000000.0,26924023668.0,10.0,5.316,1681000000.0,1.514,1.0,9745000000.0,0.495,4925000000.0,360000000.0,11857000000.0,11037250000.0,192000000.0,923000000.0,0.0,923000000.0,11908000000.0,3585000000.0,8323000000.0,24062023668.0,922000000.0,-204000000.0,-2909000000.0,2301000000.0,0.0,-600000000.0,-2388000000.0,0.0,3910000000.0,0.0,1521000000.0,1521000000.0,1521000000.0,-6000000.0,92000000.0,0.077,7050000000.0,2695000000.0,3115000000.0,0.0,5.196,15.82,16.723,6647000000.0,0.0,22.91,1.222,1.291,1423000000.0,-3559000000.0,19693000000.0,19693000000.0,0.0,0.09,0.255,0.249,0.139,51000000.0,3672000000.0,1.0,1050284752.0,1110000000.0,1114000000.0,17.741,11614000000.0,68000000.0,864000000.0,524000000.0,10.463,459000000.0
26,DTV1,MRT,2008-09-30,2008-09-30,2008-09-30,2018-10-25,-41000000.0,17515000000.0,16499000000.0,5022000000.0,12493000000.0,1.167,5.357,-2212000000.0,2988000000.0,2988000000.0,9743000000.0,1608000000.0,1.483,1.956,5850000000.0,95000000.0,5755000000.0,5850000000.0,490000000.0,2161000000.0,0.0,0.0,0.0,2776000000.0,4937000000.0,0.256,4937000000.0,2776000000.0,2469000000.0,1.35,1.35,1.35,5925000000.0,6372000000.0,5925000000.0,31091829107.0,11.0,6.298,1610000000.0,1.456,1.0,9512000000.0,0.494,5061000000.0,307000000.0,11929000000.0,10246750000.0,247000000.0,873000000.0,0.0,873000000.0,11590000000.0,3387000000.0,8203000000.0,29061829107.0,1797000000.0,-212000000.0,-1975000000.0,2318000000.0,0.0,352000000.0,-2377000000.0,0.0,3822000000.0,0.0,1537000000.0,1537000000.0,1537000000.0,17000000.0,71000000.0,0.08,6779000000.0,2733000000.0,2802000000.0,0.0,4.905,18.908,19.393,6559000000.0,0.0,26.18,1.509,1.504,1387000000.0,-3072000000.0,19255000000.0,19255000000.0,0.0,0.093,0.241,0.271,0.144,86000000.0,3600000000.0,1.0,1110077506.0,1106000000.0,1111000000.0,17.41,12454000000.0,85000000.0,932000000.0,613000000.0,11.26,1635000000.0
27,DTV1,MRT,2008-06-30,2008-06-30,2008-06-30,2018-10-25,-33000000.0,17834000000.0,15864500000.0,5706000000.0,12128000000.0,1.172,5.77,-2382000000.0,3837000000.0,3837000000.0,9464000000.0,1529000000.0,1.752,1.711,5867000000.0,83000000.0,5784000000.0,5867000000.0,390000000.0,2005000000.0,0.0,0.0,0.0,2715000000.0,4720000000.0,0.254,4720000000.0,2715000000.0,2450000000.0,1.29,1.29,1.29,6578000000.0,6482750000.0,6578000000.0,31454775366.0,12.0,6.664,1360000000.0,1.193,1.0,9137000000.0,0.491,5044000000.0,265000000.0,11564000000.0,9395750000.0,202000000.0,883000000.0,0.0,883000000.0,11256000000.0,3256000000.0,8000000000.0,29688775366.0,1899000000.0,-348000000.0,-1776000000.0,2328000000.0,0.0,561000000.0,-2404000000.0,267000000.0,3742000000.0,0.0,1493000000.0,1493000000.0,1493000000.0,17000000.0,36000000.0,0.08,6496000000.0,2641000000.0,2783000000.0,0.0,4.513,19.885,20.085,6201000000.0,0.0,25.91,1.596,1.588,1319000000.0,-2718000000.0,18601000000.0,18601000000.0,0.0,0.094,0.23,0.289,0.146,72000000.0,3469000000.0,1.0,1145842353.0,1140000000.0,1146000000.0,16.317,12790000000.0,87000000.0,957000000.0,680000000.0,11.219,2450000000.0
28,DTV1,MRT,2008-03-31,2008-03-31,2008-03-31,2018-10-25,-30000000.0,15584000000.0,15197250000.0,3413000000.0,12171000000.0,1.18,5.821,-2568000000.0,1626000000.0,1626000000.0,9195000000.0,1509000000.0,1.004,1.332,3392000000.0,60000000.0,3332000000.0,3392000000.0,371000000.0,1841000000.0,0.0,0.0,0.0,2683000000.0,4524000000.0,0.252,4524000000.0,2683000000.0,2443000000.0,1.26,1.26,1.26,6683000000.0,6546500000.0,6683000000.0,30800606546.0,11.0,6.808,1188000000.0,1.035,1.0,8734000000.0,0.487,5150000000.0,240000000.0,8799000000.0,8527750000.0,155000000.0,838000000.0,0.0,838000000.0,8901000000.0,3401000000.0,5500000000.0,28488606546.0,-634000000.0,-361000000.0,-1826000000.0,-141000000.0,0.0,-1958000000.0,-2432000000.0,438000000.0,3756000000.0,0.0,1486000000.0,1486000000.0,1486000000.0,0.0,23000000.0,0.083,6154000000.0,2580000000.0,2970000000.0,0.0,4.263,19.171,19.675,6183000000.0,0.0,24.79,1.589,1.587,1343000000.0,-2738000000.0,17929000000.0,17929000000.0,0.0,0.098,0.227,0.315,0.15,49000000.0,3309000000.0,1.0,1149197521.0,1148000000.0,1152000000.0,15.618,10434000000.0,82000000.0,957000000.0,612000000.0,9.089,12000000.0
29,DTV1,MRT,2007-12-31,2007-12-31,2007-12-31,2018-10-25,-21000000.0,15063000000.0,15116975000.0,3146000000.0,11917000000.0,1.141,5.274,-2692000000.0,1083000000.0,1083000000.0,8909000000.0,1462000000.0,0.916,1.39,3395000000.0,48000000.0,3347000000.0,3395000000.0,354000000.0,1684000000.0,0.0,0.0,0.0,2629000000.0,4313000000.0,0.25,4313000000.0,2629000000.0,2394000000.0,1.21,1.21,1.21,6302000000.0,6613675000.0,6302000000.0,28976980604.0,11.0,6.719,953000000.0,0.797,1.0,8337000000.0,0.483,5246000000.0,235000000.0,8695000000.0,8272450000.0,193000000.0,838000000.0,0.0,838000000.0,8761000000.0,3434000000.0,5327000000.0,26770980604.0,-1416000000.0,-348000000.0,-1907000000.0,-339000000.0,0.0,-2239000000.0,-2822000000.0,160000000.0,3645000000.0,0.0,1451000000.0,1451000000.0,1451000000.0,0.0,11000000.0,0.084,5851000000.0,2486000000.0,3032000000.0,0.0,4.248,18.45,19.107,5833000000.0,0.0,23.12,1.552,1.602,1535000000.0,-2995000000.0,17246000000.0,17246000000.0,0.0,0.096,0.219,0.318,0.152,49000000.0,3191000000.0,1.0,1157914386.0,1195000000.0,1202000000.0,14.432,9817000000.0,90000000.0,943000000.0,567000000.0,8.215,-288000000.0
30,DTV1,MRT,2007-09-30,2007-09-30,2007-09-30,2018-10-25,-35000000.0,14977000000.0,15136475000.0,3195000000.0,11782000000.0,1.094,5.387,-2739000000.0,1191000000.0,1191000000.0,8556000000.0,1459000000.0,0.974,1.352,3397000000.0,35000000.0,3362000000.0,3397000000.0,475000000.0,1518000000.0,0.0,0.0,0.0,2645000000.0,4163000000.0,0.251,4163000000.0,2645000000.0,2402000000.0,1.21,1.2,1.21,6368000000.0,6708425000.0,6368000000.0,30323603376.0,11.0,7.284,892000000.0,0.755,1.0,7997000000.0,0.483,5377000000.0,243000000.0,8525000000.0,8000950000.0,204000000.0,825000000.0,10000000.0,815000000.0,8609000000.0,3281000000.0,5328000000.0,28859603376.0,-848000000.0,-346000000.0,-1350000000.0,-344000000.0,0.0,-1688000000.0,-2791000000.0,222000000.0,3631000000.0,0.0,1459000000.0,1459000000.0,1459000000.0,-17000000.0,0.0,0.088,5533000000.0,2464000000.0,2771000000.0,0.0,4.532,19.78,20.066,5590000000.0,0.0,24.28,1.743,1.734,1414000000.0,-3017000000.0,16553000000.0,16553000000.0,0.0,0.096,0.217,0.331,0.16,-33000000.0,3093000000.0,1.0,1188616284.0,1182000000.0,1190000000.0,14.004,9600000000.0,58000000.0,943000000.0,611000000.0,8.122,-86000000.0
31,DTV1,MRT,2007-06-30,2007-06-30,2007-06-30,2018-10-25,-36000000.0,15165000000.0,14943550000.0,3695000000.0,11470000000.0,1.063,5.615,-2588000000.0,1938000000.0,1938000000.0,8213000000.0,1510000000.0,1.195,1.219,3402000000.0,25000000.0,3377000000.0,3402000000.0,358000000.0,1346000000.0,0.0,0.0,0.0,2707000000.0,4053000000.0,0.255,4053000000.0,2707000000.0,2461000000.0,1.24,1.23,1.24,6833000000.0,6668875000.0,6833000000.0,29425070538.0,11.0,7.26,1130000000.0,0.929,1.0,7679000000.0,0.483,5444000000.0,246000000.0,8092000000.0,7683925000.0,200000000.0,852000000.0,49000000.0,803000000.0,8332000000.0,3093000000.0,5239000000.0,28281770538.0,54000000.0,-389000000.0,-722000000.0,-335000000.0,0.0,-1051000000.0,-2613000000.0,313000000.0,3718000000.0,0.0,1510000000.0,1510000000.0,1510000000.0,-17000000.0,0.0,0.095,5152000000.0,2527000000.0,2710000000.0,0.0,4.139,18.73,18.637,5223000000.0,0.0,23.11,1.78,1.77,1184000000.0,-2811000000.0,15892000000.0,15892000000.0,0.0,0.101,0.226,0.352,0.17,-22000000.0,3007000000.0,1.0,1223789292.0,1217000000.0,1224000000.0,13.058,9721000000.0,96000000.0,951000000.0,450000000.0,7.988,602000000.0
32,DTV1,MRT,2007-03-31,2007-03-31,2007-03-31,2018-10-25,-41800000.0,15262900000.0,14471400000.0,4054000000.0,11208900000.0,1.056,5.661,-2395700000.0,2259700000.0,2259700000.0,7882000000.0,1521000000.0,1.305,1.196,3403000000.0,10800000.0,3392200000.0,3403000000.0,321200000.0,1188200000.0,0.0,0.0,0.0,2687000000.0,3875200000.0,0.254,3875200000.0,2687000000.0,2442000000.0,1.23,1.22,1.23,6951700000.0,6462225000.0,6951700000.0,29483033834.0,11.0,7.608,1325500000.0,1.079,1.0,7395000000.0,0.484,5521800000.0,245000000.0,7777800000.0,7558075000.0,177300000.0,943500000.0,117800000.0,825700000.0,8311200000.0,3106600000.0,5204600000.0,28366733834.0,133900000.0,-389000000.0,-1010900000.0,-328900000.0,0.0,-1333300000.0,-2254000000.0,512400000.0,3721200000.0,0.0,1521000000.0,1521000000.0,1521000000.0,0.0,0.0,0.1,4867000000.0,2528000000.0,2774600000.0,0.0,4.081,18.65,18.756,4861400000.0,0.0,23.07,1.857,1.854,1145200000.0,-2861500000.0,15277000000.0,15277000000.0,0.0,0.105,0.235,0.356,0.176,-11200000.0,2933000000.0,1.0,1229594011.0,1228000000.0,1235000000.0,12.441,9741100000.0,131000000.0,921000000.0,409400000.0,7.932,947400000.0
33,DTV1,MRT,2006-12-31,2006-12-31,2006-12-31,2018-10-25,-48000000.0,15141000000.0,14126625000.0,4556000000.0,10585000000.0,1.044,5.294,-1976000000.0,2499000000.0,2499000000.0,7598000000.0,1420000000.0,1.371,1.266,3615000000.0,220000000.0,3395000000.0,3615000000.0,286000000.0,1034000000.0,0.0,0.0,0.0,2532000000.0,3566000000.0,0.242,3566000000.0,2532000000.0,2286000000.0,1.13,1.12,1.13,6681000000.0,6325450000.0,6681000000.0,32095151880.0,13.0,9.0,1186000000.0,0.94,1.0,7157000000.0,0.485,5326000000.0,246000000.0,7609000000.0,7529075000.0,148000000.0,976000000.0,170000000.0,806000000.0,8460000000.0,3322000000.0,5138000000.0,30516051880.0,-1202000000.0,-389000000.0,-2720000000.0,-110000000.0,0.0,-2828000000.0,-1536000000.0,836000000.0,3162000000.0,0.0,1420000000.0,1420000000.0,1420000000.0,0.0,0.0,0.096,4800000000.0,2357000000.0,2816000000.0,0.0,4.568,21.49,22.071,4453000000.0,0.0,24.94,2.068,2.133,1345000000.0,-3107000000.0,14755000000.0,14755000000.0,0.0,0.101,0.224,0.336,0.172,0.0,3014000000.0,1.0,1223578664.0,1262000000.0,1270000000.0,11.692,9815000000.0,166000000.0,866000000.0,315000000.0,7.777,1234000000.0
34,DTV1,MRT,2006-09-30,2006-09-30,2006-09-30,2018-10-25,-28600000.0,14205300000.0,14248925000.0,4016900000.0,10188400000.0,0.994,5.086,-1562000000.0,2039100000.0,2039100000.0,7256000000.0,1185500000.0,1.297,1.288,3618200000.0,220700000.0,3397500000.0,3618200000.0,420300000.0,935600000.0,0.0,0.0,0.0,2166400000.0,3102000000.0,0.219,3102000000.0,2166400000.0,1929600000.0,0.92,0.92,0.92,6209800000.0,6640200000.0,6209800000.0,25564299738.0,12.0,8.241,1081200000.0,0.886,1.0,6910600000.0,0.488,5429400000.0,236800000.0,7256900000.0,7524950000.0,167600000.0,1023700000.0,233000000.0,790700000.0,7995500000.0,3098100000.0,4897400000.0,24037299738.0,-1532800000.0,-383000000.0,-2821500000.0,2900200000.0,0.0,-2922600000.0,-1253400000.0,743300000.0,2643200000.0,0.0,1185500000.0,1185500000.0,1185500000.0,300000.0,0.0,0.084,4929300000.0,1981300000.0,2457100000.0,0.0,3.871,20.276,21.391,3954100000.0,0.0,19.68,1.697,1.696,1155500000.0,-3443200000.0,14166600000.0,14166600000.0,0.0,0.083,0.179,0.288,0.153,43100000.0,3130200000.0,1.0,1221407507.0,1221000000.0,1228000000.0,11.602,8775900000.0,133900000.0,744100000.0,0.0,7.187,918800000.0
35,DTV1,MRT,2006-06-30,2006-06-30,2006-06-30,2018-10-25,-30900000.0,13276400000.0,14548200000.0,3613200000.0,9663200000.0,0.944,4.778,-1189800000.0,1884200000.0,1884200000.0,6993100000.0,910100000.0,1.477,1.21,3411200000.0,11000000.0,3400200000.0,3411200000.0,276200000.0,877900000.0,0.0,0.0,0.0,1705100000.0,2583000000.0,0.188,2583000000.0,1705100000.0,1467900000.0,0.69,0.69,0.69,6006400000.0,7032400000.0,6006400000.0,22302632469.0,13.0,8.634,951800000.0,0.757,1.0,6740700000.0,0.491,4769000000.0,237200000.0,7588600000.0,7601900000.0,201300000.0,1417700000.0,163700000.0,1254000000.0,7270000000.0,2445800000.0,4824200000.0,21014632469.0,-1790800000.0,-1000000.0,-2593300000.0,2903900000.0,0.0,-2690700000.0,-1241700000.0,2800000.0,2141600000.0,0.0,910100000.0,910100000.0,910100000.0,300000.0,0.0,0.066,5232000000.0,1508700000.0,2158600000.0,0.0,3.499,23.09,23.913,3484700000.0,0.0,16.5,1.53,1.51,1047000000.0,-3676100000.0,13733800000.0,13733800000.0,0.0,0.063,0.129,0.224,0.124,42600000.0,3376200000.0,1.0,1273614089.0,1257000000.0,1264000000.0,10.926,8507400000.0,291900000.0,557800000.0,0.0,6.768,1167400000.0
36,DTV1,MRT,2006-03-31,2006-03-31,2006-03-31,2018-10-25,-18700000.0,13883800000.0,15008350000.0,4147800000.0,9736000000.0,0.893,4.755,-953700000.0,2126400000.0,2126400000.0,6800100000.0,612600000.0,1.563,1.168,3414400000.0,11700000.0,3402700000.0,3414400000.0,279800000.0,853800000.0,0.0,0.0,0.0,1230400000.0,2084200000.0,0.156,2084200000.0,1230400000.0,989000000.0,0.45,0.45,0.45,6404600000.0,7446700000.0,6404600000.0,20730750869.0,17.0,9.947,654300000.0,0.486,1.0,6601600000.0,0.493,4856500000.0,241400000.0,7661800000.0,7534775000.0,310700000.0,1717200000.0,368800000.0,1348400000.0,7479200000.0,2653500000.0,4825700000.0,21017050869.0,-552000000.0,245000000.0,-1711000000.0,908400000.0,0.0,-801100000.0,-1358900000.0,-607500000.0,1608000000.0,0.0,612600000.0,612600000.0,612600000.0,-31000000.0,0.0,0.046,5522300000.0,1079300000.0,2362000000.0,0.0,3.282,34.308,36.444,3169900000.0,0.0,16.4,1.568,1.648,874100000.0,-3652200000.0,13401700000.0,13401700000.0,0.0,0.041,0.082,0.163,0.092,41300000.0,3609900000.0,1.0,1281527492.0,1347000000.0,1352800000.0,9.949,9027300000.0,515600000.0,376400000.0,0.0,6.702,1494300000.0
37,DTV1,MRT,2005-12-31,2005-12-31,2005-12-31,2018-10-25,-14000000.0,15630200000.0,15099275000.0,6096400000.0,9533800000.0,0.872,5.72,-889000000.0,3701300000.0,3701300000.0,6721000000.0,336000000.0,2.156,0.969,3415000000.0,9700000.0,3405300000.0,3415000000.0,276600000.0,853000000.0,0.0,0.0,0.0,746000000.0,1599000000.0,0.121,1599000000.0,746000000.0,508000000.0,0.24,0.24,0.24,7940000000.0,7713075000.0,7940000000.0,19483112036.0,26.0,12.185,283000000.0,0.204,1.0,6443000000.0,0.489,4923300000.0,238000000.0,7592500000.0,7147050000.0,283100000.0,1726600000.0,683200000.0,1043400000.0,7690200000.0,2828100000.0,4862100000.0,19639612036.0,1394000000.0,245000000.0,45000000.0,900000000.0,0.0,945000000.0,-723000000.0,-48000000.0,1172000000.0,0.0,336000000.0,336000000.0,336000000.0,-31000000.0,0.0,0.026,5810000000.0,633000000.0,2541800000.0,0.0,2.474,58.451,58.833,3074700000.0,0.0,14.12,1.492,1.489,1033200000.0,-3002200000.0,13164000000.0,13164000000.0,0.0,0.022,0.044,0.104,0.057,41000000.0,3885000000.0,1.0,1390907368.0,1388000000.0,1395000000.0,9.484,10706900000.0,655700000.0,172000000.0,0.0,7.714,3268300000.0
38,DTV1,MRT,2005-09-30,2005-09-30,2005-09-30,2018-10-25,-30500000.0,15402400000.0,14772825000.0,5799400000.0,9603000000.0,0.875,5.6,-880000000.0,3572200000.0,3572200000.0,6611500000.0,-73800000.0,2.171,0.98,3415700000.0,7500000.0,3408200000.0,3415700000.0,364600000.0,912700000.0,0.0,0.0,0.0,48000000.0,960700000.0,0.074,960700000.0,48000000.0,-193500000.0,-0.05,-0.05,-0.05,7778600000.0,7604850000.0,7778600000.0,20543940091.0,428.0,21.384,19700000.0,0.014,1.0,6319600000.0,0.489,5010300000.0,241500000.0,7564700000.0,6869075000.0,237000000.0,2292600000.0,653000000.0,1639600000.0,7623800000.0,2670900000.0,4952900000.0,20801740091.0,829200000.0,-142500000.0,41200000.0,-2114700000.0,0.0,929800000.0,-1000300000.0,25800000.0,899700000.0,0.0,-73800000.0,-73800000.0,-73800000.0,-31200000.0,0.0,-0.006,6351100000.0,-31500000.0,1412300000.0,0.0,2.674,-281.866,-299.6,2953100000.0,0.0,14.98,1.609,1.609,889200000.0,-3123400000.0,12931100000.0,12931100000.0,0.0,-0.005,-0.01,0.007,0.004,35800000.0,4111900000.0,1.0,1388634185.0,1389100000.0,1395500000.0,9.309,10392100000.0,0.0,-119700000.0,0.0,7.481,3128500000.0
39,DTV1,MRT,2005-06-30,2005-06-30,2005-06-30,2018-10-25,-18500000.0,15117000000.0,14504150000.0,5579300000.0,9537700000.0,0.866,5.523,-1984700000.0,3675200000.0,3675200000.0,6469000000.0,-1177000000.0,2.285,0.973,3417400000.0,5700000.0,3411700000.0,3417400000.0,242600000.0,904000000.0,0.0,0.0,0.0,-1759200000.0,-855200000.0,-0.068,-855200000.0,-1759200000.0,-1962700000.0,-0.85,-0.85,-0.85,7663600000.0,7602350000.0,7663600000.0,21247256219.0,-12.0,-24.845,-1350100000.0,-0.973,1.0,6090800000.0,0.485,5097100000.0,203500000.0,7320100000.0,6363950000.0,296100000.0,1974600000.0,379000000.0,1595600000.0,7453400000.0,2442000000.0,5011400000.0,21506056219.0,2192700000.0,2496500000.0,24700000.0,-2107900000.0,0.0,920100000.0,638000000.0,117600000.0,634600000.0,0.0,-1177000000.0,-1177000000.0,-1177000000.0,51800000.0,0.0,-0.094,7828700000.0,-1737900000.0,1312700000.0,0.0,2.806,-18.272,-18.235,2845000000.0,0.0,15.5,1.712,1.712,856400000.0,-3218000000.0,12559800000.0,12559800000.0,0.0,-0.081,-0.155,-0.276,-0.14,35300000.0,4133700000.0,1.0,1387487498.0,1387600000.0,1393500000.0,9.051,10019900000.0,0.0,-785700000.0,0.0,7.221,3137300000.0
40,DTV1,MRT,2005-03-31,2005-03-31,2005-03-31,2018-10-25,-23200000.0,14247500000.0,15124425000.0,4734200000.0,9513300000.0,0.794,5.39,-1984700000.0,2678500000.0,2678500000.0,6296900000.0,-1351800000.0,1.758,0.907,2419700000.0,24800000.0,2394900000.0,2419700000.0,236000000.0,864400000.0,0.0,0.0,0.0,-2069300000.0,-1204900000.0,-0.1,-1204900000.0,-2069300000.0,-2233200000.0,-0.98,-0.98,-0.98,7470100000.0,7876975000.0,7470100000.0,19583232919.0,-9.0,-16.253,-1339800000.0,-0.967,1.0,5717800000.0,0.476,5184700000.0,163900000.0,6110900000.0,6857950000.0,266900000.0,1557800000.0,0.0,1557800000.0,6777400000.0,2693100000.0,4084300000.0,19983932919.0,1477900000.0,2529900000.0,18800000.0,-289900000.0,0.0,-271100000.0,1104100000.0,548200000.0,644900000.0,0.0,-1351800000.0,-1351800000.0,-1351800000.0,78800000.0,0.0,-0.113,7797400000.0,-2079600000.0,1330800000.0,0.0,2.675,-14.783,-14.714,2770800000.0,0.0,14.42,1.663,1.663,871100000.0,-3379500000.0,12014700000.0,12014700000.0,0.0,-0.089,-0.172,-0.302,-0.172,60900000.0,4136400000.0,1.0,1385848330.0,1386000000.0,1386000000.0,8.669,9062800000.0,0.0,-881400000.0,0.0,6.539,2041100000.0
41,DTV1,MRT,2004-12-31,2004-12-31,2004-12-31,2018-10-25,-24700000.0,14324400000.0,15878050000.0,4771100000.0,9553300000.0,0.715,5.421,-1988900000.0,2307400000.0,2307400000.0,5973100000.0,-1949200000.0,1.771,0.908,2429300000.0,19800000.0,2409500000.0,2429300000.0,261500000.0,838000000.0,0.0,0.0,0.0,-2507900000.0,-1669900000.0,-0.147,-1669900000.0,-2507900000.0,-2639800000.0,-1.41,-1.41,-1.41,7507100000.0,8195275000.0,7507100000.0,22320702286.0,-9.0,-13.366,-1760300000.0,-1.271,1.0,5386900000.0,0.474,5271200000.0,131900000.0,6480600000.0,7809325000.0,124400000.0,1446700000.0,522600000.0,924100000.0,6817300000.0,2694500000.0,4122800000.0,23196702286.0,872700000.0,2529900000.0,23000000.0,-265700000.0,0.0,-242700000.0,886800000.0,332700000.0,228600000.0,0.0,-1949200000.0,-1949200000.0,-1949200000.0,582300000.0,0.0,-0.172,7463300000.0,-2076400000.0,1290900000.0,0.0,3.09,-11.901,-11.872,2695500000.0,0.0,16.74,2.042,2.041,918600000.0,-3338100000.0,11360000000.0,11360000000.0,0.0,-0.123,-0.238,-0.321,-0.221,57100000.0,3972700000.0,1.0,1385705035.0,1384800000.0,1384800000.0,8.203,9053200000.0,840200000.0,-690600000.0,0.0,6.538,2076600000.0
42,DTV1,MRT,2004-09-30,2004-09-30,2004-09-30,2018-10-25,-37200000.0,14327700000.0,17056300000.0,5030700000.0,9297000000.0,0.63,5.609,-2084100000.0,3308700000.0,3308700000.0,5779300000.0,-1970200000.0,1.975,0.844,2432700000.0,24200000.0,2408500000.0,2432700000.0,340500000.0,745200000.0,0.0,0.0,0.0,-2415000000.0,-1669800000.0,-0.155,-1669800000.0,-2415000000.0,-2517800000.0,-1.42,-1.42,-1.42,7768600000.0,8726275000.0,7768600000.0,24964782788.0,-10.0,-14.951,-1838800000.0,-1.328,1.0,4972900000.0,0.463,5360700000.0,102800000.0,5544200000.0,8793425000.0,255200000.0,1047800000.0,0.0,1047800000.0,6559100000.0,2546800000.0,4012300000.0,24364182788.0,564900000.0,2906600000.0,23000000.0,-267500000.0,0.0,-519500000.0,840500000.0,54300000.0,245300000.0,0.0,-1970200000.0,-1970200000.0,-1970200000.0,584400000.0,0.0,-0.183,6974300000.0,-2001400000.0,1069500000.0,0.0,3.136,-12.366,-12.387,2888500000.0,0.0,17.59,2.266,2.266,948100000.0,-3049600000.0,10752200000.0,10752200000.0,0.0,-0.116,-0.226,-0.275,-0.225,56200000.0,3790700000.0,1.0,1385115565.0,1385100000.0,1385100000.0,7.763,8967000000.0,0.0,-547600000.0,0.0,6.474,2483900000.0
43,DTV1,MRT,2004-06-30,2004-06-30,2004-06-30,2018-10-25,-35700000.0,17598100000.0,18207350000.0,8639400000.0,8958700000.0,0.564,6.328,-882500000.0,1833800000.0,1833800000.0,5621000000.0,-984600000.0,1.784,1.008,2434400000.0,26200000.0,2408200000.0,2434400000.0,215300000.0,739900000.0,0.0,0.0,0.0,-822100000.0,-82200000.0,-0.008,-82200000.0,-822100000.0,-933600000.0,-0.71,-0.71,-0.71,8762100000.0,9280525000.0,8762100000.0,24872451990.0,-30.0,-302.585,-590200000.0,-0.426,1.0,4648000000.0,0.453,4058700000.0,111500000.0,9296100000.0,10483100000.0,331600000.0,606100000.0,0.0,606100000.0,8836000000.0,4843900000.0,3992100000.0,23673651990.0,-954600000.0,267600000.0,26400000.0,-214000000.0,0.0,-462600000.0,-421000000.0,201900000.0,292300000.0,0.0,-984600000.0,-984600000.0,-984600000.0,458200000.0,0.0,-0.096,5099600000.0,-451600000.0,1009200000.0,0.0,2.702,-24.044,-24.085,4293900000.0,0.0,17.1,2.305,2.306,883800000.0,-2041000000.0,10269000000.0,10269000000.0,0.0,-0.054,-0.106,-0.078,-0.08,49200000.0,3515500000.0,1.0,1384424093.0,1384600000.0,1384600000.0,7.417,13539400000.0,0.0,51000000.0,138100000.0,9.779,3795500000.0
44,DTV1,MRT,2004-03-31,2004-03-31,2004-03-31,2018-10-25,-28100000.0,17262000000.0,18722525000.0,8787200000.0,8474800000.0,0.524,6.317,-802800000.0,1440000000.0,1440000000.0,5511900000.0,-949700000.0,1.772,0.974,2638800000.0,230700000.0,2408100000.0,2638800000.0,183300000.0,752700000.0,0.0,0.0,0.0,-734400000.0,18300000.0,0.002,18300000.0,-734400000.0,-870900000.0,-0.68,-0.68,-0.68,8743300000.0,9583950000.0,8743300000.0,23385344406.0,-32.0,1277.888,-608600000.0,-0.44,1.0,4301600000.0,0.438,3584900000.0,136500000.0,9916400000.0,11292875000.0,287500000.0,629700000.0,0.0,629700000.0,8518700000.0,4959500000.0,3559200000.0,21287644406.0,-1192400000.0,-11800000.0,22700000.0,-19100000.0,0.0,-271400000.0,-741700000.0,81600000.0,194200000.0,0.0,-949700000.0,-949700000.0,-949700000.0,448300000.0,0.0,-0.097,4661600000.0,-360000000.0,1022500000.0,0.0,2.435,-22.415,-22.618,4260200000.0,0.0,15.38,2.169,2.169,911900000.0,-2027700000.0,9813500000.0,9813500000.0,0.0,-0.051,-0.099,-0.065,-0.075,17600000.0,3291600000.0,1.0,1384112120.0,1384000000.0,1389900000.0,7.091,13677100000.0,0.0,78800000.0,163800000.0,9.882,3827700000.0
45,DTV1,MRT,2003-12-31,2003-12-31,2003-12-31,2018-10-25,202500000.0,19037400000.0,19325575000.0,10415600000.0,8621800000.0,0.485,6.966,-747400000.0,1779500000.0,1779500000.0,5364300000.0,-361800000.0,1.766,0.977,2661000000.0,226200000.0,2434800000.0,2661000000.0,170300000.0,754900000.0,0.0,0.0,0.0,-309800000.0,445100000.0,0.047,445100000.0,-309800000.0,-466100000.0,-0.26,-0.26,-0.26,9631100000.0,9879175000.0,9631100000.0,26595205202.0,-86.0,59.751,39800000.0,0.029,1.0,4007900000.0,0.428,3602600000.0,156300000.0,10417000000.0,12006600000.0,270300000.0,819400000.0,0.0,819400000.0,9406300000.0,5899300000.0,3507000000.0,24525305202.0,1040100000.0,-11800000.0,17700000.0,2024400000.0,0.0,1767100000.0,-1084700000.0,-315000000.0,787200000.0,0.0,-361800000.0,-361800000.0,-361800000.0,-78100000.0,0.0,-0.039,4357700000.0,-349800000.0,1425700000.0,0.0,2.546,-67.787,-63.654,4199800000.0,0.0,16.55,2.617,2.441,896300000.0,-1388900000.0,9372200000.0,9372200000.0,0.0,-0.019,-0.037,-0.026,-0.033,10500000.0,2978500000.0,1.0,1481891553.0,1382500000.0,1382500000.0,6.779,15434800000.0,0.0,-104300000.0,216600000.0,11.164,4516300000.0
46,DTV1,MRT,2003-09-30,2003-09-30,2003-09-30,2018-10-25,-41000000.0,18931900000.0,19037500000.0,4844000000.0,14087900000.0,0.441,7.221,-358800000.0,2627900000.0,2627900000.0,5263800000.0,60300000.0,2.083,0.896,4697800000.0,96100000.0,4601700000.0,4697800000.0,241100000.0,1243100000.0,0.0,,0.0,148100000.0,1391200000.0,0.166,1391200000.0,148100000.0,109500000.0,,,,9985600000.0,9965675000.0,9985600000.0,,,,470000000.0,0.34,1.0,3137600000.0,0.373,6373400000.0,38600000.0,12302900000.0,11965175000.0,292500000.0,980700000.0,0.0,980700000.0,8946300000.0,2325500000.0,6620800000.0,,1718600000.0,1700000000.0,8900000.0,64400000.0,0.0,73300000.0,1278500000.0,121100000.0,828800000.0,0.0,60300000.0,13400000.0,13400000.0,-55400000.0,0.0,0.002,3353200000.0,-215600000.0,1040300000.0,,,,,6733800000.0,0.0,,,,835600000.0,-1079400000.0,8401400000.0,8401400000.0,0.0,0.001,0.001,0.012,0.018,6500000.0,2443100000.0,1.0,1481891553.0,1382800000.0,,6.076,12558500000.0,6000000.0,49200000.0,424200000.0,9.082,2518500000.0
47,DTV1,MRT,2003-06-30,2003-06-30,2003-06-30,2018-10-25,-49700000.0,19658800000.0,,5576000000.0,14082800000.0,,7.218,-560500000.0,3185400000.0,3185400000.0,5116100000.0,69700000.0,2.177,0.971,5008800000.0,62700000.0,4946100000.0,5008800000.0,156600000.0,1048800000.0,0.0,,0.0,233400000.0,1282200000.0,0.156,1282200000.0,233400000.0,153800000.0,,,,9975800000.0,,9975800000.0,,,,447100000.0,0.323,1.0,3101300000.0,0.377,6385200000.0,79600000.0,12535200000.0,,297300000.0,907100000.0,0.0,907100000.0,9683000000.0,2561800000.0,7121200000.0,,2004700000.0,1698000000.0,3500000.0,-75800000.0,0.0,-72300000.0,1207600000.0,283100000.0,1007600000.0,0.0,69700000.0,22800000.0,22800000.0,12100000.0,0.0,0.003,3300700000.0,-199400000.0,1021700000.0,,,,,6790500000.0,0.0,,,,1061600000.0,-1056400000.0,8217400000.0,8217400000.0,0.0,,,,0.028,3500000.0,2464800000.0,1.0,1481891553.0,1382100000.0,,5.946,13273600000.0,88700000.0,84100000.0,512300000.0,9.604,3014200000.0
48,DTV1,MRT,2003-03-31,2003-03-31,2003-03-31,2018-10-25,-64300000.0,19674200000.0,,5476100000.0,14198100000.0,,7.182,-763000000.0,2962200000.0,2962200000.0,5129100000.0,-107000000.0,2.144,0.982,5014800000.0,45100000.0,4969700000.0,5014800000.0,173200000.0,864500000.0,0.0,,0.0,47300000.0,911800000.0,0.111,911800000.0,47300000.0,-108100000.0,,,,9924200000.0,,9924200000.0,,,,33900000.0,0.025,1.0,3093300000.0,0.376,6401400000.0,155400000.0,12771300000.0,,290100000.0,918100000.0,0.0,918100000.0,9750000000.0,2554100000.0,7195900000.0,,1682900000.0,1698000000.0,4500000.0,22600000.0,0.0,-18200000.0,1077000000.0,315400000.0,796900000.0,0.0,-107000000.0,-153900000.0,-153900000.0,51600000.0,0.0,-0.019,3452900000.0,-359600000.0,1150200000.0,,,,,6878600000.0,22800000.0,,,,1126000000.0,-1078000000.0,8222400000.0,8222400000.0,0.0,,,,0.006,0.0,2556200000.0,1.0,1481891553.0,1381900000.0,,5.95,13272800000.0,84600000.0,-1100000.0,530200000.0,9.605,2922000000.0
49,DTV1,MRT,2002-12-31,2002-12-31,2002-12-31,2018-10-25,-61700000.0,17885100000.0,,3656400000.0,14228700000.0,,7.428,-954500000.0,1128600000.0,1128600000.0,4989300000.0,-893800000.0,1.142,0.793,3117800000.0,727800000.0,2390000000.0,3117800000.0,166400000.0,676700000.0,0.0,,0.0,-747400000.0,-70700000.0,-0.009,-70700000.0,-747400000.0,-936000000.0,-0.7,-0.7,-0.7,9977100000.0,,9977100000.0,,,,-242600000.0,-0.181,1.0,3196100000.0,0.39,6419900000.0,188600000.0,10251300000.0,,230300000.0,868800000.0,0.0,868800000.0,7908000000.0,3203100000.0,4704900000.0,,98200000.0,1698000000.0,5100000.0,-1327100000.0,0.0,-1524900000.0,1066200000.0,322400000.0,711900000.0,0.0,-893800000.0,-940700000.0,-940700000.0,97600000.0,0.0,-0.115,3605700000.0,-409600000.0,1039000000.0,0.0,,,,6940000000.0,46900000.0,,,,1133900000.0,-1027100000.0,8185400000.0,8185400000.0,0.0,,,,-0.091,0.0,2651500000.0,1.0,,1343100000.0,1343100000.0,6.094,11465200000.0,0.0,-42200000.0,581200000.0,8.536,453300000.0
50,DTV1,MRT,2002-09-30,2002-09-30,2002-09-30,2018-10-25,,,,,,,,,,,,,,,,,,,,,,,0.0,,,,,,,,,,,,,,,,,,1.0,,,,,,,,,,,,,,,,,,,,,,,,,,,,,,,,,,,,,,,,,,,,,,,,,,,,,,1.0,,,,,,,,,,
51,DTV1,MRT,2002-06-30,2002-06-30,2002-06-30,2018-10-25,,,,,,,,,,,,,,,,,,,,,,,0.0,,,,,,,,,,,,,,,,,,1.0,,,,,,,,,,,,,,,,,,,,,,,,,,,,,,,,,,,,,,,,,,,,,,,,,,,,,,1.0,,,,,,,,,,
52,DTV1,MRT,2002-03-31,2002-03-31,2002-03-31,2018-10-25,,,,,,,,,,,,,,,,,,,,,,,0.0,,,,,,,,,,,,,,,,,,1.0,,,,,,,,,,,,,,,,,,,,,,,,,,,,,,,,,,,,,,,,,,,,,,,,,,,,,,1.0,,,,,,,,,,
53,DTV1,MRT,2001-12-31,2001-12-31,2001-12-31,2018-10-25,,,,,,,,-1702800000.0,,,4170200000.0,-621600000.0,,,,,,,,1110600000.0,,,0.0,-702200000.0,408400000.0,0.05,408400000.0,-702200000.0,-897500000.0,-0.55,-0.55,-0.55,,,,,,,-1370800000.0,-1.054,1.0,4067000000.0,0.494,,195300000.0,,,,,,,,,,,-808000000.0,-287800000.0,21800000.0,1314800000.0,0.0,742900000.0,-1700500000.0,204900000.0,332000000.0,0.0,-621600000.0,-718000000.0,-718000000.0,94000000.0,0.0,-0.087,4681500000.0,-614500000.0,,0.0,,,,,96400000.0,,,,,,8237200000.0,8237200000.0,0.0,,,,-0.085,0.0,3570900000.0,,,1300000000.0,1300000000.0,6.336,,,-275900000.0,,,
