None,ticker,dimension,calendardate,datekey,reportperiod,lastupdated,accoci,assets,assetsavg,assetsc,assetsnc,assetturnover,bvps,capex,cashneq,cashnequsd,cor,consolinc,currentratio,de,debt,debtc,debtnc,debtusd,deferredrev,depamor,deposits,divyield,dps,ebit,ebitda,ebitdamargin,ebitdausd,ebitusd,ebt,eps,epsdil,epsusd,equity,equityavg,equityusd,ev,evebit,evebitda,fcf,fcfps,fxusd,gp,grossmargin,intangibles,intexp,invcap,invcapavg,inventory,investments,investmentsc,investmentsnc,liabilities,liabilitiesc,liabilitiesnc,marketcap,ncf,ncfbus,ncfcommon,ncfdebt,ncfdiv,ncff,ncfi,ncfinv,ncfo,ncfx,netinc,netinccmn,netinccmnusd,netincdis,netincnci,netmargin,opex,opinc,payables,payoutratio,pb,pe,pe1,ppnenet,prefdivis,price,ps,ps1,receivables,retearn,revenue,revenueusd,rnd,roa,roe,roic,ros,sbcomp,sgna,sharefactor,sharesbas,shareswa,shareswadil,sps,tangibles,taxassets,taxexp,taxliabilities,tbvps,workingcapital
0,DHI,MRY,2020-12-31,2020-09-30,2020-09-30,2021-07-23,0.0,18912300000.0,17584775000.0,,,1.155,32.394,-157000000.0,3040100000.0,3040100000.0,15373200000.0,2380500000.0,,0.574,4283300000.0,,,4283300000.0,0.0,80400000.0,0.0,0.009,0.7,2976200000.0,3056600000.0,0.15,3056600000.0,2976200000.0,2976200000.0,6.49,6.41,6.49,11840000000.0,10893350000.0,11840000000.0,29431424840.0,10.0,9.629,1264600000.0,3.46,1.0,4937900000.0,0.243,163500000.0,0.0,19992000000.0,19452400000.0,12237400000.0,1529000000.0,,,6790800000.0,,,27506824840.0,1526100000.0,-5400000.0,-337000000.0,906900000.0,-256000000.0,270600000.0,-166100000.0,-3700000.0,1421600000.0,0.0,2373700000.0,2373700000.0,2373700000.0,0.0,6800000.0,0.117,1988300000.0,2949600000.0,900500000.0,0.108,2.323,11.588,11.653,683700000.0,0.0,75.63,1.354,1.361,0.0,9757800000.0,20311100000.0,20311100000.0,0.0,0.135,0.218,0.153,0.147,77800000.0,2047800000.0,1.0,363702563.0,365500000.0,370200000.0,55.571,18748800000.0,144900000.0,602500000.0,0.0,51.296,
1,DHI,MRY,2019-12-31,2019-09-30,2019-09-30,2021-07-23,0.0,15606600000.0,15093350000.0,,,1.166,26.895,-80300000.0,1514000000.0,1514000000.0,13720900000.0,1618600000.0,,0.53,3399400000.0,,,3399400000.0,0.0,72000000.0,0.0,0.011,0.6,2125200000.0,2197200000.0,0.125,2197200000.0,2125200000.0,2125200000.0,4.34,4.29,4.34,10020900000.0,9537075000.0,10020900000.0,22058507930.0,10.0,10.039,811800000.0,2.179,1.0,3872000000.0,0.22,163500000.0,0.0,17328500000.0,17410100000.0,11282000000.0,1072000000.0,,,5311500000.0,,,19493207930.0,8000000.0,-311400000.0,-437100000.0,93300000.0,-223400000.0,-490100000.0,-394000000.0,-2300000.0,892100000.0,0.0,1618500000.0,1618500000.0,1618500000.0,0.0,100000.0,0.092,1778600000.0,2093400000.0,634000000.0,0.138,1.945,12.044,12.145,499200000.0,0.0,52.71,1.108,1.116,0.0,7640100000.0,17592900000.0,17592900000.0,0.0,0.107,0.17,0.122,0.121,73200000.0,1832500000.0,1.0,369819919.0,372600000.0,377400000.0,47.217,15443100000.0,163100000.0,506700000.0,0.0,41.447,
2,DHI,MRY,2018-12-31,2018-09-30,2018-09-30,2021-07-23,0.0,14114600000.0,13470850000.0,,,1.193,23.857,154600000.0,1506000000.0,1506000000.0,12398100000.0,1462300000.0,,0.552,3203500000.0,,,3203500000.0,0.0,62400000.0,0.0,0.012,0.5,2058000000.0,2120400000.0,0.132,2120400000.0,2058000000.0,2058000000.0,3.88,3.81,3.88,8984400000.0,8415650000.0,8984400000.0,17761449667.0,9.0,8.376,699800000.0,1.858,1.0,3669900000.0,0.228,109200000.0,0.0,15702900000.0,15365450000.0,10395000000.0,807400000.0,,,4955700000.0,,,15904749667.0,481700000.0,-141700000.0,-80100000.0,199500000.0,-188400000.0,-82500000.0,19000000.0,6100000.0,545200000.0,0.0,1460300000.0,1460300000.0,1460300000.0,0.0,2000000.0,0.091,1658000000.0,2011900000.0,624700000.0,0.129,1.77,10.891,10.871,401100000.0,0.0,42.18,0.99,0.989,0.0,6217900000.0,16068000000.0,16068000000.0,0.0,0.108,0.174,0.134,0.128,55800000.0,1676800000.0,1.0,377068508.0,376600000.0,383400000.0,42.666,14005400000.0,194000000.0,597700000.0,0.0,37.189,
3,DHI,MRY,2017-12-31,2017-09-30,2017-09-30,2021-07-23,0.0,12184600000.0,11948725000.0,,,1.179,20.698,-157300000.0,1024300000.0,1024300000.0,11042800000.0,1038400000.0,,0.573,2871600000.0,,,2871600000.0,0.0,54700000.0,0.0,0.01,0.4,1602100000.0,1656800000.0,0.118,1656800000.0,1602100000.0,1602100000.0,2.77,2.74,2.77,7747100000.0,7346050000.0,7747100000.0,17348321588.0,11.0,10.471,282900000.0,0.756,1.0,3048200000.0,0.216,80000000.0,0.0,13951900000.0,14000500000.0,9237100000.0,587300000.0,,,4437000000.0,,,14945121588.0,-288400000.0,-4100000.0,-13900000.0,-410300000.0,-149600000.0,-564600000.0,-164000000.0,-2600000.0,440200000.0,0.0,1038400000.0,1038400000.0,1038400000.0,0.0,0.0,0.074,1471600000.0,1576600000.0,580400000.0,0.144,1.929,14.392,14.415,325000000.0,0.0,39.93,1.061,1.061,0.0,4946000000.0,14091000000.0,14091000000.0,0.0,0.087,0.141,0.114,0.114,44900000.0,1471600000.0,1.0,374283035.0,374300000.0,378900000.0,37.646,12104600000.0,365000000.0,563700000.0,0.0,32.339,
4,DHI,MRY,2016-12-31,2016-09-30,2016-09-30,2021-07-23,0.0,11558900000.0,11342950000.0,,,1.072,18.309,-86100000.0,1312700000.0,1312700000.0,9502600000.0,886300000.0,,0.702,3271300000.0,,,3271300000.0,0.0,61000000.0,0.0,0.011,0.32,1353500000.0,1414500000.0,0.116,1414500000.0,1353500000.0,1353500000.0,2.39,2.36,2.39,6792500000.0,6403125000.0,6792500000.0,13625730345.0,10.0,9.633,537800000.0,1.45,1.0,2654800000.0,0.218,80000000.0,0.0,13437500000.0,13563650000.0,8340900000.0,654000000.0,,,4765900000.0,,,11243030345.0,-80600000.0,-82200000.0,72400000.0,-549700000.0,-118700000.0,-591900000.0,-112600000.0,55500000.0,623900000.0,0.0,886300000.0,886300000.0,886300000.0,0.0,0.0,0.073,1323000000.0,1331800000.0,577500000.0,0.134,1.655,12.685,12.636,195400000.0,0.0,30.2,0.925,0.922,0.0,4057200000.0,12157400000.0,12157400000.0,0.0,0.078,0.138,0.1,0.111,39000000.0,1320300000.0,1.0,372285773.0,371000000.0,375100000.0,32.769,11478900000.0,476300000.0,467200000.0,0.0,30.94,
5,DHI,MRY,2015-12-31,2015-09-30,2015-09-30,2021-07-23,1400000.0,11151000000.0,10766575000.0,,,1.005,16.07,-100000.0,1393500000.0,1393500000.0,8535700000.0,750700000.0,,0.892,3811500000.0,,,3811500000.0,0.0,54100000.0,0.0,0.009,0.252,1100300000.0,1154400000.0,0.107,1154400000.0,1100300000.0,1123400000.0,2.05,2.03,2.05,5894300000.0,5550725000.0,5894300000.0,13772408803.0,13.0,11.93,700300000.0,1.909,1.0,2288300000.0,0.211,87200000.0,-23100000.0,13481800000.0,13631975000.0,7807000000.0,631000000.0,,,5255600000.0,,,10768608803.0,722000000.0,-70900000.0,61800000.0,134500000.0,-91600000.0,117000000.0,-95400000.0,-23700000.0,700400000.0,0.0,750700000.0,750700000.0,750700000.0,0.0,0.0,0.069,1186000000.0,1102300000.0,516700000.0,0.123,1.827,14.345,14.322,146900000.0,0.0,29.36,0.995,0.995,0.0,3289600000.0,10824000000.0,10824000000.0,0.0,0.07,0.135,0.081,0.102,29900000.0,1186000000.0,1.0,366778229.0,366778229.0,,29.511,11063800000.0,558100000.0,372700000.0,0.0,30.165,
6,DHI,MRY,2014-12-31,2014-09-30,2014-09-30,2021-07-23,2200000.0,10185400000.0,9550500000.0,,,0.84,14.036,-100200000.0,671800000.0,671800000.0,6268600000.0,533500000.0,,0.99,3665700000.0,,,3665700000.0,0.0,38400000.0,0.0,0.007,0.138,796400000.0,834800000.0,0.104,834800000.0,796400000.0,814200000.0,1.57,1.5,1.57,5115800000.0,4656275000.0,5115800000.0,10329174941.0,13.0,12.373,-761600000.0,-2.09,1.0,1756300000.0,0.219,94800000.0,-17800000.0,13084500000.0,12291425000.0,7700500000.0,476900000.0,,,5065700000.0,,,7478974941.0,-315600000.0,-244100000.0,45200000.0,630700000.0,-48600000.0,627900000.0,-282100000.0,-5600000.0,-661400000.0,0.0,533500000.0,533500000.0,533500000.0,0.0,0.0,0.066,965400000.0,790900000.0,525000000.0,0.088,1.462,14.019,13.07,190800000.0,0.0,20.52,0.932,0.932,0.0,2630500000.0,8024900000.0,8024900000.0,0.0,0.056,0.115,0.065,0.099,25600000.0,965400000.0,1.0,364472463.0,364472463.0,,22.018,10090600000.0,565000000.0,280700000.0,0.0,27.685,
7,DHI,MRY,2013-12-31,2013-09-30,2013-09-30,2021-07-23,1900000.0,8856400000.0,8180800000.0,,,0.765,12.571,-58000000.0,1055200000.0,1055200000.0,4853500000.0,462700000.0,,1.181,3509000000.0,,,3509000000.0,0.0,22700000.0,0.0,0.01,0.188,657800000.0,680500000.0,0.109,680500000.0,657800000.0,657800000.0,1.44,1.33,1.44,4058500000.0,3828650000.0,4058500000.0,8649738804.0,13.0,12.711,-1287300000.0,-3.987,1.0,1405800000.0,0.225,38900000.0,0.0,11271300000.0,10359600000.0,6197400000.0,395100000.0,,,4795000000.0,,,6272738804.0,-109400000.0,-9400000.0,29700000.0,962800000.0,-60200000.0,939000000.0,180900000.0,276800000.0,-1229300000.0,0.0,462700000.0,462700000.0,462700000.0,0.0,0.0,0.074,766300000.0,639500000.0,400000000.0,0.131,1.546,13.557,13.493,106700000.0,0.0,19.43,1.002,1.002,0.0,2145600000.0,6259300000.0,6259300000.0,0.0,0.057,0.121,0.063,0.105,12300000.0,766300000.0,1.0,322837818.0,322837818.0,,19.388,8817500000.0,586600000.0,195100000.0,0.0,27.312,
8,DHI,MRY,2012-12-31,2012-09-30,2012-09-30,2021-07-23,200000.0,7248200000.0,6188375000.0,,,0.704,11.25,-33600000.0,1097000000.0,1097000000.0,3492400000.0,956300000.0,,1.017,2493100000.0,,,2493100000.0,0.0,18800000.0,0.0,0.007,0.15,242900000.0,261700000.0,0.06,261700000.0,242900000.0,242900000.0,3.01,2.77,3.01,3592100000.0,3107550000.0,3592100000.0,7734375029.0,32.0,29.554,-325800000.0,-1.02,1.0,861600000.0,0.198,38900000.0,0.0,8605400000.0,7298425000.0,4165200000.0,643300000.0,,,3653500000.0,,,6585475029.0,316300000.0,-96500000.0,50900000.0,748400000.0,-47800000.0,751500000.0,-143000000.0,-12700000.0,-292200000.0,0.0,956300000.0,956300000.0,956300000.0,0.0,0.0,0.22,614200000.0,247400000.0,266600000.0,0.05,1.833,6.886,6.852,72600000.0,0.0,20.625,1.513,1.513,0.0,1743100000.0,4354000000.0,4354000000.0,0.0,0.155,0.308,0.033,0.056,18100000.0,614200000.0,1.0,319295759.0,319295759.0,,13.636,7209300000.0,723900000.0,-713400000.0,0.0,22.579,
9,DHI,MRY,2011-12-31,2011-09-30,2011-09-30,2021-07-23,100000.0,5358400000.0,5552800000.0,,,0.655,8.293,-16300000.0,781700000.0,781700000.0,3023300000.0,71800000.0,,1.044,1704600000.0,,,1704600000.0,0.0,19900000.0,0.0,0.017,0.15,12100000.0,32000000.0,0.009,32000000.0,12100000.0,12100000.0,0.23,0.23,0.23,2620600000.0,2602275000.0,2620600000.0,3845785535.0,318.0,120.181,2600000.0,0.008,1.0,613500000.0,0.169,15900000.0,0.0,6265400000.0,6430275000.0,3449700000.0,591700000.0,,,2734900000.0,,,2856785535.0,-576700000.0,0.0,-35200000.0,-489300000.0,-47800000.0,-572300000.0,-23300000.0,-11600000.0,18900000.0,0.0,71800000.0,71800000.0,71800000.0,0.0,0.0,0.02,556300000.0,57200000.0,200500000.0,0.652,1.09,39.788,39.304,57600000.0,0.0,9.04,0.786,0.786,0.0,834600000.0,3636800000.0,3636800000.0,0.0,0.013,0.028,0.002,0.003,14200000.0,556300000.0,1.0,316016099.0,316016099.0,,11.508,5342500000.0,12400000.0,-59700000.0,0.0,16.906,
10,DHI,MRY,2010-12-31,2010-09-30,2010-09-30,2021-07-23,300000.0,5938600000.0,6325350000.0,,,0.696,8.209,-19200000.0,1363000000.0,1363000000.0,3627600000.0,245100000.0,,1.269,2171800000.0,,,2171800000.0,0.0,18400000.0,0.0,0.013,0.15,101400000.0,119800000.0,0.027,119800000.0,101400000.0,99500000.0,0.77,0.77,0.77,2613200000.0,2601375000.0,2613200000.0,4455564401.0,44.0,37.192,690200000.0,2.168,1.0,772600000.0,0.176,15900000.0,1900000.0,6731500000.0,7207250000.0,3449000000.0,551500000.0,,,3315700000.0,,,3539664401.0,-648000000.0,0.0,7600000.0,-1002100000.0,-47700000.0,-1039400000.0,-318000000.0,-300300000.0,709400000.0,0.0,245100000.0,245100000.0,245100000.0,0.0,0.0,0.056,600400000.0,172200000.0,186700000.0,0.195,1.355,14.442,14.442,60500000.0,0.0,11.12,0.804,0.804,0.0,810600000.0,4400200000.0,4400200000.0,0.0,0.039,0.094,0.014,0.023,10500000.0,600400000.0,1.0,318315144.0,318315144.0,,13.823,5922700000.0,16000000.0,-145600000.0,0.0,18.606,
11,DHI,MRY,2009-12-31,2009-09-30,2009-09-30,2021-07-23,0.0,6756800000.0,6797225000.0,,,0.538,7.543,-6200000.0,2012500000.0,2012500000.0,3538700000.0,-549800000.0,,1.821,3145300000.0,,,3145300000.0,0.0,25700000.0,0.0,0.013,0.15,-555300000.0,-529600000.0,-0.145,-529600000.0,-555300000.0,-556800000.0,-1.73,-1.73,-1.73,2391800000.0,2574925000.0,2391800000.0,4911391420.0,-9.0,-9.274,1135000000.0,3.579,1.0,118900000.0,0.033,15900000.0,1500000.0,7873700000.0,8124100000.0,3666700000.0,220800000.0,,,4356200000.0,,,3618091420.0,570000000.0,0.0,4400000.0,-468700000.0,-47500000.0,-511800000.0,-59400000.0,0.0,1141200000.0,0.0,-549800000.0,-549800000.0,-549800000.0,0.0,0.0,-0.15,601100000.0,-482200000.0,278900000.0,-0.087,1.513,-6.581,-6.595,57800000.0,0.0,11.41,0.989,0.989,0.0,613200000.0,3657600000.0,3657600000.0,0.0,-0.081,-0.214,-0.068,-0.152,13700000.0,601100000.0,1.0,317098284.0,317098284.0,,11.535,6740900000.0,293100000.0,-7000000.0,0.0,21.258,
12,DHI,MRY,2008-12-31,2008-09-30,2008-09-30,2021-07-23,0.0,7950600000.0,8942825000.0,,,0.743,8.952,-6600000.0,1389300000.0,1389300000.0,8281800000.0,-2633600000.0,,1.805,3748400000.0,,,3748400000.0,0.0,53200000.0,0.0,0.035,0.45,-2628100000.0,-2574900000.0,-0.387,-2574900000.0,-2628100000.0,-2631800000.0,-8.34,-8.34,-8.34,2834300000.0,3994750000.0,2834300000.0,6939144962.0,-3.0,-2.695,1869900000.0,5.906,1.0,-1635700000.0,-0.246,15900000.0,3700000.0,10293800000.0,11856125000.0,4683200000.0,352100000.0,,,5116300000.0,,,4122244962.0,1117700000.0,0.0,9500000.0,-623100000.0,-142000000.0,-755600000.0,-3200000.0,0.0,1876500000.0,0.0,-2633600000.0,-2633600000.0,-2633600000.0,0.0,0.0,-0.396,891900000.0,-2527600000.0,281500000.0,-0.054,1.454,-1.565,-1.561,65900000.0,0.0,13.02,0.62,0.62,0.0,1210500000.0,6646100000.0,6646100000.0,0.0,-0.294,-0.659,-0.222,-0.395,13500000.0,891900000.0,1.0,316608676.0,316608676.0,,20.992,7934700000.0,889700000.0,1800000.0,0.0,25.062,
13,DHI,MRY,2007-12-31,2007-09-30,2007-09-30,2021-07-23,0.0,11556300000.0,12807375000.0,,,0.882,17.751,-39800000.0,269600000.0,269600000.0,10485100000.0,-712500000.0,,1.068,4376800000.0,,,4376800000.0,0.0,64400000.0,0.0,0.047,0.6,-927600000.0,-863200000.0,-0.076,-863200000.0,-927600000.0,-951200000.0,-2.27,-2.27,-2.27,5586900000.0,6082225000.0,5586900000.0,8887827137.0,-10.0,-10.296,1315700000.0,4.18,1.0,811400000.0,0.072,95300000.0,23600000.0,15568200000.0,17169325000.0,9343500000.0,523500000.0,,,5969400000.0,,,4031827137.0,-318000000.0,0.0,12700000.0,-1716200000.0,-188400000.0,-1633700000.0,-39800000.0,0.0,1355500000.0,0.0,-712500000.0,-712500000.0,-712500000.0,0.0,0.0,-0.063,1295300000.0,-483900000.0,590900000.0,-0.264,0.722,-5.659,-5.643,110200000.0,0.0,12.81,0.357,0.357,0.0,3986100000.0,11296500000.0,11296500000.0,0.0,-0.056,-0.117,-0.054,-0.082,2500000.0,1295300000.0,1.0,314740604.0,314740604.0,,35.891,11461000000.0,863800000.0,-238700000.0,0.0,36.414,
14,DHI,MRY,2006-12-31,2006-09-30,2006-09-30,2021-07-23,0.0,14820700000.0,13926175000.0,,,1.081,20.609,-83300000.0,835900000.0,835900000.0,11418300000.0,1233300000.0,,1.297,6078600000.0,,,6078600000.0,0.0,56500000.0,0.0,0.018,0.44,2024200000.0,2080700000.0,0.138,2080700000.0,2024200000.0,1987100000.0,3.94,3.9,3.94,6452900000.0,6055975000.0,6452900000.0,13553029038.0,7.0,6.514,-1274100000.0,-4.069,1.0,3633000000.0,0.241,578900000.0,37100000.0,19484500000.0,18705175000.0,11343100000.0,1022900000.0,,,8367800000.0,,,7499129038.0,-562200000.0,0.0,-24400000.0,1112800000.0,-137600000.0,711900000.0,-83300000.0,0.0,-1190800000.0,0.0,1233300000.0,1233300000.0,1233300000.0,0.0,0.0,0.082,1658800000.0,1974200000.0,1041100000.0,0.112,1.162,6.081,6.079,131400000.0,0.0,23.95,0.498,0.498,0.0,4887000000.0,15051300000.0,15051300000.0,0.0,0.089,0.204,0.108,0.134,2400000.0,1658800000.0,1.0,313116035.0,313116035.0,,48.069,14241800000.0,374000000.0,753800000.0,0.0,45.484,
15,DHI,MRY,2005-12-31,2005-09-30,2005-09-30,2021-07-23,0.0,12514800000.0,10949625000.0,,,1.266,17.135,-68200000.0,1149800000.0,1149800000.0,10140300000.0,1470500000.0,,1.335,4909600000.0,,,4909600000.0,0.0,52800000.0,0.0,0.008,0.307,2395400000.0,2448200000.0,0.177,2448200000.0,2395400000.0,2378600000.0,4.71,4.62,4.71,5360400000.0,4710050000.0,5360400000.0,15521803390.0,6.0,6.34,-688900000.0,-2.202,1.0,3723400000.0,0.269,578900000.0,16800000.0,15695700000.0,14192900000.0,8486800000.0,1358700000.0,,,7154400000.0,,,11330503390.0,631800000.0,0.0,24800000.0,1392400000.0,-96500000.0,1320700000.0,-68200000.0,0.0,-620700000.0,0.0,1470500000.0,1470500000.0,1470500000.0,0.0,0.0,0.106,1374200000.0,2349200000.0,844700000.0,0.065,2.114,7.705,7.69,107200000.0,0.0,36.22,0.817,0.817,0.0,3791300000.0,13863700000.0,13863700000.0,0.0,0.134,0.312,0.169,0.173,0.0,1374200000.0,1.0,312824500.0,312824500.0,,44.318,11935900000.0,0.0,908100000.0,0.0,38.155,
16,DHI,MRY,2004-12-31,2004-09-30,2004-09-30,2021-07-23,0.0,8985200000.0,8000084250.0,,,1.355,12.737,-55200000.0,518000000.0,518000000.0,8197300000.0,975100000.0,,1.269,3499200000.0,,,3499200000.0,0.0,49600000.0,0.0,0.009,0.215,1588800000.0,1638400000.0,0.151,1638400000.0,1588800000.0,1582900000.0,3.14,3.09,3.14,3960700000.0,3546909000.0,3960700000.0,10800545239.0,7.0,6.592,-477700000.0,-1.536,1.0,2643500000.0,0.244,578900000.0,5900000.0,11387500000.0,10310970250.0,6567400000.0,623300000.0,,,5024500000.0,,,7721844239.0,-64900000.0,0.0,15400000.0,464300000.0,-66900000.0,412800000.0,-55200000.0,0.0,-422500000.0,0.0,975100000.0,975100000.0,975100000.0,0.0,0.0,0.09,1080000000.0,1563500000.0,602000000.0,0.068,1.95,7.919,7.908,91900000.0,0.0,24.832,0.712,0.712,0.0,2417300000.0,10840800000.0,10840800000.0,0.0,0.122,0.275,0.154,0.147,0.0,1080000000.0,1.0,310957183.0,310957183.0,,34.863,8406300000.0,0.0,607800000.0,0.0,27.034,
17,DHI,MRY,2003-12-31,2003-09-30,2003-09-30,2021-07-23,0.0,7279400000.0,6713250000.0,,,1.3,9.642,-48600000.0,582900000.0,582900000.0,6805800000.0,626000000.0,,1.401,2963200000.0,,,2963200000.0,0.0,41800000.0,0.0,0.008,0.135,1015600000.0,1057400000.0,0.121,1057400000.0,1015600000.0,1008200000.0,2.11,1.99,2.11,3031300000.0,2676695500.0,3031300000.0,7925077782.0,8.0,7.495,374700000.0,1.192,1.0,1922300000.0,0.22,578900000.0,7400000.0,9080800000.0,8860583750.0,5082300000.0,485500000.0,,,4248100000.0,,,5140287782.0,478600000.0,0.0,-47300000.0,191300000.0,-40100000.0,103900000.0,-48600000.0,0.0,423300000.0,0.0,626000000.0,626000000.0,626000000.0,0.0,0.0,0.072,915300000.0,1007000000.0,439500000.0,0.064,1.696,8.211,7.749,81700000.0,0.0,16.35,0.589,0.589,0.0,1509100000.0,8728100000.0,8728100000.0,0.0,0.093,0.234,0.115,0.116,0.0,915300000.0,1.0,314390690.0,314390690.0,,27.762,6700500000.0,0.0,382200000.0,0.0,21.313,
18,DHI,MRY,2002-12-31,2002-09-30,2002-09-30,2021-07-23,0.0,6017527000.0,5256428750.0,,,1.282,7.747,-39300000.0,104344000.0,104344000.0,5364400000.0,404700000.0,,1.651,2878331000.0,,,2878331000.0,0.0,32800000.0,0.0,0.01,0.097,653000000.0,685800000.0,0.102,685800000.0,653000000.0,647500000.0,1.508,1.433,1.508,2269863000.0,1942813250.0,2269863000.0,5626691438.0,9.0,8.205,-129900000.0,-0.443,1.0,1374400000.0,0.204,579230000.0,5500000.0,8212284000.0,7340420250.0,4343069000.0,464088000.0,,,3747664000.0,,,2727655438.0,-134900000.0,-153800000.0,12400000.0,162500000.0,-26100000.0,148800000.0,-193100000.0,0.0,-90600000.0,0.0,404700000.0,404700000.0,404700000.0,0.0,0.0,0.06,714600000.0,659800000.0,848388000.0,0.064,1.202,6.74,6.174,71895000.0,0.0,9.31,0.405,0.405,0.0,923221000.0,6738800000.0,6738800000.0,0.0,0.077,0.208,0.089,0.097,0.0,714600000.0,1.0,292981250.0,292981250.0,,23.001,5438297000.0,0.0,242800000.0,0.0,18.562,
19,DHI,MRY,2001-12-31,2001-09-30,2001-09-30,2021-07-23,0.0,3652190000.0,3249713750.0,,,1.371,5.423,-33368000.0,239280000.0,239280000.0,3527142000.0,257009000.0,,1.921,1884330000.0,,,1884330000.0,0.0,31184000.0,0.0,0.009,0.063,415221000.0,446405000.0,0.1,446405000.0,415221000.0,409933000.0,1.13,1.115,1.13,1250247000.0,1120590750.0,1250247000.0,3302746932.0,8.0,7.399,-88652000.0,-0.385,1.0,928372000.0,0.208,136223000.0,5288000.0,5161017000.0,4707607000.0,2804377000.0,222818000.0,,,2401943000.0,,,1602988932.0,166755000.0,-63885000.0,12403000.0,320617000.0,-13728000.0,319292000.0,-97253000.0,0.0,-55284000.0,0.0,257009000.0,257009000.0,257009000.0,0.0,0.0,0.058,479400000.0,448972000.0,508749000.0,0.056,1.282,6.237,6.153,53096000.0,0.0,6.953,0.36,0.36,0.0,544636000.0,4455514000.0,4455514000.0,0.0,0.079,0.229,0.088,0.093,0.0,479400000.0,1.0,230535321.0,230535321.0,,19.327,3515967000.0,0.0,152924000.0,0.0,15.251,
20,DHI,MRY,2000-12-31,2000-09-30,2000-09-30,2021-07-23,0.0,2694577000.0,2601676000.0,,,1.404,5.227,-15789000.0,72525000.0,72525000.0,2941109000.0,191719000.0,,1.779,1344403000.0,,,1344403000.0,0.0,21960000.0,0.0,0.008,0.044,314840000.0,336800000.0,0.092,336800000.0,314840000.0,309224000.0,0.85,0.845,0.85,969563000.0,893316000.0,969563000.0,2372781523.0,8.0,7.045,-123337000.0,-0.665,1.0,712586000.0,0.195,115966000.0,5616000.0,3850489000.0,3763115750.0,2191031000.0,119581000.0,,,1725014000.0,,,1062899523.0,-56043000.0,-40591000.0,-10477000.0,127650000.0,-9288000.0,107885000.0,-56380000.0,0.0,-107548000.0,0.0,191719000.0,191719000.0,191719000.0,0.0,0.0,0.052,395874000.0,316712000.0,375347000.0,0.052,1.096,5.544,6.741,38960000.0,0.0,5.73,0.291,0.291,0.0,468664000.0,3653695000.0,3653695000.0,0.0,0.074,0.215,0.084,0.086,0.0,395874000.0,1.0,185497299.0,185497299.0,,19.697,2578611000.0,0.0,117505000.0,0.0,13.901,
21,DHI,MRY,1999-12-31,1999-09-30,1999-09-30,2021-07-23,0.0,2361808000.0,2124820250.0,,,1.485,4.14,-19610000.0,128568000.0,128568000.0,2548496000.0,159827000.0,,1.961,1190623000.0,,,1190623000.0,0.0,20293000.0,0.0,0.007,0.031,268259000.0,288552000.0,0.091,288552000.0,268259000.0,263826000.0,0.7,0.69,0.7,797609000.0,733835250.0,797609000.0,1893569525.0,7.0,6.562,-186537000.0,-0.968,1.0,607715000.0,0.193,112456000.0,4433000.0,3311407000.0,3009157500.0,1866108000.0,113786000.0,,,1564199000.0,,,830921525.0,51814000.0,-7201000.0,-18890000.0,271533000.0,-7091000.0,245552000.0,-26811000.0,0.0,-166927000.0,0.0,159827000.0,159827000.0,159827000.0,0.0,0.0,0.051,334311000.0,273404000.0,368774000.0,0.044,1.042,5.199,6.162,36972000.0,0.0,4.313,0.263,0.263,0.0,400111000.0,3156211000.0,3156211000.0,0.0,0.075,0.218,0.089,0.085,0.0,334311000.0,1.0,192640230.0,192640230.0,,16.384,2249352000.0,0.0,103999000.0,0.0,11.676,
22,DHI,MRY,1998-12-31,1998-09-30,1998-09-30,2021-07-23,0.0,1667835000.0,1390693500.0,,,1.565,3.293,-13167000.0,76754000.0,76754000.0,1760148000.0,93380000.0,,2.036,854504000.0,,,854504000.0,0.0,9400000.0,0.0,0.005,0.025,161319000.0,170719000.0,0.078,170719000.0,161319000.0,159099000.0,0.537,0.477,0.537,549436000.0,445081500.0,549436000.0,1677961088.0,10.0,9.829,-136879000.0,-0.82,1.0,416793000.0,0.191,56782000.0,2220000.0,2388803000.0,2010375250.0,1358033000.0,72325000.0,,,1118399000.0,,,889819088.0,-1474000.0,-34035000.0,4916000.0,169237000.0,-4713000.0,169440000.0,-47202000.0,0.0,-123712000.0,0.0,93380000.0,93380000.0,93380000.0,0.0,0.0,0.043,249067000.0,167726000.0,260449000.0,0.047,1.62,9.529,9.932,25456000.0,0.0,5.333,0.409,0.409,0.0,247375000.0,2176941000.0,2176941000.0,0.0,0.067,0.21,0.08,0.074,0.0,237150000.0,1.0,166841079.0,166841079.0,,13.048,1611053000.0,0.0,65719000.0,0.0,9.656,
23,DHI,MRY,1997-12-31,1997-09-30,1997-09-30,2021-07-23,0.0,1248323000.0,,,,,,-6894000.0,78228000.0,78228000.0,1292584000.0,64962000.0,,1.918,650740000.0,,,650740000.0,0.0,7660000.0,0.0,0.003,0.017,109214000.0,116874000.0,0.074,116874000.0,109214000.0,108550000.0,0.427,0.383,0.427,427866000.0,,427866000.0,,,,-108899000.0,,1.0,285838000.0,0.181,37717000.0,664000.0,1783118000.0,,1024268000.0,34072000.0,,,820457000.0,,,,20217000.0,-53950000.0,39439000.0,147150000.0,-3523000.0,183066000.0,-60844000.0,0.0,-102005000.0,0.0,64962000.0,64962000.0,64962000.0,0.0,0.0,0.041,171767000.0,114071000.0,165309000.0,0.04,,,12.295,16988000.0,0.0,5.25,,,0.0,158708000.0,1578422000.0,1578422000.0,0.0,,,,0.069,0.0,171767000.0,1.0,,,,,1210606000.0,0.0,43588000.0,0.0,,
24,DHI,MRY,1996-12-31,1996-09-30,1996-09-30,2021-07-23,,,,,,,,-3248000.0,,,930059000.0,46248000.0,,,,,,,,5773000.0,,0.0,0.0,84681000.0,90454000.0,0.079,90454000.0,84681000.0,82896000.0,0.333,0.31,0.333,,,,,,,-11054000.0,,1.0,217675000.0,0.19,,1785000.0,,,,,,,,,,,34344000.0,-2075000.0,44950000.0,3915000.0,-1392000.0,47473000.0,-5323000.0,0.0,-7806000.0,0.0,46248000.0,46248000.0,46248000.0,0.0,0.0,0.04,123135000.0,94540000.0,,0.0,,,9.76,,0.0,3.25,,,,,1147734000.0,1147734000.0,0.0,,,,0.074,0.0,123135000.0,1.0,,,,,,,36648000.0,,,
0,DHI,MRQ,2021-06-30,2021-06-30,2021-06-30,2021-07-23,0.0,21793500000.0,,,,,38.373,-9700000.0,1969100000.0,1969100000.0,5212600000.0,1116500000.0,,0.556,4416300000.0,,,4416300000.0,0.0,17400000.0,0.0,0.009,0.2,1414600000.0,1432000000.0,0.197,1432000000.0,1414600000.0,1414600000.0,3.1,3.06,3.1,13802900000.0,,13802900000.0,34817296335.0,7.0,7.323,110700000.0,0.308,1.0,2072000000.0,0.284,163500000.0,0.0,24077200000.0,,16011700000.0,1644100000.0,,,7668500000.0,,,32576896335.0,-262800000.0,-200000.0,-231300000.0,-82600000.0,-72100000.0,-372400000.0,-10800000.0,-900000.0,120400000.0,0.0,1115500000.0,1115500000.0,1115500000.0,0.0,1000000.0,0.153,655700000.0,1416300000.0,1250900000.0,0.065,2.36,8.887,8.939,1089300000.0,0.0,90.37,1.25,1.247,0.0,12376900000.0,7284600000.0,7284600000.0,0.0,,,,,22600000.0,655700000.0,1.0,360483527.0,359700000.0,364000000.0,20.252,21630000000.0,147100000.0,299100000.0,0.0,60.133,
1,DHI,MRQ,2021-03-31,2021-03-31,2021-03-31,2021-07-23,0.0,21083800000.0,,,,,35.78,-101900000.0,2231900000.0,2231900000.0,4650900000.0,933900000.0,,0.602,4472300000.0,,,4472300000.0,0.0,18900000.0,0.0,0.008,0.2,1175500000.0,1194400000.0,0.185,1194400000.0,1175500000.0,1175500000.0,2.57,2.53,2.57,12963100000.0,,12963100000.0,34163796573.0,8.0,8.289,-4700000.0,-0.013,1.0,1796000000.0,0.279,163500000.0,0.0,23160700000.0,,14476300000.0,1755800000.0,,,7807800000.0,,,32413096573.0,-243000000.0,-1100000.0,-361700000.0,234400000.0,-72700000.0,-235500000.0,-104700000.0,-1700000.0,97200000.0,0.0,929500000.0,929500000.0,929500000.0,0.0,4400000.0,0.144,621500000.0,1174500000.0,1137400000.0,0.078,2.5,10.19,10.197,895000000.0,0.0,89.12,1.341,1.336,0.0,11333500000.0,6446900000.0,6446900000.0,0.0,,,,,25400000.0,621500000.0,1.0,363701712.0,362300000.0,367200000.0,17.794,20920300000.0,142800000.0,246000000.0,0.0,57.743,
2,DHI,MRQ,2020-12-31,2020-12-31,2020-12-31,2021-07-23,0.0,19780400000.0,,,,,34.262,-70700000.0,2474900000.0,2474900000.0,4332500000.0,795200000.0,,0.561,4225600000.0,,,4225600000.0,0.0,20400000.0,0.0,0.011,0.2,1030900000.0,1051300000.0,0.177,1051300000.0,1030900000.0,1030900000.0,2.17,2.14,2.17,12485200000.0,,12485200000.0,26357027375.0,8.0,7.39,-322800000.0,-0.886,1.0,1600900000.0,0.27,163500000.0,0.0,21367600000.0,,13576500000.0,1438900000.0,,,7010100000.0,,,25113827375.0,-565200000.0,-20900000.0,-52900000.0,-69500000.0,-72900000.0,-221700000.0,-91400000.0,200000.0,-252100000.0,0.0,791800000.0,791800000.0,791800000.0,0.0,3400000.0,0.133,571900000.0,1029000000.0,845600000.0,0.092,2.011,9.185,9.202,748400000.0,0.0,68.92,1.13,1.13,0.0,10476700000.0,5933400000.0,5933400000.0,0.0,,,,,21700000.0,585900000.0,1.0,364390995.0,364400000.0,370000000.0,16.283,19616900000.0,142000000.0,239100000.0,0.0,53.833,
3,DHI,MRQ,2020-09-30,2020-09-30,2020-09-30,2021-07-23,0.0,18912300000.0,,,,,32.527,-66400000.0,3040100000.0,3040100000.0,4753500000.0,831200000.0,,0.574,4283300000.0,,,4283300000.0,0.0,23000000.0,0.0,0.009,0.175,1053900000.0,1076900000.0,0.168,1076900000.0,1053900000.0,1053900000.0,2.27,2.24,2.27,11840000000.0,,11840000000.0,29431424840.0,10.0,9.629,766300000.0,2.105,1.0,1646800000.0,0.257,163500000.0,0.0,19992000000.0,,12237400000.0,1529000000.0,,,6790800000.0,,,27506824840.0,667400000.0,700000.0,8400000.0,-43900000.0,-63700000.0,-99600000.0,-65700000.0,0.0,832700000.0,0.0,829000000.0,829000000.0,829000000.0,0.0,2200000.0,0.13,597700000.0,1049100000.0,900500000.0,0.077,2.323,11.588,11.653,683700000.0,0.0,75.63,1.354,1.361,0.0,9757800000.0,6400300000.0,6400300000.0,0.0,,,,,18600000.0,597700000.0,1.0,363702563.0,364000000.0,369600000.0,17.583,18748800000.0,144900000.0,224900000.0,0.0,51.508,
4,DHI,MRQ,2020-06-30,2020-06-30,2020-06-30,2021-07-23,0.0,17973900000.0,,,,,30.368,-59800000.0,2372700000.0,2372700000.0,4084700000.0,632900000.0,,0.602,4297300000.0,,,4297300000.0,0.0,18600000.0,0.0,0.012,0.175,780200000.0,798800000.0,0.148,798800000.0,780200000.0,780200000.0,1.73,1.72,1.73,11048000000.0,,11048000000.0,22927471564.0,9.0,8.617,924200000.0,2.54,1.0,1305300000.0,0.242,163500000.0,0.0,19735000000.0,,12138700000.0,1502600000.0,,,6646800000.0,,,20158171564.0,835400000.0,-2900000.0,2100000.0,-19200000.0,-63600000.0,-82800000.0,-65800000.0,-3100000.0,984000000.0,0.0,630700000.0,630700000.0,630700000.0,0.0,2200000.0,0.117,527500000.0,777800000.0,761200000.0,0.101,1.825,9.833,9.937,631900000.0,0.0,55.45,1.064,1.065,0.0,8992500000.0,5390000000.0,5390000000.0,0.0,,,,,21300000.0,527500000.0,1.0,363537810.0,363800000.0,367700000.0,14.816,17810400000.0,158600000.0,149500000.0,0.0,48.957,
5,DHI,MRQ,2020-03-31,2020-03-31,2020-03-31,2021-07-23,0.0,17130000000.0,,,,,28.589,-12400000.0,1537300000.0,1537300000.0,3450800000.0,484000000.0,,0.612,4306600000.0,,,4306600000.0,0.0,19800000.0,0.0,0.019,0.175,620000000.0,639800000.0,0.142,639800000.0,620000000.0,620000000.0,1.32,1.3,1.32,10458000000.0,,10458000000.0,14643766582.0,6.0,5.838,-293700000.0,-0.803,1.0,1049200000.0,0.233,163500000.0,0.0,19735800000.0,,12224500000.0,1379400000.0,,,6395200000.0,,,12456366582.0,-58600000.0,-4400000.0,-188500000.0,512900000.0,-64100000.0,239500000.0,-16800000.0,0.0,-281300000.0,0.0,482700000.0,482700000.0,482700000.0,0.0,1300000.0,0.107,438300000.0,610900000.0,707000000.0,0.133,1.191,6.576,6.628,589700000.0,0.0,34.0,0.675,0.674,0.0,8425400000.0,4500000000.0,4500000000.0,0.0,,,,,21300000.0,466800000.0,1.0,366363723.0,365800000.0,370100000.0,12.302,16966500000.0,149500000.0,137300000.0,0.0,46.382,
6,DHI,MRQ,2019-12-31,2019-12-31,2019-12-31,2021-07-23,0.0,16322900000.0,,,,,27.769,-18400000.0,1595900000.0,1595900000.0,3084200000.0,432500000.0,,0.569,3783300000.0,,,3783300000.0,0.0,19000000.0,0.0,0.012,0.175,522100000.0,541100000.0,0.135,541100000.0,522100000.0,522100000.0,1.17,1.16,1.17,10227400000.0,,10227400000.0,21323416511.0,9.0,9.092,-132200000.0,-0.359,1.0,936500000.0,0.233,163500000.0,0.0,18346800000.0,,11899200000.0,1025100000.0,,,5820000000.0,,,19438016511.0,81900000.0,1200000.0,-159000000.0,457100000.0,-64600000.0,213500000.0,-17800000.0,-600000.0,-113800000.0,0.0,431300000.0,431300000.0,431300000.0,0.0,1200000.0,0.107,424700000.0,511800000.0,659300000.0,0.15,1.901,11.027,11.105,563400000.0,0.0,52.75,1.074,1.074,0.0,8006800000.0,4020700000.0,4020700000.0,0.0,,,,,16600000.0,455800000.0,1.0,368493204.0,368300000.0,373400000.0,10.917,16159400000.0,154100000.0,90800000.0,0.0,43.876,
7,DHI,MRQ,2019-09-30,2019-09-30,2019-09-30,2021-07-23,0.0,15606600000.0,,,,,27.091,-62500000.0,1514000000.0,1514000000.0,3881500000.0,503900000.0,,0.53,3399400000.0,,,3399400000.0,0.0,19600000.0,0.0,0.011,0.15,661500000.0,681100000.0,0.135,681100000.0,661500000.0,661500000.0,1.36,1.35,1.36,10020900000.0,,10020900000.0,22058507930.0,10.0,10.039,748900000.0,2.025,1.0,1157400000.0,0.23,163500000.0,0.0,17328500000.0,,11282000000.0,1072000000.0,,,5311500000.0,,,19493207930.0,628700000.0,-4900000.0,-102400000.0,-57600000.0,-55500000.0,-115000000.0,-67700000.0,-300000.0,811400000.0,0.0,505300000.0,505300000.0,505300000.0,0.0,-1400000.0,0.1,505500000.0,651900000.0,634000000.0,0.11,1.945,12.044,12.145,499200000.0,0.0,52.71,1.108,1.116,0.0,7640100000.0,5038900000.0,5038900000.0,0.0,,,,,19300000.0,505500000.0,1.0,369819919.0,369900000.0,375000000.0,13.622,15443100000.0,163100000.0,156200000.0,0.0,41.749,
8,DHI,MRQ,2019-06-30,2019-06-30,2019-06-30,2021-07-23,0.0,15224000000.0,,,,,25.9,-3500000.0,885300000.0,885300000.0,3831600000.0,473600000.0,,0.561,3450600000.0,,,3450600000.0,0.0,18300000.0,0.0,0.013,0.15,627900000.0,646200000.0,0.132,646200000.0,627900000.0,627900000.0,1.28,1.26,1.28,9642400000.0,,9642400000.0,18986322457.0,9.0,8.885,538900000.0,1.447,1.0,1074700000.0,0.219,163500000.0,0.0,17625800000.0,,11702300000.0,954900000.0,,,5409300000.0,,,16095122457.0,154100000.0,-1300000.0,-140800000.0,-186100000.0,-56000000.0,-383100000.0,-5200000.0,-400000.0,542400000.0,0.0,474800000.0,474800000.0,474800000.0,0.0,-1200000.0,0.097,457400000.0,617300000.0,681200000.0,0.117,1.669,10.19,10.196,454200000.0,0.0,43.13,0.943,0.941,0.0,7190400000.0,4906300000.0,4906300000.0,0.0,,,,,18000000.0,480000000.0,1.0,373176964.0,372300000.0,376900000.0,13.178,15060500000.0,173900000.0,153100000.0,0.0,40.453,
9,DHI,MRQ,2019-03-31,2019-03-31,2019-03-31,2021-07-23,0.0,15007000000.0,,,,,25.074,6900000.0,731200000.0,731200000.0,3256700000.0,354400000.0,,0.585,3622400000.0,,,3622400000.0,0.0,17200000.0,0.0,0.013,0.15,459700000.0,476900000.0,0.116,476900000.0,459700000.0,459700000.0,0.94,0.93,0.94,9360300000.0,,9360300000.0,18026248706.0,9.0,8.501,-81700000.0,-0.219,1.0,872000000.0,0.211,163500000.0,0.0,17734700000.0,,11920300000.0,796500000.0,,,5473000000.0,,,15452248706.0,-37100000.0,-16600000.0,-61900000.0,198600000.0,-55900000.0,62200000.0,-10700000.0,-1000000.0,-88600000.0,0.0,351300000.0,351300000.0,351300000.0,0.0,3100000.0,0.085,414900000.0,457100000.0,658500000.0,0.16,1.651,9.915,9.971,437900000.0,0.0,41.38,0.932,0.931,0.0,6771600000.0,4128700000.0,4128700000.0,0.0,,,,,17800000.0,444200000.0,1.0,373423120.0,373300000.0,377700000.0,11.06,14843500000.0,171900000.0,108400000.0,0.0,39.763,
10,DHI,MRQ,2018-12-31,2018-12-31,2018-12-31,2021-07-23,0.0,14535800000.0,,,,,24.326,-21200000.0,768300000.0,768300000.0,2751100000.0,286700000.0,,0.574,3342300000.0,,,3342300000.0,0.0,16900000.0,0.0,0.015,0.15,376200000.0,393100000.0,0.112,393100000.0,376200000.0,376200000.0,0.77,0.76,0.77,9124700000.0,,9124700000.0,15150198202.0,7.0,7.195,-394300000.0,-1.051,1.0,767900000.0,0.218,158400000.0,0.0,16951400000.0,,11595600000.0,622200000.0,,,5237600000.0,,,13452698202.0,-737700000.0,-288600000.0,-132000000.0,138400000.0,-56000000.0,-54200000.0,-310400000.0,-600000.0,-373100000.0,0.0,287200000.0,287200000.0,287200000.0,0.0,-500000.0,0.082,400800000.0,367100000.0,697200000.0,0.195,1.474,8.633,8.372,391100000.0,0.0,34.66,0.828,0.8,0.0,6476200000.0,3519000000.0,3519000000.0,0.0,,,,,18100000.0,402800000.0,1.0,388133243.0,375100000.0,380100000.0,9.381,14377400000.0,181400000.0,89000000.0,0.0,38.33,
11,DHI,MRQ,2018-09-30,2018-09-30,2018-09-30,2021-07-23,0.0,14114600000.0,,,,,23.857,3600000.0,1506000000.0,1506000000.0,3459100000.0,468900000.0,,0.552,3203500000.0,,,3203500000.0,0.0,15800000.0,0.0,0.012,0.125,605000000.0,620800000.0,0.138,620800000.0,605000000.0,605000000.0,1.24,1.22,1.24,8984400000.0,,8984400000.0,17761449667.0,9.0,8.376,242300000.0,0.643,1.0,1046000000.0,0.232,109200000.0,0.0,15702900000.0,,10395000000.0,807400000.0,,,4955700000.0,,,15904749667.0,269100000.0,1000000.0,-41400000.0,108400000.0,-47100000.0,18900000.0,11500000.0,6900000.0,238700000.0,0.0,466200000.0,466200000.0,466200000.0,0.0,2700000.0,0.103,452600000.0,593400000.0,624700000.0,0.101,1.77,10.891,10.871,401100000.0,0.0,42.18,0.99,0.989,0.0,6217900000.0,4505100000.0,4505100000.0,0.0,,,,,9500000.0,456900000.0,1.0,377068508.0,376600000.0,382800000.0,11.963,14005400000.0,194000000.0,138800000.0,0.0,37.189,
12,DHI,MRQ,2018-06-30,2018-06-30,2018-06-30,2021-07-23,0.0,13593400000.0,,,,,22.78,-23400000.0,1236900000.0,1236900000.0,3397200000.0,453700000.0,,0.561,3093600000.0,,,3093600000.0,0.0,13500000.0,0.0,0.012,0.125,616300000.0,629800000.0,0.142,629800000.0,616300000.0,616300000.0,1.2,1.18,1.2,8597300000.0,,8597300000.0,17641715697.0,9.0,8.823,381900000.0,1.012,1.0,1038100000.0,0.234,109200000.0,0.0,15340900000.0,,10303300000.0,712100000.0,,,4823500000.0,,,15474015697.0,170700000.0,300000.0,-23500000.0,-139800000.0,-47200000.0,-210700000.0,-23900000.0,-800000.0,405300000.0,0.0,453800000.0,453800000.0,453800000.0,0.0,-100000.0,0.102,434900000.0,603200000.0,655300000.0,0.104,1.8,11.836,11.85,385200000.0,0.0,41.0,0.984,0.984,0.0,5798800000.0,4435300000.0,4435300000.0,0.0,,,,,15300000.0,434900000.0,1.0,377415017.0,377400000.0,383400000.0,11.752,13484200000.0,204600000.0,162500000.0,0.0,35.729,
13,DHI,MRQ,2018-03-31,2018-03-31,2018-03-31,2021-07-23,0.0,13218100000.0,,,,,21.759,194000000.0,1066200000.0,1066200000.0,2961600000.0,350800000.0,,0.591,3233900000.0,,,3233900000.0,0.0,16900000.0,0.0,0.01,0.125,445000000.0,461900000.0,0.122,461900000.0,445000000.0,445000000.0,0.93,0.91,0.93,8198900000.0,,8198900000.0,18764460332.0,11.0,10.269,170200000.0,0.452,1.0,833100000.0,0.22,109200000.0,0.0,15276600000.0,,10144400000.0,690300000.0,,,4846200000.0,,,16480360332.0,92200000.0,-1500000.0,-4400000.0,-24600000.0,-47100000.0,-76400000.0,192400000.0,-100000.0,-23800000.0,0.0,351000000.0,351000000.0,351000000.0,0.0,-200000.0,0.092,399800000.0,433300000.0,582700000.0,0.134,2.01,14.424,14.469,380400000.0,0.0,43.84,1.094,1.097,0.0,5392100000.0,3794700000.0,3794700000.0,0.0,,,,,17400000.0,400900000.0,1.0,375920628.0,376800000.0,383900000.0,10.071,13108900000.0,219900000.0,94000000.0,0.0,34.79,
14,DHI,MRQ,2017-12-31,2017-12-31,2017-12-31,2021-07-23,0.0,12957300000.0,,,,,20.974,-19600000.0,974000000.0,974000000.0,2580100000.0,188800000.0,,0.622,3258100000.0,,,3258100000.0,0.0,16200000.0,0.0,0.008,0.125,391700000.0,407900000.0,0.122,407900000.0,391700000.0,391700000.0,0.5,0.49,0.5,7882000000.0,,7882000000.0,21469869053.0,13.0,12.395,-94600000.0,-0.252,1.0,752600000.0,0.226,100000000.0,0.0,15141400000.0,,10040200000.0,624300000.0,,,4901900000.0,,,19615369053.0,-50300000.0,-141500000.0,-10800000.0,255500000.0,-47000000.0,185700000.0,-161000000.0,100000.0,-75000000.0,0.0,189300000.0,189300000.0,189300000.0,0.0,-500000.0,0.057,370800000.0,381800000.0,575700000.0,0.25,2.489,19.216,18.845,357700000.0,0.0,51.07,1.351,1.322,0.0,5088200000.0,3332700000.0,3332700000.0,0.0,,,,,13600000.0,384200000.0,1.0,384087900.0,375800000.0,383800000.0,8.868,12857300000.0,239100000.0,202400000.0,0.0,34.213,
15,DHI,MRQ,2017-09-30,2017-09-30,2017-09-30,2021-07-23,0.0,12184600000.0,,,,,20.664,-53800000.0,1024300000.0,1024300000.0,3263900000.0,313300000.0,,0.573,2871600000.0,,,2871600000.0,0.0,14300000.0,0.0,0.01,0.1,485600000.0,499900000.0,0.12,499900000.0,485600000.0,485600000.0,0.83,0.82,0.83,7747100000.0,,7747100000.0,17348321588.0,11.0,10.471,572100000.0,1.526,1.0,895200000.0,0.215,80000000.0,0.0,13951900000.0,,9237100000.0,587300000.0,,,4437000000.0,,,14945121588.0,502400000.0,0.0,12400000.0,-59300000.0,-37400000.0,-80500000.0,-43000000.0,900000.0,625900000.0,0.0,313300000.0,313300000.0,313300000.0,0.0,0.0,0.075,416100000.0,479100000.0,580400000.0,0.12,1.929,14.392,14.415,325000000.0,0.0,39.93,1.061,1.061,0.0,4946000000.0,4159100000.0,4159100000.0,0.0,,,,,15000000.0,416100000.0,1.0,374283035.0,374900000.0,380100000.0,11.094,12104600000.0,365000000.0,172300000.0,0.0,32.288,
16,DHI,MRQ,2017-06-30,2017-06-30,2017-06-30,2021-07-23,0.0,11977100000.0,,,,,19.84,-46000000.0,523300000.0,523300000.0,2961100000.0,289000000.0,,0.611,2926500000.0,,,2926500000.0,0.0,13100000.0,0.0,0.011,0.1,444500000.0,457600000.0,0.121,457600000.0,444500000.0,444500000.0,0.77,0.76,0.77,7436200000.0,,7436200000.0,15201804945.0,10.0,9.37,-96000000.0,-0.256,1.0,815300000.0,0.216,80000000.0,0.0,14300300000.0,,9554000000.0,627400000.0,,,4540400000.0,,,12983704945.0,-480800000.0,0.0,-51000000.0,-296500000.0,-37500000.0,-383200000.0,-47600000.0,-600000.0,-50000000.0,0.0,289000000.0,289000000.0,289000000.0,0.0,0.0,0.077,374500000.0,440800000.0,656300000.0,0.13,1.746,12.87,12.851,282800000.0,0.0,34.57,0.95,0.948,0.0,4670100000.0,3776400000.0,3776400000.0,0.0,,,,,12500000.0,374500000.0,1.0,375577233.0,374800000.0,379400000.0,10.076,11897100000.0,383700000.0,155500000.0,0.0,31.743,
17,DHI,MRQ,2017-03-31,2017-03-31,2017-03-31,2021-07-23,0.0,11921100000.0,,,,,19.283,-35300000.0,1004300000.0,1004300000.0,2549900000.0,229200000.0,,0.651,3222400000.0,,,3222400000.0,0.0,12900000.0,0.0,0.011,0.1,353900000.0,366800000.0,0.113,366800000.0,353900000.0,353900000.0,0.61,0.6,0.61,7219600000.0,,7219600000.0,14496904351.0,10.0,9.337,-142800000.0,-0.381,1.0,701400000.0,0.216,80000000.0,0.0,14059200000.0,,9038100000.0,577800000.0,,,4701000000.0,,,12438404351.0,-157100000.0,0.0,21900000.0,-200000.0,-37400000.0,-7500000.0,-42100000.0,-3900000.0,-107500000.0,0.0,229200000.0,229200000.0,229200000.0,0.0,0.0,0.07,355200000.0,346200000.0,580900000.0,0.164,1.723,12.828,12.861,248100000.0,0.0,33.31,0.947,0.95,0.0,4418600000.0,3251300000.0,3251300000.0,0.0,,,,,8600000.0,355200000.0,1.0,373413520.0,374400000.0,378900000.0,8.684,11841100000.0,451600000.0,124700000.0,0.0,31.627,
18,DHI,MRQ,2016-12-31,2016-12-31,2016-12-31,2021-07-23,0.0,11712100000.0,,,,,18.366,-22200000.0,1159100000.0,1159100000.0,2267900000.0,206900000.0,,0.678,3217600000.0,,,3217600000.0,0.0,14400000.0,0.0,0.012,0.1,318100000.0,332500000.0,0.114,332500000.0,318100000.0,318100000.0,0.55,0.55,0.55,6981300000.0,,6981300000.0,12347505291.0,9.0,8.249,-50400000.0,-0.133,1.0,636300000.0,0.219,80000000.0,0.0,13690600000.0,,8742400000.0,548300000.0,,,4730300000.0,,,10388905291.0,-152900000.0,-4100000.0,2800000.0,-54300000.0,-37300000.0,-93400000.0,-31300000.0,1000000.0,-28200000.0,0.0,206900000.0,206900000.0,206900000.0,0.0,0.0,0.071,325900000.0,310400000.0,545100000.0,0.182,1.488,11.105,10.888,218400000.0,0.0,27.33,0.822,0.822,0.0,4226800000.0,2904200000.0,2904200000.0,0.0,,,,,8800000.0,325900000.0,1.0,380128258.0,380128258.0,,7.64,11632100000.0,467800000.0,111200000.0,0.0,30.6,
19,DHI,MRQ,2016-09-30,2016-09-30,2016-09-30,2021-07-23,0.0,11558900000.0,,,,,18.309,-20900000.0,1312700000.0,1312700000.0,2918300000.0,283700000.0,,0.702,3271300000.0,,,3271300000.0,0.0,19600000.0,0.0,0.011,0.08,445900000.0,465500000.0,0.124,465500000.0,445900000.0,433100000.0,0.76,0.75,0.76,6792500000.0,,6792500000.0,13625730345.0,10.0,9.633,514400000.0,1.387,1.0,822900000.0,0.22,80000000.0,12800000.0,13437500000.0,,8340900000.0,654000000.0,,,4765900000.0,,,11243030345.0,396400000.0,-82200000.0,10600000.0,-32100000.0,-29800000.0,-53500000.0,-85400000.0,15400000.0,535300000.0,0.0,283700000.0,283700000.0,283700000.0,0.0,0.0,0.076,387500000.0,435400000.0,577500000.0,0.105,1.655,12.685,12.636,195400000.0,0.0,30.2,0.925,0.922,0.0,4057200000.0,3741200000.0,3741200000.0,0.0,,,,,8500000.0,384800000.0,1.0,372285773.0,371000000.0,,10.084,11478900000.0,476300000.0,149400000.0,0.0,30.94,
20,DHI,MRQ,2016-06-30,2016-06-30,2016-06-30,2021-07-23,0.0,11333200000.0,,,,,17.557,-24800000.0,918600000.0,918600000.0,2523000000.0,249800000.0,,0.74,3301300000.0,,,3301300000.0,0.0,13800000.0,0.0,0.01,0.08,374000000.0,387800000.0,0.12,387800000.0,374000000.0,378600000.0,0.67,0.66,0.67,6512200000.0,,6512200000.0,14103931592.0,12.0,11.027,36900000.0,0.099,1.0,708900000.0,0.219,87200000.0,-4600000.0,13628700000.0,,8504200000.0,634500000.0,,,4820400000.0,,,11676731592.0,-317300000.0,0.0,33400000.0,-364600000.0,-29700000.0,-358500000.0,-20500000.0,4700000.0,61700000.0,0.0,249800000.0,249800000.0,249800000.0,0.0,0.0,0.077,336800000.0,372100000.0,609300000.0,0.119,1.793,13.876,13.807,151700000.0,0.0,31.48,1.008,1.008,0.0,3803400000.0,3231900000.0,3231900000.0,0.0,,,,,10100000.0,336800000.0,1.0,370925400.0,370925400.0,,8.713,11246000000.0,505100000.0,128800000.0,0.0,30.319,
21,DHI,MRQ,2016-03-31,2016-03-31,2016-03-31,2021-07-23,0.0,11300200000.0,,,,,16.898,-20300000.0,1235500000.0,1235500000.0,2169300000.0,195100000.0,,0.808,3662700000.0,,,3662700000.0,0.0,14000000.0,0.0,0.009,0.08,297000000.0,311000000.0,0.112,311000000.0,297000000.0,300500000.0,0.53,0.52,0.53,6248400000.0,,6248400000.0,13634006652.0,12.0,11.001,8100000.0,0.022,1.0,598600000.0,0.216,87200000.0,-3500000.0,13640200000.0,,8216600000.0,616100000.0,,,5051200000.0,,,11178106652.0,-44600000.0,0.0,11400000.0,-72000000.0,-29600000.0,-88500000.0,15500000.0,37500000.0,28400000.0,0.0,195100000.0,195100000.0,195100000.0,0.0,0.0,0.07,309200000.0,289400000.0,541500000.0,0.151,1.789,13.748,13.679,149500000.0,0.0,30.23,0.989,0.989,0.0,3583300000.0,2767900000.0,2767900000.0,0.0,,,,,12200000.0,309200000.0,1.0,369768662.0,369768662.0,,7.485,11213000000.0,526600000.0,105400000.0,0.0,30.324,
22,DHI,MRQ,2015-12-31,2015-12-31,2015-12-31,2021-07-23,2600000.0,11179500000.0,,,,,16.12,-20100000.0,1278400000.0,1278400000.0,1892200000.0,157700000.0,,0.845,3734300000.0,,,3734300000.0,0.0,13600000.0,0.0,0.008,0.08,236500000.0,250100000.0,0.104,250100000.0,236500000.0,241300000.0,0.43,0.42,0.43,6059400000.0,,6059400000.0,14458144808.0,13.0,12.342,-21600000.0,-0.057,1.0,524200000.0,0.217,87200000.0,-4800000.0,13548200000.0,,8088200000.0,524400000.0,,,5119000000.0,,,12040144808.0,-115100000.0,0.0,17000000.0,-81000000.0,-29600000.0,-91400000.0,-22200000.0,-2100000.0,-1500000.0,0.0,157700000.0,157700000.0,157700000.0,0.0,0.0,0.065,289400000.0,234800000.0,449400000.0,0.186,1.987,15.72,15.399,147600000.0,0.0,32.03,1.101,1.101,0.0,3417700000.0,2416400000.0,2416400000.0,0.0,,,,,8200000.0,289400000.0,1.0,375902117.0,375902117.0,,6.428,11092300000.0,542200000.0,83600000.0,0.0,29.508,
23,DHI,MRQ,2015-09-30,2015-09-30,2015-09-30,2021-07-23,1400000.0,11151000000.0,,,,,16.07,43200000.0,1393500000.0,1393500000.0,2508800000.0,238900000.0,,0.892,3811500000.0,,,3811500000.0,0.0,14400000.0,0.0,0.009,0.063,315700000.0,330100000.0,0.104,330100000.0,315700000.0,338800000.0,0.65,0.64,0.65,5894300000.0,,5894300000.0,13772408803.0,13.0,11.93,555000000.0,1.513,1.0,663600000.0,0.209,87200000.0,-23100000.0,13481800000.0,,7807000000.0,631000000.0,,,5255600000.0,,,10768608803.0,578200000.0,-2200000.0,37800000.0,7200000.0,-23000000.0,27000000.0,39400000.0,-2600000.0,511800000.0,0.0,238900000.0,238900000.0,238900000.0,0.0,0.0,0.075,323200000.0,340400000.0,516700000.0,0.097,1.827,14.345,14.322,146900000.0,0.0,29.36,0.995,0.995,0.0,3289600000.0,3172400000.0,3172400000.0,0.0,,,,,5500000.0,323200000.0,1.0,366778229.0,366778229.0,,8.649,11063800000.0,558100000.0,99900000.0,0.0,30.165,
24,DHI,MRQ,2015-06-30,2015-06-30,2015-06-30,2021-07-23,2200000.0,10863500000.0,,,,,15.355,-19300000.0,817300000.0,817300000.0,2320400000.0,221400000.0,,0.929,3821100000.0,,,3821100000.0,0.0,14300000.0,0.0,0.009,0.062,333800000.0,348100000.0,0.118,348100000.0,333800000.0,333800000.0,0.6,0.6,0.6,5629600000.0,,5629600000.0,13268270342.0,13.0,12.411,338100000.0,0.922,1.0,630400000.0,0.214,97000000.0,0.0,13770300000.0,,8111200000.0,568400000.0,,,5232500000.0,,,10030870342.0,107900000.0,-68700000.0,3000000.0,-124700000.0,-22900000.0,-144000000.0,-105500000.0,-16200000.0,357400000.0,0.0,221400000.0,221400000.0,221400000.0,0.0,0.0,0.075,303800000.0,326600000.0,502200000.0,0.103,1.782,14.795,14.71,199300000.0,0.0,27.36,0.991,0.991,0.0,3073700000.0,2950800000.0,2950800000.0,0.0,,,,,8700000.0,303800000.0,1.0,366625378.0,366625378.0,,8.049,10766500000.0,544300000.0,112400000.0,0.0,29.366,
25,DHI,MRQ,2015-03-31,2015-03-31,2015-03-31,2021-07-23,2200000.0,10713100000.0,,,,,14.828,-12700000.0,708100000.0,708100000.0,1892000000.0,147900000.0,,0.977,3945500000.0,,,3945500000.0,0.0,13100000.0,0.0,0.008,0.063,230100000.0,243200000.0,0.101,243200000.0,230100000.0,230100000.0,0.4,0.4,0.4,5418100000.0,,5418100000.0,13582966896.0,16.0,15.047,-52500000.0,-0.144,1.0,506000000.0,0.211,94800000.0,0.0,13855700000.0,,8136900000.0,517600000.0,,,5292100000.0,,,10406766896.0,156700000.0,0.0,16400000.0,212900000.0,-22900000.0,211900000.0,-15400000.0,-1900000.0,-39800000.0,0.0,147900000.0,147900000.0,147900000.0,0.0,0.0,0.062,283100000.0,222900000.0,498900000.0,0.158,1.921,18.267,18.025,193800000.0,0.0,28.48,1.117,1.117,0.0,2875200000.0,2398000000.0,2398000000.0,0.0,,,,,5500000.0,283100000.0,1.0,365406141.0,365406141.0,,6.563,10618300000.0,547700000.0,82200000.0,0.0,29.059,
26,DHI,MRQ,2014-12-31,2014-12-31,2014-12-31,2021-07-23,2200000.0,10338700000.0,,,,,14.15,-11300000.0,550600000.0,550600000.0,1814400000.0,142500000.0,,0.965,3726800000.0,,,3726800000.0,0.0,12300000.0,0.0,0.008,0.063,220700000.0,233000000.0,0.101,233000000.0,220700000.0,220700000.0,0.39,0.39,0.39,5260900000.0,,5260900000.0,12413487287.0,15.0,14.263,-140300000.0,-0.377,1.0,488200000.0,0.212,94800000.0,0.0,13420100000.0,,7989300000.0,453800000.0,,,5074900000.0,,,9402487287.0,-120800000.0,0.0,4600000.0,39100000.0,-22800000.0,22100000.0,-13900000.0,-3000000.0,-129000000.0,0.0,142500000.0,142500000.0,142500000.0,0.0,0.0,0.062,275800000.0,212400000.0,444600000.0,0.162,1.787,17.009,16.006,190700000.0,0.0,25.29,1.086,1.086,0.0,2750200000.0,2302600000.0,2302600000.0,0.0,,,,,10200000.0,275800000.0,1.0,371786765.0,371786765.0,,6.193,10243900000.0,552700000.0,78200000.0,0.0,27.553,
27,DHI,MRQ,2014-09-30,2014-09-30,2014-09-30,2021-07-23,2200000.0,10185400000.0,,,,,14.036,-50300000.0,671800000.0,671800000.0,1949700000.0,166200000.0,,0.99,3665700000.0,,,3665700000.0,0.0,11800000.0,0.0,0.007,0.062,233000000.0,244800000.0,0.099,244800000.0,233000000.0,250800000.0,0.47,0.45,0.47,5115800000.0,,5115800000.0,10329174941.0,13.0,12.373,-138000000.0,-0.379,1.0,522700000.0,0.211,94800000.0,-17800000.0,13084500000.0,,7700500000.0,476900000.0,,,5065700000.0,,,7478974941.0,44500000.0,-21400000.0,2100000.0,218300000.0,-22800000.0,196600000.0,-64400000.0,-2800000.0,-87700000.0,0.0,166200000.0,166200000.0,166200000.0,0.0,0.0,0.067,278500000.0,244200000.0,525000000.0,0.132,1.462,14.019,13.07,190800000.0,0.0,20.52,0.932,0.932,0.0,2630500000.0,2472400000.0,2472400000.0,0.0,,,,,9600000.0,278500000.0,1.0,364472463.0,364472463.0,,6.784,10090600000.0,565000000.0,84600000.0,0.0,27.685,
28,DHI,MRQ,2014-06-30,2014-06-30,2014-06-30,2021-07-23,2200000.0,9716600000.0,,,,,15.268,-17100000.0,595100000.0,595100000.0,1725500000.0,113100000.0,,0.956,3445300000.0,,,3445300000.0,0.0,9900000.0,0.0,0.003,0.037,171800000.0,181700000.0,0.085,181700000.0,171800000.0,171800000.0,0.32,0.32,0.32,4966200000.0,,4966200000.0,10826051643.0,14.0,13.543,-325000000.0,-0.999,1.0,421500000.0,0.196,94800000.0,0.0,12472000000.0,,7375600000.0,419200000.0,,,4746700000.0,,,7995151643.0,-376100000.0,-188200000.0,13500000.0,79000000.0,-13700000.0,78500000.0,-146700000.0,-1100000.0,-307900000.0,0.0,113100000.0,113100000.0,113100000.0,0.0,0.0,0.053,255700000.0,165800000.0,422000000.0,0.116,1.61,15.776,15.961,132900000.0,0.0,24.58,1.079,1.079,0.0,2487000000.0,2147000000.0,2147000000.0,0.0,,,,,7100000.0,255700000.0,1.0,325270612.0,325270612.0,,6.601,9621800000.0,582600000.0,58700000.0,0.0,29.581,
29,DHI,MRQ,2014-03-31,2014-03-31,2014-03-31,2021-07-23,2200000.0,9372800000.0,,,,,13.432,-14500000.0,1031200000.0,1031200000.0,1319800000.0,131000000.0,,1.156,3862100000.0,,,3862100000.0,0.0,8900000.0,0.0,0.002,0.037,201900000.0,210800000.0,0.121,210800000.0,201900000.0,201900000.0,0.4,0.38,0.4,4346300000.0,,4346300000.0,9565954366.0,12.0,11.543,-272600000.0,-0.842,1.0,415200000.0,0.239,41200000.0,0.0,12162500000.0,,6783600000.0,342500000.0,,,5023200000.0,,,7005254366.0,132600000.0,0.0,26300000.0,389200000.0,-12100000.0,404400000.0,-13700000.0,-500000.0,-258100000.0,0.0,131000000.0,131000000.0,131000000.0,0.0,0.0,0.076,218100000.0,197100000.0,338500000.0,0.092,1.612,12.98,12.964,123300000.0,0.0,21.65,1.007,1.007,0.0,2387600000.0,1735000000.0,1735000000.0,0.0,,,,,4400000.0,218100000.0,1.0,323568331.0,323568331.0,,5.362,9331600000.0,569800000.0,70900000.0,0.0,28.84,
30,DHI,MRQ,2013-12-31,2013-12-31,2013-12-31,2021-07-23,1900000.0,8927200000.0,,,,,12.712,-18300000.0,901200000.0,901200000.0,1273600000.0,123200000.0,,1.126,3461900000.0,,,3461900000.0,0.0,7800000.0,0.0,0.0,0.0,189700000.0,197500000.0,0.118,197500000.0,189700000.0,189700000.0,0.38,0.36,0.38,4196800000.0,,4196800000.0,9863486314.0,13.0,12.888,-26000000.0,-0.079,1.0,397000000.0,0.238,41200000.0,0.0,11446700000.0,,6496100000.0,299800000.0,,,4727300000.0,,,7368786314.0,-116600000.0,-34500000.0,3300000.0,-55800000.0,0.0,-51600000.0,-57300000.0,-1200000.0,-7700000.0,0.0,123200000.0,123200000.0,123200000.0,0.0,0.0,0.074,213200000.0,183800000.0,381100000.0,0.0,1.756,14.179,13.778,117500000.0,0.0,22.32,1.107,1.107,0.0,2268700000.0,1670600000.0,1670600000.0,0.0,,,,,4500000.0,213200000.0,1.0,330142756.0,330142756.0,,5.06,8886000000.0,578500000.0,66500000.0,0.0,26.916,
31,DHI,MRQ,2013-09-30,2013-09-30,2013-09-30,2021-07-23,1900000.0,8856400000.0,,,,,12.571,-17400000.0,1055200000.0,1055200000.0,1446500000.0,139500000.0,,1.181,3509000000.0,,,3509000000.0,0.0,6700000.0,0.0,0.01,0.0,202700000.0,209400000.0,0.113,209400000.0,202700000.0,202700000.0,0.44,0.4,0.44,4058500000.0,,4058500000.0,8649738804.0,13.0,12.711,-110400000.0,-0.342,1.0,413400000.0,0.222,38900000.0,0.0,11271300000.0,,6197400000.0,395100000.0,,,4795000000.0,,,6272738804.0,300300000.0,0.0,1800000.0,412900000.0,0.0,421400000.0,-28100000.0,-1500000.0,-93000000.0,0.0,139500000.0,139500000.0,139500000.0,0.0,0.0,0.075,218100000.0,195300000.0,400000000.0,0.0,1.546,13.557,13.493,106700000.0,0.0,19.43,1.002,1.002,0.0,2145600000.0,1859900000.0,1859900000.0,0.0,,,,,-800000.0,218100000.0,1.0,322837818.0,322837818.0,,5.761,8817500000.0,586600000.0,63200000.0,0.0,27.312,
32,DHI,MRQ,2013-06-30,2013-06-30,2013-06-30,2021-07-23,1900000.0,8287000000.0,,,,,12.117,-15300000.0,706600000.0,706600000.0,1295400000.0,146000000.0,,1.122,3083600000.0,,,3083600000.0,0.0,5900000.0,0.0,0.011,0.0,205100000.0,211000000.0,0.125,211000000.0,205100000.0,205100000.0,0.45,0.42,0.45,3904700000.0,,3904700000.0,8925594465.0,16.0,15.392,-311300000.0,-0.966,1.0,397400000.0,0.235,38900000.0,0.0,10625100000.0,,5911500000.0,358200000.0,,,4379500000.0,,,6857594465.0,-512500000.0,0.0,10200000.0,-197700000.0,0.0,-187500000.0,-29000000.0,400000.0,-296000000.0,0.0,146000000.0,146000000.0,146000000.0,0.0,0.0,0.086,198800000.0,198600000.0,357300000.0,0.0,1.756,16.196,16.121,96100000.0,0.0,21.28,1.196,1.196,0.0,2006100000.0,1692800000.0,1692800000.0,0.0,,,,,5500000.0,198800000.0,1.0,322255379.0,322255379.0,,5.253,8248100000.0,638000000.0,59100000.0,0.0,25.595,
33,DHI,MRQ,2013-03-31,2013-03-31,2013-03-31,2021-07-23,0.0,8232500000.0,,,,,11.642,-11300000.0,1205000000.0,1205000000.0,1109200000.0,111000000.0,,1.2,3273000000.0,,,3273000000.0,0.0,5300000.0,0.0,0.011,0.0,142100000.0,147400000.0,0.103,147400000.0,142100000.0,142100000.0,0.35,0.32,0.35,3741000000.0,,3741000000.0,9780233294.0,23.0,22.023,-195100000.0,-0.607,1.0,322400000.0,0.225,38900000.0,0.0,10261600000.0,,5324100000.0,394300000.0,,,4488800000.0,,,7808233294.0,583600000.0,0.0,15600000.0,666000000.0,0.0,681600000.0,85800000.0,96800000.0,-183800000.0,0.0,111000000.0,111000000.0,111000000.0,0.0,0.0,0.078,183100000.0,139300000.0,308600000.0,0.0,2.087,7.33,7.275,87100000.0,0.0,24.3,1.504,1.504,0.0,1860100000.0,1431600000.0,1431600000.0,0.0,,,,,4100000.0,183100000.0,1.0,321326473.0,321326473.0,,4.455,8193600000.0,680000000.0,31100000.0,0.0,25.499,
34,DHI,MRQ,2012-12-31,2012-12-31,2012-12-31,2021-07-23,0.0,7347300000.0,,,,,11.002,-14000000.0,621700000.0,621700000.0,1002300000.0,66300000.0,,1.034,2593700000.0,,,2593700000.0,0.0,4800000.0,0.0,0.015,0.188,107900000.0,112700000.0,0.088,112700000.0,107900000.0,107900000.0,0.21,0.2,0.21,3610400000.0,,3610400000.0,7887234300.0,24.0,22.888,-670500000.0,-2.043,1.0,272800000.0,0.214,38900000.0,0.0,9280400000.0,,5015100000.0,404600000.0,,,3734200000.0,,,6491134300.0,-480800000.0,-9400000.0,2100000.0,81600000.0,-60200000.0,23500000.0,152200000.0,181100000.0,-656500000.0,0.0,66300000.0,66300000.0,66300000.0,0.0,0.0,0.052,166500000.0,106300000.0,283900000.0,0.895,1.798,6.525,6.34,81900000.0,0.0,19.78,1.375,1.375,0.0,1749200000.0,1275100000.0,1275100000.0,0.0,,,,,3500000.0,166500000.0,1.0,328166547.0,328166547.0,,3.886,7308400000.0,683500000.0,41600000.0,0.0,22.27,
35,DHI,MRQ,2012-09-30,2012-09-30,2012-09-30,2021-07-23,200000.0,7248200000.0,,,,,11.25,-9800000.0,1097000000.0,1097000000.0,1066400000.0,100100000.0,,1.017,2493100000.0,,,2493100000.0,0.0,4400000.0,0.0,0.007,0.037,104400000.0,108800000.0,0.081,108800000.0,104400000.0,99200000.0,0.31,0.3,0.31,3592100000.0,,3592100000.0,7734375029.0,32.0,29.554,-128000000.0,-0.401,1.0,269800000.0,0.202,38900000.0,5200000.0,8605400000.0,,4165200000.0,643300000.0,,,3653500000.0,,,6585475029.0,144000000.0,-96500000.0,20600000.0,385300000.0,-12000000.0,393900000.0,-131700000.0,-17600000.0,-118200000.0,0.0,100100000.0,100100000.0,100100000.0,0.0,0.0,0.075,171400000.0,98400000.0,266600000.0,0.119,1.833,6.886,6.852,72600000.0,0.0,20.625,1.513,1.513,0.0,1743100000.0,1336200000.0,1336200000.0,0.0,,,,,3800000.0,171400000.0,1.0,319295759.0,319295759.0,,4.185,7209300000.0,723900000.0,-900000.0,0.0,22.579,
36,DHI,MRQ,2012-06-30,2012-06-30,2012-06-30,2021-07-23,0.0,6657000000.0,,,,,10.958,-18300000.0,946400000.0,946400000.0,917900000.0,787800000.0,,0.907,2095300000.0,,,2095300000.0,0.0,4600000.0,0.0,0.008,0.037,70600000.0,75200000.0,0.065,75200000.0,70600000.0,72200000.0,2.47,2.22,2.47,3488700000.0,,3488700000.0,6887857013.0,39.0,35.071,-112900000.0,-0.355,1.0,232100000.0,0.202,15900000.0,-1600000.0,7790000000.0,,3861600000.0,578800000.0,,,3165400000.0,,,5851657013.0,225100000.0,0.0,8700000.0,328700000.0,-12000000.0,325400000.0,-5700000.0,13400000.0,-94600000.0,0.0,787800000.0,787800000.0,787800000.0,0.0,0.0,0.685,157900000.0,74200000.0,227800000.0,0.015,1.677,6.561,6.541,66700000.0,0.0,18.38,1.422,1.422,0.0,1655000000.0,1150000000.0,1150000000.0,0.0,,,,,4200000.0,157900000.0,1.0,318370893.0,318370893.0,,3.612,6641100000.0,729600000.0,-715600000.0,0.0,20.86,
37,DHI,MRQ,2012-03-31,2012-03-31,2012-03-31,2021-07-23,100000.0,5484900000.0,,,,,8.521,-3100000.0,720500000.0,720500000.0,771200000.0,40600000.0,,1.03,1756700000.0,,,1756700000.0,0.0,4800000.0,0.0,0.01,0.037,43100000.0,47900000.0,0.05,47900000.0,43100000.0,42300000.0,0.13,0.13,0.13,2700000000.0,,2700000000.0,5752449589.0,42.0,37.017,-80800000.0,-0.255,1.0,190000000.0,0.198,15900000.0,800000.0,6505200000.0,,3636700000.0,596400000.0,,,2781900000.0,,,4806849589.0,-58300000.0,0.0,17000000.0,17500000.0,-11900000.0,22600000.0,-3200000.0,-4000000.0,-77700000.0,0.0,40600000.0,40600000.0,40600000.0,0.0,0.0,0.042,147100000.0,42900000.0,204100000.0,0.285,1.78,36.196,35.279,53400000.0,0.0,15.17,1.212,1.212,0.0,879100000.0,961200000.0,961200000.0,0.0,,,,,5100000.0,147100000.0,1.0,316865497.0,316865497.0,,3.033,5469000000.0,12900000.0,1700000.0,0.0,17.26,
38,DHI,MRQ,2011-12-31,2011-12-31,2011-12-31,2021-07-23,200000.0,5363400000.0,,,,,8.196,-2400000.0,782700000.0,782700000.0,737000000.0,27700000.0,,1.023,1728300000.0,,,1728300000.0,0.0,5000000.0,0.0,0.012,0.037,30100000.0,35100000.0,0.039,35100000.0,30100000.0,29200000.0,0.09,0.09,0.09,2649400000.0,,2649400000.0,4999084644.0,81.0,61.114,-4100000.0,-0.013,1.0,169600000.0,0.187,15900000.0,900000.0,6293100000.0,,3478900000.0,574600000.0,,,2711100000.0,,,4076184644.0,5500000.0,0.0,4600000.0,16900000.0,-11900000.0,9600000.0,-2400000.0,-4500000.0,-1700000.0,0.0,27700000.0,27700000.0,27700000.0,0.0,0.0,0.031,137900000.0,31700000.0,182300000.0,0.411,1.539,33.968,32.333,55000000.0,0.0,12.61,1.085,1.085,0.0,850400000.0,906600000.0,906600000.0,0.0,,,,,5000000.0,137900000.0,1.0,323250170.0,323250170.0,,2.805,5347500000.0,12400000.0,1500000.0,0.0,16.543,
39,DHI,MRQ,2011-09-30,2011-09-30,2011-09-30,2021-07-23,100000.0,5358400000.0,,,,,8.293,-3500000.0,781700000.0,781700000.0,914100000.0,35800000.0,,1.044,1704600000.0,,,1704600000.0,0.0,5000000.0,0.0,0.017,0.037,33200000.0,38200000.0,0.035,38200000.0,33200000.0,33900000.0,0.12,0.12,0.12,2620600000.0,,2620600000.0,3845785535.0,318.0,120.181,90700000.0,0.287,1.0,184200000.0,0.168,15900000.0,-700000.0,6265400000.0,,3449700000.0,591700000.0,,,2734900000.0,,,2856785535.0,-108400000.0,0.0,700000.0,-182600000.0,-11900000.0,-193800000.0,-8800000.0,-6600000.0,94200000.0,0.0,35800000.0,35800000.0,35800000.0,0.0,0.0,0.033,144100000.0,40100000.0,200500000.0,0.308,1.09,39.788,39.304,57600000.0,0.0,9.04,0.786,0.786,0.0,834600000.0,1098300000.0,1098300000.0,0.0,,,,,4300000.0,144100000.0,1.0,316016099.0,316016099.0,,3.475,5342500000.0,12400000.0,-1900000.0,0.0,16.906,
40,DHI,MRQ,2011-06-30,2011-06-30,2011-06-30,2021-07-23,300000.0,5504800000.0,,,,,8.115,-4600000.0,891400000.0,891400000.0,824100000.0,28700000.0,,1.123,1880400000.0,,,1880400000.0,0.0,5000000.0,0.0,0.013,0.037,29200000.0,34200000.0,0.034,34200000.0,29200000.0,28900000.0,0.09,0.09,0.09,2591500000.0,,2591500000.0,4557271782.0,-204.0,-1752.797,-58800000.0,-0.184,1.0,175100000.0,0.175,15900000.0,300000.0,6477900000.0,,3500800000.0,583300000.0,,,2911200000.0,,,3679071782.0,-240100000.0,0.0,-37100000.0,-120100000.0,-11900000.0,-169100000.0,-16800000.0,-6800000.0,-54200000.0,0.0,28700000.0,28700000.0,28700000.0,0.0,0.0,0.029,133000000.0,42100000.0,218400000.0,0.411,1.42,134.765,128.0,58900000.0,0.0,11.52,1.055,1.055,0.0,810700000.0,999200000.0,999200000.0,0.0,,,,,3300000.0,133000000.0,1.0,319363870.0,319363870.0,,3.129,5488900000.0,14000000.0,200000.0,0.0,17.187,
41,DHI,MRQ,2011-03-31,2011-03-31,2011-03-31,2021-07-23,0.0,5621300000.0,,,,,8.168,-4500000.0,1126100000.0,1126100000.0,628300000.0,27800000.0,,1.154,2004300000.0,,,2004300000.0,0.0,5000000.0,0.0,0.013,0.037,-30700000.0,-25700000.0,-0.034,-25700000.0,-30700000.0,-30800000.0,0.09,0.09,0.09,2608400000.0,,2608400000.0,4503605102.0,-1001.0,310.593,-75100000.0,-0.235,1.0,122800000.0,0.163,15900000.0,100000.0,6483600000.0,,3474000000.0,498600000.0,,,3010900000.0,,,3720205102.0,-140000000.0,0.0,700000.0,-57600000.0,-12000000.0,-68900000.0,-500000.0,2800000.0,-70600000.0,0.0,27800000.0,27800000.0,27800000.0,0.0,0.0,0.037,141400000.0,-18600000.0,186000000.0,0.411,1.426,75.768,72.812,59200000.0,0.0,11.65,0.955,0.955,0.0,794000000.0,751100000.0,751100000.0,0.0,,,,,3200000.0,141400000.0,1.0,319330910.0,319330910.0,,2.352,5605400000.0,14000000.0,-58600000.0,0.0,17.554,
42,DHI,MRQ,2010-12-31,2010-12-31,2010-12-31,2021-07-23,0.0,5726700000.0,,,,,8.026,-3700000.0,1267300000.0,1267300000.0,656800000.0,-20400000.0,,1.212,2050700000.0,,,2050700000.0,0.0,4900000.0,0.0,0.013,0.037,-19600000.0,-14700000.0,-0.019,-14700000.0,-19600000.0,-19900000.0,-0.06,-0.06,-0.06,2588600000.0,,2588600000.0,4656628735.0,121.0,81.839,45800000.0,0.142,1.0,131400000.0,0.167,15900000.0,300000.0,6494200000.0,,3411900000.0,485100000.0,,,3136100000.0,,,3847828735.0,-88200000.0,0.0,500000.0,-129000000.0,-12000000.0,-140500000.0,2800000.0,-1000000.0,49500000.0,0.0,-20400000.0,-20400000.0,-20400000.0,0.0,0.0,-0.026,137900000.0,-6500000.0,168700000.0,-0.617,1.486,117.671,108.455,60000000.0,0.0,11.93,0.949,0.949,0.0,778200000.0,788200000.0,788200000.0,0.0,,,,,3400000.0,137900000.0,1.0,322533842.0,322533842.0,,2.444,5710800000.0,14300000.0,500000.0,0.0,17.706,
43,DHI,MRQ,2010-09-30,2010-09-30,2010-09-30,2021-07-23,300000.0,5938600000.0,,,,,8.209,-3600000.0,1363000000.0,1363000000.0,798000000.0,-8800000.0,,1.269,2171800000.0,,,2171800000.0,0.0,4800000.0,0.0,0.013,0.037,-1200000.0,3600000.0,0.004,3600000.0,-1200000.0,-1700000.0,-0.03,-0.01,-0.03,2613200000.0,,2613200000.0,4455564401.0,44.0,37.192,118700000.0,0.373,1.0,150500000.0,0.159,15900000.0,500000.0,6731500000.0,,3449000000.0,551500000.0,,,3315700000.0,,,3539664401.0,-83200000.0,0.0,3000000.0,-197100000.0,-11900000.0,-206100000.0,600000.0,-900000.0,122300000.0,0.0,-8800000.0,-8800000.0,-8800000.0,0.0,0.0,-0.009,142000000.0,8500000.0,186700000.0,-1.233,1.355,14.442,14.442,60500000.0,0.0,11.12,0.804,0.804,0.0,810600000.0,948500000.0,948500000.0,0.0,,,,,3700000.0,142000000.0,1.0,318315144.0,318315144.0,,2.98,5922700000.0,16000000.0,7100000.0,0.0,18.606,
44,DHI,MRQ,2010-06-30,2010-06-30,2010-06-30,2021-07-23,100000.0,6211400000.0,,,,,8.256,-7900000.0,1451300000.0,1451300000.0,1171500000.0,50500000.0,,1.361,2367200000.0,,,2367200000.0,0.0,4300000.0,0.0,0.015,0.037,47000000.0,51300000.0,0.036,51300000.0,47000000.0,46300000.0,0.16,0.16,0.16,2627000000.0,,2627000000.0,4067455887.0,-32.0,-37.802,151400000.0,0.476,1.0,234600000.0,0.167,15900000.0,700000.0,7111400000.0,,3565000000.0,614300000.0,,,3574600000.0,,,3127855887.0,-247100000.0,0.0,600000.0,-278300000.0,-12000000.0,-289700000.0,-116700000.0,-100300000.0,159300000.0,0.0,50500000.0,50500000.0,50500000.0,0.0,0.0,0.036,164700000.0,69900000.0,257300000.0,0.231,1.191,164.624,163.833,61300000.0,0.0,9.83,0.698,0.698,0.0,831300000.0,1406100000.0,1406100000.0,0.0,,,,,3200000.0,164700000.0,1.0,318194902.0,318194902.0,,4.419,6195500000.0,32600000.0,-4200000.0,0.0,19.471,
45,DHI,MRQ,2010-03-31,2010-03-31,2010-03-31,2021-07-23,-200000.0,6459300000.0,,,,,8.129,-5200000.0,1689900000.0,1689900000.0,737600000.0,11400000.0,,1.496,2629500000.0,,,2629500000.0,0.0,4400000.0,0.0,0.012,0.037,12300000.0,16700000.0,0.018,16700000.0,12300000.0,12100000.0,0.04,0.04,0.04,2584500000.0,,2584500000.0,4932915889.0,-15.0,-15.606,202600000.0,0.637,1.0,175900000.0,0.193,15900000.0,200000.0,7383000000.0,,3763500000.0,435800000.0,,,3865400000.0,,,4006015889.0,-296600000.0,0.0,2000000.0,-293000000.0,-11900000.0,-302900000.0,-201500000.0,-199100000.0,207800000.0,0.0,11400000.0,11400000.0,11400000.0,0.0,0.0,0.012,146400000.0,29500000.0,286500000.0,0.925,1.55,-22.852,-22.909,57100000.0,0.0,12.6,1.0,1.0,0.0,792800000.0,913500000.0,913500000.0,0.0,,,,,3300000.0,146400000.0,1.0,317937769.0,317937769.0,,2.873,6443400000.0,29400000.0,700000.0,0.0,20.266,
46,DHI,MRQ,2009-12-31,2009-12-31,2009-12-31,2021-07-23,0.0,6692100000.0,,,,,8.032,-2500000.0,1989300000.0,1989300000.0,920600000.0,192000000.0,,1.59,2916200000.0,,,2916200000.0,0.0,4900000.0,0.0,0.014,0.037,43300000.0,48200000.0,0.043,48200000.0,43300000.0,42800000.0,0.6,0.56,0.6,2580800000.0,,2580800000.0,4757605674.0,-11.0,-11.09,217500000.0,0.677,1.0,211600000.0,0.187,15900000.0,500000.0,7603100000.0,,3584800000.0,164700000.0,,,4102900000.0,,,3492805674.0,-21100000.0,0.0,2000000.0,-233700000.0,-11900000.0,-240700000.0,-400000.0,0.0,220000000.0,0.0,192000000.0,192000000.0,192000000.0,0.0,0.0,0.17,147100000.0,64500000.0,229600000.0,0.062,1.353,-11.828,-11.688,55700000.0,0.0,10.87,0.902,0.902,0.0,793300000.0,1132200000.0,1132200000.0,0.0,,,,,300000.0,147100000.0,1.0,321325269.0,321325269.0,,3.524,6676200000.0,381700000.0,-149200000.0,0.0,20.777,
47,DHI,MRQ,2009-09-30,2009-09-30,2009-09-30,2021-07-23,0.0,6756800000.0,,,,,7.543,0.0,2012500000.0,2012500000.0,1079400000.0,-234900000.0,,1.821,3145300000.0,,,3145300000.0,0.0,5000000.0,0.0,0.013,0.037,-228800000.0,-223800000.0,-0.218,-223800000.0,-228800000.0,-229100000.0,-0.74,-0.74,-0.74,2391800000.0,,2391800000.0,4911391420.0,-9.0,-9.274,39200000.0,0.124,1.0,-50600000.0,-0.049,15900000.0,300000.0,7873700000.0,,3666700000.0,220800000.0,,,4356200000.0,,,3618091420.0,-45000000.0,0.0,2400000.0,-81200000.0,-11900000.0,-91000000.0,6800000.0,0.0,39200000.0,0.0,-234900000.0,-234900000.0,-234900000.0,0.0,0.0,-0.228,154400000.0,-205000000.0,278900000.0,-0.05,1.513,-6.581,-6.595,57800000.0,0.0,11.41,0.989,0.989,0.0,613200000.0,1028800000.0,1028800000.0,0.0,,,,,4000000.0,154400000.0,1.0,317098284.0,317098284.0,,3.244,6740900000.0,293100000.0,5800000.0,0.0,21.258,
48,DHI,MRQ,2009-06-30,2009-06-30,2009-06-30,2021-07-23,0.0,6779500000.0,,,,,7.881,-1700000.0,2064300000.0,2064300000.0,922500000.0,-143800000.0,,1.714,3357600000.0,,,3357600000.0,0.0,6000000.0,0.0,0.02,0.037,-163200000.0,-157200000.0,-0.169,-157200000.0,-163200000.0,-163400000.0,-0.45,-0.45,-0.45,2497700000.0,,2497700000.0,4363129632.0,-3.0,-2.991,122400000.0,0.386,1.0,10400000.0,0.011,15900000.0,200000.0,8056900000.0,,3873300000.0,222700000.0,,,4281800000.0,,,2966329632.0,487100000.0,0.0,700000.0,436400000.0,-11800000.0,425400000.0,-62400000.0,0.0,124100000.0,0.0,-143800000.0,-143800000.0,-143800000.0,0.0,0.0,-0.154,152400000.0,-142000000.0,217400000.0,-0.082,1.188,-2.661,-2.659,62500000.0,0.0,9.36,0.672,0.672,0.0,861500000.0,932900000.0,932900000.0,0.0,,,,,3500000.0,152400000.0,1.0,316915559.0,316915559.0,,2.944,6763600000.0,290300000.0,-19600000.0,0.0,21.342,
49,DHI,MRQ,2009-03-31,2009-03-31,2009-03-31,2021-07-23,0.0,6477700000.0,,,,,8.357,-2000000.0,1515200000.0,1515200000.0,720300000.0,-108600000.0,,1.447,2912000000.0,,,2912000000.0,0.0,6500000.0,0.0,0.023,0.037,-102700000.0,-96200000.0,-0.124,-96200000.0,-102700000.0,-103000000.0,-0.34,-0.34,-0.34,2647300000.0,,2647300000.0,4620748691.0,-3.0,-2.772,158900000.0,0.502,1.0,57700000.0,0.074,15900000.0,300000.0,7858600000.0,,4168000000.0,187600000.0,,,3830400000.0,,,3072548691.0,-397900000.0,0.0,1200000.0,-546400000.0,-11900000.0,-556900000.0,-1900000.0,0.0,160900000.0,0.0,-108600000.0,-108600000.0,-108600000.0,0.0,0.0,-0.14,144100000.0,-86400000.0,194100000.0,-0.109,1.161,-2.242,-2.24,66600000.0,0.0,9.7,0.622,0.622,0.0,1015600000.0,778000000.0,778000000.0,0.0,,,,,3200000.0,144100000.0,1.0,316757597.0,316757597.0,,2.456,6461800000.0,268000000.0,5600000.0,0.0,20.4,
50,DHI,MRQ,2008-12-31,2008-12-31,2008-12-31,2021-07-23,0.0,7174900000.0,,,,,8.626,-2500000.0,1913100000.0,1913100000.0,816600000.0,-62600000.0,,1.597,3461300000.0,,,3461300000.0,0.0,8200000.0,0.0,0.048,0.037,-60600000.0,-52400000.0,-0.057,-52400000.0,-60600000.0,-61300000.0,-0.2,-0.2,-0.2,2762900000.0,,2762900000.0,4625730642.0,-2.0,-1.895,814500000.0,2.543,1.0,101400000.0,0.11,15900000.0,700000.0,8707200000.0,,4426100000.0,204200000.0,,,4412000000.0,,,2264630642.0,525800000.0,0.0,100000.0,-277500000.0,-11900000.0,-289300000.0,-1900000.0,0.0,817000000.0,0.0,-62600000.0,-62600000.0,-62600000.0,0.0,0.0,-0.068,150200000.0,-48800000.0,182600000.0,-0.185,0.82,-0.882,-0.87,70700000.0,0.0,7.07,0.389,0.389,0.0,1136000000.0,918000000.0,918000000.0,0.0,,,,,3000000.0,150200000.0,1.0,320315508.0,320315508.0,,2.866,7159000000.0,268000000.0,1300000.0,0.0,22.35,
51,DHI,MRQ,2008-09-30,2008-09-30,2008-09-30,2021-07-23,0.0,7950600000.0,,,,,8.952,2500000.0,1389300000.0,1389300000.0,2656700000.0,-799800000.0,,1.805,3748400000.0,,,3748400000.0,0.0,11100000.0,0.0,0.035,0.075,-1164200000.0,-1153100000.0,-0.647,-1153100000.0,-1164200000.0,-1165200000.0,-2.53,-2.53,-2.53,2834300000.0,,2834300000.0,6939144962.0,-3.0,-2.695,481500000.0,1.521,1.0,-874300000.0,-0.491,15900000.0,1000000.0,10293800000.0,,4683200000.0,352100000.0,,,5116300000.0,,,4122244962.0,536100000.0,0.0,300000.0,80300000.0,-23800000.0,54100000.0,3000000.0,0.0,479000000.0,0.0,-799800000.0,-799800000.0,-799800000.0,0.0,0.0,-0.449,199400000.0,-1073700000.0,281500000.0,-0.03,1.454,-1.565,-1.561,65900000.0,0.0,13.02,0.62,0.62,0.0,1210500000.0,1782400000.0,1782400000.0,0.0,,,,,6600000.0,199400000.0,1.0,316608676.0,316608676.0,,5.63,7934700000.0,889700000.0,-365400000.0,0.0,25.062,
52,DHI,MRQ,2008-06-30,2008-06-30,2008-06-30,2021-07-23,0.0,8464500000.0,,,,,11.58,-2300000.0,851200000.0,851200000.0,1616300000.0,-399300000.0,,1.314,3668100000.0,,,3668100000.0,0.0,13000000.0,0.0,0.048,0.075,-378500000.0,-365500000.0,-0.25,-365500000.0,-378500000.0,-379100000.0,-1.26,-1.26,-1.26,3657800000.0,,3657800000.0,6611085203.0,-4.0,-4.399,385200000.0,1.219,1.0,-152100000.0,-0.104,95300000.0,600000.0,11186100000.0,,6396700000.0,246400000.0,,,4806700000.0,,,3427185203.0,290300000.0,0.0,2800000.0,-77600000.0,-23700000.0,-97800000.0,600000.0,0.0,387500000.0,0.0,-399300000.0,-399300000.0,-399300000.0,0.0,0.0,-0.273,217800000.0,-369900000.0,302400000.0,-0.06,0.937,-1.819,-1.817,78900000.0,0.0,10.85,0.426,0.426,0.0,2034100000.0,1464200000.0,1464200000.0,0.0,,,,,3200000.0,217800000.0,1.0,315869604.0,315869604.0,,4.635,8369200000.0,518700000.0,20200000.0,0.0,26.496,
53,DHI,MRQ,2008-03-31,2008-03-31,2008-03-31,2021-07-23,0.0,8955200000.0,,,,,12.923,-2700000.0,560900000.0,560900000.0,2302800000.0,-1305600000.0,,1.199,3744800000.0,,,3744800000.0,0.0,14200000.0,0.0,0.038,0.15,-883800000.0,-869600000.0,-0.525,-869600000.0,-883800000.0,-884600000.0,-4.14,-4.14,-4.14,4072800000.0,,4072800000.0,8558705208.0,-4.0,-3.841,449600000.0,1.427,1.0,-645900000.0,-0.39,95300000.0,800000.0,12043800000.0,,7065400000.0,307100000.0,,,4882400000.0,,,4963605208.0,431800000.0,0.0,6000000.0,21600000.0,-47200000.0,-17800000.0,-2700000.0,0.0,452300000.0,0.0,-1305600000.0,-1305600000.0,-1305600000.0,0.0,0.0,-0.788,231100000.0,-877000000.0,309600000.0,-0.036,1.219,-2.15,-2.149,88900000.0,0.0,15.75,0.541,0.541,0.0,2457100000.0,1656900000.0,1656900000.0,0.0,,,,,1200000.0,231100000.0,1.0,315149537.0,315149537.0,,5.258,8859900000.0,545500000.0,421000000.0,0.0,28.113,
54,DHI,MRQ,2007-12-31,2007-12-31,2007-12-31,2021-07-23,0.0,10401000000.0,,,,,16.993,-4100000.0,129100000.0,129100000.0,1706000000.0,-128800000.0,,0.921,3724200000.0,,,3724200000.0,0.0,14900000.0,0.0,0.046,0.15,-201600000.0,-186700000.0,-0.107,-186700000.0,-201600000.0,-202900000.0,-0.41,-0.41,-0.41,5414100000.0,,5414100000.0,8303261157.0,-6.0,-6.631,553600000.0,1.738,1.0,36600000.0,0.021,95300000.0,1300000.0,13900800000.0,,8586300000.0,245100000.0,,,4986900000.0,,,4196061157.0,-140500000.0,0.0,400000.0,-647400000.0,-47300000.0,-694100000.0,-4100000.0,0.0,557700000.0,0.0,-128800000.0,-128800000.0,-128800000.0,0.0,0.0,-0.074,243600000.0,-207000000.0,374700000.0,-0.366,0.775,-4.412,-4.347,99900000.0,0.0,13.17,0.413,0.413,0.0,3810000000.0,1742600000.0,1742600000.0,0.0,,,,,2500000.0,243600000.0,1.0,318607529.0,318607529.0,,5.469,10305700000.0,940000000.0,-74100000.0,0.0,32.346,
55,DHI,MRQ,2007-09-30,2007-09-30,2007-09-30,2021-07-23,0.0,11556300000.0,,,,,17.751,-7100000.0,269600000.0,269600000.0,2906500000.0,-50200000.0,,1.068,4376800000.0,,,4376800000.0,0.0,16100000.0,0.0,0.047,0.15,-97100000.0,-81000000.0,-0.026,-81000000.0,-97100000.0,-100200000.0,-0.16,-0.16,-0.16,5586900000.0,,5586900000.0,8887827137.0,-10.0,-10.296,801200000.0,2.546,1.0,265900000.0,0.084,95300000.0,3100000.0,15568200000.0,,9343500000.0,523500000.0,,,5969400000.0,,,4031827137.0,208800000.0,0.0,2700000.0,-549800000.0,-47200000.0,-592400000.0,-7100000.0,0.0,808300000.0,0.0,-50200000.0,-50200000.0,-50200000.0,0.0,0.0,-0.016,317100000.0,-51200000.0,590900000.0,-0.938,0.722,-5.659,-5.643,110200000.0,0.0,12.81,0.357,0.357,0.0,3986100000.0,3172400000.0,3172400000.0,0.0,,,,,1400000.0,317100000.0,1.0,314740604.0,314740604.0,,10.079,11461000000.0,863800000.0,-50000000.0,0.0,36.414,
56,DHI,MRQ,2007-06-30,2007-06-30,2007-06-30,2021-07-23,0.0,12494000000.0,,,,,18.076,-8400000.0,60800000.0,60800000.0,2976400000.0,-823800000.0,,1.201,4916800000.0,,,4916800000.0,0.0,16300000.0,0.0,0.03,0.15,-1107300000.0,-1091000000.0,-0.42,-1091000000.0,-1107300000.0,-1111400000.0,-2.62,-2.62,-2.62,5677700000.0,,5677700000.0,11142037283.0,-30.0,-36.152,65000000.0,0.207,1.0,-378300000.0,-0.146,153300000.0,4100000.0,17196700000.0,,10587300000.0,469000000.0,,,6816300000.0,,,6260137283.0,-157800000.0,0.0,2300000.0,-181400000.0,-47100000.0,-222800000.0,-8400000.0,0.0,73400000.0,0.0,-823800000.0,-823800000.0,-823800000.0,0.0,0.0,-0.317,303500000.0,-681800000.0,832400000.0,-0.057,1.103,-16.273,-16.203,117900000.0,0.0,19.93,0.481,0.481,0.0,4083500000.0,2598100000.0,2598100000.0,0.0,,,,,-400000.0,303500000.0,1.0,314106236.0,314106236.0,,8.271,12340700000.0,735900000.0,-287600000.0,0.0,39.288,
57,DHI,MRQ,2007-03-31,2007-03-31,2007-03-31,2021-07-23,0.0,13510500000.0,,,,,20.838,-13100000.0,218600000.0,218600000.0,2244700000.0,51700000.0,,1.066,5100500000.0,,,5100500000.0,0.0,16300000.0,0.0,0.025,0.15,90200000.0,106500000.0,0.04,106500000.0,90200000.0,83400000.0,0.16,0.16,0.16,6539500000.0,,6539500000.0,11913213876.0,10.0,9.322,165200000.0,0.526,1.0,413400000.0,0.156,578900000.0,6800000.0,17813500000.0,,11209200000.0,568600000.0,,,6971000000.0,,,6904113876.0,78800000.0,0.0,4400000.0,-45900000.0,-47100000.0,-86400000.0,-13100000.0,0.0,178300000.0,0.0,51700000.0,51700000.0,51700000.0,0.0,0.0,0.019,334400000.0,79000000.0,806700000.0,0.938,1.056,9.433,9.442,125100000.0,0.0,22.0,0.49,0.49,0.0,4954300000.0,2658100000.0,2658100000.0,0.0,,,,,900000.0,334400000.0,1.0,313823358.0,313823358.0,,8.47,12931600000.0,0.0,31700000.0,0.0,41.207,
58,DHI,MRQ,2006-12-31,2006-12-31,2006-12-31,2021-07-23,0.0,13668700000.0,,,,,20.569,-11200000.0,139800000.0,139800000.0,2357500000.0,109700000.0,,1.095,5148900000.0,,,5148900000.0,0.0,15700000.0,0.0,0.019,0.15,186600000.0,202300000.0,0.071,202300000.0,186600000.0,176900000.0,0.35,0.35,0.35,6524800000.0,,6524800000.0,13645586013.0,8.0,7.744,284300000.0,0.896,1.0,510500000.0,0.178,578900000.0,9700000.0,18098900000.0,,11342600000.0,652200000.0,,,7143900000.0,,,8402886013.0,-447800000.0,0.0,3300000.0,-939100000.0,-47000000.0,-732100000.0,-11200000.0,0.0,295500000.0,0.0,109700000.0,109700000.0,109700000.0,0.0,0.0,0.038,340300000.0,170200000.0,833500000.0,0.429,1.288,8.134,8.027,127400000.0,0.0,26.49,0.56,0.56,0.0,4949700000.0,2868000000.0,2868000000.0,0.0,,,,,600000.0,340300000.0,1.0,317209740.0,317209740.0,,9.041,13089800000.0,0.0,67200000.0,0.0,41.265,
59,DHI,MRQ,2006-09-30,2006-09-30,2006-09-30,2021-07-23,0.0,14820700000.0,,,,,20.609,-17100000.0,835900000.0,835900000.0,3971500000.0,277700000.0,,1.297,6078600000.0,,,6078600000.0,0.0,15800000.0,0.0,0.018,0.15,458200000.0,474000000.0,0.097,474000000.0,458200000.0,445800000.0,0.88,0.88,0.88,6452900000.0,,6452900000.0,13553029038.0,7.0,6.514,856200000.0,2.734,1.0,911300000.0,0.187,578900000.0,12400000.0,19484500000.0,,11343100000.0,1022900000.0,,,8367800000.0,,,7499129038.0,427500000.0,0.0,3900000.0,-138500000.0,-47000000.0,-428700000.0,-17100000.0,0.0,873300000.0,0.0,277700000.0,277700000.0,277700000.0,0.0,0.0,0.057,464300000.0,447000000.0,1041100000.0,0.17,1.162,6.081,6.079,131400000.0,0.0,23.95,0.498,0.498,0.0,4887000000.0,4882800000.0,4882800000.0,0.0,,,,,2500000.0,464300000.0,1.0,313116035.0,313116035.0,,15.594,14241800000.0,374000000.0,168100000.0,0.0,45.484,
60,DHI,MRQ,2006-06-30,2006-06-30,2006-06-30,2021-07-23,0.0,14559700000.0,,,,,19.874,-31100000.0,160100000.0,160100000.0,2795400000.0,292800000.0,,1.343,6214000000.0,,,6214000000.0,0.0,14300000.0,0.0,0.016,0.1,480900000.0,495200000.0,0.135,495200000.0,480900000.0,472200000.0,0.94,0.93,0.94,6214100000.0,,6214100000.0,12693322243.0,5.0,5.012,-779500000.0,-2.493,1.0,872400000.0,0.238,578900000.0,8700000.0,20034700000.0,,12005400000.0,846100000.0,,,8345600000.0,,,7447822243.0,-118100000.0,0.0,2100000.0,687400000.0,-31200000.0,661400000.0,-31100000.0,0.0,-748400000.0,0.0,292800000.0,292800000.0,292800000.0,0.0,0.0,0.08,407200000.0,465200000.0,981800000.0,0.106,1.199,4.901,4.901,130700000.0,0.0,23.82,0.488,0.488,0.0,4656300000.0,3667800000.0,3667800000.0,0.0,,,,,100000.0,407200000.0,1.0,312670959.0,312670959.0,,11.731,13980800000.0,0.0,179400000.0,0.0,44.714,
61,DHI,MRQ,2006-03-31,2006-03-31,2006-03-31,2021-07-23,0.0,13511000000.0,,,,,19.025,-16700000.0,278200000.0,278200000.0,2614900000.0,352800000.0,,1.273,5523700000.0,,,5523700000.0,0.0,13700000.0,0.0,0.011,0.1,576800000.0,590500000.0,0.164,590500000.0,576800000.0,569000000.0,1.13,1.11,1.13,5944000000.0,,5944000000.0,15268191097.0,6.0,5.744,-319800000.0,-1.024,1.0,982700000.0,0.273,578900000.0,7800000.0,18177600000.0,,10852400000.0,717200000.0,,,7567000000.0,,,10378691097.0,53000000.0,0.0,1500000.0,400200000.0,-31200000.0,372800000.0,-16700000.0,0.0,-303100000.0,0.0,352800000.0,352800000.0,352800000.0,0.0,0.0,0.098,414300000.0,568400000.0,839900000.0,0.088,1.746,6.493,6.501,115200000.0,0.0,33.22,0.693,0.693,0.0,4394800000.0,3597600000.0,3597600000.0,0.0,,,,,100000.0,414300000.0,1.0,312422971.0,312422971.0,,11.515,12932100000.0,0.0,216200000.0,0.0,41.393,
62,DHI,MRQ,2005-12-31,2005-12-31,2005-12-31,2021-07-23,0.0,12813300000.0,,,,,17.938,-18400000.0,225200000.0,225200000.0,2036400000.0,310100000.0,,1.283,5114700000.0,,,5114700000.0,0.0,12700000.0,0.0,0.009,0.09,508300000.0,521000000.0,0.179,521000000.0,508300000.0,500100000.0,0.99,0.98,0.99,5612900000.0,,5612900000.0,15040998401.0,6.0,5.873,-1031000000.0,-3.295,1.0,866700000.0,0.299,578900000.0,8200000.0,17123900000.0,,10074100000.0,907100000.0,,,7200400000.0,,,11281198401.0,-924600000.0,0.0,-31900000.0,163700000.0,-28200000.0,106400000.0,-18400000.0,0.0,-1012600000.0,0.0,310100000.0,310100000.0,310100000.0,0.0,0.0,0.107,373000000.0,493700000.0,785800000.0,0.091,2.01,7.327,7.262,112900000.0,0.0,35.73,0.792,0.785,0.0,4073200000.0,2903100000.0,2903100000.0,0.0,,,,,-300000.0,373000000.0,1.0,315734632.0,312900000.0,317600000.0,9.278,12234400000.0,0.0,190000000.0,0.0,39.1,
63,DHI,MRQ,2005-09-30,2005-09-30,2005-09-30,2021-07-23,0.0,12514800000.0,,,,,17.135,-23500000.0,1149800000.0,1149800000.0,3755100000.0,563800000.0,,1.335,4909600000.0,,,4909600000.0,0.0,13600000.0,0.0,0.008,0.09,912100000.0,925700000.0,0.182,925700000.0,912100000.0,904400000.0,1.8,1.77,1.8,5360400000.0,,5360400000.0,15521803390.0,6.0,6.34,456700000.0,1.46,1.0,1341700000.0,0.263,578900000.0,7700000.0,15695700000.0,,8486800000.0,1358700000.0,,,7154400000.0,,,11330503390.0,978000000.0,0.0,3300000.0,546200000.0,-28200000.0,521300000.0,-23500000.0,0.0,480200000.0,0.0,563800000.0,563800000.0,563800000.0,0.0,0.0,0.111,442400000.0,899300000.0,844700000.0,0.05,2.114,7.705,7.69,107200000.0,0.0,36.22,0.817,0.817,0.0,3791300000.0,5096800000.0,5096800000.0,0.0,,,,,0.0,442400000.0,1.0,312824500.0,312824500.0,,16.293,11935900000.0,0.0,340600000.0,0.0,38.155,
64,DHI,MRQ,2005-06-30,2005-06-30,2005-06-30,2021-07-23,0.0,11044500000.0,,,,,15.436,-15900000.0,171800000.0,171800000.0,2430700000.0,371700000.0,,1.291,4363100000.0,,,4363100000.0,0.0,12400000.0,0.0,0.007,0.09,608500000.0,620900000.0,0.184,620900000.0,608500000.0,604400000.0,1.19,1.17,1.19,4820300000.0,,4820300000.0,15512318854.0,8.0,7.368,-402700000.0,-1.29,1.0,939500000.0,0.279,578900000.0,4100000.0,14656900000.0,,8622400000.0,828700000.0,,,6224200000.0,,,11744518854.0,-401000000.0,0.0,8800000.0,21000000.0,-28100000.0,1700000.0,-15900000.0,0.0,-386800000.0,0.0,371700000.0,371700000.0,371700000.0,0.0,0.0,0.11,340500000.0,599000000.0,739400000.0,0.076,2.436,9.348,9.356,97800000.0,0.0,37.61,0.957,0.957,0.0,3255700000.0,3370200000.0,3370200000.0,0.0,,,,,0.0,340500000.0,1.0,312271174.0,312271174.0,,10.793,10465600000.0,0.0,232700000.0,0.0,33.514,
65,DHI,MRQ,2005-03-31,2005-03-31,2005-03-31,2021-07-23,0.0,10540500000.0,,,,,14.331,-14700000.0,572800000.0,572800000.0,2107400000.0,294000000.0,,1.358,4340600000.0,,,4340600000.0,0.0,12800000.0,0.0,0.008,0.068,480600000.0,493400000.0,0.172,493400000.0,480600000.0,478000000.0,0.94,0.92,0.94,4469400000.0,,4469400000.0,12688775056.0,7.0,6.653,-169700000.0,-0.544,1.0,769300000.0,0.267,578900000.0,2600000.0,13729400000.0,,7926700000.0,648300000.0,,,6071100000.0,,,9118975056.0,215800000.0,0.0,6500000.0,400500000.0,-21500000.0,385500000.0,-14700000.0,0.0,-155000000.0,0.0,294000000.0,294000000.0,294000000.0,0.0,0.0,0.102,300900000.0,468400000.0,731600000.0,0.072,2.04,8.028,8.033,94000000.0,0.0,29.24,0.78,0.78,0.0,2912100000.0,2876700000.0,2876700000.0,0.0,,,,,0.0,300900000.0,1.0,311866452.0,311866452.0,,9.224,9961600000.0,0.0,184000000.0,0.0,31.942,
66,DHI,MRQ,2004-12-31,2004-12-31,2004-12-31,2021-07-23,0.0,9698700000.0,,,,,13.46,-14100000.0,357000000.0,357000000.0,1847100000.0,241000000.0,,1.315,3926800000.0,,,3926800000.0,0.0,14000000.0,0.0,0.008,0.06,394200000.0,408200000.0,0.162,408200000.0,394200000.0,391800000.0,0.77,0.76,0.77,4190100000.0,,4190100000.0,12501836255.0,7.0,7.218,-573200000.0,-1.841,1.0,673000000.0,0.267,578900000.0,2400000.0,12689600000.0,,7493300000.0,533600000.0,,,5508600000.0,,,9520636255.0,-161000000.0,0.0,6200000.0,424700000.0,-18700000.0,412200000.0,-14100000.0,0.0,-559100000.0,0.0,241000000.0,241000000.0,241000000.0,0.0,0.0,0.096,290400000.0,382600000.0,419300000.0,0.078,2.272,9.239,9.134,92200000.0,0.0,30.233,0.853,0.844,0.0,2639600000.0,2520100000.0,2520100000.0,0.0,,,,,0.0,290400000.0,1.0,314913959.0,311300000.0,317000000.0,8.095,9119800000.0,0.0,150800000.0,0.0,29.296,
67,DHI,MRQ,2004-09-30,2004-09-30,2004-09-30,2021-07-23,0.0,8985200000.0,,,,,12.737,-15900000.0,518000000.0,518000000.0,2634900000.0,349600000.0,,1.269,3499200000.0,,,3499200000.0,0.0,15200000.0,0.0,0.009,0.06,567800000.0,583000000.0,0.166,583000000.0,567800000.0,565900000.0,1.12,1.11,1.12,3960700000.0,,3960700000.0,10800545239.0,7.0,6.592,124600000.0,0.401,1.0,875700000.0,0.249,578900000.0,1900000.0,11387500000.0,,6567400000.0,623300000.0,,,5024500000.0,,,7721844239.0,277900000.0,0.0,3900000.0,168100000.0,-18700000.0,153300000.0,-15900000.0,0.0,140500000.0,0.0,349600000.0,349600000.0,349600000.0,0.0,0.0,0.1,316700000.0,559000000.0,602000000.0,0.054,1.95,7.919,7.908,91900000.0,0.0,24.832,0.712,0.712,0.0,2417300000.0,3510600000.0,3510600000.0,0.0,,,,,0.0,316700000.0,1.0,310957183.0,310957183.0,,11.29,8406300000.0,0.0,216300000.0,0.0,27.034,
68,DHI,MRQ,2004-06-30,2004-06-30,2004-06-30,2021-07-23,0.0,8202413000.0,,,,,11.666,-14700000.0,240093000.0,240093000.0,2115900000.0,251300000.0,,1.263,3318794000.0,,,3318794000.0,0.0,12500000.0,0.0,0.009,0.06,410200000.0,422700000.0,0.151,422700000.0,410200000.0,408600000.0,0.81,0.8,0.81,3625045000.0,,3625045000.0,9547388192.0,7.0,6.624,-118100000.0,-0.38,1.0,674500000.0,0.242,578900000.0,1600000.0,10702214000.0,,6383203000.0,413614000.0,,,4577368000.0,,,6618356192.0,21400000.0,0.0,1100000.0,157000000.0,-18600000.0,139500000.0,-14700000.0,0.0,-103400000.0,0.0,251300000.0,251300000.0,251300000.0,0.0,0.0,0.09,276500000.0,398000000.0,1190095000.0,0.074,1.826,7.729,7.662,88868000.0,0.0,21.3,0.649,0.649,0.0,2086322000.0,2790400000.0,2790400000.0,0.0,,,,,0.0,276500000.0,1.0,310720948.0,310742667.0,316117333.0,8.98,7623513000.0,0.0,157300000.0,0.0,24.533,
69,DHI,MRQ,2004-03-31,2004-03-31,2004-03-31,2021-07-23,0.0,7643697000.0,,,,,10.921,-13400000.0,218693000.0,218693000.0,1776100000.0,188600000.0,,1.255,3147725000.0,,,3147725000.0,0.0,10400000.0,0.0,0.006,0.06,307700000.0,318100000.0,0.136,318100000.0,307700000.0,306600000.0,0.61,0.6,0.61,3390203000.0,,3390203000.0,10814368027.0,9.0,8.432,-320900000.0,-1.034,1.0,559100000.0,0.239,578900000.0,1100000.0,9993829000.0,,5835596000.0,432494000.0,,,4253494000.0,,,8244157027.0,54500000.0,0.0,5300000.0,388900000.0,-18800000.0,375400000.0,-13400000.0,0.0,-307500000.0,0.0,188600000.0,188600000.0,188600000.0,0.0,0.0,0.081,248900000.0,310200000.0,1057600000.0,0.098,2.432,10.84,10.621,86383000.0,0.0,26.573,0.857,0.858,0.0,1853670000.0,2335200000.0,2335200000.0,0.0,,,,,0.0,248900000.0,1.0,310251464.0,310417333.0,316128000.0,7.523,7064797000.0,0.0,118000000.0,0.0,22.759,
70,DHI,MRQ,2003-12-31,2003-12-31,2003-12-31,2021-07-23,0.0,7169027000.0,,,,,10.369,-11200000.0,164160000.0,164160000.0,1670300000.0,185600000.0,,1.232,2734371000.0,,,2734371000.0,0.0,11500000.0,0.0,0.006,0.035,303000000.0,314500000.0,0.143,314500000.0,303000000.0,301800000.0,0.6,0.585,0.6,3211688000.0,,3211688000.0,9195197587.0,8.0,7.78,-163300000.0,-0.527,1.0,534200000.0,0.242,578900000.0,1200000.0,9160338000.0,,5589649000.0,300217000.0,,,3957339000.0,,,6814979587.0,-418700000.0,0.0,5100000.0,-249700000.0,-10800000.0,-255400000.0,-11200000.0,0.0,-152100000.0,0.0,185600000.0,185600000.0,185600000.0,0.0,0.0,0.084,238000000.0,296200000.0,1077242000.0,0.058,2.122,9.739,9.295,82897000.0,0.0,21.63,0.742,0.729,0.0,1683858000.0,2204500000.0,2204500000.0,0.0,,,,,0.0,238000000.0,1.0,315070716.0,309733000.0,315600000.0,7.117,6590127000.0,0.0,116200000.0,0.0,21.277,
71,DHI,MRQ,2003-09-30,2003-09-30,2003-09-30,2021-07-23,0.0,7279400000.0,,,,,9.642,-17355000.0,582900000.0,582900000.0,2214024000.0,230772000.0,,1.401,2963200000.0,,,2963200000.0,0.0,11759000.0,0.0,0.008,0.035,374298000.0,386057000.0,0.135,386057000.0,374298000.0,372179000.0,0.76,0.685,0.76,3031300000.0,,3031300000.0,7925077782.0,8.0,7.495,472093000.0,1.502,1.0,648208000.0,0.226,578900000.0,2119000.0,9080800000.0,,5082300000.0,485500000.0,,,4248100000.0,,,5140287782.0,286702000.0,0.0,-25423000.0,-149095000.0,-10873000.0,-185391000.0,-17355000.0,0.0,489448000.0,0.0,230772000.0,230772000.0,230772000.0,0.0,0.0,0.081,271277000.0,376931000.0,439500000.0,0.046,1.696,8.211,7.749,81700000.0,0.0,16.35,0.589,0.589,0.0,1509100000.0,2862232000.0,2862232000.0,0.0,,,,,0.0,271277000.0,1.0,314390690.0,314390690.0,,9.104,6700500000.0,0.0,141407000.0,0.0,21.313,
72,DHI,MRQ,2003-06-30,2003-06-30,2003-06-30,2021-07-23,0.0,6916059000.0,,,,,9.71,-9046000.0,296242000.0,296242000.0,1726831000.0,155565000.0,,1.439,3081032000.0,,,3081032000.0,0.0,11257000.0,0.0,0.009,0.035,252642000.0,263899000.0,0.119,263899000.0,252642000.0,250910000.0,0.532,0.495,0.532,2835302000.0,,2835302000.0,7029737476.0,8.0,7.761,-55499000.0,-0.19,1.0,485556000.0,0.219,581230000.0,1732000.0,9119619000.0,,4997296000.0,525475000.0,,,4080757000.0,,,4128338476.0,108764000.0,0.0,3985000.0,170446000.0,-10168000.0,164263000.0,-9046000.0,0.0,-46453000.0,0.0,155565000.0,155565000.0,155565000.0,0.0,0.0,0.07,233315000.0,252241000.0,930275000.0,0.066,1.456,7.765,7.686,75689000.0,0.0,14.05,0.514,0.511,0.0,1289222000.0,2212387000.0,2212387000.0,0.0,,,,,0.0,233315000.0,1.0,293831920.0,291993333.0,314953333.0,7.577,6334829000.0,0.0,95345000.0,0.0,21.695,
73,DHI,MRQ,2003-03-31,2003-03-31,2003-03-31,2021-07-23,0.0,6398949000.0,,,,,8.426,-8970000.0,187478000.0,187478000.0,1496405000.0,127835000.0,,1.595,3088877000.0,,,3088877000.0,0.0,9780000.0,0.0,0.013,0.035,207668000.0,217448000.0,0.114,217448000.0,207668000.0,206186000.0,0.435,0.427,0.435,2466036000.0,,2466036000.0,5657525728.0,7.0,6.898,11820000.0,0.04,1.0,412142000.0,0.216,581230000.0,1482000.0,8719118000.0,,4736179000.0,424674000.0,,,3932913000.0,,,2814325728.0,-7217000.0,0.0,-26392000.0,17624000.0,-10269000.0,-19037000.0,-8970000.0,0.0,20790000.0,0.0,127835000.0,127835000.0,127835000.0,0.0,0.0,0.067,209520000.0,202622000.0,817997000.0,0.08,1.141,5.839,5.801,77035000.0,0.0,9.6,0.369,0.368,0.0,1143825000.0,1908547000.0,1908547000.0,0.0,,,,,0.0,209520000.0,1.0,293158930.0,292653333.0,296436000.0,6.522,5817719000.0,0.0,78351000.0,0.0,19.879,
74,DHI,MRQ,2002-12-31,2002-12-31,2002-12-31,2021-07-23,0.0,6258592000.0,,,,,8.102,-13229000.0,194695000.0,194695000.0,1368540000.0,111828000.0,,1.636,3037895000.0,,,3037895000.0,0.0,9004000.0,0.0,0.013,0.03,180992000.0,189996000.0,0.109,189996000.0,180992000.0,178925000.0,0.383,0.375,0.383,2374144000.0,,2374144000.0,5316308508.0,7.0,7.073,-53714000.0,-0.183,1.0,376394000.0,0.216,578994000.0,2067000.0,8522798000.0,,4580499000.0,431827000.0,,,3884448000.0,,,2542321508.0,90351000.0,0.0,530000.0,152325000.0,-8790000.0,144065000.0,-13229000.0,0.0,-40485000.0,0.0,111828000.0,111828000.0,111828000.0,0.0,0.0,0.064,201188000.0,175206000.0,828001000.0,0.078,1.071,5.738,5.543,77057000.0,0.0,8.675,0.347,0.347,0.0,1026259000.0,1744934000.0,1744934000.0,0.0,,,,,0.0,201188000.0,1.0,293062998.0,293045333.0,297006667.0,5.954,5679598000.0,0.0,67097000.0,0.0,19.381,
75,DHI,MRQ,2002-09-30,2002-09-30,2002-09-30,2021-07-23,0.0,6017527000.0,,,,,7.747,-11145000.0,104344000.0,104344000.0,1720562000.0,136401000.0,,1.651,2878331000.0,,,2878331000.0,0.0,14179000.0,0.0,0.01,0.03,220232000.0,234411000.0,0.108,234411000.0,220232000.0,218222000.0,0.478,0.463,0.478,2269863000.0,,2269863000.0,5626691438.0,9.0,8.205,131641000.0,0.449,1.0,449804000.0,0.207,579230000.0,2010000.0,8212284000.0,,4343069000.0,464088000.0,,,3747664000.0,,,2727655438.0,48453000.0,-1388000.0,20000.0,-73038000.0,-8782000.0,-81800000.0,-12533000.0,0.0,142786000.0,0.0,136401000.0,136401000.0,136401000.0,0.0,0.0,0.063,221408000.0,228396000.0,848388000.0,0.063,1.202,6.74,6.174,71895000.0,0.0,9.31,0.405,0.405,0.0,923221000.0,2170366000.0,2170366000.0,0.0,,,,,0.0,221408000.0,1.0,292981250.0,292981250.0,,7.408,5438297000.0,0.0,81821000.0,0.0,18.562,
76,DHI,MRQ,2002-06-30,2002-06-30,2002-06-30,2021-07-23,0.0,5750728000.0,,,,,7.31,-12430000.0,55927000.0,55927000.0,1441988000.0,105940000.0,,1.688,2954963000.0,,,2954963000.0,0.0,7597000.0,0.0,0.006,0.03,170658000.0,178255000.0,0.099,178255000.0,170658000.0,169503000.0,0.36,0.335,0.36,2139323000.0,,2139323000.0,6515068476.0,11.0,10.775,-184946000.0,-0.632,1.0,366491000.0,0.203,586390000.0,1155000.0,8063374000.0,,4381653000.0,288478000.0,,,3611405000.0,,,3808440476.0,-133799000.0,-339000.0,1816000.0,58512000.0,-8842000.0,51486000.0,-12769000.0,0.0,-172516000.0,0.0,105940000.0,105940000.0,105940000.0,0.0,0.0,0.059,195240000.0,171251000.0,636072000.0,0.083,1.78,10.726,9.296,73338000.0,0.0,13.015,0.623,0.624,0.0,795680000.0,1808479000.0,1808479000.0,0.0,,,,,0.0,195240000.0,1.0,292619322.0,292662000.0,317914000.0,6.179,5164338000.0,0.0,63563000.0,0.0,17.646,
77,DHI,MRQ,2002-03-31,2002-03-31,2002-03-31,2021-07-23,0.0,5596654000.0,,,,,7.908,-8689000.0,189726000.0,189726000.0,1295045000.0,88931000.0,,1.745,2896354000.0,,,2896354000.0,0.0,5707000.0,0.0,0.006,0.02,143289000.0,148996000.0,0.093,148996000.0,143289000.0,142290000.0,0.345,0.32,0.345,2038731000.0,,2038731000.0,4732524873.0,9.0,8.691,96204000.0,0.373,1.0,305020000.0,0.191,564005000.0,999000.0,7739277000.0,,4201134000.0,202323000.0,,,3557923000.0,,,2909819873.0,157746000.0,-152573000.0,7058000.0,211688000.0,-4631000.0,214115000.0,-161262000.0,0.0,104893000.0,0.0,88931000.0,88931000.0,88931000.0,0.0,0.0,0.056,164412000.0,140608000.0,639682000.0,0.058,1.427,9.153,9.343,68536000.0,0.0,12.567,0.537,0.598,0.0,698519000.0,1600065000.0,1600065000.0,0.0,,,,,0.0,164412000.0,1.0,231550653.0,257794000.0,282946000.0,6.207,5032649000.0,0.0,53359000.0,0.0,19.522,
78,DHI,MRQ,2001-12-31,2001-12-31,2001-12-31,2021-07-23,0.0,3660806000.0,,,,,5.732,-7036000.0,31980000.0,31980000.0,906805000.0,73428000.0,,1.766,1854685000.0,,,1854685000.0,0.0,5317000.0,0.0,0.006,0.017,118821000.0,124138000.0,0.107,124138000.0,118821000.0,117485000.0,0.32,0.31,0.32,1323336000.0,,1323336000.0,4141528085.0,9.0,8.541,-172799000.0,-0.748,1.0,253085000.0,0.218,136765000.0,1336000.0,5346746000.0,,2980084000.0,233858000.0,,,2337470000.0,,,2496478085.0,-207300000.0,500000.0,3506000.0,-34662000.0,-3845000.0,-35001000.0,-6536000.0,0.0,-165763000.0,0.0,73428000.0,73428000.0,73428000.0,0.0,0.0,0.063,133540000.0,119545000.0,473466000.0,0.053,1.887,8.898,8.797,55093000.0,0.0,10.82,0.528,0.528,0.0,614219000.0,1159890000.0,1159890000.0,0.0,,,,,0.0,133540000.0,1.0,230728104.0,230884000.0,235012000.0,5.024,3524041000.0,0.0,44057000.0,0.0,15.263,
79,DHI,MRQ,2001-09-30,2001-09-30,2001-09-30,2021-07-23,0.0,3652190000.0,,,,,5.423,-11561000.0,239280000.0,239280000.0,1227597000.0,86764000.0,,1.921,1884330000.0,,,1884330000.0,0.0,12721000.0,0.0,0.009,0.017,140528000.0,153249000.0,0.1,153249000.0,140528000.0,138822000.0,0.375,0.375,0.375,1250247000.0,,1250247000.0,3302746932.0,8.0,7.399,216098000.0,0.937,1.0,312437000.0,0.203,136223000.0,1706000.0,5161017000.0,,2804377000.0,222818000.0,,,2401943000.0,,,1602988932.0,157877000.0,-12906000.0,12403000.0,-44077000.0,-3843000.0,-45315000.0,-24467000.0,0.0,227659000.0,0.0,86764000.0,86764000.0,86764000.0,0.0,0.0,0.056,151809000.0,160628000.0,508749000.0,0.045,1.282,6.237,6.153,53096000.0,0.0,6.953,0.36,0.36,0.0,544636000.0,1540034000.0,1540034000.0,0.0,,,,,0.0,151809000.0,1.0,230535321.0,230535321.0,,6.68,3515967000.0,0.0,52058000.0,0.0,15.251,
80,DHI,MRQ,2001-06-30,2001-06-30,2001-06-30,2021-07-23,0.0,3334968000.0,,,,,5.025,-11451000.0,81403000.0,81403000.0,882807000.0,68803000.0,,1.926,1781161000.0,,,1781161000.0,0.0,6491000.0,0.0,0.008,0.017,111660000.0,118151000.0,0.105,118151000.0,111660000.0,110085000.0,0.305,0.3,0.305,1139721000.0,,1139721000.0,3281758902.0,9.0,8.202,-67905000.0,-0.299,1.0,238174000.0,0.212,119851000.0,1575000.0,4914875000.0,,2715674000.0,170197000.0,,,2195247000.0,,,1716182902.0,-44744000.0,-47639000.0,-7251000.0,72105000.0,-3779000.0,70800000.0,-59090000.0,0.0,-56454000.0,0.0,68803000.0,68803000.0,68803000.0,0.0,0.0,0.061,121625000.0,116549000.0,405730000.0,0.056,1.506,7.4,7.332,49124000.0,0.0,7.567,0.429,0.429,0.0,461716000.0,1120981000.0,1120981000.0,0.0,,,,,0.0,121625000.0,1.0,226808313.0,226808313.0,,4.942,3215117000.0,0.0,41282000.0,0.0,14.175,
81,DHI,MRQ,2001-03-31,2001-03-31,2001-03-31,2021-07-23,0.0,3126974000.0,,,,,5.26,-7177000.0,126147000.0,126147000.0,713407000.0,51581000.0,,1.916,1691723000.0,,,1691723000.0,0.0,5980000.0,0.0,0.008,0.017,83404000.0,89384000.0,0.099,89384000.0,83404000.0,82529000.0,0.23,0.225,0.23,1072223000.0,,1072223000.0,2842924014.0,8.0,7.752,-151337000.0,-0.742,1.0,193429000.0,0.213,113265000.0,875000.0,4579285000.0,,2533042000.0,129108000.0,,,2054751000.0,,,1437085014.0,47019000.0,46000.0,3867000.0,197840000.0,-3404000.0,198310000.0,-7131000.0,0.0,-144160000.0,0.0,51581000.0,51581000.0,51581000.0,0.0,0.0,0.057,103931000.0,89498000.0,354729000.0,0.074,1.34,6.805,7.5,40846000.0,0.0,7.05,0.374,0.374,0.0,396692000.0,906836000.0,906836000.0,0.0,,,,,0.0,103931000.0,1.0,203841846.0,203841846.0,,4.449,3013709000.0,0.0,30948000.0,0.0,14.785,
82,DHI,MRQ,2000-12-31,2000-12-31,2000-12-31,2021-07-23,0.0,2884723000.0,,,,,5.037,-3179000.0,79128000.0,79128000.0,703331000.0,49861000.0,,1.828,1484967000.0,,,1484967000.0,0.0,5992000.0,0.0,0.006,0.013,79629000.0,85621000.0,0.096,85621000.0,79629000.0,78497000.0,0.223,0.22,0.223,1020172000.0,,1020172000.0,2921708241.0,9.0,8.412,-85508000.0,-0.422,1.0,184332000.0,0.208,115311000.0,1132000.0,4175251000.0,,2391393000.0,96259000.0,,,1864551000.0,,,1649830241.0,6603000.0,-3386000.0,3384000.0,94749000.0,-2702000.0,95497000.0,-6565000.0,0.0,-82329000.0,0.0,49861000.0,49861000.0,49861000.0,0.0,0.0,0.056,102035000.0,82297000.0,371374000.0,0.058,1.617,8.289,9.185,38102000.0,0.0,8.147,0.442,0.442,0.0,515823000.0,887663000.0,887663000.0,0.0,,,,,0.0,102035000.0,1.0,202515987.0,202515987.0,,4.383,2769412000.0,0.0,28636000.0,0.0,13.675,
83,DHI,MRQ,2000-09-30,2000-09-30,2000-09-30,2021-07-23,0.0,2694577000.0,,,,,5.227,-1115000.0,72525000.0,72525000.0,876236000.0,61686000.0,,1.779,1344403000.0,,,1344403000.0,0.0,6061000.0,0.0,0.008,0.013,100918000.0,106979000.0,0.098,106979000.0,100918000.0,99493000.0,0.273,0.272,0.273,969563000.0,,969563000.0,2372781523.0,8.0,7.045,70687000.0,0.381,1.0,210439000.0,0.194,115966000.0,1425000.0,3850489000.0,,2191031000.0,119581000.0,,,1725014000.0,,,1062899523.0,-6619000.0,-17264000.0,4066000.0,-60034000.0,-2475000.0,-60042000.0,-18379000.0,0.0,71802000.0,0.0,61686000.0,61686000.0,61686000.0,0.0,0.0,0.057,108649000.0,101790000.0,375347000.0,0.048,1.096,5.544,6.741,38960000.0,0.0,5.73,0.291,0.291,0.0,468664000.0,1086675000.0,1086675000.0,0.0,,,,,0.0,108649000.0,1.0,185497299.0,185497299.0,,5.858,2578611000.0,0.0,37807000.0,0.0,13.901,
84,DHI,MRQ,2000-06-30,2000-06-30,2000-06-30,2021-07-23,0.0,2667924000.0,,,,,4.895,-5321000.0,79144000.0,79144000.0,773914000.0,48067000.0,,1.939,1389026000.0,,,1389026000.0,0.0,5723000.0,0.0,0.009,0.011,79012000.0,84735000.0,0.088,84735000.0,79012000.0,77527000.0,0.213,0.213,0.213,907885000.0,,907885000.0,2166461728.0,7.0,6.786,29940000.0,0.161,1.0,185302000.0,0.193,111381000.0,1485000.0,3866425000.0,,2182486000.0,99929000.0,,,1760039000.0,,,838326728.0,-6253000.0,-3456000.0,-1056000.0,-30478000.0,-2473000.0,-32737000.0,-37971776.0,0.0,35261000.0,0.0,48067000.0,48067000.0,48067000.0,0.0,0.0,0.05,106398000.0,78904000.0,365983000.0,0.052,0.923,4.673,6.457,41993000.0,0.0,4.52,0.238,0.238,0.0,523331000.0,959216000.0,959216000.0,0.0,,,,,0.0,106398000.0,1.0,185470515.0,185469000.0,186963000.0,5.172,2556543000.0,0.0,29460000.0,0.0,13.784,
85,DHI,MRQ,2000-03-31,2000-03-31,2000-03-31,2021-07-23,0.0,2625103000.0,,,,,4.647,-4979000.0,85397000.0,85397000.0,644322000.0,39434000.0,,2.045,1413532000.0,,,1413532000.0,0.0,5231000.0,0.0,0.008,0.011,64760000.0,69991000.0,0.088,69991000.0,64760000.0,63603000.0,0.177,0.173,0.177,862077000.0,,862077000.0,1993403109.0,7.0,6.342,-113007000.0,-0.609,1.0,154542000.0,0.193,113120000.0,1157000.0,3840118000.0,,2151667000.0,91433000.0,,,1763026000.0,,,806644109.0,36083000.0,-12371000.0,-8766000.0,172557000.0,-2470000.0,161461000.0,11844776.0,0.0,-108028000.0,0.0,39434000.0,39434000.0,39434000.0,0.0,0.0,0.049,90155000.0,64387000.0,344816000.0,0.062,0.936,4.592,6.072,40335000.0,0.0,4.353,0.237,0.237,0.0,477737000.0,798864000.0,798864000.0,0.0,,,,,0.0,90155000.0,1.0,185293440.0,185517000.0,186795000.0,4.306,2511983000.0,0.0,24169000.0,0.0,13.54,
86,DHI,MRQ,1999-12-31,1999-12-31,1999-12-31,2021-07-23,0.0,2419100000.0,,,,,4.436,-4374000.0,49314000.0,49314000.0,646637000.0,42532000.0,,1.902,1236073000.0,,,1236073000.0,0.0,4945000.0,0.0,0.007,0.008,70150000.0,75095000.0,0.093,75095000.0,70150000.0,68601000.0,0.207,0.207,0.207,833739000.0,,833739000.0,1925339575.0,7.0,6.317,-110957000.0,-0.59,1.0,162303000.0,0.201,110428000.0,1549000.0,3495431000.0,,1990147000.0,95789000.0,,,1585361000.0,,,863284575.0,-79254000.0,-7500000.0,-4721000.0,45605000.0,-1870000.0,39203000.0,-11874000.0,0.0,-106583000.0,0.0,42532000.0,42532000.0,42532000.0,0.0,0.0,0.053,90672000.0,71631000.0,344296000.0,0.039,1.035,5.088,6.42,38334000.0,0.0,4.603,0.261,0.262,0.0,440773000.0,808940000.0,808940000.0,0.0,,,,,0.0,90672000.0,1.0,187534665.0,187950000.0,189453000.0,4.304,2308672000.0,0.0,26069000.0,0.0,12.283,
87,DHI,MRQ,1999-09-30,1999-09-30,1999-09-30,2021-07-23,0.0,2361808000.0,,,,,4.14,-3490000.0,128568000.0,128568000.0,770605000.0,49378000.0,,1.961,1190623000.0,,,1190623000.0,0.0,6181000.0,0.0,0.007,0.008,83248000.0,89429000.0,0.094,89429000.0,83248000.0,81630000.0,0.103,0.107,0.103,797609000.0,,797609000.0,1893569525.0,7.0,6.562,63147000.0,0.328,1.0,182945000.0,0.192,112456000.0,1618000.0,3311407000.0,,1866108000.0,113786000.0,,,1564199000.0,,,830921525.0,53574000.0,-6076000.0,-17892000.0,16322000.0,-1927000.0,-3497000.0,-9566000.0,0.0,66637000.0,0.0,49378000.0,49378000.0,49378000.0,0.0,0.0,0.052,98378000.0,84567000.0,368774000.0,0.078,1.042,5.199,6.162,36972000.0,0.0,4.313,0.263,0.263,0.0,400111000.0,953550000.0,953550000.0,0.0,,,,,0.0,98378000.0,1.0,192640230.0,192640230.0,,4.95,2249352000.0,0.0,32252000.0,0.0,11.676,
88,DHI,MRQ,1999-06-30,1999-06-30,1999-06-30,2021-07-23,0.0,2238938000.0,,,,,3.995,-2784000.0,74994000.0,74994000.0,678819000.0,44334000.0,,1.915,1137642000.0,,,1137642000.0,0.0,5095000.0,0.0,0.005,0.008,74684000.0,79779000.0,0.095,79779000.0,74684000.0,73281000.0,0.23,0.227,0.23,768050000.0,,768050000.0,2080238743.0,9.0,7.999,-62301000.0,-0.324,1.0,164131000.0,0.195,111598000.0,1403000.0,3189988000.0,,1812884000.0,102488000.0,,,1470888000.0,,,1067671743.0,20301000.0,175000.0,-2959000.0,87312000.0,-1926000.0,82427000.0,-2609000.0,0.0,-59517000.0,0.0,44334000.0,44334000.0,44334000.0,0.0,0.0,0.053,88139000.0,75992000.0,329501000.0,0.035,1.39,7.47,7.491,37249000.0,0.0,5.543,0.369,0.369,0.0,352660000.0,842950000.0,842950000.0,0.0,,,,,0.0,88139000.0,1.0,192604644.0,192264000.0,194757000.0,4.384,2127340000.0,0.0,28947000.0,0.0,11.065,
89,DHI,MRQ,1999-03-31,1999-03-31,1999-03-31,2021-07-23,0.0,2102772000.0,,,,,3.835,-6283000.0,54693000.0,54693000.0,568292000.0,33420000.0,,1.886,1067260000.0,,,1067260000.0,0.0,5181000.0,0.0,0.005,0.008,55318000.0,60499000.0,0.087,60499000.0,55318000.0,54649000.0,0.177,0.173,0.177,728601000.0,,728601000.0,1873963870.0,9.0,8.444,-113841000.0,-0.599,1.0,130789000.0,0.187,113344000.0,669000.0,3001995000.0,,1706514000.0,78963000.0,,,1374171000.0,,,1074442870.0,-39127000.0,5000000.0,1026000.0,70614000.0,-1926000.0,69714000.0,-1283000.0,0.0,-107558000.0,0.0,33420000.0,33420000.0,33420000.0,0.0,0.0,0.048,73877000.0,56912000.0,301462000.0,0.045,1.475,8.83,8.498,35765000.0,0.0,5.583,0.404,0.399,0.0,310252000.0,699081000.0,699081000.0,0.0,,,,,0.0,73877000.0,1.0,192437529.0,190002000.0,192753000.0,3.679,1989428000.0,0.0,21229000.0,0.0,10.471,
90,DHI,MRQ,1998-12-31,1998-12-31,1998-12-31,2021-07-23,0.0,1795763000.0,,,,,3.561,-7053000.0,93820000.0,93820000.0,530780000.0,32695000.0,,1.801,893341000.0,,,893341000.0,0.0,3836000.0,0.0,0.003,0.006,55009000.0,58845000.0,0.089,58845000.0,55009000.0,54266000.0,0.18,0.173,0.18,641081000.0,,641081000.0,2190183404.0,12.0,11.148,-73542000.0,-0.408,1.0,129850000.0,0.197,62044000.0,743000.0,2533240000.0,,1467281000.0,64576000.0,,,1154682000.0,,,1412433404.0,17066000.0,-6300000.0,935000.0,97285000.0,-1312000.0,96908000.0,-13353000.0,0.0,-66489000.0,0.0,32695000.0,32695000.0,32695000.0,0.0,0.0,0.049,73917000.0,55933000.0,256816000.0,0.033,2.203,13.108,12.714,29841000.0,0.0,7.667,0.585,0.572,0.0,278758000.0,660630000.0,660630000.0,0.0,,,,,0.0,73917000.0,1.0,184230444.0,180033000.0,187134000.0,3.669,1733719000.0,0.0,21571000.0,0.0,9.63,
91,DHI,MRQ,1998-09-30,1998-09-30,1998-09-30,2021-07-23,0.0,1667835000.0,,,,,3.293,-4442000.0,76754000.0,76754000.0,550031000.0,32476000.0,,2.036,854504000.0,,,854504000.0,0.0,2430000.0,0.0,0.005,0.006,58520000.0,60950000.0,0.089,60950000.0,58520000.0,57593000.0,0.153,0.137,0.153,549436000.0,,549436000.0,1677961088.0,10.0,9.829,-8231000.0,-0.049,1.0,136890000.0,0.199,56782000.0,927000.0,2388803000.0,,1358033000.0,72325000.0,,,1118399000.0,,,889819088.0,-36243000.0,-944000.0,2528000.0,-28347000.0,-1249000.0,-27068000.0,-5386000.0,0.0,-3789000.0,0.0,32476000.0,32476000.0,32476000.0,0.0,0.0,0.047,74943000.0,61947000.0,260449000.0,0.039,1.62,9.529,9.932,25456000.0,0.0,5.333,0.409,0.409,0.0,247375000.0,686921000.0,686921000.0,0.0,,,,,0.0,74943000.0,1.0,166841079.0,166841079.0,,4.117,1611053000.0,0.0,25117000.0,0.0,9.656,
92,DHI,MRQ,1998-06-30,1998-06-30,1998-06-30,2021-07-23,0.0,1621868000.0,,,,,3.094,-594000.0,112747000.0,112747000.0,499136000.0,23088000.0,,2.293,900889000.0,,,900889000.0,0.0,2114000.0,0.0,0.003,0.006,39532000.0,41646000.0,0.068,41646000.0,39532000.0,38884000.0,0.147,0.13,0.147,492567000.0,,492567000.0,1860155143.0,13.0,12.463,-21619000.0,-0.136,1.0,114728000.0,0.187,57509000.0,648000.0,2352501000.0,,1291283000.0,66308000.0,,,1129301000.0,,,1105287143.0,21719000.0,-7516000.0,827000.0,51218000.0,-1191000.0,50854000.0,-8110000.0,0.0,-21025000.0,0.0,23088000.0,23088000.0,23088000.0,0.0,0.0,0.038,74177000.0,40551000.0,214274000.0,0.041,2.244,13.372,13.308,24264000.0,0.0,6.96,0.561,0.563,0.0,216148000.0,613864000.0,613864000.0,0.0,,,,,0.0,62260000.0,1.0,158805624.0,159198000.0,186723000.0,3.856,1564359000.0,0.0,15796000.0,0.0,9.826,
93,DHI,MRQ,1998-03-31,1998-03-31,1998-03-31,2021-07-23,0.0,1507994000.0,,,,,2.934,-6974000.0,91278000.0,91278000.0,368444000.0,19492000.0,,2.242,846146000.0,,,846146000.0,0.0,2496000.0,0.0,0.003,0.006,32532000.0,35028000.0,0.077,35028000.0,32532000.0,32204000.0,0.123,0.11,0.123,465101000.0,,465101000.0,1147702314.0,9.0,8.341,-42894000.0,-0.271,1.0,84515000.0,0.187,49409000.0,328000.0,2213453000.0,,1229412000.0,38897000.0,,,1042893000.0,,,795986314.0,18204000.0,-23724000.0,1117000.0,84888000.0,-1183000.0,84822000.0,-30698000.0,0.0,-35920000.0,0.0,19492000.0,19492000.0,19492000.0,0.0,0.0,0.043,50923000.0,33592000.0,189777000.0,0.049,1.711,10.586,14.892,24679000.0,0.0,7.103,0.444,0.628,0.0,194251000.0,452959000.0,452959000.0,0.0,,,,,0.0,50923000.0,1.0,112058139.0,158541000.0,186780000.0,2.857,1458585000.0,0.0,12712000.0,0.0,9.2,
94,DHI,MRQ,1997-12-31,1997-12-31,1997-12-31,2021-07-23,0.0,765077000.0,,,,,1.726,-1157000.0,40362000.0,40362000.0,342537000.0,18324000.0,,1.8,392078000.0,,,392078000.0,0.0,2360000.0,0.0,0.004,0.006,30735000.0,33095000.0,0.078,33095000.0,30735000.0,30418000.0,0.117,0.103,0.117,273222000.0,,273222000.0,,,,-64135000.0,-0.405,1.0,80660000.0,0.191,30049000.0,317000.0,1086744000.0,,653157000.0,0.0,,,491855000.0,,,649190152.0,-5154000.0,-1851000.0,444000.0,61478000.0,-1090000.0,60832000.0,-3008000.0,0.0,-62978000.0,0.0,18324000.0,18324000.0,18324000.0,0.0,0.0,0.043,49024000.0,31636000.0,53640000.0,0.051,2.376,9.564,13.257,12892000.0,0.0,5.793,0.389,0.55,0.0,61752000.0,423197000.0,423197000.0,0.0,,,,,0.0,49024000.0,1.0,112058139.0,158337000.0,186393000.0,2.673,735028000.0,0.0,12094000.0,0.0,4.642,
95,DHI,MRQ,1997-09-30,1997-09-30,1997-09-30,2021-07-23,0.0,1248323000.0,,,,,,-878000.0,78228000.0,78228000.0,391174000.0,21750000.0,,1.918,650740000.0,,,650740000.0,0.0,2405000.0,0.0,0.003,0.006,37077000.0,39482000.0,0.082,39482000.0,37077000.0,36786000.0,0.137,0.123,0.137,427866000.0,,427866000.0,,,,13274000.0,,1.0,87990000.0,0.184,37717000.0,291000.0,1783118000.0,,1024268000.0,34072000.0,,,820457000.0,,,,-11310000.0,-10452000.0,682000.0,-13725000.0,-1089000.0,-14132000.0,-11330000.0,0.0,14152000.0,0.0,21750000.0,21750000.0,21750000.0,0.0,0.0,0.045,49989000.0,38001000.0,165309000.0,0.044,,,12.295,16988000.0,0.0,5.25,,,0.0,158708000.0,479164000.0,479164000.0,0.0,,,,,0.0,49989000.0,1.0,,,,,1210606000.0,0.0,15036000.0,0.0,,
96,DHI,MRQ,1997-06-30,1997-06-30,1997-06-30,2021-07-23,,,,,,,,-2238000.0,,,362123000.0,15623000.0,,,,,,,,3604000.0,,0.003,0.006,26394000.0,29998000.0,0.068,29998000.0,26394000.0,26237000.0,0.1,0.09,0.1,,,,,,,-29982000.0,-0.19,1.0,76189000.0,0.174,,157000.0,,,,,,,,,,,37180000.0,1062000.0,1563000.0,66323000.0,-1786000.0,66100000.0,-1176000.0,0.0,-27744000.0,0.0,15623000.0,15623000.0,15623000.0,0.0,0.0,0.036,48123000.0,28066000.0,,0.06,,,,,0.0,3.46,,,,,438312000.0,438312000.0,0.0,,,,,0.0,48123000.0,1.0,,157863000.0,183597000.0,2.777,,,10614000.0,,,
97,DHI,MRQ,1997-03-31,1997-03-31,1997-03-31,2021-07-23,,,,,,,,-3277000.0,,,266860000.0,12184000.0,,,,,,,,912000.0,,0.002,0.006,20222000.0,21134000.0,0.065,21134000.0,20222000.0,20105000.0,0.083,0.077,0.083,,,,,,,-63190000.0,-0.43,1.0,59780000.0,0.183,,117000.0,,,,,,,,,,,11689000.0,-26823000.0,36992000.0,65358000.0,-648000.0,101702000.0,-30100000.0,0.0,-59913000.0,0.0,12184000.0,12184000.0,12184000.0,0.0,0.0,0.037,38480000.0,21300000.0,,0.072,,,,,0.0,3.583,,,,,326640000.0,326640000.0,0.0,,,,,0.0,38480000.0,1.0,,146961000.0,173199000.0,2.223,,,7921000.0,,,
98,DHI,MRQ,1996-12-31,1996-12-31,1996-12-31,2021-07-23,,,,,,,,-501000.0,,,118036000.0,6807000.0,,,,,,,,739000.0,,0.0,0.0,11943000.0,12682000.0,0.088,12682000.0,11943000.0,11159000.0,0.07,0.07,0.07,,,,,,,-29001000.0,-0.299,1.0,26345000.0,0.182,,784000.0,,,,,,,,,,,-17342000.0,-17737000.0,202000.0,29194000.0,0.0,29396000.0,-18238000.0,0.0,-28500000.0,0.0,6807000.0,6807000.0,6807000.0,0.0,0.0,0.047,15117000.0,11228000.0,,0.0,,,,,0.0,3.627,,,,,144381000.0,144381000.0,0.0,,,,,0.0,15117000.0,1.0,,97125000.0,99009000.0,1.487,,,4352000.0,,,
0,DHI,MRT,2021-06-30,2021-06-30,2021-06-30,2021-07-23,0.0,21793500000.0,20392500000.0,,,1.278,38.373,-248700000.0,1969100000.0,1969100000.0,18949500000.0,3676800000.0,,0.556,4416300000.0,,,4416300000.0,0.0,79700000.0,0.0,0.009,0.775,4674900000.0,4754600000.0,0.182,4754600000.0,4674900000.0,4674900000.0,10.11,9.97,10.11,13802900000.0,12772800000.0,13802900000.0,34817296335.0,7.0,7.323,549500000.0,1.528,1.0,7115700000.0,0.273,163500000.0,0.0,24077200000.0,22149375000.0,16011700000.0,1644100000.0,,,7668500000.0,,,32576896335.0,-403600000.0,-21500000.0,-637500000.0,38400000.0,-281400000.0,-929200000.0,-272600000.0,-2400000.0,798200000.0,0.0,3665800000.0,3665800000.0,3665800000.0,0.0,11000000.0,0.141,2446800000.0,4668900000.0,1250900000.0,0.077,2.36,8.887,8.939,1089300000.0,0.0,90.37,1.25,1.247,0.0,12376900000.0,26065200000.0,26065200000.0,0.0,0.18,0.287,0.211,0.179,88300000.0,2460800000.0,1.0,360483527.0,359700000.0,364000000.0,72.464,21630000000.0,147100000.0,1009100000.0,0.0,60.133,
1,DHI,MRT,2021-03-31,2021-03-31,2021-03-31,2021-07-23,0.0,21083800000.0,19437600000.0,,,1.243,35.78,-298800000.0,2231900000.0,2231900000.0,17821600000.0,3193200000.0,,0.602,4472300000.0,,,4472300000.0,0.0,80900000.0,0.0,0.008,0.75,4040500000.0,4121400000.0,0.171,4121400000.0,4040500000.0,4040500000.0,8.74,8.63,8.74,12963100000.0,12084075000.0,12963100000.0,34163796573.0,8.0,8.289,1363000000.0,3.762,1.0,6349000000.0,0.263,163500000.0,0.0,23160700000.0,21063825000.0,14476300000.0,1755800000.0,,,7807800000.0,,,32413096573.0,694600000.0,-24200000.0,-404100000.0,101800000.0,-272900000.0,-639600000.0,-327600000.0,-4600000.0,1661800000.0,0.0,3181000000.0,3181000000.0,3181000000.0,0.0,12200000.0,0.132,2318600000.0,4030400000.0,1137400000.0,0.086,2.5,10.19,10.197,895000000.0,0.0,89.12,1.341,1.336,0.0,11333500000.0,24170600000.0,24170600000.0,0.0,0.164,0.263,0.192,0.167,87000000.0,2332600000.0,1.0,363701712.0,362300000.0,367200000.0,66.714,20920300000.0,142800000.0,859500000.0,0.0,57.743,
2,DHI,MRT,2020-12-31,2020-12-31,2020-12-31,2021-07-23,0.0,19780400000.0,18449150000.0,,,1.205,34.262,-209300000.0,2474900000.0,2474900000.0,16621500000.0,2743300000.0,,0.561,4225600000.0,,,4225600000.0,0.0,81800000.0,0.0,0.011,0.725,3485000000.0,3566800000.0,0.16,3566800000.0,3485000000.0,3485000000.0,7.49,7.4,7.49,12485200000.0,11457800000.0,12485200000.0,26357027375.0,8.0,7.39,1074000000.0,2.947,1.0,5602200000.0,0.252,163500000.0,0.0,21367600000.0,20207600000.0,13576500000.0,1438900000.0,,,7010100000.0,,,25113827375.0,879000000.0,-27500000.0,-230900000.0,380300000.0,-264300000.0,-164600000.0,-239700000.0,-2900000.0,1283300000.0,0.0,2734200000.0,2734200000.0,2734200000.0,0.0,9100000.0,0.123,2135400000.0,3466800000.0,845600000.0,0.097,2.011,9.185,9.202,748400000.0,0.0,68.92,1.13,1.13,0.0,10476700000.0,22223700000.0,22223700000.0,0.0,0.148,0.239,0.172,0.157,82900000.0,2177900000.0,1.0,364390995.0,364400000.0,370000000.0,60.987,19616900000.0,142000000.0,750800000.0,0.0,53.833,
3,DHI,MRT,2020-09-30,2020-09-30,2020-09-30,2021-07-23,0.0,18912300000.0,17584775000.0,,,1.155,32.394,-157000000.0,3040100000.0,3040100000.0,15373200000.0,2380500000.0,,0.574,4283300000.0,,,4283300000.0,0.0,80400000.0,0.0,0.009,0.7,2976200000.0,3056600000.0,0.15,3056600000.0,2976200000.0,2976200000.0,6.49,6.41,6.49,11840000000.0,10893350000.0,11840000000.0,29431424840.0,10.0,9.629,1264600000.0,3.46,1.0,4937900000.0,0.243,163500000.0,0.0,19992000000.0,19452400000.0,12237400000.0,1529000000.0,,,6790800000.0,,,27506824840.0,1526100000.0,-5400000.0,-337000000.0,906900000.0,-256000000.0,270600000.0,-166100000.0,-3700000.0,1421600000.0,0.0,2373700000.0,2373700000.0,2373700000.0,0.0,6800000.0,0.117,1988300000.0,2949600000.0,900500000.0,0.108,2.323,11.588,11.653,683700000.0,0.0,75.63,1.354,1.361,0.0,9757800000.0,20311100000.0,20311100000.0,0.0,0.135,0.218,0.153,0.147,77800000.0,2047800000.0,1.0,363702563.0,365500000.0,370200000.0,55.571,18748800000.0,144900000.0,602500000.0,0.0,51.296,
4,DHI,MRT,2020-06-30,2020-06-30,2020-06-30,2021-07-23,0.0,17973900000.0,16758350000.0,,,1.131,30.368,-153100000.0,2372700000.0,2372700000.0,14501200000.0,2053300000.0,,0.602,4297300000.0,,,4297300000.0,0.0,77000000.0,0.0,0.012,0.675,2583800000.0,2660800000.0,0.14,2660800000.0,2583800000.0,2583800000.0,5.58,5.53,5.58,11048000000.0,10438575000.0,11048000000.0,22927471564.0,9.0,8.617,1247200000.0,3.428,1.0,4448400000.0,0.235,163500000.0,0.0,19735000000.0,18786525000.0,12138700000.0,1502600000.0,,,6646800000.0,,,20158171564.0,1487400000.0,-11000000.0,-447800000.0,893200000.0,-247800000.0,255200000.0,-168100000.0,-4000000.0,1400300000.0,0.0,2050000000.0,2050000000.0,2050000000.0,0.0,3300000.0,0.108,1896000000.0,2552400000.0,761200000.0,0.121,1.825,9.833,9.937,631900000.0,0.0,55.45,1.064,1.065,0.0,8992500000.0,18949600000.0,18949600000.0,0.0,0.122,0.196,0.138,0.136,78500000.0,1955600000.0,1.0,363537810.0,363800000.0,367700000.0,52.088,17810400000.0,158600000.0,533800000.0,0.0,48.957,
5,DHI,MRT,2020-03-31,2020-03-31,2020-03-31,2021-07-23,0.0,17130000000.0,16070875000.0,,,1.149,28.589,-96800000.0,1537300000.0,1537300000.0,14248100000.0,1894000000.0,,0.612,4306600000.0,,,4306600000.0,0.0,76700000.0,0.0,0.019,0.65,2431500000.0,2508200000.0,0.136,2508200000.0,2431500000.0,2431500000.0,5.13,5.07,5.13,10458000000.0,10087175000.0,10458000000.0,14643766582.0,6.0,5.838,861900000.0,2.356,1.0,4217800000.0,0.228,163500000.0,0.0,19735800000.0,18259225000.0,12224500000.0,1379400000.0,,,6395200000.0,,,12456366582.0,806100000.0,-9400000.0,-590700000.0,726300000.0,-240200000.0,-45100000.0,-107500000.0,-1300000.0,958700000.0,0.0,1894100000.0,1894100000.0,1894100000.0,0.0,-100000.0,0.103,1825900000.0,2391900000.0,707000000.0,0.127,1.191,6.576,6.628,589700000.0,0.0,34.0,0.675,0.674,0.0,8425400000.0,18465900000.0,18465900000.0,0.0,0.118,0.188,0.133,0.132,75200000.0,1908100000.0,1.0,366363723.0,365800000.0,370100000.0,50.481,16966500000.0,149500000.0,537400000.0,0.0,46.382,
6,DHI,MRT,2019-12-31,2019-12-31,2019-12-31,2021-07-23,0.0,16322900000.0,15540125000.0,,,1.164,27.769,-77500000.0,1595900000.0,1595900000.0,14054000000.0,1764400000.0,,0.569,3783300000.0,,,3783300000.0,0.0,74100000.0,0.0,0.012,0.625,2271200000.0,2345300000.0,0.13,2345300000.0,2271200000.0,2271200000.0,4.75,4.7,4.75,10227400000.0,9812750000.0,10227400000.0,21323416511.0,9.0,9.092,1073900000.0,2.916,1.0,4040600000.0,0.223,163500000.0,0.0,18346800000.0,17758950000.0,11899200000.0,1025100000.0,,,5820000000.0,,,19438016511.0,827600000.0,-21600000.0,-464100000.0,412000000.0,-232000000.0,-222400000.0,-101400000.0,-2300000.0,1151400000.0,0.0,1762700000.0,1762700000.0,1762700000.0,0.0,1700000.0,0.097,1802500000.0,2238100000.0,659300000.0,0.132,1.901,11.027,11.105,563400000.0,0.0,52.75,1.074,1.074,0.0,8006800000.0,18094600000.0,18094600000.0,0.0,0.113,0.18,0.128,0.126,71700000.0,1885500000.0,1.0,368493204.0,368300000.0,373400000.0,49.13,16159400000.0,154100000.0,508500000.0,0.0,43.876,
7,DHI,MRT,2019-09-30,2019-09-30,2019-09-30,2021-07-23,0.0,15606600000.0,15093350000.0,,,1.166,26.895,-80300000.0,1514000000.0,1514000000.0,13720900000.0,1618600000.0,,0.53,3399400000.0,,,3399400000.0,0.0,72000000.0,0.0,0.011,0.6,2125200000.0,2197200000.0,0.125,2197200000.0,2125200000.0,2125200000.0,4.34,4.29,4.34,10020900000.0,9537075000.0,10020900000.0,22058507930.0,10.0,10.039,811800000.0,2.179,1.0,3872000000.0,0.22,163500000.0,0.0,17328500000.0,17410100000.0,11282000000.0,1072000000.0,,,5311500000.0,,,19493207930.0,8000000.0,-311400000.0,-437100000.0,93300000.0,-223400000.0,-490100000.0,-394000000.0,-2300000.0,892100000.0,0.0,1618500000.0,1618500000.0,1618500000.0,0.0,100000.0,0.092,1778600000.0,2093400000.0,634000000.0,0.138,1.945,12.044,12.145,499200000.0,0.0,52.71,1.108,1.116,0.0,7640100000.0,17592900000.0,17592900000.0,0.0,0.107,0.17,0.122,0.121,73200000.0,1832500000.0,1.0,369819919.0,372600000.0,377400000.0,47.217,15443100000.0,163100000.0,506700000.0,0.0,41.447,
8,DHI,MRT,2019-06-30,2019-06-30,2019-06-30,2021-07-23,0.0,15224000000.0,14720350000.0,,,1.159,25.9,-14200000.0,885300000.0,885300000.0,13298500000.0,1583600000.0,,0.561,3450600000.0,,,3450600000.0,0.0,68200000.0,0.0,0.013,0.575,2068800000.0,2137000000.0,0.125,2137000000.0,2068800000.0,2068800000.0,4.23,4.17,4.23,9642400000.0,9277950000.0,9642400000.0,18986322457.0,9.0,8.885,305200000.0,0.82,1.0,3760600000.0,0.22,163500000.0,0.0,17625800000.0,17003700000.0,11702300000.0,954900000.0,,,5409300000.0,,,16095122457.0,-351600000.0,-305500000.0,-376100000.0,259300000.0,-215000000.0,-356200000.0,-314800000.0,4900000.0,319400000.0,0.0,1579500000.0,1579500000.0,1579500000.0,0.0,4100000.0,0.093,1725700000.0,2034900000.0,681200000.0,0.136,1.669,10.19,10.196,454200000.0,0.0,43.13,0.943,0.941,0.0,7190400000.0,17059100000.0,17059100000.0,0.0,0.107,0.17,0.122,0.121,63400000.0,1783900000.0,1.0,373176964.0,372300000.0,376900000.0,45.821,15060500000.0,173900000.0,489300000.0,0.0,40.453,
9,DHI,MRT,2019-03-31,2019-03-31,2019-03-31,2021-07-23,0.0,15007000000.0,14312700000.0,,,1.159,25.074,-34100000.0,731200000.0,731200000.0,12864100000.0,1563700000.0,,0.585,3622400000.0,,,3622400000.0,0.0,63400000.0,0.0,0.013,0.55,2057200000.0,2120600000.0,0.128,2120600000.0,2057200000.0,2057200000.0,4.15,4.09,4.15,9360300000.0,9016675000.0,9360300000.0,18026248706.0,9.0,8.501,148200000.0,0.397,1.0,3724000000.0,0.224,163500000.0,0.0,17734700000.0,16432475000.0,11920300000.0,796500000.0,,,5473000000.0,,,15452248706.0,-335000000.0,-303900000.0,-258800000.0,305600000.0,-206200000.0,-183800000.0,-333500000.0,4500000.0,182300000.0,0.0,1558500000.0,1558500000.0,1558500000.0,0.0,5200000.0,0.094,1703200000.0,2020800000.0,658500000.0,0.133,1.651,9.915,9.971,437900000.0,0.0,41.38,0.932,0.931,0.0,6771600000.0,16588100000.0,16588100000.0,0.0,0.109,0.173,0.125,0.124,60700000.0,1738800000.0,1.0,373423120.0,373300000.0,377700000.0,44.436,14843500000.0,171900000.0,498700000.0,0.0,39.763,
10,DHI,MRT,2018-12-31,2018-12-31,2018-12-31,2021-07-23,0.0,14535800000.0,13865475000.0,,,1.172,24.326,153000000.0,768300000.0,768300000.0,12569000000.0,1560100000.0,,0.574,3342300000.0,,,3342300000.0,0.0,63100000.0,0.0,0.015,0.525,2042500000.0,2105600000.0,0.13,2105600000.0,2042500000.0,2042500000.0,4.14,4.07,4.14,9124700000.0,8726325000.0,9124700000.0,15150198202.0,7.0,7.195,400100000.0,1.067,1.0,3685100000.0,0.227,158400000.0,0.0,16951400000.0,15817950000.0,11595600000.0,622200000.0,,,5237600000.0,,,13452698202.0,-205700000.0,-288800000.0,-201300000.0,82400000.0,-197400000.0,-322400000.0,-130400000.0,5400000.0,247100000.0,0.0,1558200000.0,1558200000.0,1558200000.0,0.0,1900000.0,0.096,1688100000.0,1997000000.0,697200000.0,0.127,1.474,8.633,8.372,391100000.0,0.0,34.66,0.828,0.8,0.0,6476200000.0,16254100000.0,16254100000.0,0.0,0.112,0.179,0.129,0.126,60300000.0,1695500000.0,1.0,388133243.0,375100000.0,380100000.0,43.333,14377400000.0,181400000.0,484300000.0,0.0,38.33,
11,DHI,MRT,2018-09-30,2018-09-30,2018-09-30,2021-07-23,0.0,14114600000.0,13470850000.0,,,1.193,23.857,154600000.0,1506000000.0,1506000000.0,12398100000.0,1462300000.0,,0.552,3203500000.0,,,3203500000.0,0.0,62400000.0,0.0,0.012,0.5,2058000000.0,2120400000.0,0.132,2120400000.0,2058000000.0,2058000000.0,3.88,3.81,3.88,8984400000.0,8415650000.0,8984400000.0,17761449667.0,9.0,8.376,699800000.0,1.858,1.0,3669900000.0,0.228,109200000.0,0.0,15702900000.0,15365450000.0,10395000000.0,807400000.0,,,4955700000.0,,,15904749667.0,481700000.0,-141700000.0,-80100000.0,199500000.0,-188400000.0,-82500000.0,19000000.0,6100000.0,545200000.0,0.0,1460300000.0,1460300000.0,1460300000.0,0.0,2000000.0,0.091,1658000000.0,2011900000.0,624700000.0,0.129,1.77,10.891,10.871,401100000.0,0.0,42.18,0.99,0.989,0.0,6217900000.0,16068000000.0,16068000000.0,0.0,0.108,0.174,0.134,0.128,55800000.0,1676800000.0,1.0,377068508.0,376600000.0,383400000.0,42.666,14005400000.0,194000000.0,597700000.0,0.0,37.189,
12,DHI,MRT,2018-06-30,2018-06-30,2018-06-30,2021-07-23,0.0,13593400000.0,12988350000.0,,,1.21,22.78,97200000.0,1236900000.0,1236900000.0,12202800000.0,1306600000.0,,0.561,3093600000.0,,,3093600000.0,0.0,60900000.0,0.0,0.012,0.475,1938600000.0,1999500000.0,0.127,1999500000.0,1938600000.0,1938600000.0,3.46,3.4,3.46,8597300000.0,8106325000.0,8597300000.0,17641715697.0,9.0,8.823,1029600000.0,2.728,1.0,3519000000.0,0.224,109200000.0,0.0,15340900000.0,14927700000.0,10303300000.0,712100000.0,,,4823500000.0,,,15474015697.0,715000000.0,-142700000.0,-26300000.0,31800000.0,-178700000.0,-181900000.0,-35500000.0,100000.0,932400000.0,0.0,1307400000.0,1307400000.0,1307400000.0,0.0,-800000.0,0.083,1621600000.0,1897400000.0,655300000.0,0.137,1.8,11.836,11.85,385200000.0,0.0,41.0,0.984,0.984,0.0,5798800000.0,15721800000.0,15721800000.0,0.0,0.101,0.161,0.13,0.123,61300000.0,1636100000.0,1.0,377415017.0,377400000.0,383400000.0,41.658,13484200000.0,204600000.0,631200000.0,0.0,35.729,
13,DHI,MRT,2018-03-31,2018-03-31,2018-03-31,2021-07-23,0.0,13218100000.0,12584275000.0,,,1.197,21.759,74600000.0,1066200000.0,1066200000.0,11766700000.0,1141900000.0,,0.591,3233900000.0,,,3233900000.0,0.0,60500000.0,0.0,0.01,0.45,1766800000.0,1827300000.0,0.121,1827300000.0,1766800000.0,1766800000.0,3.03,2.98,3.03,8198900000.0,7816050000.0,8198900000.0,18764460332.0,11.0,10.269,551700000.0,1.464,1.0,3296200000.0,0.219,109200000.0,0.0,15276600000.0,14667550000.0,10144400000.0,690300000.0,,,4846200000.0,,,16480360332.0,63500000.0,-143000000.0,-53800000.0,-124900000.0,-169000000.0,-354400000.0,-59200000.0,300000.0,477100000.0,0.0,1142600000.0,1142600000.0,1142600000.0,0.0,-700000.0,0.076,1561200000.0,1735000000.0,582700000.0,0.149,2.01,14.424,14.469,380400000.0,0.0,43.84,1.094,1.097,0.0,5392100000.0,15062900000.0,15062900000.0,0.0,0.091,0.146,0.12,0.117,58500000.0,1575700000.0,1.0,375920628.0,376800000.0,383900000.0,39.976,13108900000.0,219900000.0,624200000.0,0.0,34.79,
14,DHI,MRT,2017-12-31,2017-12-31,2017-12-31,2021-07-23,0.0,12957300000.0,12260025000.0,,,1.184,20.974,-154700000.0,974000000.0,974000000.0,11355000000.0,1020300000.0,,0.622,3258100000.0,,,3258100000.0,0.0,56500000.0,0.0,0.008,0.425,1675700000.0,1732200000.0,0.119,1732200000.0,1675700000.0,1675700000.0,2.71,2.67,2.71,7882000000.0,7571225000.0,7882000000.0,21469869053.0,13.0,12.395,238700000.0,0.635,1.0,3164500000.0,0.218,100000000.0,0.0,15141400000.0,14363200000.0,10040200000.0,624300000.0,,,4901900000.0,,,19615369053.0,-185800000.0,-141500000.0,-27500000.0,-100500000.0,-159300000.0,-285500000.0,-293700000.0,-3500000.0,393400000.0,0.0,1020800000.0,1020800000.0,1020800000.0,0.0,-500000.0,0.07,1516600000.0,1647900000.0,575700000.0,0.157,2.489,19.216,18.845,357700000.0,0.0,51.07,1.351,1.322,0.0,5088200000.0,14519500000.0,14519500000.0,0.0,0.083,0.135,0.117,0.115,49700000.0,1530000000.0,1.0,384087900.0,375800000.0,383800000.0,38.636,12857300000.0,239100000.0,654900000.0,0.0,34.213,
15,DHI,MRT,2017-09-30,2017-09-30,2017-09-30,2021-07-23,0.0,12184600000.0,11948725000.0,,,1.179,20.698,-157300000.0,1024300000.0,1024300000.0,11042800000.0,1038400000.0,,0.573,2871600000.0,,,2871600000.0,0.0,54700000.0,0.0,0.01,0.4,1602100000.0,1656800000.0,0.118,1656800000.0,1602100000.0,1602100000.0,2.77,2.74,2.77,7747100000.0,7346050000.0,7747100000.0,17348321588.0,11.0,10.471,282900000.0,0.756,1.0,3048200000.0,0.216,80000000.0,0.0,13951900000.0,14000500000.0,9237100000.0,587300000.0,,,4437000000.0,,,14945121588.0,-288400000.0,-4100000.0,-13900000.0,-410300000.0,-149600000.0,-564600000.0,-164000000.0,-2600000.0,440200000.0,0.0,1038400000.0,1038400000.0,1038400000.0,0.0,0.0,0.074,1471600000.0,1576600000.0,580400000.0,0.144,1.929,14.392,14.415,325000000.0,0.0,39.93,1.061,1.061,0.0,4946000000.0,14091000000.0,14091000000.0,0.0,0.087,0.141,0.114,0.114,44900000.0,1471600000.0,1.0,374283035.0,374300000.0,378900000.0,37.646,12104600000.0,365000000.0,563700000.0,0.0,32.339,
16,DHI,MRT,2017-06-30,2017-06-30,2017-06-30,2021-07-23,0.0,11977100000.0,11792300000.0,,,1.159,19.84,-124400000.0,523300000.0,523300000.0,10697200000.0,1008800000.0,,0.611,2926500000.0,,,2926500000.0,0.0,60000000.0,0.0,0.011,0.38,1562400000.0,1622400000.0,0.119,1622400000.0,1562400000.0,1549600000.0,2.69,2.66,2.69,7436200000.0,7107400000.0,7436200000.0,15201804945.0,10.0,9.37,225200000.0,0.601,1.0,2975900000.0,0.218,80000000.0,12800000.0,14300300000.0,13871900000.0,9554000000.0,627400000.0,,,4540400000.0,,,12983704945.0,-394400000.0,-86300000.0,-15700000.0,-383100000.0,-142000000.0,-537600000.0,-206400000.0,11900000.0,349600000.0,0.0,1008800000.0,1008800000.0,1008800000.0,0.0,0.0,0.074,1443100000.0,1532800000.0,656300000.0,0.141,1.746,12.87,12.851,282800000.0,0.0,34.57,0.95,0.948,0.0,4670100000.0,13673100000.0,13673100000.0,0.0,0.086,0.142,0.113,0.114,38400000.0,1440400000.0,1.0,375577233.0,374800000.0,,36.481,11897100000.0,383700000.0,540800000.0,0.0,31.743,
17,DHI,MRT,2017-03-31,2017-03-31,2017-03-31,2021-07-23,0.0,11921100000.0,11631325000.0,,,1.129,19.283,-103200000.0,1004300000.0,1004300000.0,10259100000.0,969600000.0,,0.651,3222400000.0,,,3222400000.0,0.0,60700000.0,0.0,0.011,0.36,1491900000.0,1552600000.0,0.118,1552600000.0,1491900000.0,1483700000.0,2.59,2.56,2.59,7219600000.0,6876400000.0,7219600000.0,14496904351.0,10.0,9.337,358100000.0,0.956,1.0,2869500000.0,0.219,80000000.0,8200000.0,14059200000.0,13704000000.0,9038100000.0,577800000.0,,,4701000000.0,,,12438404351.0,-230900000.0,-86300000.0,68700000.0,-451200000.0,-134200000.0,-512900000.0,-179300000.0,17200000.0,461300000.0,0.0,969600000.0,969600000.0,969600000.0,0.0,0.0,0.074,1405400000.0,1464100000.0,580900000.0,0.139,1.723,12.828,12.861,248100000.0,0.0,33.31,0.947,0.95,0.0,4418600000.0,13128600000.0,13128600000.0,0.0,0.083,0.141,0.109,0.114,36000000.0,1402700000.0,1.0,373413520.0,374400000.0,,35.066,11841100000.0,451600000.0,514100000.0,0.0,31.627,
18,DHI,MRT,2016-12-31,2016-12-31,2016-12-31,2021-07-23,0.0,11712100000.0,11476100000.0,,,1.102,18.366,-88200000.0,1159100000.0,1159100000.0,9878500000.0,935500000.0,,0.678,3217600000.0,,,3217600000.0,0.0,61800000.0,0.0,0.012,0.34,1435000000.0,1496800000.0,0.118,1496800000.0,1435000000.0,1430300000.0,2.51,2.48,2.51,6981300000.0,6633600000.0,6981300000.0,12347505291.0,9.0,8.249,509000000.0,1.339,1.0,2766700000.0,0.219,80000000.0,4700000.0,13690600000.0,13599250000.0,8742400000.0,548300000.0,,,4730300000.0,,,10388905291.0,-118400000.0,-86300000.0,58200000.0,-523000000.0,-126400000.0,-593900000.0,-121700000.0,58600000.0,597200000.0,0.0,935500000.0,935500000.0,935500000.0,0.0,0.0,0.074,1359400000.0,1407300000.0,545100000.0,0.135,1.488,11.105,10.888,218400000.0,0.0,27.33,0.822,0.822,0.0,4226800000.0,12645200000.0,12645200000.0,0.0,0.082,0.141,0.106,0.113,39600000.0,1356700000.0,1.0,380128258.0,380128258.0,,33.266,11632100000.0,467800000.0,494800000.0,0.0,30.6,
19,DHI,MRT,2016-09-30,2016-09-30,2016-09-30,2021-07-23,0.0,11558900000.0,11342950000.0,,,1.072,18.309,-86100000.0,1312700000.0,1312700000.0,9502600000.0,886300000.0,,0.702,3271300000.0,,,3271300000.0,0.0,61000000.0,0.0,0.011,0.32,1353500000.0,1414500000.0,0.116,1414500000.0,1353500000.0,1353500000.0,2.39,2.36,2.39,6792500000.0,6403125000.0,6792500000.0,13625730345.0,10.0,9.633,537800000.0,1.45,1.0,2654800000.0,0.218,80000000.0,0.0,13437500000.0,13563650000.0,8340900000.0,654000000.0,,,4765900000.0,,,11243030345.0,-80600000.0,-82200000.0,72400000.0,-549700000.0,-118700000.0,-591900000.0,-112600000.0,55500000.0,623900000.0,0.0,886300000.0,886300000.0,886300000.0,0.0,0.0,0.073,1323000000.0,1331800000.0,577500000.0,0.134,1.655,12.685,12.636,195400000.0,0.0,30.2,0.925,0.922,0.0,4057200000.0,12157400000.0,12157400000.0,0.0,0.078,0.138,0.1,0.111,39000000.0,1320300000.0,1.0,372285773.0,371000000.0,375100000.0,32.769,11478900000.0,476300000.0,467200000.0,0.0,30.94,
20,DHI,MRT,2016-06-30,2016-06-30,2016-06-30,2021-07-23,0.0,11333200000.0,11240975000.0,,,1.031,17.557,-22000000.0,918600000.0,918600000.0,9093300000.0,841500000.0,,0.74,3301300000.0,,,3301300000.0,0.0,55800000.0,0.0,0.01,0.303,1223200000.0,1279000000.0,0.11,1279000000.0,1223200000.0,1259200000.0,2.28,2.24,2.28,6512200000.0,6178575000.0,6512200000.0,14103931592.0,12.0,11.027,578400000.0,1.559,1.0,2495300000.0,0.215,87200000.0,-36000000.0,13628700000.0,13574725000.0,8504200000.0,634500000.0,,,4820400000.0,,,11676731592.0,101200000.0,-2200000.0,99600000.0,-510400000.0,-111900000.0,-511400000.0,12200000.0,37500000.0,600400000.0,0.0,841500000.0,841500000.0,841500000.0,0.0,0.0,0.073,1258600000.0,1236700000.0,609300000.0,0.133,1.793,13.876,13.807,151700000.0,0.0,31.48,1.008,1.008,0.0,3803400000.0,11588600000.0,11588600000.0,0.0,0.075,0.136,0.09,0.106,36000000.0,1258600000.0,1.0,370925400.0,370925400.0,,31.242,11246000000.0,505100000.0,417700000.0,0.0,30.319,
21,DHI,MRT,2016-03-31,2016-03-31,2016-03-31,2021-07-23,0.0,11300200000.0,11123550000.0,,,1.017,16.898,-16500000.0,1235500000.0,1235500000.0,8890700000.0,813100000.0,,0.808,3662700000.0,,,3662700000.0,0.0,56300000.0,0.0,0.009,0.285,1183000000.0,1239300000.0,0.11,1239300000.0,1183000000.0,1214400000.0,2.21,2.18,2.21,6248400000.0,5957925000.0,6248400000.0,13634006652.0,12.0,11.001,879600000.0,2.379,1.0,2416800000.0,0.214,87200000.0,-31400000.0,13640200000.0,13610125000.0,8216600000.0,616100000.0,,,5051200000.0,,,11178106652.0,526400000.0,-70900000.0,69200000.0,-270500000.0,-105100000.0,-296900000.0,-72800000.0,16600000.0,896100000.0,0.0,813100000.0,813100000.0,813100000.0,0.0,0.0,0.072,1225600000.0,1191200000.0,541500000.0,0.129,1.789,13.748,13.679,149500000.0,0.0,30.23,0.989,0.989,0.0,3583300000.0,11307500000.0,11307500000.0,0.0,0.073,0.136,0.087,0.105,34600000.0,1225600000.0,1.0,369768662.0,369768662.0,,30.58,11213000000.0,526600000.0,401300000.0,0.0,30.324,
22,DHI,MRT,2015-12-31,2015-12-31,2015-12-31,2021-07-23,2600000.0,11179500000.0,10976775000.0,,,0.996,16.12,-8900000.0,1278400000.0,1278400000.0,8613400000.0,765900000.0,,0.845,3734300000.0,,,3734300000.0,0.0,55400000.0,0.0,0.008,0.269,1116100000.0,1171500000.0,0.107,1171500000.0,1116100000.0,1144000000.0,2.08,2.06,2.08,6059400000.0,5750350000.0,6059400000.0,14458144808.0,13.0,12.342,819000000.0,2.179,1.0,2324200000.0,0.212,87200000.0,-27900000.0,13548200000.0,13664000000.0,8088200000.0,524400000.0,,,5119000000.0,,,12040144808.0,727700000.0,-70900000.0,74200000.0,14400000.0,-98400000.0,3500000.0,-103700000.0,-22800000.0,827900000.0,0.0,765900000.0,765900000.0,765900000.0,0.0,0.0,0.07,1199500000.0,1124700000.0,449400000.0,0.129,1.987,15.72,15.399,147600000.0,0.0,32.03,1.101,1.101,0.0,3417700000.0,10937600000.0,10937600000.0,0.0,0.07,0.133,0.082,0.102,27900000.0,1199500000.0,1.0,375902117.0,375902117.0,,29.097,11092300000.0,542200000.0,378100000.0,0.0,29.508,
23,DHI,MRT,2015-09-30,2015-09-30,2015-09-30,2021-07-23,1400000.0,11151000000.0,10766575000.0,,,1.005,16.07,-100000.0,1393500000.0,1393500000.0,8535700000.0,750700000.0,,0.892,3811500000.0,,,3811500000.0,0.0,54100000.0,0.0,0.009,0.252,1100300000.0,1154400000.0,0.107,1154400000.0,1100300000.0,1123400000.0,2.05,2.03,2.05,5894300000.0,5550725000.0,5894300000.0,13772408803.0,13.0,11.93,700300000.0,1.909,1.0,2288300000.0,0.211,87200000.0,-23100000.0,13481800000.0,13631975000.0,7807000000.0,631000000.0,,,5255600000.0,,,10768608803.0,722000000.0,-70900000.0,61800000.0,134500000.0,-91600000.0,117000000.0,-95400000.0,-23700000.0,700400000.0,0.0,750700000.0,750700000.0,750700000.0,0.0,0.0,0.069,1186000000.0,1102300000.0,516700000.0,0.123,1.827,14.345,14.322,146900000.0,0.0,29.36,0.995,0.995,0.0,3289600000.0,10824000000.0,10824000000.0,0.0,0.07,0.135,0.081,0.102,29900000.0,1186000000.0,1.0,366778229.0,366778229.0,,29.511,11063800000.0,558100000.0,372700000.0,0.0,30.165,
24,DHI,MRT,2015-06-30,2015-06-30,2015-06-30,2021-07-23,2200000.0,10863500000.0,10525175000.0,,,0.962,15.355,-93600000.0,817300000.0,817300000.0,7976500000.0,678000000.0,,0.929,3821100000.0,,,3821100000.0,0.0,51500000.0,0.0,0.009,0.251,1017600000.0,1069100000.0,0.106,1069100000.0,1017600000.0,1035400000.0,1.86,1.84,1.86,5629600000.0,5356100000.0,5629600000.0,13268270342.0,13.0,12.411,7300000.0,0.02,1.0,2147300000.0,0.212,97000000.0,-17800000.0,13770300000.0,13532650000.0,8111200000.0,568400000.0,,,5232500000.0,,,10030870342.0,188300000.0,-90100000.0,26100000.0,345600000.0,-91400000.0,286600000.0,-199200000.0,-23900000.0,100900000.0,0.0,678000000.0,678000000.0,678000000.0,0.0,0.0,0.067,1141200000.0,1006100000.0,502200000.0,0.135,1.782,14.795,14.71,199300000.0,0.0,27.36,0.991,0.991,0.0,3073700000.0,10123800000.0,10123800000.0,0.0,0.064,0.127,0.075,0.101,34000000.0,1141200000.0,1.0,366625378.0,366625378.0,,27.613,10766500000.0,544300000.0,357400000.0,0.0,29.366,
25,DHI,MRT,2015-03-31,2015-03-31,2015-03-31,2021-07-23,2200000.0,10713100000.0,10238450000.0,,,0.91,14.828,-91400000.0,708100000.0,708100000.0,7381600000.0,569700000.0,,0.977,3945500000.0,,,3945500000.0,0.0,47100000.0,0.0,0.008,0.226,855600000.0,902700000.0,0.097,902700000.0,855600000.0,873400000.0,1.58,1.56,1.58,5418100000.0,5190250000.0,5418100000.0,13582966896.0,16.0,15.047,-655800000.0,-1.795,1.0,1938400000.0,0.208,94800000.0,-17800000.0,13855700000.0,13208075000.0,8136900000.0,517600000.0,,,5292100000.0,,,10406766896.0,-295700000.0,-209600000.0,36600000.0,549300000.0,-82200000.0,509100000.0,-240400000.0,-8800000.0,-564400000.0,0.0,569700000.0,569700000.0,569700000.0,0.0,0.0,0.061,1093100000.0,845300000.0,498900000.0,0.143,1.921,18.267,18.025,193800000.0,0.0,28.48,1.117,1.117,0.0,2875200000.0,9320000000.0,9320000000.0,0.0,0.056,0.11,0.065,0.092,32400000.0,1093100000.0,1.0,365406141.0,365406141.0,,25.506,10618300000.0,547700000.0,303700000.0,0.0,29.059,
26,DHI,MRT,2014-12-31,2014-12-31,2014-12-31,2021-07-23,2200000.0,10338700000.0,9903375000.0,,,0.874,14.15,-93200000.0,550600000.0,550600000.0,6809400000.0,552800000.0,,0.965,3726800000.0,,,3726800000.0,0.0,42900000.0,0.0,0.008,0.201,827400000.0,870300000.0,0.101,870300000.0,827400000.0,845200000.0,1.58,1.54,1.58,5260900000.0,4922300000.0,5260900000.0,12413487287.0,15.0,14.263,-875900000.0,-2.356,1.0,1847600000.0,0.213,94800000.0,-17800000.0,13420100000.0,12784775000.0,7989300000.0,453800000.0,,,5074900000.0,,,9402487287.0,-319800000.0,-209600000.0,46500000.0,725600000.0,-71400000.0,701600000.0,-238700000.0,-7400000.0,-782700000.0,0.0,552800000.0,552800000.0,552800000.0,0.0,0.0,0.064,1028100000.0,819500000.0,444600000.0,0.127,1.787,17.009,16.006,190700000.0,0.0,25.29,1.086,1.086,0.0,2750200000.0,8657000000.0,8657000000.0,0.0,0.056,0.112,0.065,0.096,31300000.0,1028100000.0,1.0,371786765.0,371786765.0,,23.285,10243900000.0,552700000.0,292400000.0,0.0,27.553,
27,DHI,MRT,2014-09-30,2014-09-30,2014-09-30,2021-07-23,2200000.0,10185400000.0,9550500000.0,,,0.84,14.036,-100200000.0,671800000.0,671800000.0,6268600000.0,533500000.0,,0.99,3665700000.0,,,3665700000.0,0.0,38400000.0,0.0,0.007,0.138,796400000.0,834800000.0,0.104,834800000.0,796400000.0,814200000.0,1.57,1.5,1.57,5115800000.0,4656275000.0,5115800000.0,10329174941.0,13.0,12.373,-761600000.0,-2.09,1.0,1756300000.0,0.219,94800000.0,-17800000.0,13084500000.0,12291425000.0,7700500000.0,476900000.0,,,5065700000.0,,,7478974941.0,-315600000.0,-244100000.0,45200000.0,630700000.0,-48600000.0,627900000.0,-282100000.0,-5600000.0,-661400000.0,0.0,533500000.0,533500000.0,533500000.0,0.0,0.0,0.066,965400000.0,790900000.0,525000000.0,0.088,1.462,14.019,13.07,190800000.0,0.0,20.52,0.932,0.932,0.0,2630500000.0,8024900000.0,8024900000.0,0.0,0.056,0.115,0.065,0.099,25600000.0,965400000.0,1.0,364472463.0,364472463.0,,22.018,10090600000.0,565000000.0,280700000.0,0.0,27.685,
28,DHI,MRT,2014-06-30,2014-06-30,2014-06-30,2021-07-23,2200000.0,9716600000.0,9218250000.0,,,0.804,15.268,-67300000.0,595100000.0,595100000.0,5765400000.0,506800000.0,,0.956,3445300000.0,,,3445300000.0,0.0,33300000.0,0.0,0.003,0.075,766100000.0,799400000.0,0.108,799400000.0,766100000.0,766100000.0,1.54,1.46,1.54,4966200000.0,4391950000.0,4966200000.0,10826051643.0,14.0,13.543,-734000000.0,-2.257,1.0,1647100000.0,0.222,94800000.0,0.0,12472000000.0,11838125000.0,7375600000.0,419200000.0,,,4746700000.0,,,7995151643.0,-59800000.0,-222700000.0,44900000.0,825300000.0,-25800000.0,852700000.0,-245800000.0,-4300000.0,-666700000.0,0.0,506800000.0,506800000.0,506800000.0,0.0,0.0,0.068,905100000.0,742000000.0,422000000.0,0.049,1.61,15.776,15.961,132900000.0,0.0,24.58,1.079,1.079,0.0,2487000000.0,7412500000.0,7412500000.0,0.0,0.055,0.115,0.065,0.103,15200000.0,905100000.0,1.0,325270612.0,325270612.0,,22.789,9621800000.0,582600000.0,259300000.0,0.0,29.581,
29,DHI,MRT,2014-03-31,2014-03-31,2014-03-31,2021-07-23,2200000.0,9372800000.0,8860850000.0,,,0.785,13.432,-65500000.0,1031200000.0,1031200000.0,5335300000.0,539700000.0,,1.156,3862100000.0,,,3862100000.0,0.0,29300000.0,0.0,0.002,0.037,799400000.0,828700000.0,0.119,828700000.0,799400000.0,799400000.0,1.67,1.56,1.67,4346300000.0,4126575000.0,4346300000.0,9565954366.0,12.0,11.543,-720300000.0,-2.226,1.0,1623000000.0,0.233,41200000.0,0.0,12162500000.0,11376400000.0,6783600000.0,342500000.0,,,5023200000.0,,,7005254366.0,-196200000.0,-34500000.0,41600000.0,548600000.0,-12100000.0,586700000.0,-128100000.0,-2800000.0,-654800000.0,0.0,539700000.0,539700000.0,539700000.0,0.0,0.0,0.078,848200000.0,774800000.0,338500000.0,0.022,1.612,12.98,12.964,123300000.0,0.0,21.65,1.007,1.007,0.0,2387600000.0,6958300000.0,6958300000.0,0.0,0.061,0.131,0.07,0.115,13600000.0,848200000.0,1.0,323568331.0,323568331.0,,21.505,9331600000.0,569800000.0,259700000.0,0.0,28.84,
30,DHI,MRT,2013-12-31,2013-12-31,2013-12-31,2021-07-23,1900000.0,8927200000.0,8575775000.0,,,0.776,12.712,-62300000.0,901200000.0,901200000.0,5124700000.0,519700000.0,,1.126,3461900000.0,,,3461900000.0,0.0,25700000.0,0.0,0.0,0.0,739600000.0,765300000.0,0.115,765300000.0,739600000.0,739600000.0,1.62,1.5,1.62,4196800000.0,3975250000.0,4196800000.0,9863486314.0,13.0,12.888,-642800000.0,-1.947,1.0,1530200000.0,0.23,41200000.0,0.0,11446700000.0,10901175000.0,6496100000.0,299800000.0,,,4727300000.0,,,7368786314.0,254800000.0,-34500000.0,30900000.0,825400000.0,0.0,863900000.0,-28600000.0,94500000.0,-580500000.0,0.0,519700000.0,519700000.0,519700000.0,0.0,0.0,0.078,813200000.0,717000000.0,381100000.0,0.0,1.756,14.179,13.778,117500000.0,0.0,22.32,1.107,1.107,0.0,2268700000.0,6654900000.0,6654900000.0,0.0,0.061,0.131,0.068,0.111,13300000.0,813200000.0,1.0,330142756.0,330142756.0,,20.158,8886000000.0,578500000.0,219900000.0,0.0,26.916,
31,DHI,MRT,2013-09-30,2013-09-30,2013-09-30,2021-07-23,1900000.0,8856400000.0,8180800000.0,,,0.765,12.571,-58000000.0,1055200000.0,1055200000.0,4853500000.0,462700000.0,,1.181,3509000000.0,,,3509000000.0,0.0,22700000.0,0.0,0.01,0.188,657800000.0,680500000.0,0.109,680500000.0,657800000.0,657800000.0,1.44,1.33,1.44,4058500000.0,3828650000.0,4058500000.0,8649738804.0,13.0,12.711,-1287300000.0,-3.987,1.0,1405800000.0,0.225,38900000.0,0.0,11271300000.0,10359600000.0,6197400000.0,395100000.0,,,4795000000.0,,,6272738804.0,-109400000.0,-9400000.0,29700000.0,962800000.0,-60200000.0,939000000.0,180900000.0,276800000.0,-1229300000.0,0.0,462700000.0,462700000.0,462700000.0,0.0,0.0,0.074,766300000.0,639500000.0,400000000.0,0.131,1.546,13.557,13.493,106700000.0,0.0,19.43,1.002,1.002,0.0,2145600000.0,6259300000.0,6259300000.0,0.0,0.057,0.121,0.063,0.105,12300000.0,766300000.0,1.0,322837818.0,322837818.0,,19.388,8817500000.0,586600000.0,195100000.0,0.0,27.312,
32,DHI,MRT,2013-06-30,2013-06-30,2013-06-30,2021-07-23,1900000.0,8287000000.0,7778750000.0,,,0.737,12.117,-50400000.0,706600000.0,706600000.0,4473300000.0,423400000.0,,1.122,3083600000.0,,,3083600000.0,0.0,20400000.0,0.0,0.011,0.225,559500000.0,579900000.0,0.101,579900000.0,559500000.0,554300000.0,1.32,1.24,1.32,3904700000.0,3712050000.0,3904700000.0,8925594465.0,16.0,15.392,-1304900000.0,-4.049,1.0,1262400000.0,0.22,38900000.0,5200000.0,10625100000.0,9693125000.0,5911500000.0,358200000.0,,,4379500000.0,,,6857594465.0,-265700000.0,-105900000.0,48500000.0,935200000.0,-72200000.0,911500000.0,77300000.0,260700000.0,-1254500000.0,0.0,423400000.0,423400000.0,423400000.0,0.0,0.0,0.074,719800000.0,542600000.0,357300000.0,0.17,1.756,16.196,16.121,96100000.0,0.0,21.28,1.196,1.196,0.0,2006100000.0,5735700000.0,5735700000.0,0.0,0.054,0.114,0.058,0.098,16900000.0,719800000.0,1.0,322255379.0,322255379.0,,17.799,8248100000.0,638000000.0,130900000.0,0.0,25.595,
33,DHI,MRT,2013-03-31,2013-03-31,2013-03-31,2021-07-23,0.0,8232500000.0,7371250000.0,,,0.704,11.642,-53400000.0,1205000000.0,1205000000.0,4095800000.0,1065200000.0,,1.2,3273000000.0,,,3273000000.0,0.0,19100000.0,0.0,0.011,0.263,425000000.0,444100000.0,0.086,444100000.0,425000000.0,421400000.0,3.34,3.04,3.34,3741000000.0,3608050000.0,3741000000.0,9780233294.0,23.0,22.023,-1106500000.0,-3.444,1.0,1097100000.0,0.211,38900000.0,3600000.0,10261600000.0,8984350000.0,5324100000.0,394300000.0,,,4488800000.0,,,7808233294.0,471900000.0,-105900000.0,47000000.0,1461600000.0,-84200000.0,1424400000.0,100600000.0,273700000.0,-1053100000.0,0.0,1065200000.0,1065200000.0,1065200000.0,0.0,0.0,0.205,678900000.0,418200000.0,308600000.0,0.079,2.087,7.33,7.275,87100000.0,0.0,24.3,1.504,1.504,0.0,1860100000.0,5192900000.0,5192900000.0,0.0,0.145,0.295,0.047,0.082,15600000.0,678900000.0,1.0,321326473.0,321326473.0,,16.161,8193600000.0,680000000.0,-643800000.0,0.0,25.499,
34,DHI,MRT,2012-12-31,2012-12-31,2012-12-31,2021-07-23,0.0,7347300000.0,6684350000.0,,,0.707,11.002,-45200000.0,621700000.0,621700000.0,3757800000.0,994800000.0,,1.034,2593700000.0,,,2593700000.0,0.0,18600000.0,0.0,0.015,0.3,326000000.0,344600000.0,0.073,344600000.0,326000000.0,321600000.0,3.12,2.85,3.12,3610400000.0,3347800000.0,3610400000.0,7887234300.0,24.0,22.888,-992200000.0,-3.023,1.0,964700000.0,0.204,38900000.0,4400000.0,9280400000.0,8045250000.0,5015100000.0,404600000.0,,,3734200000.0,,,6491134300.0,-170000000.0,-105900000.0,48400000.0,813100000.0,-96100000.0,765400000.0,11600000.0,172900000.0,-947000000.0,0.0,994800000.0,994800000.0,994800000.0,0.0,0.0,0.211,642900000.0,321800000.0,283900000.0,0.096,1.798,6.525,6.34,81900000.0,0.0,19.78,1.375,1.375,0.0,1749200000.0,4722500000.0,4722500000.0,0.0,0.149,0.297,0.041,0.069,16600000.0,642900000.0,1.0,328166547.0,328166547.0,,14.391,7308400000.0,683500000.0,-673200000.0,0.0,22.27,
35,DHI,MRT,2012-09-30,2012-09-30,2012-09-30,2021-07-23,200000.0,7248200000.0,6188375000.0,,,0.704,11.25,-33600000.0,1097000000.0,1097000000.0,3492400000.0,956300000.0,,1.017,2493100000.0,,,2493100000.0,0.0,18800000.0,0.0,0.007,0.15,242900000.0,261700000.0,0.06,261700000.0,242900000.0,242900000.0,3.01,2.77,3.01,3592100000.0,3107550000.0,3592100000.0,7734375029.0,32.0,29.554,-325800000.0,-1.02,1.0,861600000.0,0.198,38900000.0,0.0,8605400000.0,7298425000.0,4165200000.0,643300000.0,,,3653500000.0,,,6585475029.0,316300000.0,-96500000.0,50900000.0,748400000.0,-47800000.0,751500000.0,-143000000.0,-12700000.0,-292200000.0,0.0,956300000.0,956300000.0,956300000.0,0.0,0.0,0.22,614200000.0,247400000.0,266600000.0,0.05,1.833,6.886,6.852,72600000.0,0.0,20.625,1.513,1.513,0.0,1743100000.0,4354000000.0,4354000000.0,0.0,0.155,0.308,0.033,0.056,18100000.0,614200000.0,1.0,319295759.0,319295759.0,,13.636,7209300000.0,723900000.0,-713400000.0,0.0,22.579,
36,DHI,MRT,2012-06-30,2012-06-30,2012-06-30,2021-07-23,0.0,6657000000.0,5715925000.0,,,0.72,10.958,-27300000.0,946400000.0,946400000.0,3340200000.0,891900000.0,,0.907,2095300000.0,,,2095300000.0,0.0,19400000.0,0.0,0.008,0.15,177000000.0,196400000.0,0.048,196400000.0,177000000.0,177600000.0,2.81,2.56,2.81,3488700000.0,2864675000.0,3488700000.0,6887857013.0,39.0,35.071,-107100000.0,-0.336,1.0,775900000.0,0.189,15900000.0,-600000.0,7790000000.0,6713425000.0,3861600000.0,578800000.0,,,3165400000.0,,,5851657013.0,63900000.0,0.0,31000000.0,180500000.0,-47700000.0,163800000.0,-20100000.0,-1700000.0,-79800000.0,0.0,891900000.0,891900000.0,891900000.0,0.0,0.0,0.217,587000000.0,188900000.0,227800000.0,0.053,1.677,6.561,6.541,66700000.0,0.0,18.38,1.422,1.422,0.0,1655000000.0,4116100000.0,4116100000.0,0.0,0.156,0.311,0.026,0.043,18600000.0,587000000.0,1.0,318370893.0,318370893.0,,12.929,6641100000.0,729600000.0,-714300000.0,0.0,20.86,
37,DHI,MRT,2012-03-31,2012-03-31,2012-03-31,2021-07-23,100000.0,5484900000.0,5427875000.0,,,0.731,8.521,-13600000.0,720500000.0,720500000.0,3246400000.0,132800000.0,,1.03,1756700000.0,,,1756700000.0,0.0,19800000.0,0.0,0.01,0.15,135600000.0,155400000.0,0.039,155400000.0,135600000.0,134300000.0,0.43,0.43,0.43,2700000000.0,2640375000.0,2700000000.0,5752449589.0,42.0,37.017,-53000000.0,-0.167,1.0,718900000.0,0.181,15900000.0,1300000.0,6505200000.0,6385400000.0,3636700000.0,596400000.0,,,2781900000.0,,,4806849589.0,-401300000.0,0.0,-14800000.0,-268300000.0,-47600000.0,-330700000.0,-31200000.0,-21900000.0,-39400000.0,0.0,132800000.0,132800000.0,132800000.0,0.0,0.0,0.033,562100000.0,156800000.0,204100000.0,0.349,1.78,36.196,35.279,53400000.0,0.0,15.17,1.212,1.212,0.0,879100000.0,3965300000.0,3965300000.0,0.0,0.024,0.05,0.021,0.034,17700000.0,562100000.0,1.0,316865497.0,316865497.0,,12.514,5469000000.0,12900000.0,1500000.0,0.0,17.26,
38,DHI,MRT,2011-12-31,2011-12-31,2011-12-31,2021-07-23,200000.0,5363400000.0,5461975000.0,,,0.688,8.196,-15000000.0,782700000.0,782700000.0,3103500000.0,120000000.0,,1.023,1728300000.0,,,1728300000.0,0.0,20000000.0,0.0,0.012,0.15,61800000.0,81800000.0,0.022,81800000.0,61800000.0,61200000.0,0.39,0.39,0.39,2649400000.0,2617475000.0,2649400000.0,4999084644.0,81.0,61.114,-47300000.0,-0.146,1.0,651700000.0,0.174,15900000.0,600000.0,6293100000.0,6380000000.0,3478900000.0,574600000.0,,,2711100000.0,,,4076184644.0,-483000000.0,0.0,-31100000.0,-343400000.0,-47700000.0,-422200000.0,-28500000.0,-15100000.0,-32300000.0,0.0,120000000.0,120000000.0,120000000.0,0.0,0.0,0.032,556400000.0,95300000.0,182300000.0,0.385,1.539,33.968,32.333,55000000.0,0.0,12.61,1.085,1.085,0.0,850400000.0,3755200000.0,3755200000.0,0.0,0.022,0.046,0.01,0.016,15800000.0,556400000.0,1.0,323250170.0,323250170.0,,11.617,5347500000.0,12400000.0,-58800000.0,0.0,16.543,
39,DHI,MRT,2011-09-30,2011-09-30,2011-09-30,2021-07-23,100000.0,5358400000.0,5552800000.0,,,0.655,8.293,-16300000.0,781700000.0,781700000.0,3023300000.0,71800000.0,,1.044,1704600000.0,,,1704600000.0,0.0,19900000.0,0.0,0.017,0.15,12100000.0,32000000.0,0.009,32000000.0,12100000.0,12100000.0,0.23,0.23,0.23,2620600000.0,2602275000.0,2620600000.0,3845785535.0,318.0,120.181,2600000.0,0.008,1.0,613500000.0,0.169,15900000.0,0.0,6265400000.0,6430275000.0,3449700000.0,591700000.0,,,2734900000.0,,,2856785535.0,-576700000.0,0.0,-35200000.0,-489300000.0,-47800000.0,-572300000.0,-23300000.0,-11600000.0,18900000.0,0.0,71800000.0,71800000.0,71800000.0,0.0,0.0,0.02,556300000.0,57200000.0,200500000.0,0.652,1.09,39.788,39.304,57600000.0,0.0,9.04,0.786,0.786,0.0,834600000.0,3636800000.0,3636800000.0,0.0,0.013,0.028,0.002,0.003,14200000.0,556300000.0,1.0,316016099.0,316016099.0,,11.508,5342500000.0,12400000.0,-59700000.0,0.0,16.906,
40,DHI,MRT,2011-06-30,2011-06-30,2011-06-30,2021-07-23,300000.0,5504800000.0,5697850000.0,,,0.612,8.115,-16400000.0,891400000.0,891400000.0,2907200000.0,27300000.0,,1.123,1880400000.0,,,1880400000.0,0.0,19700000.0,0.0,0.013,0.15,-22300000.0,-2600000.0,-0.001,-2600000.0,-22300000.0,-23500000.0,0.09,0.11,0.09,2591500000.0,2600425000.0,2591500000.0,4557271782.0,-204.0,-1752.797,30600000.0,0.096,1.0,579800000.0,0.166,15900000.0,1200000.0,6477900000.0,6546800000.0,3500800000.0,583300000.0,,,2911200000.0,,,3679071782.0,-551500000.0,0.0,-32900000.0,-503800000.0,-47800000.0,-584600000.0,-13900000.0,-5900000.0,47000000.0,0.0,27300000.0,27300000.0,27300000.0,0.0,0.0,0.008,554300000.0,25500000.0,218400000.0,1.667,1.42,134.765,128.0,58900000.0,0.0,11.52,1.055,1.055,0.0,810700000.0,3487000000.0,3487000000.0,0.0,0.005,0.01,-0.003,-0.006,13600000.0,554300000.0,1.0,319363870.0,319363870.0,,10.919,5488900000.0,14000000.0,-50800000.0,0.0,17.187,
41,DHI,MRT,2011-03-31,2011-03-31,2011-03-31,2021-07-23,0.0,5621300000.0,5874500000.0,,,0.663,8.168,-19700000.0,1126100000.0,1126100000.0,3254600000.0,49100000.0,,1.154,2004300000.0,,,2004300000.0,0.0,19000000.0,0.0,0.013,0.15,-4500000.0,14500000.0,0.004,14500000.0,-4500000.0,-6100000.0,0.16,0.18,0.16,2608400000.0,2609300000.0,2608400000.0,4503605102.0,-1001.0,310.593,240800000.0,0.754,1.0,639300000.0,0.164,15900000.0,1600000.0,6483600000.0,6705175000.0,3474000000.0,498600000.0,,,3010900000.0,,,3720205102.0,-558500000.0,0.0,4800000.0,-662000000.0,-47900000.0,-705200000.0,-113800000.0,-99400000.0,260500000.0,0.0,49100000.0,49100000.0,49100000.0,0.0,0.0,0.013,586000000.0,53300000.0,186000000.0,0.938,1.426,75.768,72.812,59200000.0,0.0,11.65,0.955,0.955,0.0,794000000.0,3893900000.0,3893900000.0,0.0,0.008,0.019,-0.001,-0.001,13500000.0,586000000.0,1.0,319330910.0,319330910.0,,12.194,5605400000.0,14000000.0,-55200000.0,0.0,17.554,
42,DHI,MRT,2010-12-31,2010-12-31,2010-12-31,2021-07-23,0.0,5726700000.0,6084000000.0,,,0.667,8.026,-20400000.0,1267300000.0,1267300000.0,3363900000.0,32700000.0,,1.212,2050700000.0,,,2050700000.0,0.0,18400000.0,0.0,0.013,0.15,38500000.0,56900000.0,0.014,56900000.0,38500000.0,36800000.0,0.11,0.13,0.11,2588600000.0,2603325000.0,2588600000.0,4656628735.0,121.0,81.839,518500000.0,1.608,1.0,692400000.0,0.171,15900000.0,1700000.0,6494200000.0,6930025000.0,3411900000.0,485100000.0,,,3136100000.0,,,3847828735.0,-715100000.0,0.0,6100000.0,-897400000.0,-47800000.0,-939200000.0,-314800000.0,-301300000.0,538900000.0,0.0,32700000.0,32700000.0,32700000.0,0.0,0.0,0.008,591000000.0,101400000.0,168700000.0,1.364,1.486,117.671,108.455,60000000.0,0.0,11.93,0.949,0.949,0.0,778200000.0,4056300000.0,4056300000.0,0.0,0.005,0.013,0.006,0.009,13600000.0,591000000.0,1.0,322533842.0,322533842.0,,12.576,5710800000.0,14300000.0,4100000.0,0.0,17.706,
43,DHI,MRT,2010-09-30,2010-09-30,2010-09-30,2021-07-23,300000.0,5938600000.0,6325350000.0,,,0.696,8.209,-19200000.0,1363000000.0,1363000000.0,3627600000.0,245100000.0,,1.269,2171800000.0,,,2171800000.0,0.0,18400000.0,0.0,0.013,0.15,101400000.0,119800000.0,0.027,119800000.0,101400000.0,99500000.0,0.77,0.77,0.77,2613200000.0,2601375000.0,2613200000.0,4455564401.0,44.0,37.192,690200000.0,2.168,1.0,772600000.0,0.176,15900000.0,1900000.0,6731500000.0,7207250000.0,3449000000.0,551500000.0,,,3315700000.0,,,3539664401.0,-648000000.0,0.0,7600000.0,-1002100000.0,-47700000.0,-1039400000.0,-318000000.0,-300300000.0,709400000.0,0.0,245100000.0,245100000.0,245100000.0,0.0,0.0,0.056,600400000.0,172200000.0,186700000.0,0.195,1.355,14.442,14.442,60500000.0,0.0,11.12,0.804,0.804,0.0,810600000.0,4400200000.0,4400200000.0,0.0,0.039,0.094,0.014,0.023,10500000.0,600400000.0,1.0,318315144.0,318315144.0,,13.823,5922700000.0,16000000.0,-145600000.0,0.0,18.606,
44,DHI,MRT,2010-06-30,2010-06-30,2010-06-30,2021-07-23,100000.0,6211400000.0,6529900000.0,,,0.686,8.256,-15600000.0,1451300000.0,1451300000.0,3909100000.0,19000000.0,,1.361,2367200000.0,,,2367200000.0,0.0,18600000.0,0.0,0.015,0.15,-126200000.0,-107600000.0,-0.024,-107600000.0,-126200000.0,-127900000.0,0.06,0.02,0.06,2627000000.0,2546025000.0,2627000000.0,4067455887.0,-32.0,-37.802,610700000.0,1.919,1.0,571500000.0,0.128,15900000.0,1700000.0,7111400000.0,7492800000.0,3565000000.0,614300000.0,,,3574600000.0,,,3127855887.0,-609800000.0,0.0,7000000.0,-886200000.0,-47700000.0,-924300000.0,-311800000.0,-299400000.0,626300000.0,0.0,19000000.0,19000000.0,19000000.0,0.0,0.0,0.004,612600000.0,-41100000.0,257300000.0,2.5,1.191,164.624,163.833,61300000.0,0.0,9.83,0.698,0.698,0.0,831300000.0,4480600000.0,4480600000.0,0.0,0.003,0.007,-0.017,-0.028,10800000.0,612600000.0,1.0,318194902.0,318194902.0,,14.081,6195500000.0,32600000.0,-146900000.0,0.0,19.471,
45,DHI,MRT,2010-03-31,2010-03-31,2010-03-31,2021-07-23,-200000.0,6459300000.0,6671925000.0,,,0.601,8.129,-9400000.0,1689900000.0,1689900000.0,3660100000.0,-175300000.0,,1.496,2629500000.0,,,2629500000.0,0.0,20300000.0,0.0,0.012,0.15,-336400000.0,-316100000.0,-0.079,-316100000.0,-336400000.0,-337600000.0,-0.55,-0.59,-0.55,2584500000.0,2513700000.0,2584500000.0,4932915889.0,-15.0,-15.606,581700000.0,1.83,1.0,347300000.0,0.087,15900000.0,1200000.0,7383000000.0,7729175000.0,3763500000.0,435800000.0,,,3865400000.0,,,4006015889.0,124400000.0,0.0,7100000.0,-171500000.0,-47500000.0,-209200000.0,-257500000.0,-199100000.0,591100000.0,0.0,-175300000.0,-175300000.0,-175300000.0,0.0,0.0,-0.044,600300000.0,-253000000.0,286500000.0,-0.273,1.55,-22.852,-22.909,57100000.0,0.0,12.6,1.0,1.0,0.0,792800000.0,4007400000.0,4007400000.0,0.0,-0.026,-0.07,-0.044,-0.084,11100000.0,600300000.0,1.0,317937769.0,317937769.0,,12.604,6443400000.0,29400000.0,-162300000.0,0.0,20.266,
46,DHI,MRT,2009-12-31,2009-12-31,2009-12-31,2021-07-23,0.0,6692100000.0,6676525000.0,,,0.58,8.032,-6200000.0,1989300000.0,1989300000.0,3642800000.0,-295300000.0,,1.59,2916200000.0,,,2916200000.0,0.0,22400000.0,0.0,0.014,0.15,-451400000.0,-429000000.0,-0.111,-429000000.0,-451400000.0,-452700000.0,-0.93,-0.97,-0.93,2580800000.0,2529400000.0,2580800000.0,4757605674.0,-11.0,-11.09,538000000.0,1.674,1.0,229100000.0,0.059,15900000.0,1300000.0,7603100000.0,7848075000.0,3584800000.0,164700000.0,,,4102900000.0,,,3492805674.0,23100000.0,0.0,6300000.0,-424900000.0,-47500000.0,-463200000.0,-57900000.0,0.0,544200000.0,0.0,-295300000.0,-295300000.0,-295300000.0,0.0,0.0,-0.076,598000000.0,-368900000.0,229600000.0,-0.161,1.353,-11.828,-11.688,55700000.0,0.0,10.87,0.902,0.902,0.0,793300000.0,3871900000.0,3871900000.0,0.0,-0.044,-0.117,-0.058,-0.117,11000000.0,598000000.0,1.0,321325269.0,321325269.0,,12.05,6676200000.0,381700000.0,-157400000.0,0.0,20.777,
47,DHI,MRT,2009-09-30,2009-09-30,2009-09-30,2021-07-23,0.0,6756800000.0,6797225000.0,,,0.538,7.543,-6200000.0,2012500000.0,2012500000.0,3538700000.0,-549800000.0,,1.821,3145300000.0,,,3145300000.0,0.0,25700000.0,0.0,0.013,0.15,-555300000.0,-529600000.0,-0.145,-529600000.0,-555300000.0,-556800000.0,-1.73,-1.73,-1.73,2391800000.0,2574925000.0,2391800000.0,4911391420.0,-9.0,-9.274,1135000000.0,3.579,1.0,118900000.0,0.033,15900000.0,1500000.0,7873700000.0,8124100000.0,3666700000.0,220800000.0,,,4356200000.0,,,3618091420.0,570000000.0,0.0,4400000.0,-468700000.0,-47500000.0,-511800000.0,-59400000.0,0.0,1141200000.0,0.0,-549800000.0,-549800000.0,-549800000.0,0.0,0.0,-0.15,601100000.0,-482200000.0,278900000.0,-0.087,1.513,-6.581,-6.595,57800000.0,0.0,11.41,0.989,0.989,0.0,613200000.0,3657600000.0,3657600000.0,0.0,-0.081,-0.214,-0.068,-0.152,13700000.0,601100000.0,1.0,317098284.0,317098284.0,,11.535,6740900000.0,293100000.0,-7000000.0,0.0,21.258,
48,DHI,MRT,2009-06-30,2009-06-30,2009-06-30,2021-07-23,0.0,6779500000.0,7095675000.0,,,0.622,7.881,-3700000.0,2064300000.0,2064300000.0,5116100000.0,-1114800000.0,,1.714,3357600000.0,,,3357600000.0,0.0,31800000.0,0.0,0.02,0.188,-1490700000.0,-1458900000.0,-0.331,-1458900000.0,-1490700000.0,-1492900000.0,-3.52,-3.52,-3.52,2497700000.0,2685550000.0,2497700000.0,4363129632.0,-3.0,-2.991,1577300000.0,4.977,1.0,-704800000.0,-0.16,15900000.0,2200000.0,8056900000.0,8729125000.0,3873300000.0,222700000.0,,,4281800000.0,,,2966329632.0,1151100000.0,0.0,2300000.0,-307200000.0,-59400000.0,-366700000.0,-63200000.0,0.0,1581000000.0,0.0,-1114800000.0,-1114800000.0,-1114800000.0,0.0,0.0,-0.253,646100000.0,-1350900000.0,217400000.0,-0.053,1.188,-2.661,-2.659,62500000.0,0.0,9.36,0.672,0.672,0.0,861500000.0,4411300000.0,4411300000.0,0.0,-0.157,-0.415,-0.171,-0.338,16300000.0,646100000.0,1.0,316915559.0,316915559.0,,13.919,6763600000.0,290300000.0,-378100000.0,0.0,21.342,
49,DHI,MRT,2009-03-31,2009-03-31,2009-03-31,2021-07-23,0.0,6477700000.0,7516925000.0,,,0.658,8.357,-4300000.0,1515200000.0,1515200000.0,5809900000.0,-1370300000.0,,1.447,2912000000.0,,,2912000000.0,0.0,38800000.0,0.0,0.023,0.225,-1706000000.0,-1667200000.0,-0.337,-1667200000.0,-1706000000.0,-1708600000.0,-4.33,-4.33,-4.33,2647300000.0,2975575000.0,2647300000.0,4620748691.0,-3.0,-2.772,1840100000.0,5.809,1.0,-867300000.0,-0.175,15900000.0,2600000.0,7858600000.0,9511425000.0,4168000000.0,187600000.0,,,3830400000.0,,,3072548691.0,954300000.0,0.0,4400000.0,-821200000.0,-71300000.0,-889900000.0,-200000.0,0.0,1844400000.0,0.0,-1370300000.0,-1370300000.0,-1370300000.0,0.0,0.0,-0.277,711500000.0,-1578800000.0,194100000.0,-0.052,1.161,-2.242,-2.24,66600000.0,0.0,9.7,0.622,0.622,0.0,1015600000.0,4942600000.0,4942600000.0,0.0,-0.182,-0.461,-0.179,-0.345,16000000.0,711500000.0,1.0,316757597.0,316757597.0,,15.604,6461800000.0,268000000.0,-338300000.0,0.0,20.4,
50,DHI,MRT,2008-12-31,2008-12-31,2008-12-31,2021-07-23,0.0,7174900000.0,8136300000.0,,,0.715,8.626,-5000000.0,1913100000.0,1913100000.0,7392400000.0,-2567300000.0,,1.597,3461300000.0,,,3461300000.0,0.0,46500000.0,0.0,0.048,0.338,-2487100000.0,-2440600000.0,-0.419,-2440600000.0,-2487100000.0,-2490200000.0,-8.13,-8.13,-8.13,2762900000.0,3331950000.0,2762900000.0,4625730642.0,-2.0,-1.895,2130800000.0,6.652,1.0,-1570900000.0,-0.27,15900000.0,3100000.0,8707200000.0,10557725000.0,4426100000.0,204200000.0,,,4412000000.0,,,2264630642.0,1784000000.0,0.0,9200000.0,-253200000.0,-106600000.0,-350800000.0,-1000000.0,0.0,2135800000.0,0.0,-2567300000.0,-2567300000.0,-2567300000.0,0.0,0.0,-0.441,798500000.0,-2369400000.0,182600000.0,-0.042,0.82,-0.882,-0.87,70700000.0,0.0,7.07,0.389,0.389,0.0,1136000000.0,5821500000.0,5821500000.0,0.0,-0.316,-0.771,-0.236,-0.427,14000000.0,798500000.0,1.0,320315508.0,320315508.0,,18.174,7159000000.0,268000000.0,77100000.0,0.0,22.35,
51,DHI,MRT,2008-09-30,2008-09-30,2008-09-30,2021-07-23,0.0,7950600000.0,8942825000.0,,,0.743,8.952,-6600000.0,1389300000.0,1389300000.0,8281800000.0,-2633600000.0,,1.805,3748400000.0,,,3748400000.0,0.0,53200000.0,0.0,0.035,0.45,-2628100000.0,-2574900000.0,-0.387,-2574900000.0,-2628100000.0,-2631800000.0,-8.34,-8.34,-8.34,2834300000.0,3994750000.0,2834300000.0,6939144962.0,-3.0,-2.695,1869900000.0,5.906,1.0,-1635700000.0,-0.246,15900000.0,3700000.0,10293800000.0,11856125000.0,4683200000.0,352100000.0,,,5116300000.0,,,4122244962.0,1117700000.0,0.0,9500000.0,-623100000.0,-142000000.0,-755600000.0,-3200000.0,0.0,1876500000.0,0.0,-2633600000.0,-2633600000.0,-2633600000.0,0.0,0.0,-0.396,891900000.0,-2527600000.0,281500000.0,-0.054,1.454,-1.565,-1.561,65900000.0,0.0,13.02,0.62,0.62,0.0,1210500000.0,6646100000.0,6646100000.0,0.0,-0.294,-0.659,-0.222,-0.395,13500000.0,891900000.0,1.0,316608676.0,316608676.0,,20.992,7934700000.0,889700000.0,1800000.0,0.0,25.062,
52,DHI,MRT,2008-06-30,2008-06-30,2008-06-30,2021-07-23,0.0,8464500000.0,9844250000.0,,,0.816,11.58,-16200000.0,851200000.0,851200000.0,8531600000.0,-1883900000.0,,1.314,3668100000.0,,,3668100000.0,0.0,58200000.0,0.0,0.048,0.525,-1561000000.0,-1502800000.0,-0.187,-1502800000.0,-1561000000.0,-1566800000.0,-5.97,-5.97,-5.97,3657800000.0,4682900000.0,3657800000.0,6611085203.0,-4.0,-4.399,2189600000.0,6.932,1.0,-495500000.0,-0.062,95300000.0,5800000.0,11186100000.0,13174725000.0,6396700000.0,246400000.0,,,4806700000.0,,,3427185203.0,790400000.0,0.0,11900000.0,-1253200000.0,-165400000.0,-1402100000.0,-13300000.0,0.0,2205800000.0,0.0,-1883900000.0,-1883900000.0,-1883900000.0,0.0,0.0,-0.234,1009600000.0,-1505100000.0,302400000.0,-0.088,0.937,-1.819,-1.817,78900000.0,0.0,10.85,0.426,0.426,0.0,2034100000.0,8036100000.0,8036100000.0,0.0,-0.191,-0.402,-0.118,-0.194,8300000.0,1009600000.0,1.0,315869604.0,315869604.0,,25.441,8369200000.0,518700000.0,317100000.0,0.0,26.496,
53,DHI,MRT,2008-03-31,2008-03-31,2008-03-31,2021-07-23,0.0,8955200000.0,10851625000.0,,,0.845,12.923,-22300000.0,560900000.0,560900000.0,9891700000.0,-2308400000.0,,1.199,3744800000.0,,,3744800000.0,0.0,61500000.0,0.0,0.038,0.6,-2289800000.0,-2228300000.0,-0.243,-2228300000.0,-2289800000.0,-2299100000.0,-7.33,-7.33,-7.33,4072800000.0,5187875000.0,4072800000.0,8558705208.0,-4.0,-3.841,1869400000.0,5.932,1.0,-721700000.0,-0.079,95300000.0,9300000.0,12043800000.0,14677375000.0,7065400000.0,307100000.0,,,4882400000.0,,,4963605208.0,342300000.0,0.0,11400000.0,-1357000000.0,-188800000.0,-1527100000.0,-22300000.0,0.0,1891700000.0,0.0,-2308400000.0,-2308400000.0,-2308400000.0,0.0,0.0,-0.252,1095300000.0,-1817000000.0,309600000.0,-0.082,1.219,-2.15,-2.149,88900000.0,0.0,15.75,0.541,0.541,0.0,2457100000.0,9170000000.0,9170000000.0,0.0,-0.213,-0.445,-0.156,-0.25,4700000.0,1095300000.0,1.0,315149537.0,315149537.0,,29.097,8859900000.0,545500000.0,9300000.0,0.0,28.113,
54,DHI,MRT,2007-12-31,2007-12-31,2007-12-31,2021-07-23,0.0,10401000000.0,11990450000.0,,,0.848,16.993,-32700000.0,129100000.0,129100000.0,9833600000.0,-951100000.0,,0.921,3724200000.0,,,3724200000.0,0.0,63600000.0,0.0,0.046,0.6,-1315800000.0,-1252200000.0,-0.123,-1252200000.0,-1315800000.0,-1331100000.0,-3.03,-3.03,-3.03,5414100000.0,5804550000.0,5414100000.0,8303261157.0,-6.0,-6.631,1585000000.0,4.975,1.0,337600000.0,0.033,95300000.0,15300000.0,13900800000.0,16119800000.0,8586300000.0,245100000.0,,,4986900000.0,,,4196061157.0,-10700000.0,0.0,9800000.0,-1424500000.0,-188700000.0,-1595700000.0,-32700000.0,0.0,1617700000.0,0.0,-951100000.0,-951100000.0,-951100000.0,0.0,0.0,-0.094,1198600000.0,-861000000.0,374700000.0,-0.198,0.775,-4.412,-4.347,99900000.0,0.0,13.17,0.413,0.413,0.0,3810000000.0,10171200000.0,10171200000.0,0.0,-0.079,-0.164,-0.082,-0.129,4400000.0,1198600000.0,1.0,318607529.0,318607529.0,,31.924,10305700000.0,940000000.0,-380000000.0,0.0,32.346,
55,DHI,MRT,2007-09-30,2007-09-30,2007-09-30,2021-07-23,0.0,11556300000.0,12807375000.0,,,0.882,17.751,-39800000.0,269600000.0,269600000.0,10485100000.0,-712500000.0,,1.068,4376800000.0,,,4376800000.0,0.0,64400000.0,0.0,0.047,0.6,-927600000.0,-863200000.0,-0.076,-863200000.0,-927600000.0,-951200000.0,-2.27,-2.27,-2.27,5586900000.0,6082225000.0,5586900000.0,8887827137.0,-10.0,-10.296,1315700000.0,4.18,1.0,811400000.0,0.072,95300000.0,23600000.0,15568200000.0,17169325000.0,9343500000.0,523500000.0,,,5969400000.0,,,4031827137.0,-318000000.0,0.0,12700000.0,-1716200000.0,-188400000.0,-1633700000.0,-39800000.0,0.0,1355500000.0,0.0,-712500000.0,-712500000.0,-712500000.0,0.0,0.0,-0.063,1295300000.0,-483900000.0,590900000.0,-0.264,0.722,-5.659,-5.643,110200000.0,0.0,12.81,0.357,0.357,0.0,3986100000.0,11296500000.0,11296500000.0,0.0,-0.056,-0.117,-0.054,-0.082,2500000.0,1295300000.0,1.0,314740604.0,314740604.0,,35.891,11461000000.0,863800000.0,-238700000.0,0.0,36.414,
56,DHI,MRT,2007-06-30,2007-06-30,2007-06-30,2021-07-23,0.0,12494000000.0,13623475000.0,,,0.955,18.076,-49800000.0,60800000.0,60800000.0,11550100000.0,-384700000.0,,1.201,4916800000.0,,,4916800000.0,0.0,64100000.0,0.0,0.03,0.6,-372300000.0,-308200000.0,-0.024,-308200000.0,-372300000.0,-405300000.0,-1.23,-1.23,-1.23,5677700000.0,6298725000.0,5677700000.0,11142037283.0,-30.0,-36.152,1370700000.0,4.364,1.0,1456900000.0,0.112,153300000.0,33000000.0,17196700000.0,18148400000.0,10587300000.0,469000000.0,,,6816300000.0,,,6260137283.0,-99300000.0,0.0,13900000.0,-1304900000.0,-188200000.0,-1470000000.0,-49800000.0,0.0,1420500000.0,0.0,-384700000.0,-384700000.0,-384700000.0,0.0,0.0,-0.03,1442500000.0,14400000.0,832400000.0,-0.488,1.103,-16.273,-16.203,117900000.0,0.0,19.93,0.481,0.481,0.0,4083500000.0,13007000000.0,13007000000.0,0.0,-0.028,-0.061,-0.021,-0.029,3600000.0,1442500000.0,1.0,314106236.0,314106236.0,,41.41,12340700000.0,735900000.0,-20600000.0,0.0,39.288,
57,DHI,MRT,2007-03-31,2007-03-31,2007-03-31,2021-07-23,0.0,13510500000.0,14139900000.0,,,0.996,20.838,-72500000.0,218600000.0,218600000.0,11369100000.0,731900000.0,,1.066,5100500000.0,,,5100500000.0,0.0,62100000.0,0.0,0.025,0.55,1215900000.0,1278000000.0,0.091,1278000000.0,1215900000.0,1178300000.0,2.33,2.32,2.33,6539500000.0,6432825000.0,6539500000.0,11913213876.0,10.0,9.322,526200000.0,1.677,1.0,2707600000.0,0.192,578900000.0,37600000.0,17813500000.0,18857900000.0,11209200000.0,568600000.0,,,6971000000.0,,,6904113876.0,-59600000.0,0.0,13700000.0,-436100000.0,-172300000.0,-585800000.0,-72500000.0,0.0,598700000.0,0.0,731900000.0,731900000.0,731900000.0,0.0,0.0,0.052,1546200000.0,1161400000.0,806700000.0,0.236,1.056,9.433,9.442,125100000.0,0.0,22.0,0.49,0.49,0.0,4954300000.0,14076700000.0,14076700000.0,0.0,0.052,0.114,0.064,0.086,4100000.0,1546200000.0,1.0,313823358.0,313823358.0,,44.855,12931600000.0,0.0,446400000.0,0.0,41.207,
58,DHI,MRT,2006-12-31,2006-12-31,2006-12-31,2021-07-23,0.0,13668700000.0,14140025000.0,,,1.062,20.569,-76100000.0,139800000.0,139800000.0,11739300000.0,1033000000.0,,1.095,5148900000.0,,,5148900000.0,0.0,59500000.0,0.0,0.019,0.5,1702500000.0,1762000000.0,0.117,1762000000.0,1702500000.0,1663900000.0,3.3,3.27,3.3,6524800000.0,6283950000.0,6524800000.0,13645586013.0,8.0,7.744,41200000.0,0.13,1.0,3276900000.0,0.218,578900000.0,38600000.0,18098900000.0,18948925000.0,11342600000.0,652200000.0,,,7143900000.0,,,8402886013.0,-85400000.0,0.0,10800000.0,10000000.0,-156400000.0,-126600000.0,-76100000.0,0.0,117300000.0,0.0,1033000000.0,1033000000.0,1033000000.0,0.0,0.0,0.069,1626100000.0,1650800000.0,833500000.0,0.152,1.288,8.134,8.027,127400000.0,0.0,26.49,0.56,0.56,0.0,4949700000.0,15016200000.0,15016200000.0,0.0,0.073,0.164,0.09,0.113,3300000.0,1626100000.0,1.0,317209740.0,317209740.0,,47.338,13089800000.0,0.0,630900000.0,0.0,41.265,
59,DHI,MRT,2006-09-30,2006-09-30,2006-09-30,2021-07-23,0.0,14820700000.0,13926175000.0,,,1.081,20.609,-83300000.0,835900000.0,835900000.0,11418300000.0,1233300000.0,,1.297,6078600000.0,,,6078600000.0,0.0,56500000.0,0.0,0.018,0.44,2024200000.0,2080700000.0,0.138,2080700000.0,2024200000.0,1987100000.0,3.94,3.9,3.94,6452900000.0,6055975000.0,6452900000.0,13553029038.0,7.0,6.514,-1274100000.0,-4.069,1.0,3633000000.0,0.241,578900000.0,37100000.0,19484500000.0,18705175000.0,11343100000.0,1022900000.0,,,8367800000.0,,,7499129038.0,-562200000.0,0.0,-24400000.0,1112800000.0,-137600000.0,711900000.0,-83300000.0,0.0,-1190800000.0,0.0,1233300000.0,1233300000.0,1233300000.0,0.0,0.0,0.082,1658800000.0,1974200000.0,1041100000.0,0.112,1.162,6.081,6.079,131400000.0,0.0,23.95,0.498,0.498,0.0,4887000000.0,15051300000.0,15051300000.0,0.0,0.089,0.204,0.108,0.134,2400000.0,1658800000.0,1.0,313116035.0,313116035.0,,48.069,14241800000.0,374000000.0,753800000.0,0.0,45.484,
60,DHI,MRT,2006-06-30,2006-06-30,2006-06-30,2021-07-23,0.0,14559700000.0,13349700000.0,,,1.143,19.874,-89700000.0,160100000.0,160100000.0,11201800000.0,1519500000.0,,1.343,6214000000.0,,,6214000000.0,0.0,54300000.0,0.0,0.016,0.38,2478100000.0,2532400000.0,0.166,2532400000.0,2478100000.0,2445700000.0,4.86,4.79,4.86,6214100000.0,5782850000.0,6214100000.0,12693322243.0,5.0,5.012,-1673600000.0,-5.353,1.0,4063500000.0,0.266,578900000.0,32400000.0,20034700000.0,17757975000.0,12005400000.0,846100000.0,,,8345600000.0,,,7447822243.0,-11700000.0,0.0,-25000000.0,1797500000.0,-118800000.0,1661900000.0,-89700000.0,0.0,-1583900000.0,0.0,1519500000.0,1519500000.0,1519500000.0,0.0,0.0,0.1,1636900000.0,2426600000.0,981800000.0,0.078,1.199,4.901,4.901,130700000.0,0.0,23.82,0.488,0.488,0.0,4656300000.0,15265300000.0,15265300000.0,0.0,0.114,0.263,0.14,0.162,-100000.0,1636900000.0,1.0,312670959.0,312670959.0,,48.822,13980800000.0,0.0,926200000.0,0.0,44.714,
61,DHI,MRT,2006-03-31,2006-03-31,2006-03-31,2021-07-23,0.0,13511000000.0,12470900000.0,,,1.2,19.025,-74500000.0,278200000.0,278200000.0,10837100000.0,1598400000.0,,1.273,5523700000.0,,,5523700000.0,0.0,52400000.0,0.0,0.011,0.37,2605700000.0,2658100000.0,0.178,2658100000.0,2605700000.0,2577900000.0,5.11,5.03,5.11,5944000000.0,5434400000.0,5944000000.0,15268191097.0,6.0,5.744,-1296800000.0,-4.151,1.0,4130600000.0,0.276,578900000.0,27800000.0,18177600000.0,16413525000.0,10852400000.0,717200000.0,,,7567000000.0,,,10378691097.0,-294600000.0,0.0,-18300000.0,1131100000.0,-115700000.0,1002200000.0,-74500000.0,0.0,-1222300000.0,0.0,1598400000.0,1598400000.0,1598400000.0,0.0,0.0,0.107,1570200000.0,2560400000.0,839900000.0,0.072,1.746,6.493,6.501,115200000.0,0.0,33.22,0.693,0.693,0.0,4394800000.0,14967700000.0,14967700000.0,0.0,0.128,0.294,0.159,0.174,-200000.0,1570200000.0,1.0,312422971.0,312422971.0,,47.908,12932100000.0,0.0,979500000.0,0.0,41.393,
62,DHI,MRT,2005-12-31,2005-12-31,2005-12-31,2021-07-23,0.0,12813300000.0,11728275000.0,,,1.215,17.938,-72500000.0,225200000.0,225200000.0,10329600000.0,1539600000.0,,1.283,5114700000.0,,,5114700000.0,0.0,51500000.0,0.0,0.009,0.338,2509500000.0,2561000000.0,0.18,2561000000.0,2509500000.0,2486900000.0,4.92,4.84,4.92,5612900000.0,5065750000.0,5612900000.0,15040998401.0,6.0,5.873,-1146700000.0,-3.665,1.0,3917200000.0,0.275,578900000.0,22600000.0,17123900000.0,15301475000.0,10074100000.0,907100000.0,,,7200400000.0,,,11281198401.0,-131800000.0,0.0,-13300000.0,1131400000.0,-106000000.0,1014900000.0,-72500000.0,0.0,-1074200000.0,0.0,1539600000.0,1539600000.0,1539600000.0,0.0,0.0,0.108,1456800000.0,2460400000.0,785800000.0,0.069,2.01,7.327,7.262,112900000.0,0.0,35.73,0.792,0.785,0.0,4073200000.0,14246800000.0,14246800000.0,0.0,0.131,0.304,0.164,0.176,-300000.0,1456800000.0,1.0,315734632.0,312900000.0,,45.531,12234400000.0,0.0,947300000.0,0.0,39.1,
63,DHI,MRT,2005-09-30,2005-09-30,2005-09-30,2021-07-23,0.0,12514800000.0,10949625000.0,,,1.266,17.135,-68200000.0,1149800000.0,1149800000.0,10140300000.0,1470500000.0,,1.335,4909600000.0,,,4909600000.0,0.0,52800000.0,0.0,0.008,0.307,2395400000.0,2448200000.0,0.177,2448200000.0,2395400000.0,2378600000.0,4.71,4.62,4.71,5360400000.0,4710050000.0,5360400000.0,15521803390.0,6.0,6.34,-688900000.0,-2.202,1.0,3723400000.0,0.269,578900000.0,16800000.0,15695700000.0,14192900000.0,8486800000.0,1358700000.0,,,7154400000.0,,,11330503390.0,631800000.0,0.0,24800000.0,1392400000.0,-96500000.0,1320700000.0,-68200000.0,0.0,-620700000.0,0.0,1470500000.0,1470500000.0,1470500000.0,0.0,0.0,0.106,1374200000.0,2349200000.0,844700000.0,0.065,2.114,7.705,7.69,107200000.0,0.0,36.22,0.817,0.817,0.0,3791300000.0,13863700000.0,13863700000.0,0.0,0.134,0.312,0.169,0.173,0.0,1374200000.0,1.0,312824500.0,312824500.0,,44.318,11935900000.0,0.0,908100000.0,0.0,38.155,
64,DHI,MRT,2005-06-30,2005-06-30,2005-06-30,2021-07-23,0.0,11044500000.0,10067225000.0,,,1.22,15.436,-60600000.0,171800000.0,171800000.0,9020100000.0,1256300000.0,,1.291,4363100000.0,,,4363100000.0,0.0,54400000.0,0.0,0.007,0.277,2051100000.0,2105500000.0,0.171,2105500000.0,2051100000.0,2040100000.0,4.02,3.96,4.02,4820300000.0,4360125000.0,4820300000.0,15512318854.0,8.0,7.368,-1021000000.0,-3.27,1.0,3257500000.0,0.265,578900000.0,11000000.0,14656900000.0,13115850000.0,8622400000.0,828700000.0,,,6224200000.0,,,11744518854.0,-68300000.0,0.0,25400000.0,1014300000.0,-87000000.0,952700000.0,-60600000.0,0.0,-960400000.0,0.0,1256300000.0,1256300000.0,1256300000.0,0.0,0.0,0.102,1248500000.0,2009000000.0,739400000.0,0.069,2.436,9.348,9.356,97800000.0,0.0,37.61,0.957,0.957,0.0,3255700000.0,12277600000.0,12277600000.0,0.0,0.125,0.288,0.156,0.167,0.0,1248500000.0,1.0,312271174.0,312271174.0,,39.317,10465600000.0,0.0,783800000.0,0.0,33.514,
65,DHI,MRT,2005-03-31,2005-03-31,2005-03-31,2021-07-23,0.0,10540500000.0,9356703250.0,,,1.25,14.331,-59400000.0,572800000.0,572800000.0,8705300000.0,1135900000.0,,1.358,4340600000.0,,,4340600000.0,0.0,54500000.0,0.0,0.008,0.247,1852800000.0,1907300000.0,0.163,1907300000.0,1852800000.0,1844300000.0,3.64,3.59,3.64,4469400000.0,4061311250.0,4469400000.0,12688775056.0,7.0,6.653,-736400000.0,-2.361,1.0,2992500000.0,0.256,578900000.0,8500000.0,13729400000.0,12127178500.0,7926700000.0,648300000.0,,,6071100000.0,,,9118975056.0,354100000.0,0.0,17700000.0,1150300000.0,-77500000.0,1090500000.0,-59400000.0,0.0,-677000000.0,0.0,1135900000.0,1135900000.0,1135900000.0,0.0,0.0,0.097,1184500000.0,1808000000.0,731600000.0,0.068,2.04,8.028,8.033,94000000.0,0.0,29.24,0.78,0.78,0.0,2912100000.0,11697800000.0,11697800000.0,0.0,0.121,0.28,0.153,0.158,0.0,1184500000.0,1.0,311866452.0,311866452.0,,37.509,9961600000.0,0.0,708400000.0,0.0,31.942,
66,DHI,MRT,2004-12-31,2004-12-31,2004-12-31,2021-07-23,0.0,9698700000.0,8632502500.0,,,1.292,13.46,-58100000.0,357000000.0,357000000.0,8374000000.0,1030500000.0,,1.315,3926800000.0,,,3926800000.0,0.0,52100000.0,0.0,0.008,0.24,1679900000.0,1732000000.0,0.155,1732000000.0,1679900000.0,1672900000.0,3.31,3.27,3.31,4190100000.0,3791512000.0,4190100000.0,12501836255.0,7.0,7.218,-887600000.0,-2.851,1.0,2782300000.0,0.249,578900000.0,7000000.0,12689600000.0,11193285750.0,7493300000.0,533600000.0,,,5508600000.0,,,9520636255.0,192800000.0,0.0,16500000.0,1138700000.0,-74800000.0,1080400000.0,-58100000.0,0.0,-829500000.0,0.0,1030500000.0,1030500000.0,1030500000.0,0.0,0.0,0.092,1132500000.0,1649800000.0,419300000.0,0.073,2.272,9.239,9.134,92200000.0,0.0,30.233,0.853,0.844,0.0,2639600000.0,11156300000.0,11156300000.0,0.0,0.119,0.272,0.15,0.151,0.0,1132500000.0,1.0,314913959.0,311300000.0,,35.838,9119800000.0,0.0,642400000.0,0.0,29.296,
67,DHI,MRT,2004-09-30,2004-09-30,2004-09-30,2021-07-23,0.0,8985200000.0,8000084250.0,,,1.355,12.737,-55200000.0,518000000.0,518000000.0,8197300000.0,975100000.0,,1.269,3499200000.0,,,3499200000.0,0.0,49600000.0,0.0,0.009,0.215,1588800000.0,1638400000.0,0.151,1638400000.0,1588800000.0,1582900000.0,3.14,3.09,3.14,3960700000.0,3546909000.0,3960700000.0,10800545239.0,7.0,6.592,-477700000.0,-1.536,1.0,2643500000.0,0.244,578900000.0,5900000.0,11387500000.0,10310970250.0,6567400000.0,623300000.0,,,5024500000.0,,,7721844239.0,-64900000.0,0.0,15400000.0,464300000.0,-66900000.0,412800000.0,-55200000.0,0.0,-422500000.0,0.0,975100000.0,975100000.0,975100000.0,0.0,0.0,0.09,1080000000.0,1563500000.0,602000000.0,0.068,1.95,7.919,7.908,91900000.0,0.0,24.832,0.712,0.712,0.0,2417300000.0,10840800000.0,10840800000.0,0.0,0.122,0.275,0.154,0.147,0.0,1080000000.0,1.0,310957183.0,310957183.0,,34.863,8406300000.0,0.0,607800000.0,0.0,27.034,
68,DHI,MRT,2004-06-30,2004-06-30,2004-06-30,2021-07-23,0.0,8202413000.0,7573634250.0,,,1.346,11.666,-56655000.0,240093000.0,240093000.0,7776324000.0,856272000.0,,1.263,3318794000.0,,,3318794000.0,0.0,46159000.0,0.0,0.009,0.19,1395198000.0,1441357000.0,0.141,1441357000.0,1395198000.0,1389179000.0,2.78,2.67,2.78,3625045000.0,3314559000.0,3625045000.0,9547388192.0,7.0,6.624,-130207000.0,-0.419,1.0,2416008000.0,0.237,578900000.0,6019000.0,10702214000.0,9734295250.0,6383203000.0,413614000.0,,,4577368000.0,,,6618356192.0,-56098000.0,0.0,-13923000.0,147105000.0,-59073000.0,74109000.0,-56655000.0,0.0,-73552000.0,0.0,856272000.0,856272000.0,856272000.0,0.0,0.0,0.084,1034677000.0,1381331000.0,1190095000.0,0.068,1.826,7.729,7.662,88868000.0,0.0,21.3,0.649,0.649,0.0,2086322000.0,10192332000.0,10192332000.0,0.0,0.113,0.258,0.143,0.137,0.0,1034677000.0,1.0,310720948.0,310742667.0,,32.8,7623513000.0,0.0,532907000.0,0.0,24.533,
69,DHI,MRT,2004-03-31,2004-03-31,2004-03-31,2021-07-23,0.0,7643697000.0,7252045750.0,,,1.326,10.921,-51001000.0,218693000.0,218693000.0,7387255000.0,760537000.0,,1.255,3147725000.0,,,3147725000.0,0.0,44916000.0,0.0,0.006,0.165,1237640000.0,1282556000.0,0.133,1282556000.0,1237640000.0,1231489000.0,2.502,2.365,2.502,3390203000.0,3117123250.0,3390203000.0,10814368027.0,9.0,8.432,-67606000.0,-0.218,1.0,2227064000.0,0.232,578900000.0,6151000.0,9993829000.0,9338646500.0,5835596000.0,432494000.0,,,4253494000.0,,,8244157027.0,31266000.0,0.0,-11038000.0,160551000.0,-50641000.0,98872000.0,-51001000.0,0.0,-16605000.0,0.0,760537000.0,760537000.0,760537000.0,0.0,0.0,0.079,991492000.0,1235572000.0,1057600000.0,0.066,2.432,10.84,10.621,86383000.0,0.0,26.573,0.857,0.858,0.0,1853670000.0,9614319000.0,9614319000.0,0.0,0.105,0.244,0.133,0.129,0.0,991492000.0,1.0,310251464.0,310417333.0,,30.972,7064797000.0,0.0,470952000.0,0.0,22.759,
70,DHI,MRT,2003-12-31,2003-12-31,2003-12-31,2021-07-23,0.0,7169027000.0,6940858750.0,,,1.324,10.369,-46571000.0,164160000.0,164160000.0,7107560000.0,699772000.0,,1.232,2734371000.0,,,2734371000.0,0.0,44296000.0,0.0,0.006,0.14,1137608000.0,1181904000.0,0.129,1181904000.0,1137608000.0,1131075000.0,2.327,2.192,2.327,3211688000.0,2886081500.0,3211688000.0,9195197587.0,8.0,7.78,265114000.0,0.856,1.0,2080106000.0,0.226,578900000.0,6533000.0,9160338000.0,9019968750.0,5589649000.0,300217000.0,,,3957339000.0,,,6814979587.0,-30451000.0,0.0,-42730000.0,-210725000.0,-42110000.0,-295565000.0,-46571000.0,0.0,311685000.0,0.0,699772000.0,699772000.0,699772000.0,0.0,0.0,0.076,952112000.0,1127994000.0,1077242000.0,0.06,2.122,9.739,9.295,82897000.0,0.0,21.63,0.742,0.729,0.0,1683858000.0,9187666000.0,9187666000.0,0.0,0.101,0.242,0.126,0.124,0.0,952112000.0,1.0,315070716.0,309733000.0,,29.663,6590127000.0,0.0,431303000.0,0.0,21.277,
71,DHI,MRT,2003-09-30,2003-09-30,2003-09-30,2021-07-23,0.0,7279400000.0,6713250000.0,,,1.3,9.642,-48600000.0,582900000.0,582900000.0,6805800000.0,626000000.0,,1.401,2963200000.0,,,2963200000.0,0.0,41800000.0,0.0,0.008,0.135,1015600000.0,1057400000.0,0.121,1057400000.0,1015600000.0,1008200000.0,2.11,1.99,2.11,3031300000.0,2676695500.0,3031300000.0,7925077782.0,8.0,7.495,374700000.0,1.192,1.0,1922300000.0,0.22,578900000.0,7400000.0,9080800000.0,8860583750.0,5082300000.0,485500000.0,,,4248100000.0,,,5140287782.0,478600000.0,0.0,-47300000.0,191300000.0,-40100000.0,103900000.0,-48600000.0,0.0,423300000.0,0.0,626000000.0,626000000.0,626000000.0,0.0,0.0,0.072,915300000.0,1007000000.0,439500000.0,0.064,1.696,8.211,7.749,81700000.0,0.0,16.35,0.589,0.589,0.0,1509100000.0,8728100000.0,8728100000.0,0.0,0.093,0.234,0.115,0.116,0.0,915300000.0,1.0,314390690.0,314390690.0,,27.762,6700500000.0,0.0,382200000.0,0.0,21.313,
72,DHI,MRT,2003-06-30,2003-06-30,2003-06-30,2021-07-23,0.0,6916059000.0,6397781750.0,,,1.256,9.71,-42390000.0,296242000.0,296242000.0,6312338000.0,531629000.0,,1.439,3081032000.0,,,3081032000.0,0.0,44220000.0,0.0,0.009,0.13,861534000.0,905754000.0,0.113,905754000.0,861534000.0,854243000.0,1.828,1.76,1.828,2835302000.0,2486336250.0,2835302000.0,7029737476.0,8.0,7.761,34248000.0,0.117,1.0,1723896000.0,0.215,581230000.0,7291000.0,9119619000.0,8643454750.0,4997296000.0,525475000.0,,,4080757000.0,,,4128338476.0,240351000.0,-1388000.0,-21857000.0,267357000.0,-38009000.0,207491000.0,-43778000.0,0.0,76638000.0,0.0,531629000.0,531629000.0,531629000.0,0.0,0.0,0.066,865431000.0,858465000.0,930275000.0,0.071,1.456,7.765,7.686,75689000.0,0.0,14.05,0.514,0.511,0.0,1289222000.0,8036234000.0,8036234000.0,0.0,0.083,0.214,0.1,0.107,0.0,865431000.0,1.0,293831920.0,291993333.0,,27.522,6334829000.0,0.0,322614000.0,0.0,21.695,
73,DHI,MRT,2003-03-31,2003-03-31,2003-03-31,2021-07-23,0.0,6398949000.0,6106449000.0,,,1.25,8.426,-45774000.0,187478000.0,187478000.0,6027495000.0,482004000.0,,1.595,3088877000.0,,,3088877000.0,0.0,40560000.0,0.0,0.013,0.125,779550000.0,820110000.0,0.107,820110000.0,779550000.0,772836000.0,1.655,1.6,1.655,2466036000.0,2312341500.0,2466036000.0,5657525728.0,7.0,6.898,-95199000.0,-0.325,1.0,1604831000.0,0.21,581230000.0,6714000.0,8719118000.0,8379393500.0,4736179000.0,424674000.0,,,3932913000.0,,,2814325728.0,-2212000.0,-1727000.0,-24026000.0,155423000.0,-36683000.0,94714000.0,-47501000.0,0.0,-49425000.0,0.0,482004000.0,482004000.0,482004000.0,0.0,0.0,0.063,827356000.0,777475000.0,817997000.0,0.076,1.141,5.839,5.801,77035000.0,0.0,9.6,0.369,0.368,0.0,1143825000.0,7632326000.0,7632326000.0,0.0,0.079,0.208,0.093,0.102,0.0,827356000.0,1.0,293158930.0,292653333.0,,26.08,5817719000.0,0.0,290832000.0,0.0,19.879,
74,DHI,MRT,2002-12-31,2002-12-31,2002-12-31,2021-07-23,0.0,6258592000.0,5905875250.0,,,1.24,8.102,-45493000.0,194695000.0,194695000.0,5826135000.0,443100000.0,,1.636,3037895000.0,,,3037895000.0,0.0,36487000.0,0.0,0.013,0.11,715171000.0,751658000.0,0.103,751658000.0,715171000.0,708940000.0,1.565,1.493,1.565,2374144000.0,2205515250.0,2374144000.0,5316308508.0,7.0,7.073,-10815000.0,-0.037,1.0,1497709000.0,0.204,578994000.0,6231000.0,8522798000.0,8134433250.0,4580499000.0,431827000.0,,,3884448000.0,,,2542321508.0,162751000.0,-154300000.0,9424000.0,349487000.0,-31045000.0,327866000.0,-199793000.0,0.0,34678000.0,0.0,443100000.0,443100000.0,443100000.0,0.0,0.0,0.061,782248000.0,715461000.0,828001000.0,0.07,1.071,5.738,5.543,77057000.0,0.0,8.675,0.347,0.347,0.0,1026259000.0,7323844000.0,7323844000.0,0.0,0.075,0.201,0.088,0.098,0.0,782248000.0,1.0,293062998.0,293045333.0,,24.992,5679598000.0,0.0,265840000.0,0.0,19.381,
75,DHI,MRT,2002-09-30,2002-09-30,2002-09-30,2021-07-23,0.0,6017527000.0,5256428750.0,,,1.282,7.747,-39300000.0,104344000.0,104344000.0,5364400000.0,404700000.0,,1.651,2878331000.0,,,2878331000.0,0.0,32800000.0,0.0,0.01,0.097,653000000.0,685800000.0,0.102,685800000.0,653000000.0,647500000.0,1.508,1.433,1.508,2269863000.0,1942813250.0,2269863000.0,5626691438.0,9.0,8.205,-129900000.0,-0.443,1.0,1374400000.0,0.204,579230000.0,5500000.0,8212284000.0,7340420250.0,4343069000.0,464088000.0,,,3747664000.0,,,2727655438.0,-134900000.0,-153800000.0,12400000.0,162500000.0,-26100000.0,148800000.0,-193100000.0,0.0,-90600000.0,0.0,404700000.0,404700000.0,404700000.0,0.0,0.0,0.06,714600000.0,659800000.0,848388000.0,0.064,1.202,6.74,6.174,71895000.0,0.0,9.31,0.405,0.405,0.0,923221000.0,6738800000.0,6738800000.0,0.0,0.077,0.208,0.089,0.097,0.0,714600000.0,1.0,292981250.0,292981250.0,,23.001,5438297000.0,0.0,242800000.0,0.0,18.562,
76,DHI,MRT,2002-06-30,2002-06-30,2002-06-30,2021-07-23,0.0,5750728000.0,4665094500.0,,,1.309,7.31,-39716000.0,55927000.0,55927000.0,4871435000.0,355063000.0,,1.688,2954963000.0,,,2954963000.0,0.0,31342000.0,0.0,0.006,0.083,573296000.0,604638000.0,0.099,604638000.0,573296000.0,568100000.0,1.4,1.34,1.4,2139323000.0,1687909250.0,2139323000.0,6515068476.0,11.0,10.775,-45443000.0,-0.155,1.0,1237033000.0,0.203,586390000.0,5196000.0,8063374000.0,6577603500.0,4381653000.0,288478000.0,,,3611405000.0,,,3808440476.0,-25476000.0,-165318000.0,24783000.0,191461000.0,-21161000.0,185285000.0,-205034000.0,0.0,-5727000.0,0.0,355063000.0,355063000.0,355063000.0,0.0,0.0,0.058,645001000.0,592032000.0,636072000.0,0.059,1.78,10.726,9.296,73338000.0,0.0,13.015,0.623,0.624,0.0,795680000.0,6108468000.0,6108468000.0,0.0,0.076,0.21,0.087,0.094,0.0,645001000.0,1.0,292619322.0,292662000.0,,20.872,5164338000.0,0.0,213037000.0,0.0,17.646,
77,DHI,MRT,2002-03-31,2002-03-31,2002-03-31,2021-07-23,0.0,5596654000.0,4061154500.0,,,1.335,7.908,-38737000.0,189726000.0,189726000.0,4312254000.0,317926000.0,,1.745,2896354000.0,,,2896354000.0,0.0,30236000.0,0.0,0.006,0.07,514298000.0,544534000.0,0.1,544534000.0,514298000.0,508682000.0,1.345,1.305,1.345,2038731000.0,1438008750.0,2038731000.0,4732524873.0,9.0,8.691,71598000.0,0.278,1.0,1108716000.0,0.205,564005000.0,5616000.0,7739277000.0,5790478750.0,4201134000.0,202323000.0,,,3557923000.0,,,2909819873.0,63579000.0,-212618000.0,15716000.0,205054000.0,-16098000.0,204599000.0,-251355000.0,0.0,110335000.0,0.0,317926000.0,317926000.0,317926000.0,0.0,0.0,0.059,571386000.0,537330000.0,639682000.0,0.052,1.427,9.153,9.343,68536000.0,0.0,12.567,0.537,0.598,0.0,698519000.0,5420970000.0,5420970000.0,0.0,0.078,0.221,0.089,0.095,0.0,571386000.0,1.0,231550653.0,257794000.0,,21.028,5032649000.0,0.0,190756000.0,0.0,19.522,
78,DHI,MRT,2001-12-31,2001-12-31,2001-12-31,2021-07-23,0.0,3660806000.0,3443734500.0,,,1.373,5.732,-37225000.0,31980000.0,31980000.0,3730616000.0,280576000.0,,1.766,1854685000.0,,,1854685000.0,0.0,30509000.0,0.0,0.006,0.067,454413000.0,484922000.0,0.103,484922000.0,454413000.0,448921000.0,1.23,1.21,1.23,1323336000.0,1196381750.0,1323336000.0,4141528085.0,9.0,8.541,-175943000.0,-0.762,1.0,997125000.0,0.211,136765000.0,5492000.0,5346746000.0,5000480750.0,2980084000.0,233858000.0,,,2337470000.0,,,2496478085.0,-47148000.0,-59999000.0,12525000.0,191206000.0,-14871000.0,188794000.0,-97224000.0,0.0,-138718000.0,0.0,280576000.0,280576000.0,280576000.0,0.0,0.0,0.059,510905000.0,486220000.0,473466000.0,0.054,1.887,8.898,8.797,55093000.0,0.0,10.82,0.528,0.528,0.0,614219000.0,4727741000.0,4727741000.0,0.0,0.081,0.235,0.091,0.096,0.0,510905000.0,1.0,230728104.0,230884000.0,,20.477,3524041000.0,0.0,168345000.0,0.0,15.263,
79,DHI,MRT,2001-09-30,2001-09-30,2001-09-30,2021-07-23,0.0,3652190000.0,3249713750.0,,,1.371,5.423,-33368000.0,239280000.0,239280000.0,3527142000.0,257009000.0,,1.921,1884330000.0,,,1884330000.0,0.0,31184000.0,0.0,0.009,0.063,415221000.0,446405000.0,0.1,446405000.0,415221000.0,409933000.0,1.13,1.115,1.13,1250247000.0,1120590750.0,1250247000.0,3302746932.0,8.0,7.399,-88652000.0,-0.385,1.0,928372000.0,0.208,136223000.0,5288000.0,5161017000.0,4707607000.0,2804377000.0,222818000.0,,,2401943000.0,,,1602988932.0,166755000.0,-63885000.0,12403000.0,320617000.0,-13728000.0,319292000.0,-97253000.0,0.0,-55284000.0,0.0,257009000.0,257009000.0,257009000.0,0.0,0.0,0.058,479400000.0,448972000.0,508749000.0,0.056,1.282,6.237,6.153,53096000.0,0.0,6.953,0.36,0.36,0.0,544636000.0,4455514000.0,4455514000.0,0.0,0.079,0.229,0.088,0.093,0.0,479400000.0,1.0,230535321.0,230535321.0,,19.327,3515967000.0,0.0,152924000.0,0.0,15.251,
80,DHI,MRT,2001-06-30,2001-06-30,2001-06-30,2021-07-23,0.0,3334968000.0,3010310500.0,,,1.329,5.025,-22922000.0,81403000.0,81403000.0,3175781000.0,231931000.0,,1.926,1781161000.0,,,1781161000.0,0.0,24524000.0,0.0,0.008,0.06,375611000.0,400135000.0,0.1,400135000.0,375611000.0,370604000.0,1.032,1.017,1.032,1139721000.0,1050419750.0,1139721000.0,3281758902.0,9.0,8.202,-234063000.0,-1.032,1.0,826374000.0,0.206,119851000.0,5007000.0,4914875000.0,4379975000.0,2715674000.0,170197000.0,,,2195247000.0,,,1716182902.0,2259000.0,-68243000.0,4066000.0,304660000.0,-12360000.0,304565000.0,-91165000.0,0.0,-211141000.0,0.0,231931000.0,231931000.0,231931000.0,0.0,0.0,0.058,436240000.0,390134000.0,405730000.0,0.058,1.506,7.4,7.332,49124000.0,0.0,7.567,0.429,0.429,0.0,461716000.0,4002155000.0,4002155000.0,0.0,0.077,0.221,0.086,0.094,0.0,436240000.0,1.0,226808313.0,226808313.0,,17.646,3215117000.0,0.0,138673000.0,0.0,14.175,
81,DHI,MRT,2001-03-31,2001-03-31,2001-03-31,2021-07-23,0.0,3126974000.0,2843549500.0,,,1.351,5.26,-16792000.0,126147000.0,126147000.0,3066888000.0,211195000.0,,1.916,1691723000.0,,,1691723000.0,0.0,23756000.0,0.0,0.008,0.054,342963000.0,366719000.0,0.095,366719000.0,342963000.0,338046000.0,0.94,0.93,0.94,1072223000.0,992460750.0,1072223000.0,2842924014.0,8.0,7.752,-136218000.0,-0.668,1.0,773502000.0,0.201,113265000.0,4917000.0,4579285000.0,4117862500.0,2533042000.0,129108000.0,,,2054751000.0,,,1437085014.0,40750000.0,-24060000.0,10261000.0,202077000.0,-11054000.0,201028000.0,-70046776.0,0.0,-119426000.0,0.0,211195000.0,211195000.0,211195000.0,0.0,0.0,0.055,421013000.0,352489000.0,354729000.0,0.057,1.34,6.805,7.5,40846000.0,0.0,7.05,0.374,0.374,0.0,396692000.0,3840390000.0,3840390000.0,0.0,0.074,0.213,0.083,0.089,0.0,421013000.0,1.0,203841846.0,203841846.0,,18.84,3013709000.0,0.0,126851000.0,0.0,14.785,
82,DHI,MRT,2000-12-31,2000-12-31,2000-12-31,2021-07-23,0.0,2884723000.0,2718081750.0,,,1.373,5.037,-14594000.0,79128000.0,79128000.0,2997803000.0,199048000.0,,1.828,1484967000.0,,,1484967000.0,0.0,23007000.0,0.0,0.006,0.049,324319000.0,347326000.0,0.093,347326000.0,324319000.0,319120000.0,0.887,0.878,0.887,1020172000.0,939924250.0,1020172000.0,2921708241.0,9.0,8.412,-97888000.0,-0.483,1.0,734615000.0,0.197,115311000.0,5199000.0,4175251000.0,3933070750.0,2391393000.0,96259000.0,,,1864551000.0,,,1649830241.0,29814000.0,-36477000.0,-2372000.0,176794000.0,-10120000.0,164179000.0,-51071000.0,0.0,-83294000.0,0.0,199048000.0,199048000.0,199048000.0,0.0,0.0,0.053,407237000.0,327378000.0,371374000.0,0.055,1.617,8.289,9.185,38102000.0,0.0,8.147,0.442,0.442,0.0,515823000.0,3732418000.0,3732418000.0,0.0,0.073,0.212,0.082,0.087,0.0,407237000.0,1.0,202515987.0,202515987.0,,18.43,2769412000.0,0.0,120072000.0,0.0,13.675,
83,DHI,MRT,2000-09-30,2000-09-30,2000-09-30,2021-07-23,0.0,2694577000.0,2601676000.0,,,1.404,5.227,-15789000.0,72525000.0,72525000.0,2941109000.0,191719000.0,,1.779,1344403000.0,,,1344403000.0,0.0,21960000.0,0.0,0.008,0.044,314840000.0,336800000.0,0.092,336800000.0,314840000.0,309224000.0,0.85,0.845,0.85,969563000.0,893316000.0,969563000.0,2372781523.0,8.0,7.045,-123337000.0,-0.665,1.0,712586000.0,0.195,115966000.0,5616000.0,3850489000.0,3763115750.0,2191031000.0,119581000.0,,,1725014000.0,,,1062899523.0,-56043000.0,-40591000.0,-10477000.0,127650000.0,-9288000.0,107885000.0,-56380000.0,0.0,-107548000.0,0.0,191719000.0,191719000.0,191719000.0,0.0,0.0,0.052,395874000.0,316712000.0,375347000.0,0.052,1.096,5.544,6.741,38960000.0,0.0,5.73,0.291,0.291,0.0,468664000.0,3653695000.0,3653695000.0,0.0,0.074,0.215,0.084,0.086,0.0,395874000.0,1.0,185497299.0,185497299.0,,19.697,2578611000.0,0.0,117505000.0,0.0,13.901,
84,DHI,MRT,2000-06-30,2000-06-30,2000-06-30,2021-07-23,0.0,2667924000.0,2518483750.0,,,1.398,4.895,-18164000.0,79144000.0,79144000.0,2835478000.0,179411000.0,,1.939,1389026000.0,,,1389026000.0,0.0,22080000.0,0.0,0.009,0.039,297170000.0,319250000.0,0.091,319250000.0,297170000.0,291361000.0,0.7,0.7,0.7,907885000.0,850327500.0,907885000.0,2166461728.0,7.0,6.786,-130877000.0,-0.706,1.0,685092000.0,0.195,111381000.0,5809000.0,3866425000.0,3628345250.0,2182486000.0,99929000.0,,,1760039000.0,,,838326728.0,4150000.0,-29403000.0,-32435000.0,204006000.0,-8740000.0,164430000.0,-47567000.0,0.0,-112713000.0,0.0,179411000.0,179411000.0,179411000.0,0.0,0.0,0.051,385603000.0,299489000.0,365983000.0,0.056,0.923,4.673,6.457,41993000.0,0.0,4.52,0.238,0.238,0.0,523331000.0,3520570000.0,3520570000.0,0.0,0.071,0.211,0.082,0.084,0.0,385603000.0,1.0,185470515.0,185469000.0,,18.982,2556543000.0,0.0,111950000.0,0.0,13.784,
85,DHI,MRT,2000-03-31,2000-03-31,2000-03-31,2021-07-23,0.0,2625103000.0,2411237250.0,,,1.412,4.647,-15627000.0,85397000.0,85397000.0,2740383000.0,175678000.0,,2.045,1413532000.0,,,1413532000.0,0.0,21452000.0,0.0,0.008,0.036,292842000.0,314294000.0,0.092,314294000.0,292842000.0,287115000.0,0.717,0.713,0.717,862077000.0,815368750.0,862077000.0,1993403109.0,7.0,6.342,-223118000.0,-1.203,1.0,663921000.0,0.195,113120000.0,5727000.0,3840118000.0,3459236000.0,2151667000.0,91433000.0,,,1763026000.0,,,806644109.0,30704000.0,-25772000.0,-34338000.0,321796000.0,-8193000.0,279594000.0,-12204224.0,0.0,-207491000.0,0.0,175678000.0,175678000.0,175678000.0,0.0,0.0,0.052,367344000.0,296577000.0,344816000.0,0.05,0.936,4.592,6.072,40335000.0,0.0,4.353,0.237,0.237,0.0,477737000.0,3404304000.0,3404304000.0,0.0,0.073,0.215,0.085,0.086,0.0,367344000.0,1.0,185293440.0,185517000.0,,18.35,2511983000.0,0.0,111437000.0,0.0,13.54,
86,DHI,MRT,1999-12-31,1999-12-31,1999-12-31,2021-07-23,0.0,2419100000.0,2280654500.0,,,1.449,4.436,-16931000.0,49314000.0,49314000.0,2664353000.0,169664000.0,,1.902,1236073000.0,,,1236073000.0,0.0,21402000.0,0.0,0.007,0.033,283400000.0,304802000.0,0.092,304802000.0,283400000.0,278161000.0,0.717,0.713,0.717,833739000.0,781999750.0,833739000.0,1925339575.0,7.0,6.317,-223952000.0,-1.192,1.0,640168000.0,0.194,110428000.0,5239000.0,3495431000.0,3249705250.0,1990147000.0,95789000.0,,,1585361000.0,,,863284575.0,-44506000.0,-8401000.0,-24546000.0,219853000.0,-7649000.0,187847000.0,-25332000.0,0.0,-207021000.0,0.0,169664000.0,169664000.0,169664000.0,0.0,0.0,0.051,351066000.0,289102000.0,344296000.0,0.046,1.035,5.088,6.42,38334000.0,0.0,4.603,0.261,0.262,0.0,440773000.0,3304521000.0,3304521000.0,0.0,0.074,0.217,0.087,0.086,0.0,351066000.0,1.0,187534665.0,187950000.0,,17.582,2308672000.0,0.0,108497000.0,0.0,12.283,
87,DHI,MRT,1999-09-30,1999-09-30,1999-09-30,2021-07-23,0.0,2361808000.0,2124820250.0,,,1.485,4.14,-19610000.0,128568000.0,128568000.0,2548496000.0,159827000.0,,1.961,1190623000.0,,,1190623000.0,0.0,20293000.0,0.0,0.007,0.031,268259000.0,288552000.0,0.091,288552000.0,268259000.0,263826000.0,0.7,0.69,0.7,797609000.0,733835250.0,797609000.0,1893569525.0,7.0,6.562,-186537000.0,-0.968,1.0,607715000.0,0.193,112456000.0,4433000.0,3311407000.0,3009157500.0,1866108000.0,113786000.0,,,1564199000.0,,,830921525.0,51814000.0,-7201000.0,-18890000.0,271533000.0,-7091000.0,245552000.0,-26811000.0,0.0,-166927000.0,0.0,159827000.0,159827000.0,159827000.0,0.0,0.0,0.051,334311000.0,273404000.0,368774000.0,0.044,1.042,5.199,6.162,36972000.0,0.0,4.313,0.263,0.263,0.0,400111000.0,3156211000.0,3156211000.0,0.0,0.075,0.218,0.089,0.085,0.0,334311000.0,1.0,192640230.0,192640230.0,,16.384,2249352000.0,0.0,103999000.0,0.0,11.676,
88,DHI,MRT,1999-06-30,1999-06-30,1999-06-30,2021-07-23,0.0,2238938000.0,1951327000.0,,,1.481,3.995,-20562000.0,74994000.0,74994000.0,2327922000.0,142925000.0,,1.915,1137642000.0,,,1137642000.0,0.0,16542000.0,0.0,0.005,0.029,243531000.0,260073000.0,0.09,260073000.0,243531000.0,239789000.0,0.74,0.71,0.74,768050000.0,671792000.0,768050000.0,2080238743.0,9.0,7.999,-257915000.0,-1.341,1.0,561660000.0,0.194,111598000.0,3742000.0,3189988000.0,2778506500.0,1812884000.0,102488000.0,,,1470888000.0,,,1067671743.0,-38003000.0,-2069000.0,1530000.0,226864000.0,-6413000.0,221981000.0,-22631000.0,0.0,-237353000.0,0.0,142925000.0,142925000.0,142925000.0,0.0,0.0,0.049,310876000.0,250784000.0,329501000.0,0.039,1.39,7.47,7.491,37249000.0,0.0,5.543,0.369,0.369,0.0,352660000.0,2889582000.0,2889582000.0,0.0,0.073,0.213,0.088,0.084,0.0,310876000.0,1.0,192604644.0,192264000.0,,15.029,2127340000.0,0.0,96864000.0,0.0,11.065,
89,DHI,MRT,1999-03-31,1999-03-31,1999-03-31,2021-07-23,0.0,2102772000.0,1797059500.0,,,1.48,3.835,-18372000.0,54693000.0,54693000.0,2148239000.0,121679000.0,,1.886,1067260000.0,,,1067260000.0,0.0,13561000.0,0.0,0.005,0.027,208379000.0,221940000.0,0.083,221940000.0,208379000.0,205392000.0,0.657,0.613,0.657,728601000.0,602921250.0,728601000.0,1873963870.0,9.0,8.444,-217233000.0,-1.143,1.0,512257000.0,0.193,113344000.0,2987000.0,3001995000.0,2569134750.0,1706514000.0,78963000.0,,,1374171000.0,,,1074442870.0,-36585000.0,-9760000.0,5316000.0,190770000.0,-5678000.0,190408000.0,-28132000.0,0.0,-198861000.0,0.0,121679000.0,121679000.0,121679000.0,0.0,0.0,0.046,296914000.0,215343000.0,301462000.0,0.041,1.475,8.83,8.498,35765000.0,0.0,5.583,0.404,0.399,0.0,310252000.0,2660496000.0,2660496000.0,0.0,0.068,0.202,0.081,0.078,0.0,284997000.0,1.0,192437529.0,190002000.0,,14.002,1989428000.0,0.0,83713000.0,0.0,10.471,
90,DHI,MRT,1998-12-31,1998-12-31,1998-12-31,2021-07-23,0.0,1795763000.0,1648365000.0,,,1.465,3.561,-19063000.0,93820000.0,93820000.0,1948391000.0,107751000.0,,1.801,893341000.0,,,893341000.0,0.0,10876000.0,0.0,0.003,0.025,185593000.0,196469000.0,0.081,196469000.0,185593000.0,182947000.0,0.603,0.55,0.603,641081000.0,537046250.0,641081000.0,2190183404.0,12.0,11.148,-146286000.0,-0.813,1.0,465983000.0,0.193,62044000.0,2646000.0,2533240000.0,2371999250.0,1467281000.0,64576000.0,,,1154682000.0,,,1412433404.0,20746000.0,-38484000.0,5407000.0,205044000.0,-4935000.0,205516000.0,-57547000.0,0.0,-127223000.0,0.0,107751000.0,107751000.0,107751000.0,0.0,0.0,0.045,273960000.0,192023000.0,256816000.0,0.041,2.203,13.108,12.714,29841000.0,0.0,7.667,0.585,0.572,0.0,278758000.0,2414374000.0,2414374000.0,0.0,0.065,0.201,0.078,0.077,0.0,262043000.0,1.0,184230444.0,180033000.0,,13.411,1733719000.0,0.0,75196000.0,0.0,9.63,
91,DHI,MRT,1998-09-30,1998-09-30,1998-09-30,2021-07-23,0.0,1667835000.0,1390693500.0,,,1.565,3.293,-13167000.0,76754000.0,76754000.0,1760148000.0,93380000.0,,2.036,854504000.0,,,854504000.0,0.0,9400000.0,0.0,0.005,0.025,161319000.0,170719000.0,0.078,170719000.0,161319000.0,159099000.0,0.537,0.477,0.537,549436000.0,445081500.0,549436000.0,1677961088.0,10.0,9.829,-136879000.0,-0.82,1.0,416793000.0,0.191,56782000.0,2220000.0,2388803000.0,2010375250.0,1358033000.0,72325000.0,,,1118399000.0,,,889819088.0,-1474000.0,-34035000.0,4916000.0,169237000.0,-4713000.0,169440000.0,-47202000.0,0.0,-123712000.0,0.0,93380000.0,93380000.0,93380000.0,0.0,0.0,0.043,249067000.0,167726000.0,260449000.0,0.047,1.62,9.529,9.932,25456000.0,0.0,5.333,0.409,0.409,0.0,247375000.0,2176941000.0,2176941000.0,0.0,0.067,0.21,0.08,0.074,0.0,237150000.0,1.0,166841079.0,166841079.0,,13.048,1611053000.0,0.0,65719000.0,0.0,9.656,
92,DHI,MRT,1998-06-30,1998-06-30,1998-06-30,2021-07-23,0.0,1621868000.0,1285815500.0,,,1.531,3.094,-9603000.0,112747000.0,112747000.0,1601291000.0,82654000.0,,2.293,900889000.0,,,900889000.0,0.0,9375000.0,0.0,0.003,0.024,139876000.0,149251000.0,0.076,149251000.0,139876000.0,138292000.0,0.523,0.467,0.523,492567000.0,414689000.0,492567000.0,1860155143.0,13.0,12.463,-115374000.0,-0.725,1.0,367893000.0,0.187,57509000.0,1584000.0,2352501000.0,1858954000.0,1291283000.0,66308000.0,,,1129301000.0,,,1105287143.0,23459000.0,-43543000.0,3070000.0,183859000.0,-4553000.0,182376000.0,-53146000.0,0.0,-105771000.0,0.0,82654000.0,82654000.0,82654000.0,0.0,0.0,0.042,224113000.0,143780000.0,214274000.0,0.046,2.244,13.372,13.308,24264000.0,0.0,6.96,0.561,0.563,0.0,216148000.0,1969184000.0,1969184000.0,0.0,0.064,0.199,0.075,0.071,0.0,212196000.0,1.0,158805624.0,159198000.0,,12.369,1564359000.0,0.0,55638000.0,0.0,9.826,
93,DHI,MRT,1998-03-31,1998-03-31,1998-03-31,2021-07-23,0.0,1507994000.0,,,,,2.934,-11247000.0,91278000.0,91278000.0,1464278000.0,75189000.0,,2.242,846146000.0,,,846146000.0,0.0,10865000.0,0.0,0.003,0.023,126738000.0,137603000.0,0.077,137603000.0,126738000.0,125645000.0,0.477,0.427,0.477,465101000.0,,465101000.0,1147702314.0,9.0,8.341,-123737000.0,-0.78,1.0,329354000.0,0.184,49409000.0,1093000.0,2213453000.0,,1229412000.0,38897000.0,,,1042893000.0,,,795986314.0,38920000.0,-34965000.0,3806000.0,198964000.0,-5148000.0,197622000.0,-46212000.0,0.0,-112490000.0,0.0,75189000.0,75189000.0,75189000.0,0.0,0.0,0.042,198059000.0,131295000.0,189777000.0,0.048,1.711,10.586,14.892,24679000.0,0.0,7.103,0.444,0.628,0.0,194251000.0,1793632000.0,1793632000.0,0.0,,,,0.071,0.0,198059000.0,1.0,112058139.0,158541000.0,,11.313,1458585000.0,0.0,50456000.0,0.0,9.2,
94,DHI,MRT,1997-12-31,1997-12-31,1997-12-31,2021-07-23,0.0,765077000.0,,,,,1.726,-7550000.0,40362000.0,40362000.0,1362694000.0,67881000.0,,1.8,392078000.0,,,392078000.0,0.0,9281000.0,0.0,0.004,0.023,114428000.0,123709000.0,0.074,123709000.0,114428000.0,113546000.0,0.437,0.393,0.437,273222000.0,,273222000.0,,,,-144033000.0,-0.91,1.0,304619000.0,0.183,30049000.0,882000.0,1086744000.0,,653157000.0,0.0,,,491855000.0,,,649190152.0,32405000.0,-38064000.0,39681000.0,179434000.0,-4613000.0,214502000.0,-45614000.0,0.0,-136483000.0,0.0,67881000.0,67881000.0,67881000.0,0.0,0.0,0.041,185616000.0,119003000.0,53640000.0,0.053,2.376,9.564,13.257,12892000.0,0.0,5.793,0.389,0.55,0.0,61752000.0,1667313000.0,1667313000.0,0.0,,,,0.069,0.0,185616000.0,1.0,112058139.0,158337000.0,,10.53,735028000.0,0.0,45665000.0,0.0,4.642,
95,DHI,MRT,1997-09-30,1997-09-30,1997-09-30,2021-07-23,0.0,1248323000.0,,,,,,-6894000.0,78228000.0,78228000.0,1292584000.0,64962000.0,,1.918,650740000.0,,,650740000.0,0.0,7660000.0,0.0,0.003,0.017,109214000.0,116874000.0,0.074,116874000.0,109214000.0,108550000.0,0.427,0.383,0.427,427866000.0,,427866000.0,,,,-108899000.0,,1.0,285838000.0,0.181,37717000.0,664000.0,1783118000.0,,1024268000.0,34072000.0,,,820457000.0,,,,20217000.0,-53950000.0,39439000.0,147150000.0,-3523000.0,183066000.0,-60844000.0,0.0,-102005000.0,0.0,64962000.0,64962000.0,64962000.0,0.0,0.0,0.041,171767000.0,114071000.0,165309000.0,0.04,,,12.295,16988000.0,0.0,5.25,,,0.0,158708000.0,1578422000.0,1578422000.0,0.0,,,,0.069,0.0,171767000.0,1.0,,,,,1210606000.0,0.0,43588000.0,0.0,,
96,DHI,MRT,1997-06-30,1997-06-30,1997-06-30,2021-07-23,,,,,,,,,,,,,,,,,,,,,,0.003,0.011,,,,,,,,,,,,,,,,,,1.0,,,,,,,,,,,,,,,,,,,,,,,,,,,,,,,,,,,,,,,,3.46,,,,,,,,,,,,,,1.0,,157863000.0,,,,,,,,
97,DHI,MRT,1997-03-31,1997-03-31,1997-03-31,2021-07-23,,,,,,,,,,,,,,,,,,,,,,0.002,0.006,,,,,,,,,,,,,,,,,,1.0,,,,,,,,,,,,,,,,,,,,,,,,,,,,,,,,,,,,,,,,3.583,,,,,,,,,,,,,,1.0,,146961000.0,,,,,,,,
98,DHI,MRT,1996-12-31,1996-12-31,1996-12-31,2021-07-23,,,,,,,,,,,,,,,,,,,,,,0.0,0.0,,,,,,,,,,,,,,,,,,1.0,,,,,,,,,,,,,,,,,,,,,,,,,,,,,,,,,,,,,,,,3.627,,,,,,,,,,,,,,1.0,,97125000.0,,,,,,,,
99,DHI,MRT,1996-09-30,1996-09-30,1996-09-30,2021-07-23,,,,,,,,-3248000.0,,,930059000.0,46248000.0,,,,,,,,5773000.0,,0.0,0.0,84681000.0,90454000.0,0.079,90454000.0,84681000.0,82896000.0,0.333,0.31,0.333,,,,,,,-11054000.0,,1.0,217675000.0,0.19,,1785000.0,,,,,,,,,,,34344000.0,-2075000.0,44950000.0,3915000.0,-1392000.0,47473000.0,-5323000.0,0.0,-7806000.0,0.0,46248000.0,46248000.0,46248000.0,0.0,0.0,0.04,123135000.0,94540000.0,,0.0,,,9.76,,0.0,3.25,,,,,1147734000.0,1147734000.0,0.0,,,,0.074,0.0,123135000.0,1.0,,,,,,,36648000.0,,,
