None,ticker,dimension,calendardate,datekey,reportperiod,lastupdated,accoci,assets,assetsavg,assetsc,assetsnc,assetturnover,bvps,capex,cashneq,cashnequsd,cor,consolinc,currentratio,de,debt,debtc,debtnc,debtusd,deferredrev,depamor,deposits,divyield,dps,ebit,ebitda,ebitdamargin,ebitdausd,ebitusd,ebt,eps,epsdil,epsusd,equity,equityavg,equityusd,ev,evebit,evebitda,fcf,fcfps,fxusd,gp,grossmargin,intangibles,intexp,invcap,invcapavg,inventory,investments,investmentsc,investmentsnc,liabilities,liabilitiesc,liabilitiesnc,marketcap,ncf,ncfbus,ncfcommon,ncfdebt,ncfdiv,ncff,ncfi,ncfinv,ncfo,ncfx,netinc,netinccmn,netinccmnusd,netincdis,netincnci,netmargin,opex,opinc,payables,payoutratio,pb,pe,pe1,ppnenet,prefdivis,price,ps,ps1,receivables,retearn,revenue,revenueusd,rnd,roa,roe,roic,ros,sbcomp,sgna,sharefactor,sharesbas,shareswa,shareswadil,sps,tangibles,taxassets,taxexp,taxliabilities,tbvps,workingcapital
0,TWTR,MRY,2020-12-31,2020-12-31,2020-12-31,2021-07-27,-66094000.0,13379090000.0,13139048500.0,8637108000.0,4741982000.0,0.283,10.116,-864184000.0,1988429000.0,1988429000.0,1366388000.0,-1135626000.0,4.423,0.679,4483633000.0,1095013000.0,3388620000.0,4483633000.0,0.0,495177000.0,0.0,0.0,0.0,101939000.0,597116000.0,0.161,597116000.0,101939000.0,-50939000.0,-1.44,-1.44,-1.44,7970082000.0,8058963000.0,7970082000.0,45215661353.0,444.0,75.723,128686000.0,0.163,1.0,2349961000.0,0.632,1370684000.0,152878000.0,12550784000.0,12013043000.0,0.0,5483873000.0,5483873000.0,0.0,5409008000.0,1952826000.0,3456182000.0,43068180353.0,187615000.0,-48016000.0,-184379000.0,962276000.0,0.0,755310000.0,-1560565000.0,-637315000.0,992870000.0,-4005000.0,-1135626000.0,-1135626000.0,-1135626000.0,0.0,0.0,-0.306,2323303000.0,26658000.0,194281000.0,0.0,5.404,-37.925,-37.604,2423933000.0,0.0,54.15,11.589,11.48,1041743000.0,-1125669000.0,3716349000.0,3716349000.0,873011000.0,-0.086,-0.141,0.008,0.027,474932000.0,1450292000.0,1.0,795349591.0,787861000,787861000.0,4.717,12008406000.0,796326000.0,1084687000.0,31463000.0,15.242,6684282000.0
1,TWTR,MRY,2019-12-31,2019-12-31,2019-12-31,2021-07-27,-70534000.0,12703389000.0,11992788000.0,7620075000.0,5083314000.0,0.288,11.294,-522749000.0,1799082000.0,1799082000.0,1137041000.0,1465659000.0,9.154,0.459,3288480000.0,170435000.0,3118045000.0,3288480000.0,0.0,465549000.0,0.0,0.0,0.0,528319000.0,993868000.0,0.287,993868000.0,528319000.0,390139000.0,1.9,1.87,1.9,8704386000.0,8138415250.0,8704386000.0,25557900722.0,48.0,25.716,780615000.0,1.013,1.0,2322288000.0,0.671,1311805000.0,138180000.0,12048506000.0,10641634250.0,0.0,4839970000.0,4839970000.0,0.0,3999003000.0,832476000.0,3166527000.0,24882231722.0,-98785000.0,-29664000.0,43166000.0,-309747000.0,0.0,-286175000.0,-1115974000.0,-554061000.0,1303364000.0,4576000.0,1465659000.0,1465659000.0,1465659000.0,0.0,0.0,0.424,1955915000.0,366373000.0,161148000.0,0.0,2.859,16.977,16.868,1728876000.0,0.0,32.05,7.193,7.141,850184000.0,11586000.0,3459329000.0,3459329000.0,682281000.0,0.122,0.18,0.05,0.153,378025000.0,1273634000.0,1.0,776356684.0,770729000,785531000.0,4.488,11391584000.0,1908086000.0,-1075520000.0,24170000.0,14.78,6787599000.0
2,TWTR,MRY,2018-12-31,2018-12-31,2018-12-31,2021-07-27,-65311000.0,10162572000.0,9077358750.0,7111036000.0,3051536000.0,0.335,9.022,-470864000.0,1894444000.0,1894444000.0,964997000.0,1205596000.0,4.69,0.493,2720690000.0,965374000.0,1755316000.0,2720690000.0,0.0,425498000.0,0.0,0.0,0.0,556150000.0,981648000.0,0.323,981648000.0,556150000.0,423544000.0,1.6,1.56,1.6,6805594000.0,6009876500.0,6805594000.0,22657233731.0,41.0,23.081,868847000.0,1.152,1.0,2077362000.0,0.683,1272294000.0,132606000.0,8200213000.0,7279430250.0,0.0,4314957000.0,4314957000.0,0.0,3356978000.0,1516311000.0,1840667000.0,21878332731.0,262314000.0,-33572000.0,32703000.0,1045866000.0,0.0,978116000.0,-2055513000.0,-1546077000.0,1339711000.0,-14296000.0,1205596000.0,1205596000.0,1205596000.0,0.0,0.0,0.396,1624037000.0,453325000.0,145186000.0,0.0,3.215,18.147,17.962,885078000.0,0.0,28.74,7.191,7.126,788700000.0,-1454073000.0,3042359000.0,3042359000.0,553858000.0,0.133,0.201,0.076,0.183,326228000.0,1070179000.0,1.0,761250269.0,754326000,772686000.0,4.033,8890278000.0,808459000.0,-782052000.0,17849000.0,11.786,5594725000.0
3,TWTR,MRY,2017-12-31,2017-12-31,2017-12-31,2021-07-27,-31579000.0,7412477000.0,7086026500.0,5321884000.0,2090593000.0,0.345,6.889,-122959000.0,1638413000.0,1638413000.0,861242000.0,-108063000.0,9.124,0.469,1793744000.0,84976000.0,1708768000.0,1793744000.0,0.0,395867000.0,0.0,0.0,0.0,9819000.0,405686000.0,0.166,405686000.0,9819000.0,-95418000.0,-0.15,-0.15,-0.15,5047218000.0,4823974000.0,5047218000.0,18020407688.0,1835.0,44.42,708250000.0,0.967,1.0,1582057000.0,0.648,1238589000.0,105237000.0,5745941000.0,5656553750.0,0.0,2764689000.0,2764689000.0,0.0,2365259000.0,583278000.0,1781981000.0,17834473688.0,636310000.0,0.0,33364000.0,-102775000.0,0.0,-78373000.0,-116526000.0,16534000.0,831209000.0,9914000.0,-108063000.0,-108063000.0,-108063000.0,0.0,0.0,-0.044,1543317000.0,38740000.0,170969000.0,0.0,3.534,-165.038,-160.067,773715000.0,0.0,24.01,7.299,7.2,664268000.0,-2671729000.0,2443299000.0,2443299000.0,542010000.0,-0.015,-0.022,0.002,0.004,433806000.0,1001307000.0,1.0,742793573.0,732702000,732702000.0,3.335,6173888000.0,10455000.0,12645000.0,13240000.0,8.426,4738606000.0
4,TWTR,MRY,2016-12-31,2016-12-31,2016-12-31,2021-07-27,-69253000.0,6870365000.0,6676573250.0,4652196000.0,2218169000.0,0.379,6.558,-218657000.0,988598000.0,988598000.0,932240000.0,-456873000.0,7.966,0.492,1686652000.0,80848000.0,1605804000.0,1686652000.0,0.0,402172000.0,0.0,0.0,0.0,-340866000.0,61306000.0,0.024,61306000.0,-340866000.0,-440834000.0,-0.65,-0.65,-0.65,4604935000.0,4567151500.0,4604935000.0,12295185411.0,-36.0,200.554,544398000.0,0.775,1.0,1597379000.0,0.631,1280649000.0,99968000.0,5703749000.0,5556429750.0,0.0,2785981000.0,2785981000.0,0.0,2265430000.0,584021000.0,1681409000.0,11652918411.0,85832000.0,-85082000.0,32181000.0,-100558000.0,0.0,-83975000.0,-593248000.0,-288328000.0,763055000.0,-3754000.0,-456873000.0,-456873000.0,-456873000.0,0.0,0.0,-0.181,1964587000.0,-367208000.0,122236000.0,0.0,2.531,-25.506,-25.077,783901000.0,0.0,16.3,4.607,4.524,650650000.0,-2550350000.0,2529619000.0,2529619000.0,713482000.0,-0.068,-0.1,-0.061,-0.135,615233000.0,1251105000.0,1.0,714902970.0,702135000,702135000.0,3.603,5589716000.0,0.0,16039000.0,7556000.0,7.961,4068175000.0
5,TWTR,MRY,2015-12-31,2015-12-31,2015-12-31,2021-07-27,-45566000.0,6442439000.0,6151313500.0,4381792000.0,2060647000.0,0.361,6.594,-347280000.0,911471000.0,911471000.0,729256000.0,-521031000.0,8.659,0.475,1602956000.0,88166000.0,1514790000.0,1602956000.0,0.0,312823000.0,0.0,0.0,0.0,-435127000.0,-122304000.0,-0.055,-122304000.0,-435127000.0,-533305000.0,-0.79,-0.79,-0.79,4368047000.0,4140122750.0,4368047000.0,16529067550.0,-38.0,-135.147,35786000.0,0.054,1.0,1488776000.0,0.671,1263743000.0,98178000.0,5364142000.0,5095420500.0,0.0,2583877000.0,2583877000.0,0.0,2074392000.0,506039000.0,1568353000.0,15803385550.0,-582353000.0,-51644000.0,56656000.0,-117535000.0,0.0,-62998000.0,-902421000.0,-488830000.0,383066000.0,-16900000.0,-521031000.0,-521031000.0,-521031000.0,0.0,0.0,-0.235,1938812000.0,-450036000.0,134081000.0,0.0,3.618,-30.331,-29.291,735299000.0,0.0,23.14,7.125,6.911,638694000.0,-2093477000.0,2218032000.0,2218032000.0,806648000.0,-0.085,-0.126,-0.085,-0.196,682118000.0,1132164000.0,1.0,682946653.0,662424000,662424000.0,3.348,5178696000.0,0.0,-12274000.0,2978000.0,7.818,3875753000.0
6,TWTR,MRY,2014-12-31,2014-12-31,2014-12-31,2021-07-27,-10024000.0,5583082000.0,4493190500.0,4255853000.0,1327229000.0,0.312,5.994,-201630000.0,1510724000.0,1510724000.0,446309000.0,-577820000.0,10.807,0.54,1607290000.0,112320000.0,1494970000.0,1607290000.0,0.0,208165000.0,0.0,0.0,0.0,-542433000.0,-334268000.0,-0.238,-334268000.0,-542433000.0,-578351000.0,-0.96,-0.96,-0.96,3626403000.0,3283720000.0,3626403000.0,22032883106.0,-41.0,-65.914,-119834000.0,-0.198,1.0,956693000.0,0.682,727581000.0,35918000.0,4558273000.0,2985631750.0,0.0,2111154000.0,2111154000.0,0.0,1956679000.0,393794000.0,1562885000.0,22759926106.0,676246000.0,-163477000.0,360332000.0,1785865000.0,0.0,1691722000.0,-1097272000.0,-719423000.0,81796000.0,-6532000.0,-577820000.0,-577820000.0,-577820000.0,0.0,0.0,-0.412,1495559000.0,-538866000.0,53241000.0,0.0,6.276,-39.389,-37.365,557019000.0,0.0,35.87,16.222,15.468,418454000.0,-1572446000.0,1403002000.0,1403002000.0,691543000.0,-0.129,-0.176,-0.182,-0.387,631597000.0,804016000.0,1.0,634511461.0,604990000,604990000.0,2.319,4855501000.0,0.0,-531000.0,24706000.0,8.026,3862059000.0
7,TWTR,MRY,2013-12-31,2013-12-31,2013-12-31,2021-07-27,-323000.0,3366240000.0,2098904000.0,2574679000.0,791561000.0,0.317,15.566,-75744000.0,841010000.0,841010000.0,266718000.0,-645323000.0,11.421,0.141,197646000.0,87126000.0,110520000.0,197646000.0,0.0,110894000.0,0.0,0.0,0.0,-639570000.0,-528676000.0,-0.795,-528676000.0,-639570000.0,-647146000.0,-3.41,-3.41,-3.41,2950006000.0,1350917000.0,2950006000.0,34674726338.0,-54.0,-65.588,-74346000.0,-0.392,1.0,398172000.0,0.599,441104000.0,7576000.0,2056342000.0,1308352500.0,0.0,1393044000.0,1393044000.0,0.0,416234000.0,225430000.0,190804000.0,34669952338.0,637508000.0,-8072000.0,2027258000.0,-70445000.0,0.0,1942176000.0,-1306066000.0,-1175403000.0,1398000.0,174000.0,-645323000.0,-645323000.0,-645323000.0,0.0,0.0,-0.971,1034003000.0,-635831000.0,27994000.0,0.0,11.753,-53.725,-18.666,332662000.0,0.0,63.65,52.144,18.142,247328000.0,-994626000.0,664890000.0,664890000.0,593992000.0,-0.307,-0.478,-0.489,-0.962,600367000.0,440011000.0,1.0,544696816.0,189510000,189510000.0,3.508,2925136000.0,0.0,-1823000.0,59500000.0,15.435,2349249000.0
8,TWTR,MRY,2012-12-31,2012-12-31,2012-12-31,2021-07-27,-657000.0,831568000.0,776121500.0,554466000.0,277102000.0,0.408,-2.114,-50599000.0,203328000.0,203328000.0,128768000.0,-79399000.0,5.046,-0.835,114568000.0,48836000.0,65732000.0,114568000.0,0.0,72506000.0,0.0,,0.0,-76684000.0,-4178000.0,-0.013,-4178000.0,-76684000.0,-79170000.0,-0.68,-0.68,-0.68,-248172000.0,-225005000.0,-248172000.0,,,,-78534000.0,-0.669,1.0,188165000.0,0.594,72566000.0,2486000.0,560363000.0,507458500.0,0.0,221528000.0,221528000.0,0.0,207204000.0,109879000.0,97325000.0,,-15616000.0,-1526000.0,2312000.0,-39436000.0,0.0,-37124000.0,49443000.0,104711000.0,-27935000.0,-52000.0,-79399000.0,-79399000.0,-79399000.0,0.0,0.0,-0.251,265248000.0,-77083000.0,8432000.0,0.0,,,,185574000.0,0.0,,,,112155000.0,-349303000.0,316933000.0,316933000.0,119004000.0,-0.102,0.353,-0.151,-0.242,25741000.0,146244000.0,1.0,,117401000,117401000.0,2.7,759002000.0,0.0,229000.0,12156000.0,6.465,444587000.0
9,TWTR,MRY,2011-12-31,2011-12-31,2011-12-31,2021-07-27,-32000.0,720675000.0,,596068000.0,124607000.0,,-1.968,-11546000.0,218996000.0,218996000.0,61803000.0,-128302000.0,12.485,-0.433,43798000.0,22694000.0,21104000.0,43798000.0,0.0,24192000.0,0.0,,0.0,-128941000.0,-104749000.0,-0.985,-104749000.0,-128941000.0,-129746000.0,-1.6,-1.6,-1.6,-201838000.0,,-201838000.0,,,,-82143000.0,-0.801,1.0,44510000.0,0.419,43179000.0,805000.0,454554000.0,,0.0,330543000.0,330543000.0,0.0,87391000.0,47744000.0,39647000.0,,84738000.0,-18906000.0,10307000.0,-15103000.0,0.0,480210000.0,-324875000.0,-289778000.0,-70597000.0,5000.0,-128302000.0,-164118000.0,-164118000.0,0.0,0.0,-1.544,171921000.0,-127411000.0,4543000.0,0.0,,,,61983000.0,35816000.0,,,,39834000.0,-269904000.0,106313000.0,106313000.0,80176000.0,,,,-1.213,60384000.0,91745000.0,1.0,,102544000,102544000.0,1.037,677496000.0,0.0,-1444000.0,13617000.0,6.607,548324000.0
10,TWTR,MRY,2010-12-31,2010-12-31,2010-12-31,2021-07-27,,,,,,,,-5692000.0,,,43168000.0,-67324000.0,,,,,,,,10364000.0,,,0.0,-67596000.0,-57232000.0,-2.024,-57232000.0,-67596000.0,-67541000.0,-0.89,-0.89,-0.89,,,,,,,-54429000.0,-0.716,1.0,-14890000.0,-0.527,,-55000.0,,,,,,,,,,,114552000.0,-1531000.0,2580000.0,-1615000.0,0.0,114315000.0,48974000.0,56197000.0,-48737000.0,7000.0,-67324000.0,-67324000.0,-67324000.0,0.0,0.0,-2.381,52589000.0,-67479000.0,,0.0,,,,,0.0,,,,,,28278000.0,28278000.0,29348000.0,,,,-2.39,5931000.0,23241000.0,1.0,,75992000,75992000.0,0.372,,,-217000.0,,,
0,TWTR,MRQ,2021-06-30,2021-06-30,2021-06-30,2021-07-27,-89056000.0,15323225000.0,,9728141000.0,5595084000.0,,9.688,-276193000.0,4125595000.0,4125595000.0,416932000.0,65649000.0,4.308,0.986,6431715000.0,1157371000.0,5274344000.0,6431715000.0,0.0,134812000.0,0.0,0.0,0.0,95193000.0,230005000.0,0.193,230005000.0,95193000.0,81300000.0,0.08,0.08,0.08,7716128000.0,,7716128000.0,56948270479.0,116.0,56.473,105774000.0,0.133,1.0,773495000.0,0.65,1382713000.0,13893000.0,13988713000.0,,0.0,4481468000.0,4481468000.0,0.0,7607097000.0,2257919000.0,5349178000.0,54919093479.0,-126995000.0,-27059000.0,-294253000.0,0.0,0.0,-299181000.0,-209781000.0,92771000.0,381967000.0,4019000.0,65649000.0,65649000.0,65649000.0,0.0,0.0,0.055,743243000.0,30252000.0,325446000.0,0.0,7.117,142.859,137.62,3037807000.0,0.0,68.81,12.337,12.311,954265000.0,-647239000.0,1190427000.0,1190427000.0,299859000.0,,,,,178202000.0,443384000.0,1.0,798126631.0,796472000,869180000.0,1.495,13940512000.0,936121000.0,15651000.0,40791000.0,17.503,7470222000.0
1,TWTR,MRQ,2021-03-31,2021-03-31,2021-03-31,2021-07-27,-96932000.0,14984075000.0,,9863742000.0,5120333000.0,,9.724,-179346000.0,4248702000.0,4248702000.0,381008000.0,68005000.0,4.843,0.937,6277879000.0,1132097000.0,5145782000.0,6277879000.0,0.0,131052000.0,0.0,0.0,0.0,63189000.0,194241000.0,0.187,194241000.0,63189000.0,50004000.0,0.09,0.08,0.09,7736650000.0,,7736650000.0,53282213811.0,361.0,81.599,210838000.0,0.265,1.0,655010000.0,0.632,1379179000.0,13185000.0,13597380000.0,,0.0,4557585000.0,4557585000.0,0.0,7247425000.0,2036693000.0,5210732000.0,50786442811.0,2268220000.0,-18578000.0,-159594000.0,1420166000.0,0.0,1197678000.0,680358000.0,887367000.0,390184000.0,-8018000.0,68005000.0,68005000.0,68005000.0,0.0,0.0,0.066,602828000.0,52182000.0,219899000.0,0.0,6.564,-47.947,-47.842,2621110000.0,0.0,63.63,12.875,12.834,850075000.0,-712888000.0,1036018000.0,1036018000.0,250709000.0,,,,,110873000.0,352119000.0,1.0,798152488.0,795633000,872187000.0,1.302,13604896000.0,933245000.0,-18001000.0,32033000.0,17.099,7827049000.0
2,TWTR,MRQ,2020-12-31,2020-12-31,2020-12-31,2021-07-27,-66094000.0,13379090000.0,,8637108000.0,4741982000.0,,10.037,-292170000.0,1988429000.0,1988429000.0,432924000.0,222116000.0,4.423,0.679,4483633000.0,1095013000.0,3388620000.0,4483633000.0,0.0,128708000.0,0.0,0.0,0.0,264185000.0,392893000.0,0.305,392893000.0,264185000.0,224019000.0,0.29,0.29,0.29,7970082000.0,,7970082000.0,45215661353.0,444.0,75.723,38130000.0,0.048,1.0,856117000.0,0.664,1370684000.0,40166000.0,12550784000.0,,0.0,5483873000.0,5483873000.0,0.0,5409008000.0,1952826000.0,3456182000.0,43068180353.0,-223336000.0,-13731000.0,-219228000.0,-2489000.0,0.0,-225960000.0,-327676000.0,-21775000.0,330300000.0,10849000.0,222116000.0,222116000.0,222116000.0,0.0,0.0,0.172,604193000.0,251924000.0,194281000.0,0.0,5.404,-37.925,-37.604,2423933000.0,0.0,54.15,11.589,11.48,1041743000.0,-1125669000.0,1289041000.0,1289041000.0,247940000.0,,,,,128184000.0,356253000.0,1.0,795349591.0,794080000,794080000.0,1.623,12008406000.0,796326000.0,1903000.0,31463000.0,15.122,6684282000.0
3,TWTR,MRQ,2020-09-30,2020-09-30,2020-09-30,2021-07-27,-90087000.0,13088792000.0,,8589579000.0,4499213000.0,,9.878,-288836000.0,2201073000.0,2201073000.0,361388000.0,28659000.0,4.439,0.675,4348554000.0,1070116000.0,3278438000.0,4348554000.0,0.0,121983000.0,0.0,0.0,0.0,69297000.0,191280000.0,0.204,191280000.0,69297000.0,29683000.0,0.04,0.04,0.04,7812088000.0,,7812088000.0,36217557408.0,1630.0,71.694,-74049000.0,-0.094,1.0,574845000.0,0.614,1348070000.0,39614000.0,11953100000.0,,0.0,5479974000.0,5479974000.0,0.0,5276704000.0,1935103000.0,3341601000.0,35197228408.0,-913101000.0,0.0,31000.0,-4117000.0,0.0,-7812000.0,-1120076000.0,-832579000.0,214787000.0,924000.0,28659000.0,28659000.0,28659000.0,0.0,0.0,0.031,518738000.0,56107000.0,241102000.0,0.0,4.505,-28.408,-28.344,2220933000.0,0.0,44.5,10.248,10.246,747548000.0,-1347785000.0,936233000.0,936233000.0,208877000.0,,,,,115969000.0,309861000.0,1.0,790948953.0,790827000,806383000.0,1.184,11740722000.0,792362000.0,1024000.0,28845000.0,14.846,6654476000.0
4,TWTR,MRQ,2020-06-30,2020-06-30,2020-06-30,2021-07-27,-93000000.0,12547587000.0,,8495287000.0,4052300000.0,,9.744,-162134000.0,3112454000.0,3112454000.0,288039000.0,-1378005000.0,10.1,0.638,4132783000.0,144966000.0,3987817000.0,4132783000.0,0.0,123837000.0,0.0,0.0,0.0,-249278000.0,-125441000.0,-0.184,-125441000.0,-249278000.0,-289106000.0,-1.75,-1.75,-1.75,7658055000.0,,7658055000.0,24047745515.0,651.0,46.437,38882000.0,0.049,1.0,395399000.0,0.579,1348672000.0,39828000.0,11378137000.0,,0.0,4653560000.0,4653560000.0,0.0,4889532000.0,841107000.0,4048425000.0,23374101515.0,-352843000.0,-19505000.0,34513000.0,-6490000.0,0.0,25098000.0,-578957000.0,-397318000.0,201016000.0,-3830000.0,-1378005000.0,-1378005000.0,-1378005000.0,0.0,0.0,-2.016,669329000.0,-273930000.0,162160000.0,0.0,3.052,-18.986,-19.096,1782803000.0,0.0,29.79,7.036,7.047,600777000.0,-1376444000.0,683438000.0,683438000.0,215806000.0,,,,,132876000.0,453523000.0,1.0,784629121.0,785909000,785909000.0,0.87,11198915000.0,786290000.0,1088899000.0,26579000.0,14.25,7654180000.0
5,TWTR,MRQ,2020-03-31,2020-03-31,2020-03-31,2021-07-27,-157997000.0,13540725000.0,,8467579000.0,5073146000.0,,11.267,-121044000.0,3463349000.0,3463349000.0,284037000.0,-8396000.0,11.926,0.539,4136993000.0,155843000.0,3981150000.0,4136993000.0,0.0,120649000.0,0.0,0.0,0.0,17735000.0,138384000.0,0.171,138384000.0,17735000.0,-15535000.0,-0.01,-0.01,-0.01,8795627000.0,,8795627000.0,20702573906.0,50.0,23.392,125723000.0,0.161,1.0,523600000.0,0.648,1334198000.0,33270000.0,12170151000.0,,0.0,4207315000.0,4207315000.0,0.0,4745098000.0,710020000.0,4035078000.0,19212970906.0,1676895000.0,-14780000.0,305000.0,975372000.0,0.0,963984000.0,466144000.0,613018000.0,246767000.0,-11948000.0,-8396000.0,-8396000.0,-8396000.0,0.0,0.0,-0.01,531043000.0,-7443000.0,183921000.0,0.0,2.184,15.171,14.885,1747898000.0,0.0,24.56,5.521,5.51,656377000.0,1561000.0,807637000.0,807637000.0,200388000.0,,,,,97903000.0,330655000.0,1.0,782287089.0,780688000,780688000.0,1.035,12206527000.0,1856293000.0,-7139000.0,25366000.0,15.636,7757559000.0
6,TWTR,MRQ,2019-12-31,2019-12-31,2019-12-31,2021-07-27,-70534000.0,12703389000.0,,7620075000.0,5083314000.0,,11.206,-137966000.0,1799082000.0,1799082000.0,314008000.0,118773000.0,9.154,0.459,3288480000.0,170435000.0,3118045000.0,3288480000.0,0.0,116473000.0,0.0,0.0,0.0,184471000.0,300944000.0,0.299,300944000.0,184471000.0,158094000.0,0.15,0.15,0.15,8704386000.0,,8704386000.0,25557900722.0,48.0,25.716,139213000.0,0.179,1.0,693333000.0,0.688,1311805000.0,26377000.0,12048506000.0,,0.0,4839970000.0,4839970000.0,0.0,3999003000.0,832476000.0,3166527000.0,24882231722.0,-76148000.0,-9362000.0,17204000.0,678880000.0,0.0,693185000.0,-1046512000.0,-887403000.0,277179000.0,6366000.0,118773000.0,118773000.0,118773000.0,0.0,0.0,0.118,540449000.0,152884000.0,161148000.0,0.0,2.859,16.977,16.868,1728876000.0,0.0,32.05,7.193,7.141,850184000.0,11586000.0,1007341000.0,1007341000.0,198240000.0,,,,,101296000.0,342209000.0,1.0,776356684.0,776759000,788795000.0,1.297,11391584000.0,1908086000.0,39321000.0,24170000.0,14.666,6787599000.0
7,TWTR,MRQ,2019-09-30,2019-09-30,2019-09-30,2021-07-27,-115909000.0,11600925000.0,,6624451000.0,4976474000.0,,10.89,-169019000.0,1869444000.0,1869444000.0,281057000.0,36522000.0,8.686,0.378,2545113000.0,166166000.0,2378947000.0,2545113000.0,0.0,119986000.0,0.0,0.0,0.0,83989000.0,203975000.0,0.248,203975000.0,83989000.0,47763000.0,0.05,0.05,0.05,8415642000.0,,8415642000.0,33159257468.0,56.0,31.657,166500000.0,0.215,1.0,542660000.0,0.659,1290387000.0,36226000.0,10223580000.0,,0.0,3946940000.0,3946940000.0,0.0,3185283000.0,762627000.0,2422656000.0,31848327468.0,-303768000.0,0.0,244000.0,-950694000.0,0.0,-954207000.0,314920000.0,493026000.0,335519000.0,-8792000.0,36522000.0,36522000.0,36522000.0,0.0,0.0,0.044,498515000.0,44145000.0,150785000.0,0.0,3.784,19.878,19.619,1657689000.0,0.0,41.2,9.476,9.474,684186000.0,-107187000.0,823717000.0,823717000.0,178553000.0,,,,,98623000.0,319962000.0,1.0,773017657.0,772789000,790523000.0,1.066,10310538000.0,1896340000.0,11241000.0,20329000.0,13.342,5861824000.0
8,TWTR,MRQ,2019-06-30,2019-06-30,2019-06-30,2021-07-27,-46944000.0,12521607000.0,,7512783000.0,5008824000.0,,10.855,-134694000.0,2183111000.0,2183111000.0,277965000.0,1119560000.0,4.333,0.501,3494041000.0,1099160000.0,2394881000.0,3494041000.0,0.0,115616000.0,0.0,0.0,0.0,126096000.0,241712000.0,0.287,241712000.0,126096000.0,87779000.0,1.46,1.43,1.46,8344814000.0,,8344814000.0,28063820510.0,45.0,25.96,204279000.0,0.266,1.0,563416000.0,0.67,1297605000.0,38317000.0,10801194000.0,,0.0,4503427000.0,4503427000.0,0.0,4176793000.0,1733738000.0,2443055000.0,26825232510.0,-70907000.0,-20302000.0,25623000.0,-18214000.0,0.0,3948000.0,-413828000.0,-270200000.0,338973000.0,7148000.0,1119560000.0,1119560000.0,1119560000.0,0.0,0.0,1.331,487730000.0,75686000.0,206282000.0,0.0,3.215,11.392,11.294,1677368000.0,0.0,34.9,8.141,8.142,719904000.0,-143709000.0,841381000.0,841381000.0,159242000.0,,,,,94615000.0,328488000.0,1.0,768631304.0,768755000,785056000.0,1.094,11224002000.0,1954808000.0,-1031781000.0,23393000.0,14.6,5779045000.0
9,TWTR,MRQ,2019-03-31,2019-03-31,2019-03-31,2021-07-27,-56665000.0,11145231000.0,,7255785000.0,3889446000.0,,9.272,-81070000.0,2247661000.0,2247661000.0,264011000.0,190804000.0,4.474,0.572,3486249000.0,1091415000.0,2394834000.0,3486249000.0,0.0,113474000.0,0.0,0.0,0.0,133763000.0,247237000.0,0.314,247237000.0,133763000.0,96503000.0,0.25,0.25,0.25,7088819000.0,,7088819000.0,26039437204.0,43.0,25.01,270623000.0,0.354,1.0,522879000.0,0.664,1268883000.0,37260000.0,9493257000.0,,0.0,4212231000.0,4212231000.0,0.0,4056412000.0,1621679000.0,2434733000.0,25213191204.0,352038000.0,0.0,95000.0,-19719000.0,0.0,-29101000.0,29446000.0,110516000.0,351693000.0,-146000.0,190804000.0,190804000.0,190804000.0,0.0,0.0,0.242,429221000.0,93658000.0,172169000.0,0.0,3.557,18.881,18.682,1620405000.0,0.0,32.88,7.968,7.944,684220000.0,-1263269000.0,786890000.0,786890000.0,146246000.0,,,,,83491000.0,282975000.0,1.0,766824550.0,764550000,777689000.0,1.029,9876348000.0,918820000.0,-94301000.0,20263000.0,12.918,5634106000.0
10,TWTR,MRQ,2018-12-31,2018-12-31,2018-12-31,2021-07-27,-65311000.0,10162572000.0,,7111036000.0,3051536000.0,,8.948,-69078000.0,1894444000.0,1894444000.0,268345000.0,255303000.0,4.69,0.493,2720690000.0,965374000.0,1755316000.0,2720690000.0,0.0,110723000.0,0.0,0.0,0.0,243810000.0,354533000.0,0.39,354533000.0,243810000.0,206537000.0,0.34,0.33,0.34,6805594000.0,,6805594000.0,22657233731.0,41.0,23.081,262921000.0,0.346,1.0,640491000.0,0.705,1272294000.0,37273000.0,8200213000.0,,0.0,4314957000.0,4314957000.0,0.0,3356978000.0,1516311000.0,1840667000.0,21878332731.0,-35342000.0,0.0,13115000.0,-21147000.0,0.0,-11115000.0,-356226000.0,-282148000.0,331999000.0,915000.0,255303000.0,255303000.0,255303000.0,0.0,0.0,0.281,433583000.0,206908000.0,145186000.0,0.0,3.215,18.147,17.962,885078000.0,0.0,28.74,7.191,7.126,788700000.0,-1454073000.0,908836000.0,908836000.0,141174000.0,,,,,81887000.0,292409000.0,1.0,761250269.0,760605000,776211000.0,1.195,8890278000.0,808459000.0,-48766000.0,17849000.0,11.688,5594725000.0
11,TWTR,MRQ,2018-09-30,2018-09-30,2018-09-30,2021-07-27,-63093000.0,9746192000.0,,6719760000.0,3026432000.0,,8.529,-116701000.0,1928929000.0,1928929000.0,243644000.0,789179000.0,4.61,0.51,2707830000.0,960394000.0,1747436000.0,2707830000.0,0.0,111947000.0,0.0,0.0,0.0,125594000.0,237541000.0,0.313,237541000.0,125594000.0,87258000.0,1.04,1.02,1.04,6452572000.0,,6452572000.0,21719839139.0,50.0,25.86,327198000.0,0.432,1.0,514467000.0,0.679,1272749000.0,38336000.0,7794698000.0,,0.0,4027614000.0,4027614000.0,0.0,3293620000.0,1457646000.0,1835974000.0,21568295139.0,-613506000.0,-1068000.0,154000.0,-23975000.0,0.0,-30641000.0,-1026764000.0,-911170000.0,443899000.0,-2697000.0,789179000.0,789179000.0,789179000.0,0.0,0.0,1.041,422599000.0,91868000.0,116685000.0,0.0,3.343,20.711,20.774,904027000.0,0.0,28.46,7.528,7.515,621943000.0,-1709376000.0,758111000.0,758111000.0,150764000.0,,,,,91606000.0,271835000.0,1.0,757845929.0,756537000,776002000.0,1.002,8473443000.0,765708000.0,-701921000.0,20732000.0,11.2,5262114000.0
12,TWTR,MRQ,2018-06-30,2018-06-30,2018-06-30,2021-07-27,-56434000.0,8861230000.0,,6540504000.0,2320726000.0,,7.405,-193757000.0,2544641000.0,2544641000.0,230185000.0,100117000.0,11.003,0.591,2696185000.0,82058000.0,2614127000.0,2696185000.0,0.0,105982000.0,0.0,0.0,0.0,95849000.0,201831000.0,0.284,201831000.0,95849000.0,65867000.0,0.13,0.13,0.13,5570904000.0,,5570904000.0,33076523841.0,105.0,46.65,127383000.0,0.169,1.0,480356000.0,0.676,1278183000.0,29982000.0,7140172000.0,,0.0,3116474000.0,3116474000.0,0.0,3290326000.0,594419000.0,2695907000.0,32868946841.0,956517000.0,-32504000.0,16666000.0,1115235000.0,0.0,1048908000.0,-413531000.0,-186445000.0,321140000.0,-14464000.0,100117000.0,100117000.0,100117000.0,0.0,0.0,0.141,400732000.0,79624000.0,161300000.0,0.0,5.9,142.229,145.567,914795000.0,0.0,43.67,12.189,12.184,614944000.0,-2498555000.0,710541000.0,710541000.0,138574000.0,,,,,79469000.0,262158000.0,1.0,752666518.0,752351000,772556000.0,0.944,7583047000.0,0.0,-34250000.0,17077000.0,10.079,5946085000.0
13,TWTR,MRQ,2018-03-31,2018-03-31,2018-03-31,2021-07-27,-22325000.0,7539441000.0,,5409235000.0,2130206000.0,,6.969,-91328000.0,1601028000.0,1601028000.0,222823000.0,60997000.0,10.232,0.447,1808605000.0,86571000.0,1722034000.0,1808605000.0,0.0,96846000.0,0.0,0.0,0.0,90897000.0,187743000.0,0.282,187743000.0,90897000.0,63882000.0,0.08,0.08,0.08,5210436000.0,,5210436000.0,21939072025.0,164.0,41.901,151345000.0,0.202,1.0,442048000.0,0.665,1235726000.0,27015000.0,5982638000.0,,0.0,2927803000.0,2927803000.0,0.0,2329005000.0,528654000.0,1800351000.0,21783741025.0,-45355000.0,0.0,2768000.0,-24247000.0,0.0,-29036000.0,-258992000.0,-166314000.0,242673000.0,1950000.0,60997000.0,60997000.0,60997000.0,0.0,0.0,0.092,367123000.0,74925000.0,137968000.0,0.0,4.181,1503.053,2901.0,801912000.0,0.0,29.01,8.51,8.473,611840000.0,-2598672000.0,664871000.0,664871000.0,123346000.0,,,,,73266000.0,243777000.0,1.0,750904551.0,747697000,765861000.0,0.889,6303715000.0,0.0,2885000.0,15535000.0,8.431,4880581000.0
14,TWTR,MRQ,2017-12-31,2017-12-31,2017-12-31,2021-07-27,-31579000.0,7412477000.0,,5321884000.0,2090593000.0,,6.803,-40159000.0,1638413000.0,1638413000.0,217979000.0,91079000.0,9.124,0.469,1793744000.0,84976000.0,1708768000.0,1793744000.0,0.0,92520000.0,0.0,0.0,0.0,120253000.0,212773000.0,0.291,212773000.0,120253000.0,93553000.0,0.12,0.12,0.12,5047218000.0,,5047218000.0,18020407688.0,1835.0,44.42,157948000.0,0.213,1.0,513581000.0,0.702,1238589000.0,26700000.0,5745941000.0,,0.0,2764689000.0,2764689000.0,0.0,2365259000.0,583278000.0,1781981000.0,17834473688.0,50297000.0,0.0,11473000.0,-22090000.0,0.0,-12530000.0,-135280000.0,-95947000.0,198107000.0,1116000.0,91079000.0,91079000.0,91079000.0,0.0,0.0,0.124,403483000.0,110098000.0,170969000.0,0.0,3.534,-165.038,-160.067,773715000.0,0.0,24.01,7.299,7.2,664268000.0,-2671729000.0,731560000.0,731560000.0,133996000.0,,,,,102454000.0,269487000.0,1.0,742793573.0,741930000,741930000.0,0.986,6173888000.0,10455000.0,2474000.0,13240000.0,8.321,4738606000.0
15,TWTR,MRQ,2017-09-30,2017-09-30,2017-09-30,2021-07-27,-36756000.0,7075789000.0,,5002422000.0,2073367000.0,,6.557,-34583000.0,1586558000.0,1586558000.0,210016000.0,-21095000.0,10.396,0.465,1772492000.0,81938000.0,1690554000.0,1772492000.0,0.0,97492000.0,0.0,0.0,0.0,9201000.0,106693000.0,0.181,106693000.0,9201000.0,-17531000.0,-0.03,-0.03,-0.03,4829406000.0,,4829406000.0,12905946706.0,-52.0,73.606,205364000.0,0.279,1.0,379617000.0,0.644,1242440000.0,26732000.0,5538081000.0,,0.0,2671538000.0,2671538000.0,0.0,2246383000.0,481202000.0,1765181000.0,12448258706.0,297970000.0,0.0,541000.0,-25535000.0,0.0,-27020000.0,85043000.0,120022000.0,239947000.0,358000.0,-21095000.0,-21095000.0,-21095000.0,0.0,0.0,-0.036,372338000.0,7279000.0,103112000.0,0.0,2.578,-33.993,-33.078,753317000.0,0.0,16.87,5.125,5.115,509854000.0,-2762808000.0,589633000.0,589633000.0,136115000.0,,,,,100959000.0,236223000.0,1.0,737893225.0,736515000,736515000.0,0.801,5833349000.0,0.0,3564000.0,11858000.0,7.92,4521220000.0
16,TWTR,MRQ,2017-06-30,2017-06-30,2017-06-30,2021-07-27,-46828000.0,6963098000.0,,4840102000.0,2122996000.0,,6.477,-43336000.0,1288323000.0,1288323000.0,212908000.0,-116488000.0,9.786,0.472,1746011000.0,80133000.0,1665878000.0,1746011000.0,0.0,103063000.0,0.0,0.0,0.0,-86679000.0,16384000.0,0.029,16384000.0,-86679000.0,-113075000.0,-0.16,-0.16,-0.16,4728896000.0,,4728896000.0,13586780015.0,-41.0,138.536,146371000.0,0.2,1.0,360947000.0,0.629,1251480000.0,26396000.0,5674728000.0,,0.0,2791589000.0,2791589000.0,0.0,2234202000.0,494578000.0,1739624000.0,13059987015.0,90850000.0,0.0,14828000.0,-28066000.0,0.0,-15171000.0,-83686000.0,-39825000.0,189707000.0,4256000.0,-116488000.0,-116488000.0,-116488000.0,0.0,0.0,-0.203,399306000.0,-38359000.0,107398000.0,0.0,2.762,-29.154,-28.365,781272000.0,0.0,17.87,5.319,5.314,524064000.0,-2741713000.0,573855000.0,573855000.0,143171000.0,,,,,113396000.0,256135000.0,1.0,730833073.0,730069000,730069000.0,0.786,5711618000.0,0.0,3413000.0,9247000.0,7.823,4345524000.0
17,TWTR,MRQ,2017-03-31,2017-03-31,2017-03-31,2021-07-27,-61359000.0,6892742000.0,,4695332000.0,2197410000.0,,6.496,-4881000.0,1191566000.0,1191566000.0,220339000.0,-61559000.0,9.602,0.47,1718359000.0,80249000.0,1638110000.0,1718359000.0,0.0,102792000.0,0.0,0.0,0.0,-32956000.0,69836000.0,0.127,69836000.0,-32956000.0,-58365000.0,-0.09,-0.09,-0.09,4690376000.0,,4690376000.0,11565122335.0,-36.0,121.315,198567000.0,0.275,1.0,327912000.0,0.598,1263078000.0,25409000.0,5667465000.0,,0.0,2752111000.0,2752111000.0,0.0,2202366000.0,488992000.0,1713374000.0,10867068335.0,197193000.0,0.0,6522000.0,-27084000.0,0.0,-23652000.0,17397000.0,32284000.0,203448000.0,4184000.0,-61559000.0,-61559000.0,-61559000.0,0.0,0.0,-0.112,368190000.0,-40278000.0,86176000.0,0.0,2.317,-24.771,-24.113,782421000.0,0.0,14.95,4.376,4.347,501153000.0,-2625225000.0,548251000.0,548251000.0,128728000.0,,,,,116997000.0,239462000.0,1.0,726894203.0,722048000,722048000.0,0.759,5629664000.0,0.0,3194000.0,8353000.0,7.797,4206340000.0
18,TWTR,MRQ,2016-12-31,2016-12-31,2016-12-31,2021-07-27,-69253000.0,6870365000.0,,4652196000.0,2218169000.0,,6.447,-48105000.0,988598000.0,988598000.0,305710000.0,-167054000.0,7.966,0.492,1686652000.0,80848000.0,1605804000.0,1686652000.0,0.0,119390000.0,0.0,0.0,0.0,-136965000.0,-17575000.0,-0.025,-17575000.0,-136965000.0,-162246000.0,-0.23,-0.23,-0.23,4604935000.0,,4604935000.0,12295185411.0,-36.0,200.554,148438000.0,0.208,1.0,411496000.0,0.574,1280649000.0,25281000.0,5703749000.0,,0.0,2785981000.0,2785981000.0,0.0,2265430000.0,584021000.0,1681409000.0,11652918411.0,-8710000.0,-4940000.0,9290000.0,-26661000.0,0.0,-22441000.0,-182812000.0,-136373000.0,196543000.0,-9698000.0,-167054000.0,-167054000.0,-167054000.0,0.0,0.0,-0.233,555123000.0,-143627000.0,122236000.0,0.0,2.531,-25.506,-25.077,783901000.0,0.0,16.3,4.607,4.524,650650000.0,-2550350000.0,717206000.0,717206000.0,202128000.0,,,,,138095000.0,352995000.0,1.0,714902970.0,714228000,714228000.0,1.004,5589716000.0,0.0,4808000.0,7556000.0,7.826,4068175000.0
19,TWTR,MRQ,2016-09-30,2016-09-30,2016-09-30,2021-07-27,-46309000.0,6742946000.0,,4478413000.0,2264533000.0,,6.572,-72317000.0,1011957000.0,1011957000.0,225159000.0,-102871000.0,9.516,0.457,1654224000.0,82162000.0,1572062000.0,1654224000.0,0.0,100878000.0,0.0,0.0,0.0,-71449000.0,29429000.0,0.048,29429000.0,-71449000.0,-96309000.0,-0.15,-0.15,-0.15,4629332000.0,,4629332000.0,16986124036.0,-64.0,163.834,116875000.0,0.166,1.0,390775000.0,0.634,1296384000.0,24860000.0,5618231000.0,,0.0,2652226000.0,2652226000.0,0.0,2113614000.0,470598000.0,1643016000.0,16313106036.0,64236000.0,0.0,862000.0,-25157000.0,0.0,-27851000.0,-97105000.0,-17672000.0,189192000.0,11000.0,-102871000.0,-102871000.0,-102871000.0,0.0,0.0,-0.167,468864000.0,-78089000.0,104296000.0,0.0,3.524,-42.923,-41.909,803305000.0,0.0,23.05,6.466,6.435,590108000.0,-2383296000.0,615934000.0,615934000.0,177049000.0,,,,,158527000.0,291815000.0,1.0,707726943.0,704359000,704359000.0,0.874,5446562000.0,0.0,6562000.0,8191000.0,7.733,4007815000.0
20,TWTR,MRQ,2016-06-30,2016-06-30,2016-06-30,2021-07-27,-44503000.0,6616814000.0,,4382039000.0,2234775000.0,,6.525,-39087000.0,947710000.0,947710000.0,202966000.0,-107217000.0,9.746,0.452,1620728000.0,81035000.0,1539693000.0,1620728000.0,0.0,93283000.0,0.0,0.0,0.0,-79642000.0,13641000.0,0.023,13641000.0,-79642000.0,-104576000.0,-0.15,-0.15,-0.15,4556853000.0,,4556853000.0,12444107575.0,-42.0,237.37,175469000.0,0.251,1.0,398992000.0,0.663,1314073000.0,24934000.0,5526121000.0,,0.0,2640448000.0,2640448000.0,0.0,2059961000.0,449638000.0,1610323000.0,11869085575.0,-79961000.0,-80142000.0,19088000.0,-23823000.0,0.0,-9604000.0,-284913000.0,-165089000.0,214556000.0,10000.0,-107217000.0,-107217000.0,-107217000.0,0.0,0.0,-0.178,485368000.0,-86376000.0,91415000.0,0.0,2.605,-29.029,-28.183,758837000.0,0.0,16.91,4.793,4.769,556781000.0,-2280425000.0,601958000.0,601958000.0,178511000.0,,,,,167695000.0,306857000.0,1.0,701897432.0,698326000,698326000.0,0.862,5302741000.0,0.0,2641000.0,7769000.0,7.594,3932401000.0
21,TWTR,MRQ,2016-03-31,2016-03-31,2016-03-31,2021-07-27,-30490000.0,6476168000.0,,4388909000.0,2087259000.0,,6.474,-59148000.0,1027661000.0,1027661000.0,198405000.0,-79731000.0,10.381,0.446,1602683000.0,81692000.0,1520991000.0,1602683000.0,0.0,88621000.0,0.0,0.0,0.0,-52810000.0,35811000.0,0.06,35811000.0,-52810000.0,-77703000.0,-0.12,-0.12,-0.12,4477486000.0,,4477486000.0,12238855613.0,-35.0,-725.653,103616000.0,0.15,1.0,396116000.0,0.666,1250807000.0,24893000.0,5377618000.0,,0.0,2548749000.0,2548749000.0,0.0,1998682000.0,422765000.0,1575917000.0,11547370613.0,110267000.0,0.0,2941000.0,-24917000.0,0.0,-24079000.0,-28418000.0,30806000.0,162764000.0,5923000.0,-79731000.0,-79731000.0,-79731000.0,0.0,0.0,-0.134,455232000.0,-59116000.0,90353000.0,0.0,2.579,-26.345,-25.076,746713000.0,0.0,16.55,4.859,4.816,576800000.0,-2173208000.0,594521000.0,594521000.0,155794000.0,,,,,150916000.0,299438000.0,1.0,697726321.0,691564000,691564000.0,0.86,5225361000.0,0.0,2028000.0,3847000.0,7.556,3966144000.0
22,TWTR,MRQ,2015-12-31,2015-12-31,2015-12-31,2021-07-27,-45566000.0,6442439000.0,,4381792000.0,2060647000.0,,6.4,-80464000.0,911471000.0,911471000.0,217963000.0,-90236000.0,8.659,0.475,1602956000.0,88166000.0,1514790000.0,1602956000.0,0.0,87446000.0,0.0,0.0,0.0,-62648000.0,24798000.0,0.035,24798000.0,-62648000.0,-86831000.0,-0.13,-0.13,-0.13,4368047000.0,,4368047000.0,16529067550.0,-38.0,-135.147,18774000.0,0.028,1.0,492510000.0,0.693,1263743000.0,24183000.0,5364142000.0,,0.0,2583877000.0,2583877000.0,0.0,2074392000.0,506039000.0,1568353000.0,15803385550.0,36691000.0,0.0,26606000.0,-26170000.0,0.0,5212000.0,-67759000.0,22602000.0,99238000.0,-1652000.0,-90236000.0,-90236000.0,-90236000.0,0.0,0.0,-0.127,559689000.0,-67179000.0,134081000.0,0.0,3.618,-30.331,-29.291,735299000.0,0.0,23.14,7.125,6.911,638694000.0,-2093477000.0,710473000.0,710473000.0,210058000.0,,,,,158249000.0,349631000.0,1.0,682946653.0,682533000,682533000.0,1.041,5178696000.0,0.0,3405000.0,2978000.0,7.587,3875753000.0
23,TWTR,MRQ,2015-09-30,2015-09-30,2015-09-30,2021-07-27,-34296000.0,6289064000.0,,4263559000.0,2025505000.0,,6.374,-106476000.0,876432000.0,876432000.0,200195000.0,-131690000.0,9.967,0.471,1602114000.0,93621000.0,1508493000.0,1602114000.0,0.0,81464000.0,0.0,0.0,0.0,-103289000.0,-21825000.0,-0.038,-21825000.0,-103289000.0,-128528000.0,-0.2,-0.2,-0.2,4274163000.0,,4274163000.0,18933217021.0,-40.0,-103.883,-4808000.0,-0.007,1.0,369042000.0,0.648,1270407000.0,25239000.0,5316561000.0,,0.0,2612762000.0,2612762000.0,0.0,2014901000.0,427778000.0,1587123000.0,18219641021.0,-4816000.0,-25344000.0,1488000.0,-28431000.0,0.0,-27358000.0,-79126000.0,52167000.0,101668000.0,-2059000.0,-131690000.0,-131690000.0,-131690000.0,0.0,0.0,-0.231,474279000.0,-105237000.0,40100000.0,0.0,4.263,-32.76,-31.326,699502000.0,0.0,26.94,9.171,9.094,536788000.0,-2003241000.0,569237000.0,569237000.0,207937000.0,,,,,165921000.0,266342000.0,1.0,676304418.0,670604000,670604000.0,0.849,5018657000.0,0.0,3162000.0,32958000.0,7.484,3835781000.0
24,TWTR,MRQ,2015-06-30,2015-06-30,2015-06-30,2021-07-27,-32834000.0,6230334000.0,,4270427000.0,1959907000.0,,6.453,-92605000.0,883307000.0,883307000.0,167623000.0,-136663000.0,10.052,0.472,1596883000.0,98606000.0,1498277000.0,1596883000.0,0.0,76049000.0,0.0,0.0,0.0,-131699000.0,-55650000.0,-0.111,-55650000.0,-131699000.0,-156136000.0,-0.21,-0.21,-0.21,4231184000.0,,4231184000.0,23709268604.0,-44.0,-87.974,-2626000.0,-0.004,1.0,334760000.0,0.666,1258545000.0,24437000.0,5260524000.0,,0.0,2677263000.0,2677263000.0,0.0,1999150000.0,424841000.0,1574309000.0,23715919604.0,-729657000.0,2627000.0,24813000.0,-29388000.0,0.0,-4881000.0,-814755000.0,-724842000.0,89979000.0,5559000.0,-136663000.0,-136663000.0,-136663000.0,0.0,0.0,-0.272,465764000.0,-131004000.0,51614000.0,0.0,5.605,-39.532,-38.126,651017000.0,0.0,36.22,13.334,13.353,475204000.0,-1871551000.0,502383000.0,502383000.0,198907000.0,,,,,175143000.0,266857000.0,1.0,654774147.0,655721000,655721000.0,0.766,4971789000.0,0.0,-19473000.0,31768000.0,7.582,3845586000.0
25,TWTR,MRQ,2015-03-31,2015-03-31,2015-03-31,2021-07-27,-42956000.0,5643417000.0,,4194091000.0,1449326000.0,,5.757,-67735000.0,1607405000.0,1607405000.0,143475000.0,-162442000.0,10.637,0.531,1600754000.0,105948000.0,1494806000.0,1600754000.0,0.0,67864000.0,0.0,0.0,0.0,-137491000.0,-69627000.0,-0.16,-69627000.0,-137491000.0,-161810000.0,-0.25,-0.25,-0.25,3687097000.0,,3687097000.0,32540219072.0,-59.0,-103.038,24446000.0,0.038,1.0,292464000.0,0.671,802016000.0,24319000.0,4440455000.0,,0.0,1949803000.0,1949803000.0,0.0,1956320000.0,394295000.0,1562025000.0,32443653072.0,115429000.0,-28927000.0,3749000.0,-33546000.0,0.0,-35971000.0,59219000.0,161243000.0,92181000.0,-18748000.0,-162442000.0,-162442000.0,-162442000.0,0.0,0.0,-0.373,439080000.0,-146616000.0,48384000.0,0.0,8.799,-53.37,-51.102,599751000.0,0.0,50.08,20.425,20.192,415479000.0,-1734888000.0,435939000.0,435939000.0,189746000.0,,,,,182805000.0,249334000.0,1.0,647836523.0,640464000,640464000.0,0.681,4841401000.0,0.0,632000.0,26077000.0,7.559,3799796000.0
26,TWTR,MRQ,2014-12-31,2014-12-31,2014-12-31,2021-07-27,-10024000.0,5583082000.0,,4255853000.0,1327229000.0,,5.758,-68791000.0,1510724000.0,1510724000.0,136613000.0,-125352000.0,10.807,0.54,1607290000.0,112320000.0,1494970000.0,1607290000.0,0.0,62428000.0,0.0,0.0,0.0,-97582000.0,-35154000.0,-0.073,-35154000.0,-97582000.0,-121665000.0,-0.2,-0.2,-0.2,3626403000.0,,3626403000.0,22032883106.0,-41.0,-65.914,-25473000.0,-0.04,1.0,342465000.0,0.715,727581000.0,24083000.0,4558273000.0,,0.0,2111154000.0,2111154000.0,0.0,1956679000.0,393794000.0,1562885000.0,22759926106.0,-739072000.0,0.0,38951000.0,60941000.0,0.0,79172000.0,-861562000.0,-791058000.0,43318000.0,-2999000.0,-125352000.0,-125352000.0,-125352000.0,0.0,0.0,-0.262,440618000.0,-98153000.0,53241000.0,0.0,6.276,-39.389,-37.365,557019000.0,0.0,35.87,16.222,15.468,418454000.0,-1572446000.0,479078000.0,479078000.0,181715000.0,,,,,177215000.0,258903000.0,1.0,634511461.0,629794000,629794000.0,0.761,4855501000.0,0.0,3687000.0,24706000.0,7.71,3862059000.0
27,TWTR,MRQ,2014-09-30,2014-09-30,2014-09-30,2021-07-27,-1220000.0,5448654000.0,,4173885000.0,1274769000.0,,5.737,-38762000.0,2252795000.0,2252795000.0,124166000.0,-175464000.0,9.433,0.546,1525752000.0,110527000.0,1415225000.0,1525752000.0,0.0,60155000.0,0.0,0.0,0.0,-169226000.0,-109071000.0,-0.302,-109071000.0,-169226000.0,-175305000.0,-0.29,-0.29,-0.29,3525038000.0,,3525038000.0,31090388422.0,-33.0,-39.984,-124664000.0,-0.203,1.0,237100000.0,0.656,737984000.0,6079000.0,3541151000.0,,0.0,1394887000.0,1394887000.0,0.0,1923616000.0,442476000.0,1481140000.0,31733691422.0,1413662000.0,-30981000.0,284250000.0,1767810000.0,0.0,1635635000.0,-136071000.0,-67015000.0,-85902000.0,-5843000.0,-175464000.0,-175464000.0,-175464000.0,0.0,0.0,-0.486,398531000.0,-161431000.0,30619000.0,0.0,9.002,-32.921,-16.375,503958000.0,0.0,51.58,27.202,27.165,324731000.0,-1447094000.0,361266000.0,361266000.0,183342000.0,,,,,169602000.0,215189000.0,1.0,615232482.0,614395000,614395000.0,0.588,4710670000.0,0.0,159000.0,29420000.0,7.667,3731409000.0
28,TWTR,MRQ,2014-06-30,2014-06-30,2014-06-30,2021-07-27,199000.0,3584817000.0,,2463886000.0,1120931000.0,,5.115,-44457000.0,844976000.0,844976000.0,100027000.0,-144642000.0,6.652,0.177,201673000.0,99744000.0,101929000.0,201673000.0,0.0,45631000.0,0.0,0.0,0.0,-147587000.0,-101956000.0,-0.327,-101956000.0,-147587000.0,-150241000.0,-0.24,-0.24,-0.24,3046593000.0,,3046593000.0,23401825701.0,-28.0,-33.336,37240000.0,0.063,1.0,212139000.0,0.68,620098000.0,2654000.0,1951041000.0,,0.0,1252055000.0,1252055000.0,0.0,538224000.0,370375000.0,167849000.0,24169793701.0,-117517000.0,-132496000.0,35781000.0,-21365000.0,0.0,13388000.0,-212602000.0,-36071000.0,81697000.0,1738000.0,-144642000.0,-144642000.0,-144642000.0,0.0,0.0,-0.463,362050000.0,-149911000.0,23084000.0,0.0,7.933,-28.333,-12.266,467634000.0,0.0,40.97,24.817,25.056,287082000.0,-1271630000.0,312166000.0,312166000.0,177095000.0,,,,,158411000.0,184955000.0,1.0,589938826.0,595607000,595607000.0,0.524,2964719000.0,0.0,-5599000.0,31929000.0,4.978,2093511000.0
29,TWTR,MRQ,2014-03-31,2014-03-31,2014-03-31,2021-07-27,-296000.0,3356209000.0,,2505380000.0,850829000.0,,5.151,-49620000.0,960755000.0,960755000.0,85503000.0,-132362000.0,9.59,0.143,192787000.0,90253000.0,102534000.0,192787000.0,0.0,39951000.0,0.0,0.0,0.0,-128038000.0,-88087000.0,-0.352,-88087000.0,-128038000.0,-131140000.0,-0.23,-0.23,-0.23,2936846000.0,,2936846000.0,26816242440.0,-36.0,-43.671,-6937000.0,-0.012,1.0,164989000.0,0.659,434928000.0,3102000.0,1892062000.0,,0.0,1215840000.0,1215840000.0,0.0,419363000.0,261251000.0,158112000.0,27459606440.0,119173000.0,0.0,1350000.0,-21521000.0,0.0,-36473000.0,112963000.0,174721000.0,42683000.0,572000.0,-132362000.0,-132362000.0,-132362000.0,0.0,0.0,-0.528,294360000.0,-129371000.0,19714000.0,0.0,9.35,-36.581,-13.646,383272000.0,0.0,46.67,34.28,33.221,237860000.0,-1126988000.0,250492000.0,250492000.0,149391000.0,,,,,126369000.0,144969000.0,1.0,588378111.0,570205000,570205000.0,0.439,2921281000.0,0.0,1222000.0,29574000.0,5.123,2244129000.0
30,TWTR,MRQ,2013-12-31,2013-12-31,2013-12-31,2021-07-27,-323000.0,3366240000.0,,2574679000.0,791561000.0,,15.566,-29116000.0,841010000.0,841010000.0,112651000.0,-511471000.0,11.421,0.141,197646000.0,87126000.0,110520000.0,197646000.0,0.0,33224000.0,0.0,0.0,0.0,-511685000.0,-478461000.0,-1.972,-478461000.0,-511685000.0,-514788000.0,-2.39,-2.39,-2.39,2950006000.0,,2950006000.0,34674726338.0,-54.0,-65.588,-31984000.0,-0.169,1.0,130024000.0,0.536,441104000.0,3103000.0,2056342000.0,,0.0,1393044000.0,1393044000.0,0.0,416234000.0,225430000.0,190804000.0,34669952338.0,685555000.0,0.0,2020321000.0,-21203000.0,0.0,1985606000.0,-1297183000.0,-1228761000.0,-2868000.0,-249000.0,-511471000.0,-511471000.0,-511471000.0,0.0,0.0,-2.108,639700000.0,-509676000.0,27994000.0,0.0,11.753,-53.725,-18.666,332662000.0,0.0,63.65,52.144,18.142,247328000.0,-994626000.0,242675000.0,242675000.0,394848000.0,,,,,521197000.0,244852000.0,1.0,544696816.0,189510000,189510000.0,1.281,2925136000.0,0.0,-3317000.0,59500000.0,15.435,2349249000.0
31,TWTR,MRQ,2013-09-30,2013-09-30,2013-09-30,2021-07-27,-343000.0,992803000.0,,498165000.0,494638000.0,,-1.336,-19867000.0,155704000.0,155704000.0,62239000.0,-64601000.0,2.998,-1.673,160478000.0,70778000.0,89700000.0,160478000.0,0.0,29023000.0,0.0,,0.0,-62514000.0,-33491000.0,-0.199,-33491000.0,-62514000.0,-64241000.0,-0.48,-0.48,-0.48,-178661000.0,,-178661000.0,,,,-25260000.0,-0.189,1.0,106341000.0,0.631,183127000.0,1727000.0,648282000.0,,0.0,165371000.0,165371000.0,0.0,298928000.0,166168000.0,132760000.0,,-9862000.0,-5750000.0,1239000.0,-18174000.0,0.0,-18060000.0,13591000.0,44337000.0,-5393000.0,1057000.0,-64601000.0,-64601000.0,-64601000.0,0.0,0.0,-0.383,169673000.0,-63332000.0,9408000.0,0.0,,,,284024000.0,0.0,,,,147542000.0,-483155000.0,168580000.0,168580000.0,87307000.0,,,,,43602000.0,82366000.0,1.0,544696816.0,133699000,133699000.0,1.261,809676000.0,0.0,360000.0,12156000.0,6.056,331997000.0
32,TWTR,MRQ,2013-06-30,2013-06-30,2013-06-30,2021-07-27,,,,,,,,-15139000.0,,,50573000.0,-42225000.0,,,,,,,,25917000.0,,,0.0,-39935000.0,-14018000.0,-0.101,-14018000.0,-39935000.0,-41448000.0,-0.32,-0.32,-0.32,,,,,,,-8095000.0,-0.061,1.0,88719000.0,0.637,,1513000.0,,,,,,,,,,,46265000.0,-2500000.0,959000.0,-16410000.0,0.0,-15451000.0,54672000.0,73598000.0,7044000.0,-4000.0,-42225000.0,-42225000.0,-42225000.0,0.0,0.0,-0.303,127635000.0,-38916000.0,,0.0,,,,,0.0,,,,,,139292000.0,139292000.0,64263000.0,,,,,22646000.0,63372000.0,1.0,,132224000,132224000.0,1.053,,,777000.0,,,
33,TWTR,MRQ,2013-03-31,2013-03-31,2013-03-31,2021-07-27,,,,,,,,-11622000.0,,,41255000.0,-27026000.0,,,,,,,,22730000.0,,,0.0,-25436000.0,-2706000.0,-0.024,-2706000.0,-25436000.0,-26669000.0,-0.21,-0.21,-0.21,,,,,,,-9007000.0,-0.071,1.0,73088000.0,0.639,,1233000.0,,,,,,,,,,,-84450000.0,178000.0,4739000.0,-14658000.0,0.0,-9919000.0,-77146000.0,-64577000.0,2615000.0,-630000.0,-27026000.0,-27026000.0,-27026000.0,0.0,0.0,-0.236,96995000.0,-23907000.0,,0.0,,,,,0.0,,,,,,114343000.0,114343000.0,47574000.0,,,,,12922000.0,49421000.0,1.0,,127456000,127456000.0,0.897,,,357000.0,,,
34,TWTR,MRQ,2012-12-31,2012-12-31,2012-12-31,2021-07-27,-657000.0,831568000.0,,554466000.0,277102000.0,,-2.047,-10511000.0,203328000.0,203328000.0,36918000.0,-8705000.0,5.046,-0.835,114568000.0,48836000.0,65732000.0,114568000.0,0.0,21001000.0,0.0,,0.0,-9303000.0,11698000.0,0.104,11698000.0,-9303000.0,-10133000.0,-0.07,-0.07,-0.07,-248172000.0,,-248172000.0,,,,-5149000.0,-0.042,1.0,75329000.0,0.671,72566000.0,830000.0,560363000.0,,0.0,221528000.0,221528000.0,0.0,207204000.0,109879000.0,97325000.0,,8332000.0,-1825000.0,768000.0,-12844000.0,0.0,-12076000.0,15046000.0,28496000.0,5362000.0,-219000.0,-8705000.0,-8705000.0,-8705000.0,0.0,0.0,-0.078,84105000.0,-8776000.0,8432000.0,0.0,,,,185574000.0,0.0,,,,112155000.0,-349303000.0,112247000.0,112247000.0,40340000.0,,,,,5346000.0,43765000.0,1.0,,121247000,121247000.0,0.926,759002000.0,0.0,-1428000.0,12156000.0,6.26,444587000.0
35,TWTR,MRQ,2011-12-31,2011-12-31,2011-12-31,2021-07-27,-32000.0,720675000.0,,596068000.0,124607000.0,,-1.968,,218996000.0,218996000.0,,,12.485,-0.433,43798000.0,22694000.0,21104000.0,43798000.0,0.0,,0.0,,0.0,,,,,,,,,,-201838000.0,,-201838000.0,,,,,,1.0,,,43179000.0,,454554000.0,,0.0,330543000.0,330543000.0,0.0,87391000.0,47744000.0,39647000.0,,,,,,,,,,,,,,,,,,,,4543000.0,,,,,61983000.0,,,,,39834000.0,-269904000.0,,,,,,,,,,1.0,,102544000,,,677496000.0,0.0,,13617000.0,6.607,548324000.0
0,TWTR,MRT,2021-06-30,2021-06-30,2021-06-30,2021-07-27,-89056000.0,15323225000.0,14193795500.0,9728141000.0,5595084000.0,0.314,9.688,-1036545000.0,4125595000.0,4125595000.0,1592252000.0,384429000.0,4.308,0.986,6431715000.0,1157371000.0,5274344000.0,6431715000.0,0.0,516555000.0,0.0,0.0,0.0,491864000.0,1008419000.0,0.227,1008419000.0,491864000.0,385006000.0,0.5,0.49,0.5,7716128000.0,7808737000.0,7716128000.0,56948270479.0,116.0,56.473,280693000.0,0.352,1.0,2859467000.0,0.642,1382713000.0,106858000.0,13988713000.0,13022494250.0,0.0,4481468000.0,4481468000.0,0.0,7607097000.0,2257919000.0,5349178000.0,54919093479.0,1004788000.0,-59368000.0,-673044000.0,1413560000.0,0.0,664725000.0,-977175000.0,125784000.0,1317238000.0,7774000.0,384429000.0,384429000.0,384429000.0,0.0,0.0,0.086,2469002000.0,390465000.0,325446000.0,0.0,7.117,142.859,137.62,3037807000.0,0.0,68.81,12.337,12.311,954265000.0,-647239000.0,4451719000.0,4451719000.0,1007385000.0,0.027,0.049,0.038,0.11,533228000.0,1461617000.0,1.0,798126631.0,796472000,869180000.0,5.589,13940512000.0,936121000.0,577000.0,40791000.0,17.503,7470222000.0
1,TWTR,MRT,2021-03-31,2021-03-31,2021-03-31,2021-07-27,-96932000.0,14984075000.0,13499886000.0,9863742000.0,5120333000.0,0.292,9.724,-922486000.0,4248702000.0,4248702000.0,1463359000.0,-1059225000.0,4.843,0.937,6277879000.0,1132097000.0,5145782000.0,6277879000.0,0.0,505580000.0,0.0,0.0,0.0,147393000.0,652973000.0,0.166,652973000.0,147393000.0,14600000.0,-1.33,-1.34,-1.33,7736650000.0,7794218750.0,7736650000.0,53282213811.0,361.0,81.599,213801000.0,0.269,1.0,2481371000.0,0.629,1379179000.0,132793000.0,13597380000.0,12369850250.0,0.0,4557585000.0,4557585000.0,0.0,7247425000.0,2036693000.0,5210732000.0,50786442811.0,778940000.0,-51814000.0,-344278000.0,1407070000.0,0.0,989004000.0,-1346351000.0,-364305000.0,1136287000.0,-75000.0,-1059225000.0,-1059225000.0,-1059225000.0,0.0,0.0,-0.269,2395088000.0,86283000.0,219899000.0,0.0,6.564,-47.947,-47.842,2621110000.0,0.0,63.63,12.875,12.834,850075000.0,-712888000.0,3944730000.0,3944730000.0,923332000.0,-0.078,-0.136,0.012,0.037,487902000.0,1471756000.0,1.0,798152488.0,795633000,872187000.0,4.958,13604896000.0,933245000.0,1073825000.0,32033000.0,17.099,7827049000.0
2,TWTR,MRT,2020-12-31,2020-12-31,2020-12-31,2021-07-27,-66094000.0,13379090000.0,13139048500.0,8637108000.0,4741982000.0,0.283,10.116,-864184000.0,1988429000.0,1988429000.0,1366388000.0,-1135626000.0,4.423,0.679,4483633000.0,1095013000.0,3388620000.0,4483633000.0,0.0,495177000.0,0.0,0.0,0.0,101939000.0,597116000.0,0.161,597116000.0,101939000.0,-50939000.0,-1.44,-1.44,-1.44,7970082000.0,8058963000.0,7970082000.0,45215661353.0,444.0,75.723,128686000.0,0.163,1.0,2349961000.0,0.632,1370684000.0,152878000.0,12550784000.0,12013043000.0,0.0,5483873000.0,5483873000.0,0.0,5409008000.0,1952826000.0,3456182000.0,43068180353.0,187615000.0,-48016000.0,-184379000.0,962276000.0,0.0,755310000.0,-1560565000.0,-637315000.0,992870000.0,-4005000.0,-1135626000.0,-1135626000.0,-1135626000.0,0.0,0.0,-0.306,2323303000.0,26658000.0,194281000.0,0.0,5.404,-37.925,-37.604,2423933000.0,0.0,54.15,11.589,11.48,1041743000.0,-1125669000.0,3716349000.0,3716349000.0,873011000.0,-0.086,-0.141,0.008,0.027,474932000.0,1450292000.0,1.0,795349591.0,787861000,787861000.0,4.717,12008406000.0,796326000.0,1084687000.0,31463000.0,15.242,6684282000.0
3,TWTR,MRT,2020-09-30,2020-09-30,2020-09-30,2021-07-27,-90087000.0,13088792000.0,12970123250.0,8589579000.0,4499213000.0,0.265,9.878,-709980000.0,2201073000.0,2201073000.0,1247472000.0,-1238969000.0,4.439,0.675,4348554000.0,1070116000.0,3278438000.0,4348554000.0,0.0,482942000.0,0.0,0.0,0.0,22225000.0,505167000.0,0.147,505167000.0,22225000.0,-116864000.0,-1.57,-1.57,-1.57,7812088000.0,8242539000.0,7812088000.0,36217557408.0,1630.0,71.694,229769000.0,0.291,1.0,2187177000.0,0.637,1348070000.0,139089000.0,11953100000.0,11887473500.0,0.0,5479974000.0,5479974000.0,0.0,5276704000.0,1935103000.0,3341601000.0,35197228408.0,334803000.0,-43647000.0,52053000.0,1643645000.0,0.0,1674455000.0,-2279401000.0,-1504282000.0,939749000.0,-8488000.0,-1238969000.0,-1238969000.0,-1238969000.0,0.0,0.0,-0.361,2259559000.0,-72382000.0,241102000.0,0.0,4.505,-28.408,-28.344,2220933000.0,0.0,44.5,10.248,10.246,747548000.0,-1347785000.0,3434649000.0,3434649000.0,823311000.0,-0.096,-0.15,0.002,0.006,448044000.0,1436248000.0,1.0,790948953.0,790827000,806383000.0,4.343,11740722000.0,792362000.0,1122105000.0,28845000.0,14.846,6654476000.0
4,TWTR,MRT,2020-06-30,2020-06-30,2020-06-30,2021-07-27,-93000000.0,12547587000.0,12598156500.0,8495287000.0,4052300000.0,0.264,9.744,-590163000.0,3112454000.0,3112454000.0,1167141000.0,-1231106000.0,10.1,0.638,4132783000.0,144966000.0,3987817000.0,4132783000.0,0.0,480945000.0,0.0,0.0,0.0,36917000.0,517862000.0,0.156,517862000.0,36917000.0,-98784000.0,-1.56,-1.56,-1.56,7658055000.0,8393427500.0,7658055000.0,24047745515.0,651.0,46.437,470318000.0,0.598,1.0,2154992000.0,0.649,1348672000.0,135701000.0,11378137000.0,11455093500.0,0.0,4653560000.0,4653560000.0,0.0,4889532000.0,841107000.0,4048425000.0,23374101515.0,944136000.0,-43647000.0,52266000.0,697068000.0,0.0,728060000.0,-844405000.0,-178677000.0,1060481000.0,-18204000.0,-1231106000.0,-1231106000.0,-1231106000.0,0.0,0.0,-0.371,2239336000.0,-84344000.0,162160000.0,0.0,3.052,-18.986,-19.096,1782803000.0,0.0,29.79,7.036,7.047,600777000.0,-1376444000.0,3322133000.0,3322133000.0,792987000.0,-0.098,-0.147,0.003,0.011,430698000.0,1446349000.0,1.0,784629121.0,785909000,785909000.0,4.227,11198915000.0,786290000.0,1132322000.0,26579000.0,14.25,7654180000.0
5,TWTR,MRT,2020-03-31,2020-03-31,2020-03-31,2021-07-27,-157997000.0,13540725000.0,12591661500.0,8467579000.0,5073146000.0,0.276,11.267,-562723000.0,3463349000.0,3463349000.0,1157067000.0,1266459000.0,11.926,0.539,4136993000.0,155843000.0,3981150000.0,4136993000.0,0.0,472724000.0,0.0,0.0,0.0,412291000.0,885015000.0,0.254,885015000.0,412291000.0,278101000.0,1.65,1.62,1.65,8795627000.0,8565117250.0,8795627000.0,20702573906.0,50.0,23.392,635715000.0,0.814,1.0,2323009000.0,0.668,1334198000.0,134190000.0,12170151000.0,11310857750.0,0.0,4207315000.0,4207315000.0,0.0,4745098000.0,710020000.0,4035078000.0,19212970906.0,1226072000.0,-44444000.0,43376000.0,685344000.0,0.0,706910000.0,-679276000.0,-51559000.0,1198438000.0,-7226000.0,1266459000.0,1266459000.0,1266459000.0,0.0,0.0,0.364,2057737000.0,265272000.0,183921000.0,0.0,2.184,15.171,14.885,1747898000.0,0.0,24.56,5.521,5.51,656377000.0,1561000.0,3480076000.0,3480076000.0,736423000.0,0.101,0.148,0.036,0.118,392437000.0,1321314000.0,1.0,782287089.0,780688000,780688000.0,4.458,12206527000.0,1856293000.0,-988358000.0,25366000.0,15.636,7757559000.0
6,TWTR,MRT,2019-12-31,2019-12-31,2019-12-31,2021-07-27,-70534000.0,12703389000.0,11992788000.0,7620075000.0,5083314000.0,0.288,11.294,-522749000.0,1799082000.0,1799082000.0,1137041000.0,1465659000.0,9.154,0.459,3288480000.0,170435000.0,3118045000.0,3288480000.0,0.0,465549000.0,0.0,0.0,0.0,528319000.0,993868000.0,0.287,993868000.0,528319000.0,390139000.0,1.9,1.87,1.9,8704386000.0,8138415250.0,8704386000.0,25557900722.0,48.0,25.716,780615000.0,1.013,1.0,2322288000.0,0.671,1311805000.0,138180000.0,12048506000.0,10641634250.0,0.0,4839970000.0,4839970000.0,0.0,3999003000.0,832476000.0,3166527000.0,24882231722.0,-98785000.0,-29664000.0,43166000.0,-309747000.0,0.0,-286175000.0,-1115974000.0,-554061000.0,1303364000.0,4576000.0,1465659000.0,1465659000.0,1465659000.0,0.0,0.0,0.424,1955915000.0,366373000.0,161148000.0,0.0,2.859,16.977,16.868,1728876000.0,0.0,32.05,7.193,7.141,850184000.0,11586000.0,3459329000.0,3459329000.0,682281000.0,0.122,0.18,0.05,0.153,378025000.0,1273634000.0,1.0,776356684.0,770729000,785531000.0,4.488,11391584000.0,1908086000.0,-1075520000.0,24170000.0,14.78,6787599000.0
7,TWTR,MRT,2019-09-30,2019-09-30,2019-09-30,2021-07-27,-115909000.0,11600925000.0,11357583750.0,6624451000.0,4976474000.0,0.296,10.89,-453861000.0,1869444000.0,1869444000.0,1091378000.0,1602189000.0,8.686,0.378,2545113000.0,166166000.0,2378947000.0,2545113000.0,0.0,459799000.0,0.0,0.0,0.0,587658000.0,1047457000.0,0.312,1047457000.0,587658000.0,438582000.0,2.1,2.06,2.1,8415642000.0,7663717250.0,8415642000.0,33159257468.0,56.0,31.657,904323000.0,1.17,1.0,2269446000.0,0.675,1290387000.0,149076000.0,10223580000.0,9679561000.0,0.0,3946940000.0,3946940000.0,0.0,3185283000.0,762627000.0,2422656000.0,31848327468.0,-57979000.0,-20302000.0,39077000.0,-1009774000.0,0.0,-990475000.0,-425688000.0,51194000.0,1358184000.0,-875000.0,1602189000.0,1602189000.0,1602189000.0,0.0,0.0,0.477,1849049000.0,420397000.0,150785000.0,0.0,3.784,19.878,19.619,1657689000.0,0.0,41.2,9.476,9.474,684186000.0,-107187000.0,3360824000.0,3360824000.0,625215000.0,0.141,0.209,0.061,0.175,358616000.0,1223834000.0,1.0,773017657.0,772789000,790523000.0,4.349,10310538000.0,1896340000.0,-1163607000.0,20329000.0,13.342,5861824000.0
8,TWTR,MRT,2019-06-30,2019-06-30,2019-06-30,2021-07-27,-46944000.0,12521607000.0,10893900500.0,7512783000.0,5008824000.0,0.302,10.855,-401543000.0,2183111000.0,2183111000.0,1053965000.0,2354846000.0,4.333,0.501,3494041000.0,1099160000.0,2394881000.0,3494041000.0,0.0,451760000.0,0.0,0.0,0.0,629263000.0,1081023000.0,0.328,1081023000.0,629263000.0,478077000.0,3.09,3.03,3.09,8344814000.0,7172949750.0,8344814000.0,28063820510.0,45.0,25.96,1065021000.0,1.385,1.0,2241253000.0,0.68,1297605000.0,151186000.0,10801194000.0,9072340500.0,0.0,4503427000.0,4503427000.0,0.0,4176793000.0,1733738000.0,2443055000.0,26825232510.0,-367717000.0,-21370000.0,38987000.0,-83055000.0,0.0,-66909000.0,-1767372000.0,-1353002000.0,1466564000.0,5220000.0,2354846000.0,2354846000.0,2354846000.0,0.0,0.0,0.715,1773133000.0,468120000.0,206282000.0,0.0,3.215,11.392,11.294,1677368000.0,0.0,34.9,8.141,8.142,719904000.0,-143709000.0,3295218000.0,3295218000.0,597426000.0,0.216,0.328,0.069,0.191,351599000.0,1175707000.0,1.0,768631304.0,768755000,785056000.0,4.286,11224002000.0,1954808000.0,-1876769000.0,23393000.0,14.6,5779045000.0
9,TWTR,MRT,2019-03-31,2019-03-31,2019-03-31,2021-07-27,-56665000.0,11145231000.0,9978806250.0,7255785000.0,3889446000.0,0.317,9.272,-460606000.0,2247661000.0,2247661000.0,1006185000.0,1335403000.0,4.474,0.572,3486249000.0,1091415000.0,2394834000.0,3486249000.0,0.0,442126000.0,0.0,0.0,0.0,599016000.0,1041142000.0,0.329,1041142000.0,599016000.0,456165000.0,1.76,1.73,1.76,7088819000.0,6479472250.0,7088819000.0,26039437204.0,43.0,25.01,988125000.0,1.292,1.0,2158193000.0,0.682,1268883000.0,142851000.0,9493257000.0,8157085000.0,0.0,4212231000.0,4212231000.0,0.0,4056412000.0,1621679000.0,2434733000.0,25213191204.0,659707000.0,-33572000.0,30030000.0,1050394000.0,0.0,978051000.0,-1767075000.0,-1269247000.0,1448731000.0,-16392000.0,1335403000.0,1335403000.0,1335403000.0,0.0,0.0,0.422,1686135000.0,472058000.0,172169000.0,0.0,3.557,18.881,18.682,1620405000.0,0.0,32.88,7.968,7.944,684220000.0,-1263269000.0,3164378000.0,3164378000.0,576758000.0,0.134,0.206,0.073,0.189,336453000.0,1109377000.0,1.0,766824550.0,764550000,777689000.0,4.139,9876348000.0,918820000.0,-879238000.0,20263000.0,12.918,5634106000.0
10,TWTR,MRT,2018-12-31,2018-12-31,2018-12-31,2021-07-27,-65311000.0,10162572000.0,9077358750.0,7111036000.0,3051536000.0,0.335,9.022,-470864000.0,1894444000.0,1894444000.0,964997000.0,1205596000.0,4.69,0.493,2720690000.0,965374000.0,1755316000.0,2720690000.0,0.0,425498000.0,0.0,0.0,0.0,556150000.0,981648000.0,0.323,981648000.0,556150000.0,423544000.0,1.6,1.56,1.6,6805594000.0,6009876500.0,6805594000.0,22657233731.0,41.0,23.081,868847000.0,1.152,1.0,2077362000.0,0.683,1272294000.0,132606000.0,8200213000.0,7279430250.0,0.0,4314957000.0,4314957000.0,0.0,3356978000.0,1516311000.0,1840667000.0,21878332731.0,262314000.0,-33572000.0,32703000.0,1045866000.0,0.0,978116000.0,-2055513000.0,-1546077000.0,1339711000.0,-14296000.0,1205596000.0,1205596000.0,1205596000.0,0.0,0.0,0.396,1624037000.0,453325000.0,145186000.0,0.0,3.215,18.147,17.962,885078000.0,0.0,28.74,7.191,7.126,788700000.0,-1454073000.0,3042359000.0,3042359000.0,553858000.0,0.133,0.201,0.076,0.183,326228000.0,1070179000.0,1.0,761250269.0,754326000,772686000.0,4.033,8890278000.0,808459000.0,-782052000.0,17849000.0,11.786,5594725000.0
11,TWTR,MRT,2018-09-30,2018-09-30,2018-09-30,2021-07-27,-63093000.0,9746192000.0,8389835000.0,6719760000.0,3026432000.0,0.341,8.529,-441945000.0,1928929000.0,1928929000.0,914631000.0,1041372000.0,4.61,0.51,2707830000.0,960394000.0,1747436000.0,2707830000.0,0.0,407295000.0,0.0,0.0,0.0,432593000.0,839888000.0,0.293,839888000.0,432593000.0,310560000.0,1.37,1.35,1.37,6452572000.0,5570282500.0,6452572000.0,21719839139.0,50.0,25.86,763874000.0,1.01,1.0,1950452000.0,0.681,1272749000.0,122033000.0,7794698000.0,6665862250.0,0.0,4027614000.0,4027614000.0,0.0,3293620000.0,1457646000.0,1835974000.0,21568295139.0,347953000.0,-33572000.0,31061000.0,1044923000.0,0.0,976701000.0,-1834567000.0,-1359876000.0,1205819000.0,-14095000.0,1041372000.0,1041372000.0,1041372000.0,0.0,0.0,0.363,1593937000.0,356515000.0,116685000.0,0.0,3.343,20.711,20.774,904027000.0,0.0,28.46,7.528,7.515,621943000.0,-1709376000.0,2865083000.0,2865083000.0,546680000.0,0.124,0.187,0.065,0.151,346795000.0,1047257000.0,1.0,757845929.0,756537000,776002000.0,3.787,8473443000.0,765708000.0,-730812000.0,20732000.0,11.2,5262114000.0
12,TWTR,MRT,2018-06-30,2018-06-30,2018-06-30,2021-07-27,-56434000.0,8861230000.0,7722234250.0,6540504000.0,2320726000.0,0.349,7.405,-359827000.0,2544641000.0,2544641000.0,881003000.0,231098000.0,11.003,0.591,2696185000.0,82058000.0,2614127000.0,2696185000.0,0.0,392840000.0,0.0,0.0,0.0,316200000.0,709040000.0,0.263,709040000.0,316200000.0,205771000.0,0.3,0.3,0.3,5570904000.0,5164491000.0,5570904000.0,33076523841.0,105.0,46.65,642040000.0,0.853,1.0,1815602000.0,0.673,1278183000.0,110429000.0,7140172000.0,6101708000.0,0.0,3116474000.0,3116474000.0,0.0,3290326000.0,594419000.0,2695907000.0,32868946841.0,1259429000.0,-32504000.0,31448000.0,1043363000.0,0.0,980322000.0,-722760000.0,-328684000.0,1001867000.0,-11040000.0,231098000.0,231098000.0,231098000.0,0.0,0.0,0.086,1543676000.0,271926000.0,161300000.0,0.0,5.9,142.229,145.567,914795000.0,0.0,43.67,12.189,12.184,614944000.0,-2498555000.0,2696605000.0,2696605000.0,532031000.0,0.03,0.045,0.052,0.117,356148000.0,1011645000.0,1.0,752666518.0,752351000,772556000.0,3.584,7583047000.0,0.0,-25327000.0,17077000.0,10.079,5946085000.0
13,TWTR,MRT,2018-03-31,2018-03-31,2018-03-31,2021-07-27,-22325000.0,7539441000.0,7247701250.0,5409235000.0,2130206000.0,0.353,6.969,-209406000.0,1601028000.0,1601028000.0,863726000.0,14493000.0,10.232,0.447,1808605000.0,86571000.0,1722034000.0,1808605000.0,0.0,389921000.0,0.0,0.0,0.0,133672000.0,523593000.0,0.205,523593000.0,133672000.0,26829000.0,0.01,0.01,0.01,5210436000.0,4953989000.0,5210436000.0,21939072025.0,164.0,41.901,661028000.0,0.884,1.0,1696193000.0,0.663,1235726000.0,106843000.0,5982638000.0,5735347000.0,0.0,2927803000.0,2927803000.0,0.0,2329005000.0,528654000.0,1800351000.0,21783741025.0,393762000.0,0.0,29610000.0,-99938000.0,0.0,-83757000.0,-392915000.0,-182064000.0,870434000.0,7680000.0,14493000.0,14493000.0,14493000.0,0.0,0.0,0.006,1542250000.0,153943000.0,137968000.0,0.0,4.181,1503.053,2901.0,801912000.0,0.0,29.01,8.51,8.473,611840000.0,-2598672000.0,2559919000.0,2559919000.0,536628000.0,0.002,0.003,0.023,0.052,390075000.0,1005622000.0,1.0,750904551.0,747697000,765861000.0,3.424,6303715000.0,0.0,12336000.0,15535000.0,8.431,4880581000.0
14,TWTR,MRT,2017-12-31,2017-12-31,2017-12-31,2021-07-27,-31579000.0,7412477000.0,7086026500.0,5321884000.0,2090593000.0,0.345,6.889,-122959000.0,1638413000.0,1638413000.0,861242000.0,-108063000.0,9.124,0.469,1793744000.0,84976000.0,1708768000.0,1793744000.0,0.0,395867000.0,0.0,0.0,0.0,9819000.0,405686000.0,0.166,405686000.0,9819000.0,-95418000.0,-0.15,-0.15,-0.15,5047218000.0,4823974000.0,5047218000.0,18020407688.0,1835.0,44.42,708250000.0,0.967,1.0,1582057000.0,0.648,1238589000.0,105237000.0,5745941000.0,5656553750.0,0.0,2764689000.0,2764689000.0,0.0,2365259000.0,583278000.0,1781981000.0,17834473688.0,636310000.0,0.0,33364000.0,-102775000.0,0.0,-78373000.0,-116526000.0,16534000.0,831209000.0,9914000.0,-108063000.0,-108063000.0,-108063000.0,0.0,0.0,-0.044,1543317000.0,38740000.0,170969000.0,0.0,3.534,-165.038,-160.067,773715000.0,0.0,24.01,7.299,7.2,664268000.0,-2671729000.0,2443299000.0,2443299000.0,542010000.0,-0.015,-0.022,0.002,0.004,433806000.0,1001307000.0,1.0,742793573.0,732702000,732702000.0,3.335,6173888000.0,10455000.0,12645000.0,13240000.0,8.426,4738606000.0
15,TWTR,MRT,2017-09-30,2017-09-30,2017-09-30,2021-07-27,-36756000.0,7075789000.0,6950498500.0,5002422000.0,2073367000.0,0.349,6.557,-130905000.0,1586558000.0,1586558000.0,948973000.0,-366196000.0,10.396,0.465,1772492000.0,81938000.0,1690554000.0,1772492000.0,0.0,422737000.0,0.0,0.0,0.0,-247399000.0,175338000.0,0.072,175338000.0,-247399000.0,-351217000.0,-0.51,-0.51,-0.51,4829406000.0,4713403250.0,4829406000.0,12905946706.0,-52.0,73.606,698740000.0,0.949,1.0,1479972000.0,0.609,1242440000.0,103818000.0,5538081000.0,5646005750.0,0.0,2671538000.0,2671538000.0,0.0,2246383000.0,481202000.0,1765181000.0,12448258706.0,577303000.0,-4940000.0,31181000.0,-107346000.0,0.0,-88284000.0,-164058000.0,-23892000.0,829645000.0,-900000.0,-366196000.0,-366196000.0,-366196000.0,0.0,0.0,-0.151,1694957000.0,-214985000.0,103112000.0,0.0,2.578,-33.993,-33.078,753317000.0,0.0,16.87,5.125,5.115,509854000.0,-2762808000.0,2428945000.0,2428945000.0,610142000.0,-0.053,-0.078,-0.044,-0.102,469447000.0,1084815000.0,1.0,737893225.0,736515000,736515000.0,3.298,5833349000.0,0.0,14979000.0,11858000.0,7.92,4521220000.0
16,TWTR,MRT,2017-06-30,2017-06-30,2017-06-30,2021-07-27,-46828000.0,6963098000.0,6867287750.0,4840102000.0,2122996000.0,0.358,6.477,-168639000.0,1288323000.0,1288323000.0,964116000.0,-447972000.0,9.786,0.472,1746011000.0,80133000.0,1665878000.0,1746011000.0,0.0,426123000.0,0.0,0.0,0.0,-328049000.0,98074000.0,0.04,98074000.0,-328049000.0,-429995000.0,-0.63,-0.63,-0.63,4728896000.0,4663384750.0,4728896000.0,13586780015.0,-41.0,138.536,610251000.0,0.836,1.0,1491130000.0,0.607,1251480000.0,101946000.0,5674728000.0,5666043250.0,0.0,2791589000.0,2791589000.0,0.0,2234202000.0,494578000.0,1739624000.0,13059987015.0,343569000.0,-4940000.0,31502000.0,-106968000.0,0.0,-89115000.0,-346206000.0,-161586000.0,778890000.0,-1247000.0,-447972000.0,-447972000.0,-447972000.0,0.0,0.0,-0.182,1791483000.0,-300353000.0,107398000.0,0.0,2.762,-29.154,-28.365,781272000.0,0.0,17.87,5.319,5.314,524064000.0,-2741713000.0,2455246000.0,2455246000.0,651076000.0,-0.065,-0.096,-0.058,-0.134,527015000.0,1140407000.0,1.0,730833073.0,730069000,730069000.0,3.363,5711618000.0,0.0,17977000.0,9247000.0,7.823,4345524000.0
17,TWTR,MRT,2017-03-31,2017-03-31,2017-03-31,2021-07-27,-61359000.0,6892742000.0,6780716750.0,4695332000.0,2197410000.0,0.366,6.496,-164390000.0,1191566000.0,1191566000.0,954174000.0,-438701000.0,9.602,0.47,1718359000.0,80249000.0,1638110000.0,1718359000.0,0.0,416343000.0,0.0,0.0,0.0,-321012000.0,95331000.0,0.038,95331000.0,-321012000.0,-421496000.0,-0.62,-0.62,-0.62,4690376000.0,4620374000.0,4690376000.0,11565122335.0,-36.0,121.315,639349000.0,0.885,1.0,1529175000.0,0.616,1263078000.0,100484000.0,5667465000.0,5628891500.0,0.0,2752111000.0,2752111000.0,0.0,2202366000.0,488992000.0,1713374000.0,10867068335.0,172758000.0,-85082000.0,35762000.0,-102725000.0,0.0,-83548000.0,-547433000.0,-286850000.0,803739000.0,-5493000.0,-438701000.0,-438701000.0,-438701000.0,0.0,0.0,-0.177,1877545000.0,-348370000.0,86176000.0,0.0,2.317,-24.771,-24.113,782421000.0,0.0,14.95,4.376,4.347,501153000.0,-2625225000.0,2483349000.0,2483349000.0,686416000.0,-0.065,-0.095,-0.057,-0.129,581314000.0,1191129000.0,1.0,726894203.0,722048000,722048000.0,3.439,5629664000.0,0.0,17205000.0,8353000.0,7.797,4206340000.0
18,TWTR,MRT,2016-12-31,2016-12-31,2016-12-31,2021-07-27,-69253000.0,6870365000.0,6676573250.0,4652196000.0,2218169000.0,0.379,6.558,-218657000.0,988598000.0,988598000.0,932240000.0,-456873000.0,7.966,0.492,1686652000.0,80848000.0,1605804000.0,1686652000.0,0.0,402172000.0,0.0,0.0,0.0,-340866000.0,61306000.0,0.024,61306000.0,-340866000.0,-440834000.0,-0.65,-0.65,-0.65,4604935000.0,4567151500.0,4604935000.0,12295185411.0,-36.0,200.554,544398000.0,0.775,1.0,1597379000.0,0.631,1280649000.0,99968000.0,5703749000.0,5556429750.0,0.0,2785981000.0,2785981000.0,0.0,2265430000.0,584021000.0,1681409000.0,11652918411.0,85832000.0,-85082000.0,32181000.0,-100558000.0,0.0,-83975000.0,-593248000.0,-288328000.0,763055000.0,-3754000.0,-456873000.0,-456873000.0,-456873000.0,0.0,0.0,-0.181,1964587000.0,-367208000.0,122236000.0,0.0,2.531,-25.506,-25.077,783901000.0,0.0,16.3,4.607,4.524,650650000.0,-2550350000.0,2529619000.0,2529619000.0,713482000.0,-0.068,-0.1,-0.061,-0.135,615233000.0,1251105000.0,1.0,714902970.0,702135000,702135000.0,3.603,5589716000.0,0.0,16039000.0,7556000.0,7.961,4068175000.0
19,TWTR,MRT,2016-09-30,2016-09-30,2016-09-30,2021-07-27,-46309000.0,6742946000.0,6569591750.0,4478413000.0,2264533000.0,0.384,6.572,-251016000.0,1011957000.0,1011957000.0,844493000.0,-380055000.0,9.516,0.457,1654224000.0,82162000.0,1572062000.0,1654224000.0,0.0,370228000.0,0.0,0.0,0.0,-266549000.0,103679000.0,0.041,103679000.0,-266549000.0,-365419000.0,-0.55,-0.55,-0.55,4629332000.0,4507929500.0,4629332000.0,16986124036.0,-64.0,163.834,414734000.0,0.589,1.0,1678393000.0,0.665,1296384000.0,98870000.0,5618231000.0,5471528000.0,0.0,2652226000.0,2652226000.0,0.0,2113614000.0,470598000.0,1643016000.0,16313106036.0,131233000.0,-80142000.0,49497000.0,-100067000.0,0.0,-56322000.0,-478195000.0,-129353000.0,665750000.0,4292000.0,-380055000.0,-380055000.0,-380055000.0,0.0,0.0,-0.151,1969153000.0,-290760000.0,104296000.0,0.0,3.524,-42.923,-41.909,803305000.0,0.0,23.05,6.466,6.435,590108000.0,-2383296000.0,2522886000.0,2522886000.0,721412000.0,-0.058,-0.084,-0.049,-0.106,635387000.0,1247741000.0,1.0,707726943.0,704359000,704359000.0,3.582,5446562000.0,0.0,14636000.0,8191000.0,7.733,4007815000.0
20,TWTR,MRT,2016-06-30,2016-06-30,2016-06-30,2021-07-27,-44503000.0,6616814000.0,6456121250.0,4382039000.0,2234775000.0,0.384,6.525,-285175000.0,947710000.0,947710000.0,819529000.0,-408874000.0,9.746,0.452,1620728000.0,81035000.0,1539693000.0,1620728000.0,0.0,350814000.0,0.0,0.0,0.0,-298389000.0,52425000.0,0.021,52425000.0,-298389000.0,-397638000.0,-0.6,-0.6,-0.6,4556853000.0,4419137250.0,4556853000.0,12444107575.0,-42.0,237.37,293051000.0,0.42,1.0,1656660000.0,0.669,1314073000.0,99249000.0,5526121000.0,5396110500.0,0.0,2640448000.0,2640448000.0,0.0,2059961000.0,449638000.0,1610323000.0,11869085575.0,62181000.0,-105486000.0,50123000.0,-103341000.0,0.0,-55829000.0,-460216000.0,-59514000.0,578226000.0,2222000.0,-408874000.0,-408874000.0,-408874000.0,0.0,0.0,-0.165,1974568000.0,-317908000.0,91415000.0,0.0,2.605,-29.029,-28.183,758837000.0,0.0,16.91,4.793,4.769,556781000.0,-2280425000.0,2476189000.0,2476189000.0,752300000.0,-0.063,-0.093,-0.055,-0.121,642781000.0,1222268000.0,1.0,701897432.0,698326000,698326000.0,3.546,5302741000.0,0.0,11236000.0,7769000.0,7.594,3932401000.0
21,TWTR,MRT,2016-03-31,2016-03-31,2016-03-31,2021-07-27,-30490000.0,6476168000.0,6359501250.0,4388909000.0,2087259000.0,0.374,6.474,-338693000.0,1027661000.0,1027661000.0,784186000.0,-438320000.0,10.381,0.446,1602683000.0,81692000.0,1520991000.0,1602683000.0,0.0,333580000.0,0.0,0.0,0.0,-350446000.0,-16866000.0,-0.007,-16866000.0,-350446000.0,-449198000.0,-0.66,-0.66,-0.66,4477486000.0,4337720000.0,4477486000.0,12238855613.0,-35.0,-725.653,114956000.0,0.166,1.0,1592428000.0,0.67,1250807000.0,98752000.0,5377618000.0,5329711250.0,0.0,2548749000.0,2548749000.0,0.0,1998682000.0,422765000.0,1575917000.0,11547370613.0,-587515000.0,-22717000.0,55848000.0,-108906000.0,0.0,-51106000.0,-990058000.0,-619267000.0,453649000.0,7771000.0,-438320000.0,-438320000.0,-438320000.0,0.0,0.0,-0.184,1954964000.0,-362536000.0,90353000.0,0.0,2.579,-26.345,-25.076,746713000.0,0.0,16.55,4.859,4.816,576800000.0,-2173208000.0,2376614000.0,2376614000.0,772696000.0,-0.069,-0.101,-0.066,-0.147,650229000.0,1182268000.0,1.0,697726321.0,691564000,691564000.0,3.437,5225361000.0,0.0,-10878000.0,3847000.0,7.556,3966144000.0
22,TWTR,MRT,2015-12-31,2015-12-31,2015-12-31,2021-07-27,-45566000.0,6442439000.0,6151313500.0,4381792000.0,2060647000.0,0.361,6.594,-347280000.0,911471000.0,911471000.0,729256000.0,-521031000.0,8.659,0.475,1602956000.0,88166000.0,1514790000.0,1602956000.0,0.0,312823000.0,0.0,0.0,0.0,-435127000.0,-122304000.0,-0.055,-122304000.0,-435127000.0,-533305000.0,-0.79,-0.79,-0.79,4368047000.0,4140122750.0,4368047000.0,16529067550.0,-38.0,-135.147,35786000.0,0.054,1.0,1488776000.0,0.671,1263743000.0,98178000.0,5364142000.0,5095420500.0,0.0,2583877000.0,2583877000.0,0.0,2074392000.0,506039000.0,1568353000.0,15803385550.0,-582353000.0,-51644000.0,56656000.0,-117535000.0,0.0,-62998000.0,-902421000.0,-488830000.0,383066000.0,-16900000.0,-521031000.0,-521031000.0,-521031000.0,0.0,0.0,-0.235,1938812000.0,-450036000.0,134081000.0,0.0,3.618,-30.331,-29.291,735299000.0,0.0,23.14,7.125,6.911,638694000.0,-2093477000.0,2218032000.0,2218032000.0,806648000.0,-0.085,-0.126,-0.085,-0.196,682118000.0,1132164000.0,1.0,682946653.0,662424000,662424000.0,3.348,5178696000.0,0.0,-12274000.0,2978000.0,7.818,3875753000.0
23,TWTR,MRT,2015-09-30,2015-09-30,2015-09-30,2021-07-27,-34296000.0,6289064000.0,5936474250.0,4263559000.0,2025505000.0,0.335,6.374,-335607000.0,876432000.0,876432000.0,647906000.0,-556147000.0,9.967,0.471,1602114000.0,93621000.0,1508493000.0,1602114000.0,0.0,287805000.0,0.0,0.0,0.0,-470061000.0,-182256000.0,-0.092,-182256000.0,-470061000.0,-568139000.0,-0.86,-0.86,-0.86,4274163000.0,3954711750.0,4274163000.0,18933217021.0,-40.0,-103.883,-8461000.0,-0.013,1.0,1338731000.0,0.674,1270407000.0,98078000.0,5316561000.0,4893953250.0,0.0,2612762000.0,2612762000.0,0.0,2014901000.0,427778000.0,1587123000.0,18219641021.0,-1358116000.0,-51644000.0,69001000.0,-30424000.0,0.0,10962000.0,-1696224000.0,-1302490000.0,327146000.0,-18247000.0,-556147000.0,-556147000.0,-556147000.0,0.0,0.0,-0.28,1819741000.0,-481010000.0,40100000.0,0.0,4.263,-32.76,-31.326,699502000.0,0.0,26.94,9.171,9.094,536788000.0,-2003241000.0,1986637000.0,1986637000.0,778305000.0,-0.094,-0.141,-0.096,-0.237,701084000.0,1041436000.0,1.0,676304418.0,670604000,670604000.0,2.962,5018657000.0,0.0,-11992000.0,32958000.0,7.484,3835781000.0
24,TWTR,MRT,2015-06-30,2015-06-30,2015-06-30,2021-07-27,-32834000.0,6230334000.0,5726371750.0,4270427000.0,1959907000.0,0.311,6.453,-267893000.0,883307000.0,883307000.0,571877000.0,-599921000.0,10.052,0.472,1596883000.0,98606000.0,1498277000.0,1596883000.0,0.0,266496000.0,0.0,0.0,0.0,-535998000.0,-269502000.0,-0.152,-269502000.0,-535998000.0,-614916000.0,-0.95,-0.95,-0.95,4231184000.0,3767430500.0,4231184000.0,23709268604.0,-44.0,-87.974,-128317000.0,-0.196,1.0,1206789000.0,0.678,1258545000.0,78918000.0,5260524000.0,4450100750.0,0.0,2677263000.0,2677263000.0,0.0,1999150000.0,424841000.0,1574309000.0,23715919604.0,60362000.0,-57281000.0,351763000.0,1765817000.0,0.0,1673955000.0,-1753169000.0,-1421672000.0,139576000.0,-22031000.0,-599921000.0,-599921000.0,-599921000.0,0.0,0.0,-0.337,1743993000.0,-537204000.0,51614000.0,0.0,5.605,-39.532,-38.126,651017000.0,0.0,36.22,13.334,13.353,475204000.0,-1871551000.0,1778666000.0,1778666000.0,753710000.0,-0.105,-0.159,-0.12,-0.301,704765000.0,990283000.0,1.0,654774147.0,655721000,655721000.0,2.713,4971789000.0,0.0,-14995000.0,31768000.0,7.582,3845586000.0
25,TWTR,MRT,2015-03-31,2015-03-31,2015-03-31,2021-07-27,-42956000.0,5643417000.0,5064992500.0,4194091000.0,1449326000.0,0.314,5.757,-219745000.0,1607405000.0,1607405000.0,504281000.0,-607900000.0,10.637,0.531,1600754000.0,105948000.0,1494806000.0,1600754000.0,0.0,236078000.0,0.0,0.0,0.0,-551886000.0,-315808000.0,-0.199,-315808000.0,-551886000.0,-609021000.0,-0.98,-0.98,-0.98,3687097000.0,3471282750.0,3687097000.0,32540219072.0,-59.0,-103.038,-88451000.0,-0.138,1.0,1084168000.0,0.683,802016000.0,57135000.0,4440455000.0,3622730000.0,0.0,1949803000.0,1949803000.0,0.0,1956320000.0,394295000.0,1562025000.0,32443653072.0,672502000.0,-192404000.0,362731000.0,1773840000.0,0.0,1692224000.0,-1151016000.0,-732901000.0,131294000.0,-25852000.0,-607900000.0,-607900000.0,-607900000.0,0.0,0.0,-0.383,1640279000.0,-556111000.0,48384000.0,0.0,8.799,-53.37,-51.102,599751000.0,0.0,50.08,20.425,20.192,415479000.0,-1734888000.0,1588449000.0,1588449000.0,731898000.0,-0.12,-0.175,-0.152,-0.347,688033000.0,908381000.0,1.0,647836523.0,640464000,640464000.0,2.48,4841401000.0,0.0,-1121000.0,26077000.0,7.559,3799796000.0
26,TWTR,MRT,2014-12-31,2014-12-31,2014-12-31,2021-07-27,-10024000.0,5583082000.0,4493190500.0,4255853000.0,1327229000.0,0.312,5.994,-201630000.0,1510724000.0,1510724000.0,446309000.0,-577820000.0,10.807,0.54,1607290000.0,112320000.0,1494970000.0,1607290000.0,0.0,208165000.0,0.0,0.0,0.0,-542433000.0,-334268000.0,-0.238,-334268000.0,-542433000.0,-578351000.0,-0.96,-0.96,-0.96,3626403000.0,3283720000.0,3626403000.0,22032883106.0,-41.0,-65.914,-119834000.0,-0.198,1.0,956693000.0,0.682,727581000.0,35918000.0,4558273000.0,2985631750.0,0.0,2111154000.0,2111154000.0,0.0,1956679000.0,393794000.0,1562885000.0,22759926106.0,676246000.0,-163477000.0,360332000.0,1785865000.0,0.0,1691722000.0,-1097272000.0,-719423000.0,81796000.0,-6532000.0,-577820000.0,-577820000.0,-577820000.0,0.0,0.0,-0.412,1495559000.0,-538866000.0,53241000.0,0.0,6.276,-39.389,-37.365,557019000.0,0.0,35.87,16.222,15.468,418454000.0,-1572446000.0,1403002000.0,1403002000.0,691543000.0,-0.129,-0.176,-0.182,-0.387,631597000.0,804016000.0,1.0,634511461.0,604990000,604990000.0,2.319,4855501000.0,0.0,-531000.0,24706000.0,8.026,3862059000.0
27,TWTR,MRT,2014-09-30,2014-09-30,2014-09-30,2021-07-27,-1220000.0,5448654000.0,3938980000.0,4173885000.0,1274769000.0,0.296,5.737,-161955000.0,2252795000.0,2252795000.0,422347000.0,-963939000.0,9.433,0.546,1525752000.0,110527000.0,1415225000.0,1525752000.0,0.0,178961000.0,0.0,0.0,0.0,-956536000.0,-777575000.0,-0.667,-777575000.0,-956536000.0,-971474000.0,-3.15,-3.15,-3.15,3525038000.0,3114620750.0,3525038000.0,31090388422.0,-33.0,-39.984,-126345000.0,-0.206,1.0,744252000.0,0.638,737984000.0,14938000.0,3541151000.0,2360149000.0,0.0,1394887000.0,1394887000.0,0.0,1923616000.0,442476000.0,1481140000.0,31733691422.0,2100873000.0,-163477000.0,2341702000.0,1703721000.0,0.0,3598156000.0,-1532893000.0,-1157126000.0,35610000.0,-3782000.0,-963939000.0,-963939000.0,-963939000.0,0.0,0.0,-0.826,1694641000.0,-950389000.0,30619000.0,0.0,9.002,-32.921,-16.375,503958000.0,0.0,51.58,27.202,27.165,324731000.0,-1447094000.0,1166599000.0,1166599000.0,904676000.0,-0.245,-0.309,-0.405,-0.82,975579000.0,789965000.0,1.0,615232482.0,614395000,614395000.0,1.899,4710670000.0,0.0,-7535000.0,29420000.0,7.667,3731409000.0
28,TWTR,MRT,2014-06-30,2014-06-30,2014-06-30,2021-07-27,199000.0,3584817000.0,2825017250.0,2463886000.0,1120931000.0,0.345,5.115,-143060000.0,844976000.0,844976000.0,360420000.0,-853076000.0,6.652,0.177,201673000.0,99744000.0,101929000.0,201673000.0,0.0,147829000.0,0.0,0.0,0.0,-849824000.0,-701995000.0,-0.721,-701995000.0,-849824000.0,-860410000.0,-3.34,-3.34,-3.34,3046593000.0,2188696000.0,3046593000.0,23401825701.0,-28.0,-33.336,-26941000.0,-0.045,1.0,613493000.0,0.63,620098000.0,10586000.0,1951041000.0,1636931750.0,0.0,1252055000.0,1252055000.0,0.0,538224000.0,370375000.0,167849000.0,24169793701.0,677349000.0,-138246000.0,2058691000.0,-82263000.0,0.0,1944461000.0,-1383231000.0,-1045774000.0,116119000.0,3118000.0,-853076000.0,-853076000.0,-853076000.0,0.0,0.0,-0.876,1465783000.0,-852290000.0,23084000.0,0.0,7.933,-28.333,-12.266,467634000.0,0.0,40.97,24.817,25.056,287082000.0,-1271630000.0,973913000.0,973913000.0,808641000.0,-0.302,-0.39,-0.519,-0.873,849579000.0,657142000.0,1.0,589938826.0,595607000,595607000.0,1.635,2964719000.0,0.0,-7334000.0,31929000.0,4.978,2093511000.0
29,TWTR,MRT,2014-03-31,2014-03-31,2014-03-31,2021-07-27,-296000.0,3356209000.0,,2505380000.0,850829000.0,,5.151,-113742000.0,960755000.0,960755000.0,310966000.0,-750659000.0,9.59,0.143,192787000.0,90253000.0,102534000.0,192787000.0,0.0,128115000.0,0.0,0.0,0.0,-742172000.0,-614057000.0,-0.767,-614057000.0,-742172000.0,-751617000.0,-3.42,-3.42,-3.42,2936846000.0,,2936846000.0,26816242440.0,-36.0,-43.671,-72276000.0,-0.127,1.0,490073000.0,0.612,434928000.0,9445000.0,1892062000.0,,0.0,1215840000.0,1215840000.0,0.0,419363000.0,261251000.0,158112000.0,27459606440.0,841131000.0,-8250000.0,2023869000.0,-77308000.0,0.0,1915622000.0,-1115957000.0,-936105000.0,41466000.0,1376000.0,-750659000.0,-750659000.0,-750659000.0,0.0,0.0,-0.937,1231368000.0,-741295000.0,19714000.0,0.0,9.35,-36.581,-13.646,383272000.0,0.0,46.67,34.28,33.221,237860000.0,-1126988000.0,801039000.0,801039000.0,695809000.0,,,,-0.927,713814000.0,535559000.0,1.0,588378111.0,570205000,570205000.0,1.405,2921281000.0,0.0,-958000.0,29574000.0,5.123,2244129000.0
30,TWTR,MRT,2013-12-31,2013-12-31,2013-12-31,2021-07-27,-323000.0,3366240000.0,2098904000.0,2574679000.0,791561000.0,0.317,15.566,-75744000.0,841010000.0,841010000.0,266718000.0,-645323000.0,11.421,0.141,197646000.0,87126000.0,110520000.0,197646000.0,0.0,110894000.0,0.0,0.0,0.0,-639570000.0,-528676000.0,-0.795,-528676000.0,-639570000.0,-647146000.0,-3.41,-3.41,-3.41,2950006000.0,1350917000.0,2950006000.0,34674726338.0,-54.0,-65.588,-74346000.0,-0.392,1.0,398172000.0,0.599,441104000.0,7576000.0,2056342000.0,1308352500.0,0.0,1393044000.0,1393044000.0,0.0,416234000.0,225430000.0,190804000.0,34669952338.0,637508000.0,-8072000.0,2027258000.0,-70445000.0,0.0,1942176000.0,-1306066000.0,-1175403000.0,1398000.0,174000.0,-645323000.0,-645323000.0,-645323000.0,0.0,0.0,-0.971,1034003000.0,-635831000.0,27994000.0,0.0,11.753,-53.725,-18.666,332662000.0,0.0,63.65,52.144,18.142,247328000.0,-994626000.0,664890000.0,664890000.0,593992000.0,-0.307,-0.478,-0.489,-0.962,600367000.0,440011000.0,1.0,544696816.0,189510000,189510000.0,3.508,2925136000.0,0.0,-1823000.0,59500000.0,15.435,2349249000.0
31,TWTR,MRT,2013-09-30,2013-09-30,2013-09-30,2021-07-27,-343000.0,992803000.0,,498165000.0,494638000.0,,-1.336,-57139000.0,155704000.0,155704000.0,190985000.0,-142557000.0,2.998,-1.673,160478000.0,70778000.0,89700000.0,160478000.0,0.0,98671000.0,0.0,,0.0,-137188000.0,-38517000.0,-0.072,-38517000.0,-137188000.0,-142491000.0,-1.08,-1.08,-1.08,-178661000.0,,-178661000.0,,,,-47511000.0,-0.355,1.0,343477000.0,0.643,183127000.0,5303000.0,648282000.0,,0.0,165371000.0,165371000.0,0.0,298928000.0,166168000.0,132760000.0,,-39715000.0,-9897000.0,7705000.0,-62086000.0,0.0,-55506000.0,6163000.0,81854000.0,9628000.0,204000.0,-142557000.0,-142557000.0,-142557000.0,0.0,0.0,-0.267,478408000.0,-134931000.0,9408000.0,0.0,,,,284024000.0,0.0,,,,147542000.0,-483155000.0,534462000.0,534462000.0,239484000.0,,,,-0.257,84516000.0,238924000.0,1.0,544696816.0,133699000,133699000.0,3.998,809676000.0,0.0,66000.0,12156000.0,6.056,331997000.0
32,TWTR,MRT,2013-06-30,2013-06-30,2013-06-30,2021-07-27,,,,,,,,,,,,,,,,,,,,,,,0.0,,,,,,,,,,,,,,,,,,1.0,,,,,,,,,,,,,,,,,,,,,,,,,,,,,,,,,,,,,,,,,,,,,,,,,,,,,,1.0,,132224000,,,,,,,,
33,TWTR,MRT,2013-03-31,2013-03-31,2013-03-31,2021-07-27,,,,,,,,,,,,,,,,,,,,,,,0.0,,,,,,,,,,,,,,,,,,1.0,,,,,,,,,,,,,,,,,,,,,,,,,,,,,,,,,,,,,,,,,,,,,,,,,,,,,,1.0,,127456000,,,,,,,,
34,TWTR,MRT,2012-12-31,2012-12-31,2012-12-31,2021-07-27,-657000.0,831568000.0,776121500.0,554466000.0,277102000.0,0.408,-2.114,-50599000.0,203328000.0,203328000.0,128768000.0,-79399000.0,5.046,-0.835,114568000.0,48836000.0,65732000.0,114568000.0,0.0,72506000.0,0.0,,0.0,-76684000.0,-4178000.0,-0.013,-4178000.0,-76684000.0,-79170000.0,-0.68,-0.68,-0.68,-248172000.0,-225005000.0,-248172000.0,,,,-78534000.0,-0.669,1.0,188165000.0,0.594,72566000.0,2486000.0,560363000.0,507458500.0,0.0,221528000.0,221528000.0,0.0,207204000.0,109879000.0,97325000.0,,-15616000.0,-1526000.0,2312000.0,-39436000.0,0.0,-37124000.0,49443000.0,104711000.0,-27935000.0,-52000.0,-79399000.0,-79399000.0,-79399000.0,0.0,0.0,-0.251,265248000.0,-77083000.0,8432000.0,0.0,,,,185574000.0,0.0,,,,112155000.0,-349303000.0,316933000.0,316933000.0,119004000.0,-0.102,0.353,-0.151,-0.242,25741000.0,146244000.0,1.0,,117401000,117401000.0,2.7,759002000.0,0.0,229000.0,12156000.0,6.465,444587000.0
35,TWTR,MRT,2011-12-31,2011-12-31,2011-12-31,2021-07-27,-32000.0,720675000.0,,596068000.0,124607000.0,,-1.968,-11546000.0,218996000.0,218996000.0,61803000.0,-128302000.0,12.485,-0.433,43798000.0,22694000.0,21104000.0,43798000.0,0.0,24192000.0,0.0,,0.0,-128941000.0,-104749000.0,-0.985,-104749000.0,-128941000.0,-129746000.0,-1.6,-1.6,-1.6,-201838000.0,,-201838000.0,,,,-82143000.0,-0.801,1.0,44510000.0,0.419,43179000.0,805000.0,454554000.0,,0.0,330543000.0,330543000.0,0.0,87391000.0,47744000.0,39647000.0,,84738000.0,-18906000.0,10307000.0,-15103000.0,0.0,480210000.0,-324875000.0,-289778000.0,-70597000.0,5000.0,-128302000.0,-164118000.0,-164118000.0,0.0,0.0,-1.544,171921000.0,-127411000.0,4543000.0,0.0,,,,61983000.0,35816000.0,,,,39834000.0,-269904000.0,106313000.0,106313000.0,80176000.0,,,,-1.213,60384000.0,91745000.0,1.0,,102544000,102544000.0,1.037,677496000.0,0.0,-1444000.0,13617000.0,6.607,548324000.0
36,TWTR,MRT,2010-12-31,2010-12-31,2010-12-31,2021-07-27,,,,,,,,-5692000.0,,,43168000.0,-67324000.0,,,,,,,,10364000.0,,,0.0,-67596000.0,-57232000.0,-2.024,-57232000.0,-67596000.0,-67541000.0,-0.89,-0.89,-0.89,,,,,,,-54429000.0,-0.716,1.0,-14890000.0,-0.527,,-55000.0,,,,,,,,,,,114552000.0,-1531000.0,2580000.0,-1615000.0,0.0,114315000.0,48974000.0,56197000.0,-48737000.0,7000.0,-67324000.0,-67324000.0,-67324000.0,0.0,0.0,-2.381,52589000.0,-67479000.0,,0.0,,,,,0.0,,,,,,28278000.0,28278000.0,29348000.0,,,,-2.39,5931000.0,23241000.0,1.0,,75992000,75992000.0,0.372,,,-217000.0,,,
