None,ticker,dimension,calendardate,datekey,reportperiod,lastupdated,accoci,assets,assetsavg,assetsc,assetsnc,assetturnover,bvps,capex,cashneq,cashnequsd,cor,consolinc,currentratio,de,debt,debtc,debtnc,debtusd,deferredrev,depamor,deposits,divyield,dps,ebit,ebitda,ebitdamargin,ebitdausd,ebitusd,ebt,eps,epsdil,epsusd,equity,equityavg,equityusd,ev,evebit,evebitda,fcf,fcfps,fxusd,gp,grossmargin,intangibles,intexp,invcap,invcapavg,inventory,investments,investmentsc,investmentsnc,liabilities,liabilitiesc,liabilitiesnc,marketcap,ncf,ncfbus,ncfcommon,ncfdebt,ncfdiv,ncff,ncfi,ncfinv,ncfo,ncfx,netinc,netinccmn,netinccmnusd,netincdis,netincnci,netmargin,opex,opinc,payables,payoutratio,pb,pe,pe1,ppnenet,prefdivis,price,ps,ps1,receivables,retearn,revenue,revenueusd,rnd,roa,roe,roic,ros,sbcomp,sgna,sharefactor,sharesbas,shareswa,shareswadil,sps,tangibles,taxassets,taxexp,taxliabilities,tbvps,workingcapital
0,PLD,MRY,2020-12-31,2020-12-31,2020-12-31,2021-07-27,-1193739000.0,56065005000.0,55513426750.0,,,0.08,43.897,-3530234000.0,598086000.0,598086000.0,1170104000.0,1616630000.0,,0.617,16849076000.0,,,16849076000.0,0.0,1561969000.0,0.0,0.023,2.32,1926779000.0,3488748000.0,0.786,3488748000.0,1926779000.0,1612272000.0,2.02,2.01,2.02,31971547000.0,32142773000.0,31971547000.0,89697431180.0,47.0,25.71,-593229000.0,-0.815,1.0,3268631000.0,0.736,0.0,314507000.0,72315995000.0,71326072500.0,0.0,7602014000.0,,,19740425000.0,,,73670964180.0,-490769000.0,-1823666000.0,-32612000.0,1031252000.0,-1722989000.0,-372162000.0,-3074330000.0,-2370000.0,2937005000.0,18718000.0,1481814000.0,1473122000.0,1473122000.0,0.0,134816000.0,0.332,1149687000.0,2118944000.0,1143372000.0,1.149,2.304,50.01,49.337,43845172000.0,8692000.0,99.66,16.597,16.353,0.0,-2394690000.0,4438735000.0,4438735000.0,0.0,0.027,0.046,0.027,0.434,109831000.0,274845000.0,1.0,739223000.0,728323000,754414000.0,6.094,56065005000.0,0.0,130458000.0,0.0,76.978,
1,PLD,MRY,2019-12-31,2019-12-31,2019-12-31,2021-07-27,-990398000.0,40031850000.0,39144724250.0,,,0.085,35.924,-3123483000.0,1088855000.0,1088855000.0,918927000.0,1701846000.0,,0.616,12377511000.0,,,12377511000.0,0.0,1139879000.0,0.0,0.024,2.12,1887429000.0,3027308000.0,0.909,3027308000.0,1887429000.0,1647476000.0,2.48,2.46,2.48,22653127000.0,22458907000.0,22653127000.0,67180011160.0,36.0,22.191,-859449000.0,-1.363,1.0,2411694000.0,0.724,0.0,239953000.0,51320506000.0,50137913500.0,0.0,6237371000.0,,,13960066000.0,,,56313660160.0,744999000.0,113294000.0,6082000.0,802695000.0,-1345660000.0,-839599000.0,-685350000.0,-6784000.0,2264034000.0,5914000.0,1572959000.0,1566950000.0,1566950000.0,0.0,128887000.0,0.47,561928000.0,1849766000.0,704954000.0,0.855,2.486,35.938,35.944,30273082000.0,6009000.0,89.14,16.908,16.877,0.0,-2151168000.0,3330621000.0,3330621000.0,0.0,0.04,0.07,0.038,0.567,97557000.0,266718000.0,1.0,631744000.0,630580000,654903000.0,5.282,40031850000.0,0.0,74517000.0,0.0,63.484,
2,PLD,MRY,2018-12-31,2018-12-31,2018-12-31,2021-07-27,-1084671000.0,38417664000.0,33965048250.0,,,0.083,39.301,-3180216000.0,343856000.0,343856000.0,757688000.0,1822960000.0,,0.566,11089815000.0,,,11089815000.0,0.0,947214000.0,0.0,0.033,1.92,1941832000.0,2889046000.0,1.03,2889046000.0,1941832000.0,1712691000.0,2.9,2.87,2.9,22298093000.0,18911834250.0,22298093000.0,47922568600.0,25.0,16.588,-1376657000.0,-2.426,1.0,2046761000.0,0.73,0.0,229141000.0,49163623000.0,43866022750.0,0.0,5745294000.0,,,12616776000.0,,,36966001600.0,-103190000.0,154050000.0,6891000.0,59033000.0,-1123367000.0,-1232101000.0,-663796000.0,51982000.0,1803559000.0,-10852000.0,1649361000.0,1643426000.0,1643426000.0,0.0,173599000.0,0.586,358763000.0,1687998000.0,760515000.0,0.662,1.658,22.493,20.248,29930307000.0,5935000.0,58.72,13.181,11.88,0.0,-2378467000.0,2804449000.0,2804449000.0,0.0,0.048,0.087,0.044,0.692,76093000.0,238985000.0,1.0,629530000.0,567367000,590239000.0,4.943,38417664000.0,0.0,63330000.0,0.0,67.712,
3,PLD,MRY,2017-12-31,2017-12-31,2017-12-31,2021-07-27,-901658000.0,29481075000.0,29775144500.0,,,0.088,29.471,-2312719000.0,447046000.0,447046000.0,724664000.0,1760959000.0,,0.689,9412631000.0,,,9412631000.0,0.0,879140000.0,0.0,0.027,1.76,1981420000.0,2860560000.0,1.093,2860560000.0,1981420000.0,1706934000.0,3.1,3.06,3.1,15631158000.0,15192268000.0,15631158000.0,43476948820.0,22.0,15.199,-625473000.0,-1.179,1.0,1893470000.0,0.723,0.0,274486000.0,38446660000.0,39650043250.0,0.0,5530710000.0,,,10775334000.0,,,34324609820.0,-360270000.0,-415189000.0,32858000.0,-875837000.0,-942884000.0,-2606584000.0,543278000.0,34583000.0,1687246000.0,15790000.0,1652325000.0,1641931000.0,1641931000.0,0.0,108634000.0,0.627,-60561000.0,1954031000.0,702804000.0,0.568,2.196,20.905,20.81,21779296000.0,10394000.0,64.51,13.11,13.069,0.0,-2904461000.0,2618134000.0,2618134000.0,0.0,0.055,0.108,0.05,0.757,76640000.0,231059000.0,1.0,532082000.0,530400000,552300000.0,4.936,29481075000.0,0.0,54609000.0,0.0,55.583,
4,PLD,MRY,2016-12-31,2016-12-31,2016-12-31,2021-07-27,-937473000.0,30249932000.0,30814955750.0,,,0.082,28.495,-2367686000.0,807316000.0,807316000.0,697376000.0,1292540000.0,,0.787,10608294000.0,,,10608294000.0,0.0,930985000.0,0.0,0.032,1.68,1567642000.0,2498627000.0,0.986,2498627000.0,1567642000.0,1264496000.0,2.29,2.27,2.29,14991081000.0,14783775000.0,14991081000.0,38787410060.0,25.0,15.523,-950681000.0,-1.807,1.0,1835759000.0,0.725,0.0,303146000.0,40050910000.0,41516826500.0,0.0,4262529000.0,,,11791792000.0,,,27905533060.0,543236000.0,510599000.0,39470000.0,-898322000.0,-893455000.0,-2125465000.0,1252038000.0,282717000.0,1417005000.0,-342000.0,1209932000.0,1203218000.0,1203218000.0,0.0,82608000.0,0.475,1167381000.0,668378000.0,556179000.0,0.734,1.861,23.192,23.052,23360958000.0,6714000.0,52.79,11.016,10.964,0.0,-3610007000.0,2533135000.0,2533135000.0,0.0,0.039,0.081,0.038,0.619,60341000.0,222067000.0,1.0,528614000.0,526103000,546666000.0,4.815,30249932000.0,0.0,54564000.0,0.0,57.498,
5,PLD,MRY,2015-12-31,2015-12-31,2015-12-31,2021-07-27,-791429000.0,31394767000.0,29969334750.0,,,0.073,28.14,-2468002000.0,264080000.0,264080000.0,652604000.0,925515000.0,,0.885,11626831000.0,,,11626831000.0,0.0,880373000.0,0.0,0.035,1.52,1193892000.0,2074265000.0,0.944,2074265000.0,1193892000.0,892529000.0,1.66,1.64,1.66,14667935000.0,14656307250.0,14667935000.0,34127350120.0,29.0,16.453,-1351675000.0,-2.593,1.0,1544470000.0,0.703,0.0,301363000.0,42757518000.0,40770925000.0,0.0,4990670000.0,,,12973931000.0,,,22503428120.0,-86612000.0,-5254513000.0,90258000.0,2217598000.0,-804697000.0,3595916000.0,-4789232000.0,138034000.0,1116327000.0,-9623000.0,869439000.0,862788000.0,862788000.0,0.0,56076000.0,0.393,1164298000.0,380172000.0,712725000.0,0.916,1.534,26.082,25.855,24247084000.0,6651000.0,42.92,10.242,10.182,0.0,-3926483000.0,2197074000.0,2197074000.0,0.0,0.029,0.059,0.029,0.543,53665000.0,217227000.0,1.0,524311000.0,521241000,533944000.0,4.215,31394767000.0,0.0,23090000.0,0.0,60.231,
6,PLD,MRY,2014-12-31,2014-12-31,2014-12-31,2021-07-27,-600337000.0,25775001000.0,24658453500.0,,,0.071,27.974,-1889117000.0,350692000.0,350692000.0,545719000.0,739284000.0,,0.758,9336977000.0,,,9336977000.0,0.0,642461000.0,0.0,0.031,1.32,919412000.0,1561873000.0,0.887,1561873000.0,919412000.0,610527000.0,1.25,1.24,1.25,13975509000.0,13639597250.0,13975509000.0,30025599670.0,33.0,19.224,-994644000.0,-1.991,1.0,1215068000.0,0.69,0.0,308885000.0,34761286000.0,33266299250.0,0.0,4824724000.0,,,10591402000.0,,,21514526670.0,-140437000.0,-1262671000.0,378247000.0,-143225000.0,-672190000.0,-350807000.0,-665261000.0,201039000.0,894473000.0,-18842000.0,636183000.0,622235000.0,622235000.0,0.0,103101000.0,0.353,895260000.0,319808000.0,627999000.0,1.056,1.539,34.576,34.424,19399364000.0,13948000.0,43.03,12.219,12.209,0.0,-3974493000.0,1760787000.0,1760787000.0,0.0,0.025,0.046,0.028,0.522,57478000.0,229332000.0,1.0,499989000.0,499583000,506391000.0,3.525,25775001000.0,0.0,-25656000.0,0.0,51.593,
7,PLD,MRY,2013-12-31,2013-12-31,2013-12-31,2021-07-27,-435675000.0,24572307000.0,24368679250.0,,,0.072,28.208,-1595727000.0,491129000.0,491129000.0,541217000.0,353049000.0,,0.758,9011216000.0,,,9011216000.0,0.0,664007000.0,0.0,0.03,1.12,828981000.0,1492988000.0,0.853,1492988000.0,828981000.0,449654000.0,0.65,0.64,0.65,13711158000.0,13441143000.0,13711158000.0,27382973020.0,33.0,18.341,-1110738000.0,-2.285,1.0,1209269000.0,0.691,0.0,379327000.0,33092394000.0,32798835750.0,0.0,4618239000.0,,,10395854000.0,,,18427837020.0,390319000.0,-1487944000.0,1505791000.0,-2516825000.0,-573854000.0,-2365622000.0,2333922000.0,7848000.0,484989000.0,-62970000.0,342921000.0,315422000.0,315422000.0,-123520000.0,10128000.0,0.18,904857000.0,304412000.0,563993000.0,1.723,1.344,58.423,56.846,18255479000.0,27499000.0,36.95,10.527,10.26,107955000.0,-3932664000.0,1750486000.0,1750486000.0,0.0,0.013,0.023,0.025,0.474,49239000.0,229207000.0,1.0,498723600.0,486076000,491546000.0,3.601,24572307000.0,0.0,106733000.0,0.0,50.552,
8,PLD,MRY,2012-12-31,2012-12-31,2012-12-31,2021-07-27,-233563000.0,27310145000.0,28292520750.0,,,0.069,28.417,-1261933000.0,277736000.0,277736000.0,555059000.0,-30472000.0,,1.036,11790794000.0,,,11790794000.0,0.0,767459000.0,0.0,0.031,1.12,469075000.0,1236534000.0,0.631,1236534000.0,469075000.0,-36140000.0,-0.18,-0.18,-0.18,13069017000.0,13433848000.0,13069017000.0,29065962900.0,62.0,23.506,-798441000.0,-1.736,1.0,1405459000.0,0.717,0.0,505215000.0,38823203000.0,40216124000.0,0.0,2383782000.0,,,13536809000.0,,,16818605900.0,-75262000.0,-238488000.0,30981000.0,-408381000.0,-567834000.0,-1071511000.0,529615000.0,55000000.0,463492000.0,3142000.0,-39720000.0,-80946000.0,-80946000.0,-75925000.0,9248000.0,-0.041,1312476000.0,92983000.0,611770000.0,-6.222,1.287,-207.776,-202.722,23328463000.0,41226000.0,36.49,8.579,8.56,171084000.0,-3696093000.0,1960518000.0,1960518000.0,0.0,-0.003,-0.006,0.012,0.239,32138000.0,228068000.0,1.0,460910000.0,459895000,461848000.0,4.263,27310145000.0,0.0,3580000.0,0.0,59.383,
9,PLD,MRY,2011-12-31,2011-12-31,2011-12-31,2021-07-27,-182321000.0,27723912000.0,23216371250.0,,,0.061,36.87,-955105000.0,248064000.0,248064000.0,403650000.0,-157938000.0,,0.971,11382408000.0,,,11382408000.0,0.0,603884000.0,0.0,0.039,1.12,314933000.0,918817000.0,0.646,918817000.0,314933000.0,-151638000.0,-0.51,-0.51,-0.51,13661639000.0,11312685250.0,13661639000.0,24954180411.0,79.0,27.159,-748041000.0,-2.019,1.0,1018121000.0,0.716,0.0,466571000.0,38858256000.0,32708497750.0,0.0,3180589000.0,,,13268438000.0,,,13101450411.0,138438000.0,-873562000.0,1156493000.0,-608382000.0,-387133000.0,163318000.0,-233065000.0,-48550000.0,207064000.0,1121000.0,-153414000.0,-188110000.0,-188110000.0,-117006000.0,-4524000.0,-0.132,923343000.0,94778000.0,639490000.0,-2.196,0.959,-69.648,-56.059,22629630000.0,34696000.0,28.59,9.215,7.451,147999000.0,-3092162000.0,1421771000.0,1421771000.0,0.0,-0.008,-0.017,0.01,0.222,28920000.0,195161000.0,1.0,458252900.0,370534000,371730000.0,3.837,27723912000.0,0.0,1776000.0,0.0,74.822,
10,PLD,MRY,2010-12-31,2010-12-31,2010-12-31,2021-07-27,-3160000.0,14902667000.0,8998964000.0,,,0.093,34.19,-543930000.0,64715000.0,64715000.0,239858000.0,-1270453000.0,,0.984,6506029000.0,,,6506029000.0,0.0,356694000.0,0.0,0.035,1.12,-839829000.0,-483135000.0,-0.575,-483135000.0,-839829000.0,-1300995000.0,-5.9,-5.9,-5.9,7505223000.0,4271863500.0,7505223000.0,8200833460.0,-10.0,-16.974,-303147000.0,-1.381,1.0,600294000.0,0.715,0.0,461166000.0,21343981000.0,12797707250.0,0.0,2326805000.0,,,7382312000.0,,,5339517460.0,3272000.0,-115201000.0,1162461000.0,-1747959000.0,-280658000.0,-969762000.0,733295000.0,-250560000.0,240783000.0,-1044000.0,-1270496000.0,-1295920000.0,-1295920000.0,-331034000.0,43000.0,-1.542,1213815000.0,-613521000.0,388536000.0,-0.19,0.711,-4.12,-5.375,11283963000.0,25424000.0,31.71,6.355,8.285,58979000.0,-2515722000.0,840152000.0,840152000.0,0.0,-0.144,-0.303,-0.066,-1.0,25085000.0,165981000.0,1.0,168385918.0,219515000,219515000.0,3.827,14902667000.0,0.0,-30499000.0,0.0,67.889,
11,PLD,MRY,2009-12-31,2009-12-31,2009-12-31,2021-07-27,3816000.0,6841958000.0,6878351750.0,,,0.149,16.337,-1318125000.0,206077000.0,206077000.0,257517000.0,23929000.0,,1.208,3212596000.0,,,3212596000.0,0.0,327126000.0,53283000.0,0.044,1.12,401516000.0,728642000.0,0.709,728642000.0,401516000.0,28748000.0,-0.01,-0.01,-0.01,2940016000.0,2905355250.0,2940016000.0,6709419468.0,17.0,9.208,-1229030000.0,-6.829,1.0,769654000.0,0.749,0.0,372768000.0,9848477000.0,9868647000.0,0.0,462130000.0,,,3550638000.0,,,3738114468.0,-140274000.0,1025298000.0,1491137000.0,-2529774000.0,-271845000.0,-1462636000.0,1235277000.0,7585000.0,89095000.0,-2010000.0,22773000.0,-2650000.0,-2650000.0,-379018000.0,1156000.0,-0.003,814212000.0,-44558000.0,238718000.0,-112.0,1.271,-1410.609,-2555.0,5809278000.0,25423000.0,25.55,3.639,4.477,155958000.0,-29008000.0,1027171000.0,1027171000.0,0.0,0.0,-0.001,0.041,0.391,17242000.0,192231000.0,1.0,146305850.0,179966000,179966000.0,5.708,6841958000.0,0.0,5975000.0,0.0,38.018,
12,PLD,MRY,2008-12-31,2008-12-31,2008-12-31,2021-07-27,22043000.0,7301648000.0,7558878000.0,,,0.09,25.821,-794726000.0,251231000.0,251231000.0,173857000.0,-6750000.0,,1.724,3990185000.0,,,3990185000.0,0.0,158650000.0,59093000.0,0.067,1.56,84939000.0,243589000.0,0.359,243589000.0,84939000.0,-49310000.0,-0.68,-0.68,-0.68,2515107000.0,2337987250.0,2515107000.0,5755311941.0,68.0,23.627,-492112000.0,-5.052,1.0,503802000.0,0.743,0.0,134249000.0,11040602000.0,11335137250.0,0.0,431322000.0,,,4335444000.0,,,2306635941.0,3712000.0,-107583000.0,-83483000.0,949977000.0,-220476000.0,580171000.0,-881768000.0,21212000.0,302614000.0,2695000.0,-49310000.0,-66451000.0,-66451000.0,-11169000.0,42560000.0,-0.098,501732000.0,2070000.0,282771000.0,-2.294,0.917,-34.712,-34.441,6242142000.0,17141000.0,23.42,3.404,3.366,160528000.0,29799000.0,677659000.0,677659000.0,0.0,-0.009,-0.028,0.007,0.125,21467000.0,143962000.0,1.0,98490006.0,97403659,97403659.0,6.957,7301648000.0,0.0,0.0,0.0,74.963,
13,PLD,MRY,2007-12-31,2007-12-31,2007-12-31,2021-07-27,11321000.0,7262403000.0,7015457000.0,,,0.093,21.263,-533272000.0,250416000.0,250416000.0,169081000.0,371716000.0,,1.839,3494844000.0,,,3494844000.0,0.0,150480000.0,40842000.0,0.035,2.0,440952000.0,591432000.0,0.909,591432000.0,440952000.0,314260000.0,3.02,2.95,3.02,2066541000.0,1970572000.0,2066541000.0,8631241442.0,20.0,14.594,-292729000.0,-3.012,1.0,481805000.0,0.74,0.0,126692000.0,10506831000.0,10002959750.0,0.0,356194000.0,,,3801040000.0,,,5700456442.0,45461000.0,-89253000.0,447041000.0,395801000.0,-211744000.0,420025000.0,-632240000.0,1588000.0,240543000.0,17133000.0,314260000.0,293552000.0,293552000.0,-83450000.0,57456000.0,0.451,293886000.0,187919000.0,210447000.0,0.662,2.758,19.419,19.06,6321711000.0,20708000.0,57.56,8.758,8.595,184270000.0,244688000.0,650886000.0,650886000.0,0.0,0.042,0.149,0.044,0.677,16046000.0,129508000.0,1.0,99035032.0,97189749,99601396.0,6.697,7262403000.0,0.0,0.0,0.0,74.724,
14,PLD,MRY,2006-12-31,2006-12-31,2006-12-31,2021-07-27,-1778000.0,6713512000.0,7167950500.0,,,0.099,21.483,-869538000.0,195878000.0,195878000.0,173208000.0,223879000.0,,1.969,3992616000.0,,,3992616000.0,0.0,160843000.0,36106000.0,0.031,1.84,385518000.0,546361000.0,0.767,546361000.0,385518000.0,224072000.0,2.39,2.3,2.39,1884298000.0,1051538750.0,1884298000.0,9033602263.0,23.0,16.534,-533683000.0,-6.085,1.0,539183000.0,0.757,0.0,161446000.0,10510250000.0,10851917500.0,0.0,274381000.0,,,3709295000.0,,,5234834263.0,-58118000.0,11014000.0,55521000.0,644939000.0,-174266000.0,483621000.0,-880560000.0,2874000.0,335855000.0,2966000.0,224072000.0,209420000.0,209420000.0,-57596000.0,-193000.0,0.294,290717000.0,248466000.0,186807000.0,0.77,2.778,24.997,24.523,5960992000.0,14652000.0,58.61,7.348,7.216,133998000.0,147274000.0,712391000.0,712391000.0,0.0,0.029,0.199,0.036,0.541,20736000.0,104262000.0,1.0,89316401.0,87710500,91106893.0,8.122,6713512000.0,0.0,0.0,0.0,76.542,
15,PLD,MRY,2005-12-31,2005-12-31,2005-12-31,2021-07-27,-2416000.0,6802739000.0,6704607750.0,,,0.096,8.271,2089000.0,267233000.0,267233000.0,157010000.0,257807000.0,,5.273,3401561000.0,,,3401561000.0,0.0,160781000.0,47055000.0,0.036,1.76,405353000.0,566134000.0,0.875,566134000.0,405353000.0,257807000.0,2.98,2.85,2.98,695164000.0,497197750.0,695164000.0,7591309948.0,19.0,13.409,297904000.0,3.544,1.0,489867000.0,0.757,0.0,147546000.0,9937067000.0,9928676000.0,0.0,140274000.0,,,3665305000.0,,,4201860948.0,123489000.0,-56586000.0,48472000.0,206128000.0,-154070000.0,-101856000.0,-60407000.0,-7883000.0,295815000.0,-10063000.0,257807000.0,250419000.0,250419000.0,-134180000.0,0.0,0.387,237553000.0,252314000.0,170307000.0,0.591,6.044,16.779,16.5,6151597000.0,7388000.0,49.17,6.496,6.389,178682000.0,101124000.0,646877000.0,646877000.0,0.0,0.037,0.504,0.041,0.627,12296000.0,71564000.0,1.0,85455785.0,84048936,87873399.0,7.696,6802739000.0,0.0,0.0,0.0,80.938,
16,PLD,MRY,2004-12-31,2004-12-31,2004-12-31,2021-07-27,-991000.0,6386943000.0,6037912500.0,,,0.095,5.781,-782906000.0,146593000.0,146593000.0,144136000.0,125471000.0,,7.412,3257191000.0,,,3257191000.0,0.0,151069000.0,40260000.0,0.042,1.7,267426000.0,418495000.0,0.726,418495000.0,267426000.0,125471000.0,1.44,1.39,1.44,474814000.0,577985500.0,474814000.0,6411750926.0,24.0,15.321,-485557000.0,-5.912,1.0,432259000.0,0.75,0.0,141955000.0,9497541000.0,8948819250.0,0.0,68904000.0,,,3519477000.0,,,3350083926.0,-18286000.0,31846000.0,27721000.0,447490000.0,-145951000.0,409705000.0,-731402000.0,29407000.0,297349000.0,6062000.0,125471000.0,118340000.0,118340000.0,-63888000.0,0.0,0.205,198086000.0,234173000.0,180923000.0,1.181,7.056,28.309,28.049,5997838000.0,7131000.0,40.39,5.812,5.755,109028000.0,0.0,576395000.0,576395000.0,0.0,0.02,0.205,0.03,0.464,10444000.0,57181000.0,1.0,82943400.0,82133627,85368626.0,7.018,6386943000.0,0.0,0.0,0.0,77.763,
17,PLD,MRY,2003-12-31,2003-12-31,2003-12-31,2021-07-27,1505000.0,5409559000.0,5084055500.0,,,0.102,8.213,-330070000.0,156663000.0,156663000.0,132813000.0,129128000.0,,4.146,2574257000.0,,,2574257000.0,0.0,131675000.0,33461000.0,0.05,1.66,261006000.0,392681000.0,0.76,392681000.0,261006000.0,129128000.0,1.44,1.41,1.44,666067000.0,1162913750.0,666067000.0,4748611430.0,18.0,12.093,-60262000.0,-0.743,1.0,384189000.0,0.743,0.0,131878000.0,7827153000.0,7186883250.0,0.0,95154000.0,,,2761352000.0,,,2687831430.0,38346000.0,12704000.0,-114292000.0,287056000.0,-152239000.0,112022000.0,-346275000.0,-30012000.0,269808000.0,2791000.0,129128000.0,116716000.0,116716000.0,-70529000.0,0.0,0.226,168561000.0,215628000.0,114558000.0,1.153,4.035,23.029,22.833,5017899000.0,12412000.0,32.88,5.199,5.158,88452000.0,0.0,517002000.0,517002000.0,0.0,0.023,0.1,0.036,0.505,8075000.0,46418000.0,1.0,81746698.0,81096062,82852528.0,6.375,5409559000.0,0.0,0.0,0.0,66.706,
18,PLD,MRY,2002-12-31,2002-12-31,2002-12-31,2021-07-27,31000.0,4983629000.0,4911155250.0,,,0.115,9.43,-308172000.0,117214000.0,117214000.0,136451000.0,121119000.0,,3.077,2235361000.0,,,2235361000.0,0.0,125490000.0,0.0,0.06,1.64,264037000.0,389527000.0,0.692,389527000.0,264037000.0,121119000.0,1.36,1.33,1.36,785606000.0,1504693750.0,785606000.0,4370471426.0,17.0,11.22,-16907000.0,-0.203,1.0,426780000.0,0.758,0.0,142918000.0,7101776000.0,7000734750.0,0.0,77561000.0,,,2417077000.0,,,2261172426.0,16261000.0,6458000.0,-54675000.0,46725000.0,-112085000.0,-28150000.0,-246854000.0,74081000.0,291265000.0,0.0,121119000.0,113035000.0,113035000.0,-38979000.0,0.0,0.201,170115000.0,256665000.0,140503000.0,1.206,2.878,20.004,20.118,4662448000.0,8084000.0,27.36,4.015,4.047,74207000.0,0.0,563231000.0,563231000.0,0.0,0.023,0.075,0.038,0.469,5265000.0,45149000.0,1.0,82645191.0,83310885,84795987.0,6.761,4983629000.0,0.0,0.0,0.0,59.82,
19,PLD,MRY,2001-12-31,2001-12-31,2001-12-31,2021-07-27,0.0,4768943000.0,4740219000.0,,,0.113,20.818,-382196000.0,81732000.0,81732000.0,126342000.0,136200000.0,,1.302,2143714000.0,,,2143714000.0,0.0,113543000.0,0.0,0.072,1.885,261033000.0,374576000.0,0.701,374576000.0,261033000.0,136200000.0,1.43,1.41,1.43,1752342000.0,1776626500.0,1752342000.0,3927270492.0,15.0,10.485,-93634000.0,-1.112,1.0,407924000.0,0.764,0.0,124833000.0,6830925000.0,6554845000.0,0.0,158311000.0,,,2282315000.0,,,2176341492.0,52713000.0,5341000.0,-28618000.0,292092000.0,-141979000.0,127303000.0,-363152000.0,0.0,288562000.0,0.0,136200000.0,120100000.0,120100000.0,-18019000.0,0.0,0.225,160114000.0,247810000.0,133641000.0,1.318,1.242,18.121,18.182,4422232000.0,16100000.0,26.0,4.074,4.096,70794000.0,27640000.0,534266000.0,534266000.0,0.0,0.025,0.068,0.04,0.489,2725000.0,35820000.0,1.0,83705442.0,84174644,85214066.0,6.347,4768943000.0,0.0,0.0,0.0,56.655,
20,PLD,MRY,2000-12-31,2000-12-31,2000-12-31,2021-07-27,-3732000.0,4425626000.0,4009579000.0,,,0.112,21.123,-713634000.0,42722000.0,42722000.0,98415000.0,121782000.0,,1.122,1836276000.0,,,1836276000.0,0.0,90358000.0,0.0,0.057,1.48,207616000.0,297974000.0,0.666,297974000.0,207616000.0,121782000.0,1.35,1.35,1.35,1767930000.0,1775519250.0,1767930000.0,3647524213.0,18.0,12.241,-452459000.0,-5.406,1.0,348683000.0,0.78,0.0,85834000.0,6219180000.0,5459260250.0,0.0,248097000.0,,,1983318000.0,,,2171887213.0,-12954000.0,-8863000.0,2180000.0,416158000.0,-130680000.0,452370000.0,-726499000.0,0.0,261175000.0,0.0,121782000.0,113282000.0,113282000.0,-13935000.0,0.0,0.253,108710000.0,239973000.0,56577000.0,1.096,1.228,19.172,19.119,4046276000.0,8500000.0,25.81,4.858,4.832,69874000.0,36066000.0,447098000.0,447098000.0,0.0,0.028,0.064,0.038,0.464,1022000.0,23750000.0,1.0,84149059.0,83697170,84155306.0,5.342,4425626000.0,0.0,0.0,0.0,52.877,
21,PLD,MRY,1999-12-31,1999-12-31,1999-12-31,2021-07-27,28993000.0,3621550000.0,3674664750.0,,,0.122,21.203,166214000.0,137019000.0,137019000.0,107923000.0,176103000.0,,0.743,1270037000.0,,,1270037000.0,0.0,67035000.0,0.0,0.07,1.4,264784000.0,331819000.0,0.74,331819000.0,264784000.0,176103000.0,1.94,1.94,1.94,1829259000.0,1794299000.0,1829259000.0,2934088222.0,11.0,8.842,356605000.0,4.134,1.0,340260000.0,0.759,0.0,88681000.0,4754568000.0,4968787000.0,0.0,110019000.0,,,1359408000.0,,,1726338222.0,13402000.0,-4002000.0,-26568000.0,-152289000.0,-133266000.0,-240721000.0,63732000.0,-98480000.0,190391000.0,0.0,176103000.0,167603000.0,167603000.0,0.0,0.0,0.374,92258000.0,248002000.0,0.0,0.722,0.944,10.3,10.278,3327095000.0,8500000.0,19.94,3.852,3.838,35516000.0,47089000.0,448183000.0,448183000.0,0.0,0.046,0.093,0.053,0.591,-952000.0,25223000.0,1.0,86576641.0,86271862,86347487.0,5.195,3621550000.0,0.0,0.0,0.0,41.978,
22,PLD,MRY,1998-12-31,1998-12-31,1998-12-31,2021-07-27,0.0,3562885000.0,3180363500.0,,,0.113,20.557,-702217000.0,25137000.0,25137000.0,88415000.0,112593000.0,,0.834,1368196000.0,,,1368196000.0,0.0,57464000.0,0.0,0.062,1.37,182263000.0,239727000.0,0.668,239727000.0,182263000.0,112593000.0,1.27,1.26,1.27,1765360000.0,1718039500.0,1765360000.0,3162635286.0,17.0,13.193,-525037000.0,-6.114,1.0,270472000.0,0.754,0.0,69670000.0,4905944000.0,4332924750.0,0.0,57655000.0,,,1472501000.0,,,1889239286.0,-11984000.0,-93996000.0,0.0,462511000.0,-88236000.0,604202000.0,-793366000.0,2847000.0,177180000.0,0.0,112593000.0,108954000.0,108954000.0,0.0,0.0,0.304,77052000.0,193420000.0,0.0,1.079,1.07,17.34,17.323,3425706000.0,3639000.0,22.0,5.264,5.264,0.0,,358887000.0,358887000.0,0.0,0.034,0.063,0.042,0.508,0.0,19588000.0,1.0,85874513.0,85876383,86235176.0,4.179,3562885000.0,0.0,0.0,0.0,41.489,
23,PLD,MRY,1997-12-31,1997-12-31,1997-12-31,2021-07-27,0.0,2506255000.0,1256670000.0,,,0.045,126.941,-232807000.0,39968000.0,39968000.0,28257000.0,18228000.0,,0.463,685652000.0,,,685652000.0,0.0,4195000.0,0.0,0.005,0.134,21756000.0,25951000.0,0.463,25951000.0,21756000.0,18228000.0,1.39,1.38,1.39,1668030000.0,837165000.0,1668030000.0,,,,-220527000.0,-16.783,1.0,27805000.0,0.496,0.0,3528000.0,3151939000.0,1577965500.0,0.0,0.0,,,773073000.0,,,2158026512.0,28801000.0,0.0,317009000.0,-31666000.0,-11506000.0,257402000.0,-240881000.0,-8074000.0,12280000.0,0.0,18228000.0,18228000.0,18228000.0,0.0,0.0,0.325,5392000.0,22413000.0,38071000.0,0.096,1.294,118.391,18.079,2438846000.0,0.0,25.13,38.494,5.89,0.0,,56062000.0,56062000.0,0.0,0.015,0.022,0.014,0.388,0.0,1197000.0,1.0,85874513.0,13140218,13168036.0,4.266,2506255000.0,0.0,0.0,0.0,190.732,
24,PLD,MRY,1996-12-31,1996-12-31,1996-12-31,2021-07-27,0.0,7085000.0,,,,,1.24,0.0,3093000.0,3093000.0,16851000.0,7003000.0,,0.103,0.0,,,0.0,0.0,0.0,0.0,,0.0,7003000.0,7003000.0,0.292,7003000.0,7003000.0,7003000.0,1.38,1.38,1.38,6300000.0,,6300000.0,,,,6866000.0,1.352,1.0,7140000.0,0.298,0.0,0.0,3992000.0,,0.0,0.0,,,648000.0,,,,1888000.0,0.0,0.0,0.0,0.0,-4978000.0,0.0,0.0,6866000.0,0.0,7003000.0,7003000.0,7003000.0,0.0,0.0,0.292,0.0,7140000.0,0.0,0.0,,,,0.0,0.0,,,,0.0,4522000.0,23991000.0,23991000.0,0.0,,,,0.292,0.0,0.0,1.0,,5079855,5079855.0,4.723,7085000.0,0.0,0.0,0.0,1.395,
25,PLD,MRY,1995-12-31,1995-12-31,1995-12-31,2021-07-27,,,,,,,,0.0,,,13569000.0,3262000.0,,,,,,,,0.0,,,0.0,3262000.0,3262000.0,0.193,3262000.0,3262000.0,3262000.0,0.64,0.64,0.64,,,,,,,2187000.0,0.431,1.0,3296000.0,0.195,,0.0,,,,,,,,,,,-682000.0,0.0,0.0,0.0,0.0,-2869000.0,0.0,0.0,2187000.0,0.0,3262000.0,3262000.0,3262000.0,0.0,0.0,0.193,0.0,3296000.0,,0.0,,,,,0.0,,,,,,16865000.0,16865000.0,0.0,,,,0.193,0.0,0.0,1.0,,5079855,5079855.0,3.32,,,0.0,,,
0,PLD,MRQ,2021-06-30,2021-06-30,2021-06-30,2021-07-27,-1035120000.0,56441385000.0,,,,,43.434,-1289008000.0,601446000.0,601446000.0,290232000.0,650313000.0,,0.622,16985305000.0,,,16985305000.0,0.0,392736000.0,0.0,0.02,0.63,717783000.0,1110519000.0,0.965,1110519000.0,717783000.0,649371000.0,0.81,0.81,0.81,32105713000.0,,32105713000.0,104252450690.0,53.0,29.077,-639799000.0,-0.866,1.0,860610000.0,0.748,0.0,68412000.0,72825244000.0,,0.0,7811448000.0,,,19960581000.0,,,88425066690.0,-74628000.0,-216377000.0,34000.0,279855000.0,-468181000.0,-322664000.0,-408907000.0,-5489000.0,649209000.0,7734000.0,600176000.0,598625000.0,598625000.0,0.0,50137000.0,0.52,159744000.0,700866000.0,1304539000.0,0.778,2.754,57.285,57.466,44413609000.0,1551000.0,119.53,19.678,19.663,0.0,-2363348000.0,1150842000.0,1150842000.0,0.0,,,,,23946000.0,74342000.0,1.0,739773000.0,739190000,764652000.0,1.557,56441385000.0,0.0,49195000.0,0.0,76.356,
1,PLD,MRQ,2021-03-31,2021-03-31,2021-03-31,2021-07-27,-1021551000.0,55732809000.0,,,,,43.313,-728060000.0,676074000.0,676074000.0,327334000.0,399693000.0,,0.604,16503458000.0,,,16503458000.0,0.0,397575000.0,0.0,0.022,0.63,464345000.0,861920000.0,0.751,861920000.0,464345000.0,393064000.0,0.5,0.49,0.5,32008517000.0,,32008517000.0,95124962000.0,53.0,27.92,88634000.0,0.12,1.0,820982000.0,0.715,0.0,71281000.0,71560193000.0,,0.0,7514840000.0,,,19347606000.0,,,78387000000.0,77988000.0,-104132000.0,709000.0,-17440000.0,-468000000.0,-592313000.0,-107094000.0,-2511000.0,816694000.0,-39299000.0,367347000.0,365815000.0,365815000.0,0.0,32346000.0,0.319,288785000.0,532197000.0,1138924000.0,1.26,2.449,58.085,58.242,43635541000.0,1532000.0,106.0,17.008,16.997,0.0,-2495343000.0,1148316000.0,1148316000.0,0.0,,,,,34575000.0,78032000.0,1.0,739500000.0,738998000,764958000.0,1.554,55732809000.0,0.0,25717000.0,0.0,75.417,
2,PLD,MRQ,2020-12-31,2020-12-31,2020-12-31,2021-07-27,-1193739000.0,56065005000.0,,,,,43.283,-1094829000.0,598086000.0,598086000.0,290977000.0,308007000.0,,0.617,16849076000.0,,,16849076000.0,0.0,417066000.0,0.0,0.023,0.58,399630000.0,816696000.0,0.735,816696000.0,399630000.0,322774000.0,0.37,0.38,0.37,31971547000.0,,31971547000.0,89697431180.0,47.0,25.71,-491159000.0,-0.665,1.0,820620000.0,0.738,0.0,76856000.0,72315995000.0,,0.0,7602014000.0,,,19740425000.0,,,73670964180.0,-342107000.0,4812000.0,348000.0,26317000.0,-430663000.0,-466200000.0,-494508000.0,-1798000.0,603670000.0,14931000.0,281894000.0,280470000.0,280470000.0,0.0,26113000.0,0.252,338240000.0,482380000.0,1143372000.0,1.568,2.304,50.01,49.337,43845172000.0,1424000.0,99.66,16.597,16.353,0.0,-2394690000.0,1111597000.0,1111597000.0,0.0,,,,,23471000.0,66144000.0,1.0,739223000.0,738664000,764743000.0,1.505,56065005000.0,0.0,40880000.0,0.0,75.901,
3,PLD,MRQ,2020-09-30,2020-09-30,2020-09-30,2021-07-27,-1184465000.0,55759598000.0,,,,,43.481,-761045000.0,940193000.0,940193000.0,291281000.0,332521000.0,,0.6,16966660000.0,,,16966660000.0,0.0,400738000.0,0.0,0.023,0.58,395559000.0,796297000.0,0.735,796297000.0,395559000.0,314848000.0,0.4,0.4,0.4,32097175000.0,,32097175000.0,89941129160.0,45.0,26.225,216941000.0,0.294,1.0,791492000.0,0.731,0.0,80711000.0,71786065000.0,,0.0,7310960000.0,,,19270291000.0,,,74334836160.0,391064000.0,5866000.0,18000.0,380430000.0,-430589000.0,-260325000.0,-328659000.0,-205000.0,977986000.0,2062000.0,302694000.0,298695000.0,298695000.0,0.0,29827000.0,0.276,234972000.0,556520000.0,1119124000.0,1.45,2.316,47.103,44.522,43332319000.0,3999000.0,100.62,17.898,17.884,0.0,-2245921000.0,1082773000.0,1082773000.0,0.0,,,,,26554000.0,74348000.0,1.0,738768000.0,738194000,764619000.0,1.467,55759598000.0,0.0,12154000.0,0.0,75.535,
4,PLD,MRQ,2020-06-30,2020-06-30,2020-06-30,2021-07-27,-1142129000.0,55221857000.0,,,,,43.69,-739222000.0,549129000.0,549129000.0,313654000.0,454938000.0,,0.573,16155422000.0,,,16155422000.0,0.0,398195000.0,0.0,0.024,0.58,533982000.0,932177000.0,0.736,932177000.0,533982000.0,452684000.0,0.55,0.54,0.55,32242928000.0,,32242928000.0,84298691060.0,40.0,24.498,-62966000.0,-0.085,1.0,952470000.0,0.752,0.0,81298000.0,70828150000.0,,0.0,7201006000.0,,,18475648000.0,,,68931858060.0,-258742000.0,-35357000.0,1001000.0,-176367000.0,-430971000.0,-696048000.0,-241990000.0,-1432000.0,676256000.0,3040000.0,406173000.0,404539000.0,404539000.0,0.0,48765000.0,0.32,340483000.0,611987000.0,1140569000.0,1.055,2.138,39.843,36.315,43145236000.0,1634000.0,93.33,17.179,17.165,0.0,-2115679000.0,1266124000.0,1266124000.0,0.0,,,,,27998000.0,64664000.0,1.0,738582000.0,737992000,765830000.0,1.716,55221857000.0,0.0,46511000.0,0.0,74.827,
5,PLD,MRQ,2020-03-31,2020-03-31,2020-03-31,2021-07-27,-1142352000.0,55007247000.0,,,,,46.199,-935138000.0,807871000.0,807871000.0,274192000.0,521164000.0,,0.565,16174704000.0,,,16174704000.0,0.0,345970000.0,0.0,0.027,0.58,597608000.0,943578000.0,0.965,943578000.0,597608000.0,521966000.0,0.7,0.7,0.7,32259442000.0,,32259442000.0,70661430910.0,34.0,21.647,-256045000.0,-0.367,1.0,704049000.0,0.72,0.0,75642000.0,70374080000.0,,0.0,6834758000.0,,,18231377000.0,,,59372774910.0,-280984000.0,-1798987000.0,-33979000.0,800872000.0,-430766000.0,1050411000.0,-2009173000.0,1065000.0,679093000.0,-1315000.0,491053000.0,489418000.0,489418000.0,0.0,30111000.0,0.5,235992000.0,468057000.0,888341000.0,0.829,1.84,34.735,30.559,42960139000.0,1635000.0,80.37,16.787,15.867,0.0,-2090881000.0,978241000.0,978241000.0,0.0,,,,,31808000.0,69689000.0,1.0,738743000.0,698272000,723983000.0,1.401,55007247000.0,0.0,30913000.0,0.0,78.776,
6,PLD,MRQ,2019-12-31,2019-12-31,2019-12-31,2021-07-27,-990398000.0,40031850000.0,,,,,35.886,-973446000.0,1088855000.0,1088855000.0,230189000.0,426242000.0,,0.616,12377511000.0,,,12377511000.0,0.0,289240000.0,0.0,0.024,0.53,468358000.0,757598000.0,0.917,757598000.0,468358000.0,408278000.0,0.61,0.6,0.61,22653127000.0,,22653127000.0,67180011160.0,36.0,22.191,-357072000.0,-0.566,1.0,595827000.0,0.721,0.0,60080000.0,51320506000.0,,0.0,6237371000.0,,,13960066000.0,,,56313660160.0,63861000.0,9915000.0,183000.0,217190000.0,-336698000.0,-156222000.0,-403104000.0,-1900000.0,616374000.0,6813000.0,386991000.0,385480000.0,385480000.0,0.0,39251000.0,0.467,36187000.0,559640000.0,704954000.0,0.869,2.486,35.938,35.944,30273082000.0,1511000.0,89.14,16.908,16.877,0.0,-2151168000.0,826016000.0,826016000.0,0.0,,,,,25090000.0,65542000.0,1.0,631744000.0,631252000,655158000.0,1.309,40031850000.0,0.0,21287000.0,0.0,63.417,
7,PLD,MRQ,2019-09-30,2019-09-30,2019-09-30,2021-07-27,-1050246000.0,39448185000.0,,,,,35.689,-802669000.0,1024994000.0,1024994000.0,244268000.0,491013000.0,,0.6,11891345000.0,,,11891345000.0,0.0,282254000.0,0.0,0.024,0.53,525476000.0,807730000.0,0.857,807730000.0,525476000.0,465232000.0,0.71,0.71,0.71,22517210000.0,,22517210000.0,64755113380.0,31.0,20.013,-158530000.0,-0.251,1.0,697913000.0,0.741,0.0,60244000.0,50314536000.0,,0.0,5886820000.0,,,13512608000.0,,,53784813380.0,623804000.0,-69748000.0,1527000.0,737675000.0,-336599000.0,350523000.0,-364019000.0,11400000.0,644139000.0,-6839000.0,452146000.0,450639000.0,450639000.0,0.0,38867000.0,0.478,226433000.0,471480000.0,808898000.0,0.746,2.389,30.25,29.902,30061048000.0,1507000.0,85.22,16.241,16.236,0.0,-2201461000.0,942181000.0,942181000.0,0.0,,,,,20523000.0,65199000.0,1.0,631129000.0,630929000,655259000.0,1.493,39448185000.0,0.0,13086000.0,0.0,62.524,
8,PLD,MRQ,2019-06-30,2019-06-30,2019-06-30,2021-07-27,-1079109000.0,38706750000.0,,,,,35.43,-650294000.0,401190000.0,401190000.0,218344000.0,410826000.0,,0.579,11371490000.0,,,11371490000.0,0.0,284376000.0,0.0,0.025,0.53,471030000.0,755406000.0,0.956,755406000.0,471030000.0,411908000.0,0.61,0.6,0.61,22330808000.0,,22330808000.0,61373969300.0,31.0,19.756,-141687000.0,-0.225,1.0,572028000.0,0.724,0.0,59122000.0,49677050000.0,,0.0,5813582000.0,,,12929317000.0,,,50526519300.0,150160000.0,-106853000.0,1890000.0,145738000.0,-336269000.0,-285266000.0,-77866000.0,2479000.0,508607000.0,4685000.0,385276000.0,383784000.0,383784000.0,0.0,25550000.0,0.486,129972000.0,442056000.0,740941000.0,0.869,2.263,30.188,29.234,30204435000.0,1492000.0,80.1,16.556,16.542,0.0,-2317008000.0,790372000.0,790372000.0,0.0,,,,,20186000.0,66276000.0,1.0,630793000.0,630271000,655447000.0,1.254,38706750000.0,0.0,26632000.0,0.0,61.413,
9,PLD,MRQ,2019-03-31,2019-03-31,2019-03-31,2021-07-27,-1029206000.0,38392112000.0,,,,,35.47,-697074000.0,251030000.0,251030000.0,226126000.0,373765000.0,,0.563,11098480000.0,,,11098480000.0,0.0,284009000.0,0.0,0.027,0.53,422565000.0,706574000.0,0.915,706574000.0,422565000.0,362058000.0,0.55,0.55,0.55,22334483000.0,,22334483000.0,56099641500.0,29.0,18.944,-202160000.0,-0.321,1.0,545926000.0,0.707,0.0,60507000.0,49239562000.0,,0.0,5613060000.0,,,12568051000.0,,,45353682500.0,-92826000.0,279980000.0,2482000.0,-297908000.0,-336094000.0,-748634000.0,159639000.0,-18763000.0,494914000.0,1255000.0,348546000.0,347047000.0,347047000.0,0.0,25219000.0,0.45,169336000.0,376590000.0,695761000.0,0.964,2.031,27.917,26.069,29910791000.0,1499000.0,71.95,15.732,15.715,0.0,-2366015000.0,772052000.0,772052000.0,0.0,,,,,31758000.0,69701000.0,1.0,630350000.0,629676000,654359000.0,1.226,38392112000.0,0.0,13512000.0,0.0,60.971,
10,PLD,MRQ,2018-12-31,2018-12-31,2018-12-31,2021-07-27,-1084671000.0,38417664000.0,,,,,35.414,-1184971000.0,343856000.0,343856000.0,220134000.0,690490000.0,,0.566,11089815000.0,,,11089815000.0,0.0,286758000.0,0.0,0.033,0.48,679158000.0,965916000.0,1.197,965916000.0,679158000.0,616778000.0,0.98,0.97,0.98,22298093000.0,,22298093000.0,47922568600.0,25.0,16.588,-655330000.0,-1.041,1.0,586951000.0,0.727,0.0,62380000.0,49163623000.0,,0.0,5745294000.0,,,12616776000.0,,,36966001600.0,68294000.0,141723000.0,1738000.0,-124671000.0,-303791000.0,-443010000.0,-19691000.0,20703000.0,529641000.0,1354000.0,598060000.0,596568000.0,596568000.0,0.0,92430000.0,0.739,-495125000.0,1082076000.0,760515000.0,0.49,1.658,22.493,20.248,29930307000.0,1492000.0,58.72,13.181,11.88,0.0,-2378467000.0,807085000.0,807085000.0,0.0,,,,,18064000.0,56698000.0,1.0,629530000.0,629632000,655159000.0,1.282,38417664000.0,0.0,18718000.0,0.0,61.016,
11,PLD,MRQ,2018-09-30,2018-09-30,2018-09-30,2021-07-27,-1046565000.0,38268162000.0,,,,,38.346,-824979000.0,275562000.0,275562000.0,182574000.0,375520000.0,,0.582,11232129000.0,,,11232129000.0,0.0,252702000.0,0.0,0.028,0.48,425978000.0,678680000.0,0.995,678680000.0,425978000.0,361792000.0,0.6,0.6,0.6,22030599000.0,,22030599000.0,45052175530.0,27.0,17.865,-324285000.0,-0.564,1.0,499858000.0,0.732,0.0,64186000.0,49224729000.0,,0.0,5618178000.0,,,12830507000.0,,,36152881530.0,-252268000.0,-39063000.0,831000.0,27213000.0,-304331000.0,-288847000.0,-457331000.0,985000.0,500694000.0,-6784000.0,347836000.0,346345000.0,346345000.0,0.0,27684000.0,0.508,318337000.0,181521000.0,873412000.0,0.8,1.641,26.932,27.335,29834349000.0,1491000.0,67.79,13.813,14.881,0.0,-2672736000.0,682432000.0,682432000.0,0.0,,,,,18947000.0,62244000.0,1.0,533307000.0,574520000,597647000.0,1.188,38268162000.0,0.0,13956000.0,0.0,66.609,
12,PLD,MRQ,2018-06-30,2018-06-30,2018-06-30,2021-07-27,-1041486000.0,29502882000.0,,,,,29.361,-653325000.0,527830000.0,527830000.0,168179000.0,364991000.0,,0.689,9427124000.0,,,9427124000.0,0.0,203673000.0,0.0,0.028,0.48,406505000.0,610178000.0,0.982,610178000.0,406505000.0,350191000.0,0.63,0.62,0.63,15638570000.0,,15638570000.0,44030416530.0,20.0,14.652,-229342000.0,-0.431,1.0,453097000.0,0.729,0.0,56314000.0,38402176000.0,,0.0,5414623000.0,,,10776379000.0,,,35028338530.0,69731000.0,-7690000.0,3089000.0,313199000.0,-257558000.0,-4275000.0,-338636000.0,0.0,423983000.0,-11341000.0,336087000.0,334611000.0,334611000.0,0.0,28904000.0,0.539,265803000.0,187294000.0,719679000.0,0.762,2.24,18.709,18.609,21271466000.0,1476000.0,65.69,13.803,13.788,0.0,-2716241000.0,621276000.0,621276000.0,0.0,,,,,19086000.0,57615000.0,1.0,533237000.0,532639000,554515000.0,1.166,29502882000.0,0.0,14104000.0,0.0,55.39,
13,PLD,MRQ,2018-03-31,2018-03-31,2018-03-31,2021-07-27,-903343000.0,29671485000.0,,,,,29.464,-516941000.0,458099000.0,458099000.0,186801000.0,391959000.0,,0.694,9460177000.0,,,9460177000.0,0.0,204081000.0,0.0,0.029,0.48,431175000.0,635256000.0,0.916,635256000.0,431175000.0,383930000.0,0.69,0.68,0.69,15680075000.0,,15680075000.0,42542656460.0,20.0,14.268,-167700000.0,-0.315,1.0,506855000.0,0.731,0.0,47245000.0,38673563000.0,,0.0,5675999000.0,,,10883365000.0,,,33577071460.0,11053000.0,59080000.0,1233000.0,-156708000.0,-257687000.0,-495969000.0,151862000.0,30294000.0,349241000.0,5919000.0,367378000.0,365902000.0,365902000.0,0.0,24581000.0,0.527,269748000.0,237107000.0,692853000.0,0.696,2.141,18.607,18.526,21676843000.0,1476000.0,62.99,12.516,12.496,0.0,-2794770000.0,693656000.0,693656000.0,0.0,,,,,19996000.0,62428000.0,1.0,533054000.0,532185000,554123000.0,1.303,29671485000.0,0.0,16552000.0,0.0,55.754,
14,PLD,MRQ,2017-12-31,2017-12-31,2017-12-31,2021-07-27,-901658000.0,29481075000.0,,,,,29.41,-740778000.0,447046000.0,447046000.0,175698000.0,338873000.0,,0.689,9412631000.0,,,9412631000.0,0.0,222501000.0,0.0,0.027,0.44,375197000.0,597698000.0,0.964,597698000.0,375197000.0,313167000.0,0.56,0.55,0.56,15631158000.0,,15631158000.0,43476948820.0,22.0,15.199,-413845000.0,-0.779,1.0,444224000.0,0.717,0.0,62030000.0,38446660000.0,,0.0,5530710000.0,,,10775334000.0,,,34324609820.0,-121680000.0,60113000.0,2174000.0,-407935000.0,-235624000.0,-649297000.0,201391000.0,0.0,326933000.0,-707000.0,300886000.0,295515000.0,295515000.0,0.0,37987000.0,0.477,-897158000.0,1341382000.0,702804000.0,0.786,2.196,20.905,20.81,21779296000.0,5371000.0,64.51,13.11,13.069,0.0,-2904461000.0,619922000.0,619922000.0,0.0,,,,,18549000.0,59709000.0,1.0,532082000.0,531492000,554346000.0,1.166,29481075000.0,0.0,12281000.0,0.0,55.469,
15,PLD,MRQ,2017-09-30,2017-09-30,2017-09-30,2021-07-27,-924620000.0,29654150000.0,,,,,29.257,-541964000.0,568726000.0,568726000.0,164731000.0,913417000.0,,0.714,9721065000.0,,,9721065000.0,0.0,201903000.0,0.0,0.027,0.44,960030000.0,1161933000.0,1.927,1161933000.0,960030000.0,895840000.0,1.65,1.63,1.65,15543751000.0,,15543751000.0,44562593980.0,21.0,14.759,73189000.0,0.138,1.0,438143000.0,0.727,0.0,64190000.0,38806489000.0,,0.0,5371758000.0,,,11094894000.0,,,33752025980.0,297372000.0,-464085000.0,5310000.0,-559528000.0,-236468000.0,-830936000.0,512391000.0,0.0,615153000.0,764000.0,877893000.0,876218000.0,876218000.0,0.0,35524000.0,1.453,262652000.0,175491000.0,707049000.0,0.267,2.171,18.888,18.831,21999490000.0,1675000.0,63.46,12.891,12.877,0.0,-2965828000.0,602874000.0,602874000.0,0.0,,,,,20487000.0,57656000.0,1.0,531863000.0,531288000,554163000.0,1.135,29654150000.0,0.0,17947000.0,0.0,55.816,
16,PLD,MRQ,2017-06-30,2017-06-30,2017-06-30,2021-07-27,-934196000.0,30150395000.0,,,,,28.012,-525504000.0,271354000.0,271354000.0,199780000.0,287980000.0,,0.828,11081922000.0,,,11081922000.0,0.0,228145000.0,0.0,0.029,0.44,358752000.0,586897000.0,0.766,586897000.0,358752000.0,283398000.0,0.5,0.5,0.5,14847296000.0,,14847296000.0,41668774600.0,27.0,16.977,-133138000.0,-0.251,1.0,566403000.0,0.739,0.0,75354000.0,40960963000.0,,0.0,4637260000.0,,,12290157000.0,,,31097671600.0,-124475000.0,-13102000.0,23475000.0,-158325000.0,-235720000.0,-297423000.0,-226991000.0,17700000.0,392366000.0,7573000.0,268617000.0,266943000.0,266943000.0,0.0,19363000.0,0.348,291131000.0,275272000.0,554775000.0,0.88,2.095,26.133,26.062,23474915000.0,1674000.0,58.64,11.433,11.427,0.0,-3607253000.0,766183000.0,766183000.0,0.0,,,,,19224000.0,60077000.0,1.0,530315000.0,530040000,552114000.0,1.446,30150395000.0,0.0,14781000.0,0.0,56.883,
17,PLD,MRQ,2017-03-31,2017-03-31,2017-03-31,2021-07-27,-943282000.0,29814958000.0,,,,,27.892,-504473000.0,395829000.0,395829000.0,184455000.0,220689000.0,,0.824,10966932000.0,,,10966932000.0,0.0,226591000.0,0.0,0.033,0.44,287441000.0,514032000.0,0.817,514032000.0,287441000.0,214529000.0,0.38,0.38,0.38,14746867000.0,,14746867000.0,37263396600.0,24.0,15.169,-151679000.0,-0.287,1.0,444700000.0,0.707,0.0,72912000.0,40386061000.0,,0.0,4322887000.0,,,12146537000.0,,,27462418600.0,-411487000.0,1885000.0,1899000.0,249951000.0,-235072000.0,-828928000.0,56487000.0,16883000.0,352794000.0,8160000.0,204929000.0,203255000.0,203255000.0,0.0,15760000.0,0.323,282814000.0,161886000.0,549836000.0,1.158,1.862,22.915,22.855,23216412000.0,1674000.0,51.88,10.744,10.732,0.0,-3640150000.0,629155000.0,629155000.0,0.0,,,,,18380000.0,53617000.0,1.0,529345000.0,528721000,550010000.0,1.19,29814958000.0,0.0,9600000.0,0.0,56.391,
18,PLD,MRQ,2016-12-31,2016-12-31,2016-12-31,2021-07-27,-937473000.0,30249932000.0,,,,,28.391,-669937000.0,807316000.0,807316000.0,171773000.0,466702000.0,,0.787,10608294000.0,,,10608294000.0,0.0,225736000.0,0.0,0.032,0.42,530732000.0,756468000.0,1.22,756468000.0,530732000.0,460163000.0,0.84,0.83,0.84,14991081000.0,,14991081000.0,38787410060.0,25.0,15.523,-249943000.0,-0.473,1.0,448342000.0,0.723,0.0,70569000.0,40050910000.0,,0.0,4262529000.0,,,11791792000.0,,,27905533060.0,432196000.0,160053000.0,1369000.0,-231290000.0,-224071000.0,-496802000.0,521906000.0,64699000.0,419994000.0,-12902000.0,442197000.0,440539000.0,440539000.0,0.0,24505000.0,0.71,284134000.0,164208000.0,556179000.0,0.5,1.861,23.192,23.052,23360958000.0,1658000.0,52.79,11.016,10.964,0.0,-3610007000.0,620115000.0,620115000.0,0.0,,,,,16683000.0,56433000.0,1.0,528614000.0,528026000,550980000.0,1.174,30249932000.0,0.0,17966000.0,0.0,57.289,
19,PLD,MRQ,2016-09-30,2016-09-30,2016-09-30,2021-07-27,-889223000.0,30888209000.0,,,,,28.067,-667342000.0,375120000.0,375120000.0,185138000.0,307242000.0,,0.852,11256997000.0,,,11256997000.0,0.0,224867000.0,0.0,0.031,0.42,372155000.0,597022000.0,0.847,597022000.0,372155000.0,296845000.0,0.53,0.52,0.53,14799167000.0,,14799167000.0,39020150540.0,31.0,17.579,-303991000.0,-0.577,1.0,519427000.0,0.737,0.0,75310000.0,41770086000.0,,0.0,4614384000.0,,,12604939000.0,,,28212956540.0,42899000.0,-37500000.0,27747000.0,96749000.0,-224041000.0,-191310000.0,-129651000.0,0.0,363351000.0,509000.0,280926000.0,279255000.0,279255000.0,0.0,26316000.0,0.396,286803000.0,232624000.0,672111000.0,0.792,1.906,32.022,31.869,23932016000.0,1671000.0,53.54,11.037,11.044,0.0,-3828132000.0,704565000.0,704565000.0,0.0,,,,,14446000.0,58157000.0,1.0,526951000.0,527288000,547200000.0,1.336,30888209000.0,0.0,15919000.0,0.0,58.579,
20,PLD,MRQ,2016-06-30,2016-06-30,2016-06-30,2021-07-27,-848079000.0,30745934000.0,,,,,28.032,-566816000.0,332221000.0,332221000.0,168591000.0,295791000.0,,0.847,11139415000.0,,,11139415000.0,0.0,230382000.0,0.0,0.033,0.42,358676000.0,589058000.0,0.978,589058000.0,358676000.0,282221000.0,0.52,0.52,0.52,14712191000.0,,14712191000.0,37081431680.0,30.0,16.657,-217032000.0,-0.414,1.0,433564000.0,0.72,0.0,76455000.0,41553128000.0,,0.0,4517604000.0,,,12462900000.0,,,25763997680.0,-37516000.0,393922000.0,9162000.0,-556952000.0,-222784000.0,-920814000.0,527494000.0,19649000.0,349784000.0,6020000.0,277079000.0,275383000.0,275383000.0,0.0,18712000.0,0.457,291216000.0,142348000.0,627441000.0,0.808,1.751,29.931,29.902,24035212000.0,1696000.0,49.04,10.593,10.582,0.0,-3885017000.0,602155000.0,602155000.0,0.0,,,,,16747000.0,56934000.0,1.0,525367000.0,524842000,545388000.0,1.147,30745934000.0,0.0,5142000.0,0.0,58.581,
21,PLD,MRQ,2016-03-31,2016-03-31,2016-03-31,2021-07-27,-813900000.0,31375748000.0,,,,,27.914,-463591000.0,369737000.0,369737000.0,171874000.0,222805000.0,,0.891,11687171000.0,,,11687171000.0,0.0,250000000.0,0.0,0.036,0.42,306079000.0,556079000.0,0.917,556079000.0,306079000.0,225267000.0,0.4,0.39,0.4,14632661000.0,,14632661000.0,34547266320.0,32.0,16.91,-179715000.0,-0.343,1.0,434426000.0,0.717,0.0,80812000.0,42693182000.0,,0.0,4904214000.0,,,13035124000.0,,,23184515320.0,105657000.0,-5876000.0,1192000.0,-206829000.0,-222559000.0,-516539000.0,332289000.0,198369000.0,283876000.0,6031000.0,209730000.0,208041000.0,208041000.0,0.0,13075000.0,0.343,305228000.0,129198000.0,698678000.0,1.05,1.584,31.951,31.784,24204537000.0,1689000.0,44.18,9.906,9.895,0.0,-3939312000.0,606300000.0,606300000.0,0.0,,,,,12465000.0,50543000.0,1.0,524774000.0,524205000,543562000.0,1.157,31375748000.0,0.0,15537000.0,0.0,59.854,
22,PLD,MRQ,2015-12-31,2015-12-31,2015-12-31,2021-07-27,-791429000.0,31394767000.0,,,,,28.003,-786399000.0,264080000.0,264080000.0,182744000.0,126757000.0,,0.885,11626831000.0,,,11626831000.0,0.0,272906000.0,0.0,0.035,0.4,204680000.0,477586000.0,0.743,477586000.0,204680000.0,122015000.0,0.23,0.23,0.23,14667935000.0,,14667935000.0,34127350120.0,29.0,16.453,-426629000.0,-0.814,1.0,460457000.0,0.716,0.0,82665000.0,42757518000.0,,0.0,4990670000.0,,,12973931000.0,,,22503428120.0,-46353000.0,-20959000.0,6146000.0,-308443000.0,-211902000.0,-585065000.0,180003000.0,6644000.0,359770000.0,-1061000.0,119995000.0,118363000.0,118363000.0,0.0,6762000.0,0.184,354906000.0,105551000.0,712725000.0,1.739,1.534,26.082,25.855,24247084000.0,1632000.0,42.92,10.242,10.182,0.0,-3926483000.0,643201000.0,643201000.0,0.0,,,,,13541000.0,59769000.0,1.0,524311000.0,523800000,542413000.0,1.228,31394767000.0,0.0,2020000.0,0.0,59.937,
23,PLD,MRQ,2015-09-30,2015-09-30,2015-09-30,2021-07-27,-776570000.0,31419354000.0,,,,,27.948,-626064000.0,310433000.0,310433000.0,166816000.0,307186000.0,,0.905,11934355000.0,,,11934355000.0,0.0,247471000.0,0.0,0.037,0.4,356013000.0,603484000.0,1.039,603484000.0,356013000.0,274978000.0,0.49,0.49,0.49,14631570000.0,,14631570000.0,32158820300.0,22.0,14.279,-225396000.0,-0.431,1.0,413806000.0,0.713,0.0,81035000.0,43043276000.0,,0.0,5038725000.0,,,13234383000.0,,,20388540300.0,-40592000.0,-150250000.0,750000.0,-200473000.0,-211606000.0,-550449000.0,111385000.0,0.0,400668000.0,-2196000.0,260650000.0,258979000.0,258979000.0,0.0,46536000.0,0.446,310414000.0,103392000.0,697860000.0,0.816,1.393,17.683,17.289,24112913000.0,1671000.0,38.9,10.17,10.159,0.0,-3825673000.0,580622000.0,580622000.0,0.0,,,,,13406000.0,54178000.0,1.0,524127000.0,523528000,532073000.0,1.109,31419354000.0,0.0,14328000.0,0.0,60.015,
24,PLD,MRQ,2015-06-30,2015-06-30,2015-06-30,2021-07-27,-631265000.0,31602397000.0,,,,,28.102,-606877000.0,351025000.0,351025000.0,150767000.0,140260000.0,,0.901,12121305000.0,,,12121305000.0,0.0,190188000.0,0.0,0.037,0.36,215671000.0,405859000.0,0.795,405859000.0,215671000.0,146769000.0,0.27,0.27,0.27,14710751000.0,,14710751000.0,27891551700.0,21.0,14.076,-332520000.0,-0.635,1.0,359637000.0,0.705,0.0,68902000.0,43372677000.0,,0.0,5109005000.0,,,13248373000.0,,,19442143700.0,159012000.0,-4994464000.0,1294000.0,2625030000.0,-190604000.0,4763383000.0,-4880271000.0,120067000.0,274357000.0,1543000.0,141918000.0,140240000.0,140240000.0,0.0,-1658000.0,0.275,272289000.0,87348000.0,537432000.0,1.333,1.322,18.87,18.276,24387611000.0,1678000.0,37.1,10.571,10.559,0.0,-3870808000.0,510404000.0,510404000.0,0.0,,,,,13484000.0,51974000.0,1.0,524047000.0,523476000,530640000.0,0.975,31602397000.0,0.0,4851000.0,0.0,60.37,
25,PLD,MRQ,2015-03-31,2015-03-31,2015-03-31,2021-07-27,-701713000.0,25460821000.0,,,,,28.433,-448662000.0,192013000.0,192013000.0,152277000.0,351312000.0,,0.662,8641421000.0,,,8641421000.0,0.0,169808000.0,0.0,0.031,0.36,417528000.0,587336000.0,1.269,587336000.0,417528000.0,348767000.0,0.67,0.65,0.67,14614973000.0,,14614973000.0,31338238280.0,25.0,16.583,-367130000.0,-0.714,1.0,310570000.0,0.671,0.0,68761000.0,33910229000.0,,0.0,4757221000.0,,,9668014000.0,,,22308731280.0,-158679000.0,-88840000.0,82068000.0,101484000.0,-190585000.0,-31953000.0,-200349000.0,11323000.0,81532000.0,-7909000.0,346876000.0,345206000.0,345206000.0,0.0,4436000.0,0.746,226689000.0,83881000.0,459845000.0,0.537,1.526,23.171,22.806,18923021000.0,1670000.0,43.56,12.47,12.516,0.0,-3819351000.0,462847000.0,462847000.0,0.0,,,,,13234000.0,51306000.0,1.0,512138000.0,514022000,529022000.0,0.9,25460821000.0,0.0,1891000.0,0.0,49.533,
26,PLD,MRQ,2014-12-31,2014-12-31,2014-12-31,2021-07-27,-600337000.0,25775001000.0,,,,,27.884,-579335000.0,350692000.0,350692000.0,148860000.0,427724000.0,,0.758,9336977000.0,,,9336977000.0,0.0,171402000.0,0.0,0.031,0.33,484025000.0,655427000.0,1.454,655427000.0,484025000.0,409933000.0,0.82,0.81,0.82,13975509000.0,,13975509000.0,30025599670.0,33.0,19.224,-135649000.0,-0.271,1.0,302005000.0,0.67,0.0,74092000.0,34761286000.0,,0.0,4824724000.0,,,10591402000.0,,,21514526670.0,38813000.0,-126648000.0,363162000.0,-459042000.0,-169931000.0,-327665000.0,-61806000.0,13243000.0,443686000.0,-15402000.0,410287000.0,408609000.0,408609000.0,0.0,17437000.0,0.906,227049000.0,74956000.0,627999000.0,0.402,1.539,34.576,34.424,19399364000.0,1678000.0,43.03,12.219,12.209,0.0,-3974493000.0,450865000.0,450865000.0,0.0,,,,,14436000.0,47551000.0,1.0,499989000.0,501197000,512931000.0,0.9,25775001000.0,0.0,-354000.0,0.0,51.427,
27,PLD,MRQ,2014-09-30,2014-09-30,2014-09-30,2021-07-27,-510661000.0,24072103000.0,,,,,26.918,-599623000.0,311879000.0,311879000.0,124766000.0,147127000.0,,0.739,8822952000.0,,,8822952000.0,0.0,149202000.0,0.0,0.034,0.33,183737000.0,332939000.0,0.802,332939000.0,183737000.0,114651000.0,0.27,0.23,0.27,13440101000.0,,13440101000.0,27111686700.0,45.0,21.766,-454702000.0,-0.911,1.0,290385000.0,0.699,0.0,69086000.0,32583176000.0,,0.0,5814056000.0,,,9935354000.0,,,18849660700.0,44452000.0,-607050000.0,3584000.0,500564000.0,-166014000.0,327752000.0,-413841000.0,7651000.0,144921000.0,-14380000.0,137915000.0,136245000.0,136245000.0,0.0,9212000.0,0.328,212273000.0,78112000.0,556965000.0,1.222,1.402,69.127,68.545,16770837000.0,1670000.0,37.7,10.792,10.777,132464000.0,-4214224000.0,415151000.0,415151000.0,0.0,,,,,14056000.0,58203000.0,1.0,499991000.0,499292000,516088000.0,0.831,24072103000.0,0.0,-23264000.0,0.0,48.212,
28,PLD,MRQ,2014-06-30,2014-06-30,2014-06-30,2021-07-27,-385248000.0,24131562000.0,,,,,27.192,-347662000.0,267427000.0,267427000.0,137413000.0,152430000.0,,0.726,8529453000.0,,,8529453000.0,0.0,161577000.0,0.0,0.03,0.33,152446000.0,314023000.0,0.683,314023000.0,152446000.0,72262000.0,0.15,0.13,0.15,13571744000.0,,13571744000.0,29204178920.0,57.0,25.104,-114039000.0,-0.228,1.0,322676000.0,0.701,0.0,80184000.0,32393588000.0,,0.0,5575423000.0,,,9854712000.0,,,20532179920.0,78541000.0,-293112000.0,4036000.0,-32210000.0,-168004000.0,-483078000.0,327513000.0,180145000.0,233623000.0,483000.0,81180000.0,72715000.0,72715000.0,0.0,71250000.0,0.158,227402000.0,95274000.0,615849000.0,2.2,1.513,159.283,158.038,17133057000.0,8465000.0,41.09,11.702,11.688,123961000.0,-4188611000.0,460089000.0,460089000.0,0.0,,,,,13748000.0,60375000.0,1.0,499688000.0,499112000,516619000.0,0.922,24131562000.0,0.0,-8918000.0,0.0,48.349,
29,PLD,MRQ,2014-03-31,2014-03-31,2014-03-31,2021-07-27,-444594000.0,24655148000.0,,,,,27.213,-362497000.0,198636000.0,198636000.0,134680000.0,12003000.0,,0.749,8870635000.0,,,8870635000.0,0.0,160280000.0,0.0,0.029,0.33,99204000.0,259484000.0,0.597,259484000.0,99204000.0,13681000.0,0.01,0.01,0.01,13571035000.0,,13571035000.0,28905104371.0,61.0,25.723,-290254000.0,-0.582,1.0,300002000.0,0.69,0.0,85523000.0,33327147000.0,,0.0,4879625000.0,,,10161905000.0,,,20399227371.0,-302243000.0,-235861000.0,7465000.0,-152537000.0,-168241000.0,132184000.0,-517127000.0,0.0,72243000.0,10457000.0,6801000.0,4666000.0,4666000.0,0.0,5202000.0,0.011,228536000.0,71466000.0,572754000.0,33.0,1.503,373.12,371.182,18340747000.0,2135000.0,40.83,11.963,11.941,114880000.0,-4094689000.0,434682000.0,434682000.0,0.0,,,,,15238000.0,63203000.0,1.0,499613700.0,498696000,504373000.0,0.872,24655148000.0,0.0,6880000.0,0.0,49.439,
30,PLD,MRQ,2013-12-31,2013-12-31,2013-12-31,2021-07-27,-435675000.0,24572307000.0,,,,,27.517,-489989000.0,491129000.0,491129000.0,127277000.0,68269000.0,,0.758,9011216000.0,,,9011216000.0,0.0,167922000.0,0.0,0.03,0.28,171222000.0,339144000.0,0.776,339144000.0,171222000.0,83391000.0,0.12,0.11,0.12,13711158000.0,,13711158000.0,27382973020.0,33.0,18.341,-337248000.0,-0.677,1.0,309487000.0,0.709,0.0,87831000.0,33092394000.0,,0.0,4618239000.0,,,10395854000.0,,,18427837020.0,369436000.0,-346680000.0,3397000.0,-255513000.0,-142766000.0,-436512000.0,667254000.0,7848000.0,152741000.0,-14047000.0,61192000.0,59057000.0,59057000.0,-58783000.0,7077000.0,0.135,238008000.0,71479000.0,563993000.0,2.333,1.344,58.423,56.846,18255479000.0,2135000.0,36.95,10.527,10.26,107955000.0,-3932664000.0,436764000.0,436764000.0,0.0,,,,,14986000.0,63067000.0,1.0,498723600.0,498283000,500957000.0,0.877,24572307000.0,0.0,22199000.0,0.0,49.314,
31,PLD,MRQ,2013-09-30,2013-09-30,2013-09-30,2021-07-27,-451658000.0,24789543000.0,,,,,27.617,-424904000.0,164181000.0,164181000.0,128834000.0,-7167000.0,,0.765,9119317000.0,,,9119317000.0,0.0,159242000.0,0.0,0.03,0.28,91423000.0,250665000.0,0.593,250665000.0,91423000.0,6781000.0,-0.02,-0.02,-0.02,13753093000.0,,13753093000.0,26762786672.0,47.0,21.407,-296224000.0,-0.595,1.0,294224000.0,0.695,0.0,84642000.0,33744679000.0,,0.0,4399968000.0,,,10526021000.0,,,18757542672.0,-263731000.0,-690554000.0,52000.0,535879000.0,-142898000.0,356667000.0,-751184000.0,0.0,128680000.0,2106000.0,-5399000.0,-7534000.0,-7534000.0,-41503000.0,-1768000.0,-0.018,216843000.0,77381000.0,692241000.0,-14.0,1.364,678.343,627.0,19059538000.0,2135000.0,37.62,10.417,10.404,137879000.0,-3852846000.0,423058000.0,423058000.0,0.0,,,,,12263000.0,55034000.0,1.0,498605600.0,497989000,499848000.0,0.85,24789543000.0,0.0,12180000.0,0.0,49.779,
32,PLD,MRQ,2013-06-30,2013-06-30,2013-06-30,2021-07-27,-541355000.0,24037568000.0,,,,,28.392,-450242000.0,412066000.0,412066000.0,134843000.0,-4985000.0,,0.704,8417310000.0,,,8417310000.0,0.0,159412000.0,0.0,0.03,0.28,115001000.0,274413000.0,0.668,274413000.0,115001000.0,22787000.0,0.0,0.0,0.0,13799426000.0,,13799426000.0,27033153192.0,50.0,21.379,-375814000.0,-0.773,1.0,275850000.0,0.672,0.0,92214000.0,32042812000.0,,0.0,4074402000.0,,,9715066000.0,,,18792994192.0,-399935000.0,-275143000.0,1497140000.0,-669608000.0,-147662000.0,-23912000.0,-396730000.0,0.0,74428000.0,-53721000.0,2299000.0,-1517000.0,-1517000.0,-15607000.0,-7284000.0,-0.004,217336000.0,58514000.0,651081000.0,,1.362,-1657.231,-1886.0,18475956000.0,3816000.0,37.72,10.012,9.767,124980000.0,-3704034000.0,410693000.0,410693000.0,0.0,,,,,12235000.0,54909000.0,1.0,498223600.0,486032000,487925000.0,0.845,24037568000.0,0.0,20488000.0,0.0,49.457,
33,PLD,MRQ,2013-03-31,2013-03-31,2013-03-31,2021-07-27,-503786000.0,24075299000.0,,,,,27.089,-230592000.0,833964000.0,833964000.0,150263000.0,296932000.0,,0.869,9074123000.0,,,9074123000.0,0.0,177431000.0,0.0,0.028,0.28,451336000.0,628767000.0,1.31,628767000.0,451336000.0,336695000.0,0.58,0.57,0.58,12500895000.0,,12500895000.0,30016101490.0,53.0,22.819,-101452000.0,-0.22,1.0,329708000.0,0.687,0.0,114641000.0,32315458000.0,,0.0,3823214000.0,,,10864766000.0,,,18503043490.0,684549000.0,-175567000.0,5202000.0,-2127583000.0,-140528000.0,-2261865000.0,2814582000.0,0.0,129140000.0,2692000.0,284829000.0,265416000.0,265416000.0,-7627000.0,12103000.0,0.553,232669000.0,97039000.0,589034000.0,0.483,1.48,-1031.212,-999.5,18302862000.0,19413000.0,39.98,9.404,9.377,139691000.0,-3561429000.0,479971000.0,479971000.0,0.0,,,,,9755000.0,56197000.0,1.0,462807491.0,461468000,478952000.0,1.04,24075299000.0,0.0,51866000.0,0.0,52.171,
34,PLD,MRQ,2012-12-31,2012-12-31,2012-12-31,2021-07-27,-233563000.0,27310145000.0,,,,,28.385,-526510000.0,277736000.0,277736000.0,138089000.0,-215340000.0,,1.036,11790794000.0,,,11790794000.0,0.0,189561000.0,0.0,0.031,0.28,-93198000.0,96363000.0,0.198,96363000.0,-93198000.0,-215044000.0,-0.5,-0.5,-0.5,13069017000.0,,13069017000.0,29065962900.0,62.0,23.506,-436366000.0,-0.948,1.0,348799000.0,0.716,0.0,121846000.0,38823203000.0,,0.0,2383782000.0,,,13536809000.0,,,16818605900.0,-57378000.0,84755000.0,1539000.0,-588658000.0,-178675000.0,-725633000.0,577492000.0,55000000.0,90144000.0,619000.0,-218408000.0,-228713000.0,-228713000.0,-56998000.0,3068000.0,-0.47,515302000.0,-166503000.0,611770000.0,-0.56,1.287,-207.776,-202.722,23328463000.0,10305000.0,36.49,8.579,8.56,171084000.0,-3696093000.0,486888000.0,486888000.0,0.0,,,,,8084000.0,60608000.0,1.0,460910000.0,460420000,452578000.0,1.057,27310145000.0,0.0,3364000.0,0.0,59.316,
35,PLD,MRQ,2012-09-30,2012-09-30,2012-09-30,2021-07-27,-165100000.0,28576422000.0,,,,,29.303,-268199000.0,330703000.0,330703000.0,142161000.0,-32898000.0,,1.068,12578060000.0,,,12578060000.0,0.0,198296000.0,0.0,0.032,0.28,66613000.0,264909000.0,0.53,264909000.0,66613000.0,-56204000.0,-0.1,-0.1,-0.1,13481749000.0,,13481749000.0,28126320340.0,44.0,19.773,-54956000.0,-0.119,1.0,357301000.0,0.715,0.0,122817000.0,40823779000.0,,0.0,2486054000.0,,,14401901000.0,,,16137550340.0,-135443000.0,-89560000.0,6378000.0,48234000.0,-129237000.0,-105977000.0,-238236000.0,0.0,213243000.0,-4473000.0,-36221000.0,-46526000.0,-46526000.0,23404000.0,3323000.0,-0.093,282051000.0,75250000.0,625873000.0,-2.8,1.197,157.737,152.304,24071852000.0,10305000.0,35.03,8.523,8.512,181855000.0,-3335757000.0,499462000.0,499462000.0,0.0,,,,,7885000.0,55886000.0,1.0,460678000.0,460079000,461979000.0,1.086,28576422000.0,0.0,-19983000.0,0.0,62.112,
36,PLD,MRQ,2012-06-30,2012-06-30,2012-06-30,2021-07-27,-333811000.0,28415563000.0,,,,,29.284,-242770000.0,444815000.0,444815000.0,140993000.0,4668000.0,,1.058,12433585000.0,,,12433585000.0,0.0,187777000.0,0.0,0.034,0.28,137586000.0,325363000.0,0.649,325363000.0,137586000.0,10004000.0,-0.02,-0.02,-0.02,13466971000.0,,13466971000.0,27244266832.0,35.0,17.527,-154100000.0,-0.335,1.0,360188000.0,0.719,0.0,127582000.0,40404333000.0,,0.0,2465826000.0,,,14245996000.0,,,15299038832.0,-50105000.0,80798000.0,4473000.0,88697000.0,-130980000.0,-159683000.0,13798000.0,0.0,88670000.0,7110000.0,1929000.0,-8120000.0,-8120000.0,-16147000.0,2739000.0,-0.016,258584000.0,101604000.0,600019000.0,-14.0,1.136,74.897,73.844,24166196000.0,10049000.0,33.23,8.211,8.202,168008000.0,-3159462000.0,501181000.0,501181000.0,0.0,,,,,8046000.0,51415000.0,1.0,460398400.0,459878000,459878000.0,1.09,28415563000.0,0.0,8075000.0,0.0,61.789,
37,PLD,MRQ,2012-03-31,2012-03-31,2012-03-31,2021-07-27,-219574000.0,28867953000.0,,,,,29.873,-224454000.0,435693000.0,435693000.0,135612000.0,213097000.0,,1.044,12380921000.0,,,12380921000.0,0.0,191825000.0,0.0,0.031,0.28,358159000.0,549984000.0,1.147,549984000.0,358159000.0,225103000.0,0.44,0.44,0.44,13717655000.0,,13717655000.0,27666591082.0,45.0,20.817,-153019000.0,-0.333,1.0,343818000.0,0.717,0.0,133056000.0,40813181000.0,,0.0,2700180000.0,,,14317293000.0,,,16532247082.0,167664000.0,-314481000.0,18591000.0,43346000.0,-128942000.0,-80218000.0,176561000.0,0.0,71435000.0,-114000.0,212979000.0,202412000.0,202412000.0,-23770000.0,118000.0,0.422,258687000.0,85131000.0,674084000.0,0.636,1.205,271.385,-1801.0,24321584000.0,10567000.0,36.02,9.824,9.829,163679000.0,-3019829000.0,479430000.0,479430000.0,0.0,,,,,8123000.0,60159000.0,1.0,458974100.0,459203000,476107000.0,1.044,28867953000.0,0.0,12124000.0,0.0,62.865,
38,PLD,MRQ,2011-12-31,2011-12-31,2011-12-31,2021-07-27,-182321000.0,27723912000.0,,,,,36.87,-79448000.0,248064000.0,248064000.0,110344000.0,-40015000.0,,0.971,11382408000.0,,,11382408000.0,0.0,198304000.0,0.0,0.039,0.28,83898000.0,282202000.0,0.683,282202000.0,83898000.0,-43367000.0,-0.09,-0.09,-0.09,13661639000.0,,13661639000.0,24954180411.0,79.0,27.159,22669000.0,0.061,1.0,303045000.0,0.733,0.0,127265000.0,38858256000.0,,0.0,3180589000.0,,,13268438000.0,,,13101450411.0,-40677000.0,-187060000.0,0.0,-690401000.0,-129949000.0,-710701000.0,565458000.0,0.0,102117000.0,2449000.0,-35183000.0,-45459000.0,-45459000.0,-60745000.0,-4832000.0,-0.11,265821000.0,37224000.0,639490000.0,-3.111,0.959,-69.648,-56.059,22629630000.0,10276000.0,28.59,9.215,7.451,147999000.0,-3092162000.0,413389000.0,413389000.0,0.0,,,,,6512000.0,50797000.0,1.0,458252900.0,370534000,371730000.0,1.116,27723912000.0,0.0,-8184000.0,0.0,74.822,
39,PLD,MRQ,2011-09-30,2011-09-30,2011-09-30,2021-07-27,-102546000.0,28586304000.0,,,,,30.404,-385352000.0,294547000.0,294547000.0,137029000.0,65868000.0,,1.004,12147277000.0,,,12147277000.0,0.0,198031000.0,0.0,0.058,0.28,198870000.0,396901000.0,0.846,396901000.0,198870000.0,63007000.0,0.12,0.12,0.12,13932830000.0,,13932830000.0,22921450525.0,-28.0,-69.842,-264508000.0,-0.577,1.0,332108000.0,0.708,0.0,135863000.0,40439034000.0,,0.0,3254900000.0,,,13984338000.0,,,11130781525.0,-44144000.0,36119000.0,0.0,143894000.0,-128154000.0,-11375000.0,-150663000.0,-3245000.0,120844000.0,-2950000.0,65845000.0,55436000.0,55436000.0,-23313000.0,23000.0,0.118,252769000.0,79339000.0,633044000.0,2.333,0.799,-8.502,-4.152,23684202000.0,10409000.0,24.25,9.315,9.3,216423000.0,-2916997000.0,469137000.0,469137000.0,0.0,,,,,17369000.0,53341000.0,1.0,459001300.0,458256000,462408000.0,1.024,28586304000.0,0.0,-2838000.0,0.0,62.381,
40,PLD,MRQ,2011-06-30,2011-06-30,2011-06-30,2021-07-27,225364000.0,29134506000.0,,,,,46.639,-272595000.0,329283000.0,329283000.0,88795000.0,-143627000.0,,0.98,12119952000.0,,,12119952000.0,0.0,124428000.0,0.0,0.039,0.28,-24484000.0,99944000.0,0.311,99944000.0,-24484000.0,-137400000.0,-0.49,-0.49,-0.49,14353540000.0,,14353540000.0,9268368381.0,-10.0,-18.083,-291054000.0,-0.946,1.0,232117000.0,0.723,0.0,112916000.0,40925175000.0,,0.0,3371372000.0,,,14064261000.0,,,6077605381.0,236149000.0,-772643000.0,1156462000.0,59790000.0,-64987000.0,1080549000.0,-826116000.0,3245000.0,-18459000.0,175000.0,-143829000.0,-151471000.0,-151471000.0,-17559000.0,202000.0,-0.472,279085000.0,-46968000.0,702378000.0,-0.571,0.423,-4.405,-5.944,23984465000.0,7642000.0,35.84,6.368,11.558,197475000.0,-2842842000.0,320912000.0,320912000.0,0.0,,,,,6576000.0,51840000.0,1.0,169576043.0,307756000,307756000.0,1.043,29134506000.0,0.0,6429000.0,0.0,94.668,
41,PLD,MRQ,2011-03-31,2011-03-31,2011-03-31,2021-07-27,52554000.0,7420763000.0,,,,,12.967,-217710000.0,235288000.0,235288000.0,71176000.0,-40164000.0,,1.127,3426051000.0,,,3426051000.0,0.0,83121000.0,56420000.0,0.031,0.28,56649000.0,139770000.0,0.608,139770000.0,56649000.0,-33878000.0,-0.18,-0.18,-0.18,3302732000.0,,3302732000.0,9196538068.0,-11.0,-21.836,-215148000.0,-0.845,1.0,158691000.0,0.69,0.0,90527000.0,10611526000.0,,0.0,911003000.0,,,3720670000.0,,,6093654068.0,-12890000.0,50022000.0,31000.0,-121665000.0,-64043000.0,-195155000.0,178256000.0,-48550000.0,2562000.0,1447000.0,-40247000.0,-46616000.0,-46616000.0,-11784000.0,83000.0,-0.203,129904000.0,28787000.0,234869000.0,-1.556,1.845,-4.869,-6.366,5873984000.0,6369000.0,35.97,7.147,10.746,170867000.0,-9519000.0,229867000.0,229867000.0,0.0,,,,,-1537000.0,39183000.0,1.0,169409343.0,254698000,254698000.0,0.903,7420763000.0,0.0,6369000.0,0.0,29.136,
42,PLD,MRQ,2010-12-31,2010-12-31,2010-12-31,2021-07-27,-3160000.0,14902667000.0,,,,,31.242,-107389000.0,64715000.0,64715000.0,43572000.0,-1160863000.0,,0.984,6506029000.0,,,6506029000.0,0.0,89340000.0,0.0,0.035,0.56,-1054145000.0,-964805000.0,-5.514,-964805000.0,-1054145000.0,-1166179000.0,-5.29,-5.29,-5.29,7505223000.0,,7505223000.0,8200833460.0,-10.0,-16.974,-91205000.0,-0.38,1.0,131389000.0,0.751,0.0,112034000.0,21343981000.0,,0.0,2326805000.0,,,7382312000.0,,,5339517460.0,19835000.0,72868000.0,1132574000.0,-1830104000.0,-64735000.0,-817974000.0,821806000.0,-183199000.0,16184000.0,-181000.0,-1160272000.0,-1166589000.0,-1166589000.0,-254779000.0,-591000.0,-6.668,844405000.0,-713016000.0,388536000.0,-0.106,0.711,-4.12,-5.375,11283963000.0,6317000.0,31.71,6.355,8.285,58979000.0,-2515722000.0,174961000.0,174961000.0,0.0,,,,,7827000.0,50095000.0,1.0,168385918.0,240227000,240227000.0,0.728,14902667000.0,0.0,-5907000.0,0.0,62.036,
43,PLD,MRQ,2010-09-30,2010-09-30,2010-09-30,2021-07-27,28352000.0,7123726000.0,,,,,15.644,-146164000.0,205591000.0,205591000.0,66360000.0,-8493000.0,,1.028,3066907000.0,,,3066907000.0,0.0,93552000.0,57089000.0,0.042,0.28,119005000.0,212557000.0,0.93,212557000.0,119005000.0,-1228000.0,-0.07,-0.07,-0.07,3331283000.0,,3331283000.0,7208346761.0,13.0,7.013,-24288000.0,-0.114,1.0,162254000.0,0.71,0.0,120233000.0,9985042000.0,,0.0,690088000.0,,,3424707000.0,,,4454385761.0,-7303000.0,-78732000.0,1173000.0,-87833000.0,-72108000.0,-168335000.0,37538000.0,-81000000.0,121876000.0,1618000.0,-8683000.0,-15052000.0,-15052000.0,-26583000.0,190000.0,-0.066,126517000.0,35737000.0,249386000.0,-4.0,1.337,-1598.846,240.636,5880304000.0,6369000.0,26.47,3.811,4.823,159093000.0,-22897000.0,228614000.0,228614000.0,0.0,,,,,5349000.0,34959000.0,1.0,168280535.0,212945000,212945000.0,1.074,7123726000.0,0.0,7455000.0,0.0,33.453,
44,PLD,MRQ,2010-06-30,2010-06-30,2010-06-30,2021-07-27,13336000.0,7059992000.0,,,,,15.746,-259264000.0,240694000.0,240694000.0,64020000.0,-16590000.0,,0.997,2994655000.0,,,2994655000.0,0.0,129431000.0,53555000.0,0.047,0.0,61890000.0,191321000.0,0.873,191321000.0,61890000.0,-57030000.0,-0.11,-0.11,-0.11,3351338000.0,,3351338000.0,7125686393.0,13.0,7.46,-226606000.0,-1.065,1.0,155126000.0,0.708,0.0,118920000.0,9813953000.0,,0.0,687201000.0,,,3340682000.0,,,3987304393.0,24520000.0,39717000.0,27166000.0,58219000.0,-98171000.0,-50833000.0,57203000.0,13639000.0,32658000.0,-14508000.0,-16781000.0,-23150000.0,-23150000.0,-21101000.0,191000.0,-0.106,120808000.0,34318000.0,241133000.0,0.0,1.19,53.124,38.869,5769570000.0,6369000.0,23.71,3.646,4.614,156655000.0,-29872000.0,219146000.0,219146000.0,0.0,,,,,5097000.0,38921000.0,1.0,168169734.0,212840000,212840000.0,1.03,7059992000.0,0.0,-40249000.0,0.0,33.17,
45,PLD,MRQ,2010-03-31,2010-03-31,2010-03-31,2021-07-27,2709000.0,6909471000.0,,,,,19.504,-31113000.0,175338000.0,175338000.0,48118000.0,-620000.0,,1.262,3313720000.0,,,3313720000.0,0.0,44371000.0,52263000.0,0.051,0.28,32438000.0,76809000.0,0.498,76809000.0,32438000.0,-151000.0,-0.03,-0.03,-0.03,2899610000.0,,2899610000.0,7070819453.0,14.0,8.31,38952000.0,0.262,1.0,105972000.0,0.688,0.0,32589000.0,10047853000.0,,0.0,606838000.0,,,3658376000.0,,,4064300453.0,-33780000.0,-149054000.0,1548000.0,111759000.0,-45644000.0,67380000.0,-183252000.0,0.0,70065000.0,12027000.0,-151000.0,-4447000.0,-4447000.0,-840000.0,-469000.0,-0.029,83810000.0,22162000.0,246159000.0,-9.333,1.402,35.229,32.429,5771783000.0,4296000.0,27.24,3.972,3.958,142393000.0,-33111000.0,154090000.0,154090000.0,0.0,,,,,6812000.0,31951000.0,1.0,149203394.0,148666418,148666418.0,1.036,6909471000.0,0.0,0.0,0.0,46.476,
46,PLD,MRQ,2009-12-31,2009-12-31,2009-12-31,2021-07-27,3816000.0,6841958000.0,,,,,16.337,-1430591000.0,206077000.0,206077000.0,122417000.0,41787000.0,,1.208,3212596000.0,,,3212596000.0,0.0,204019000.0,53283000.0,0.044,0.56,343184000.0,547203000.0,0.965,547203000.0,343184000.0,58632000.0,0.32,0.32,0.32,2940016000.0,,2940016000.0,6709419468.0,17.0,9.208,-1549735000.0,-8.611,1.0,444489000.0,0.784,0.0,284552000.0,9848477000.0,,0.0,462130000.0,,,3550638000.0,,,3738114468.0,-90989000.0,1021708000.0,938751000.0,-1793005000.0,-179575000.0,-1164473000.0,1128137000.0,7585000.0,-119144000.0,64491000.0,52657000.0,39863000.0,39863000.0,-286861000.0,-10870000.0,0.07,421981000.0,22508000.0,238718000.0,1.75,1.271,-1410.609,-2555.0,5809278000.0,12794000.0,25.55,3.639,4.477,155958000.0,-29008000.0,566906000.0,566906000.0,0.0,,,,,753000.0,108108000.0,1.0,146305850.0,179966000,179966000.0,3.15,6841958000.0,0.0,5975000.0,0.0,38.018,
47,PLD,MRQ,2009-09-30,2009-09-30,2009-09-30,2021-07-27,15334000.0,6873266000.0,,,,,20.127,104687000.0,200696000.0,200696000.0,45146000.0,76464000.0,,1.204,3172001000.0,,,3172001000.0,0.0,45266000.0,52576000.0,0.047,0.28,94638000.0,139904000.0,0.911,139904000.0,94638000.0,67140000.0,0.43,0.43,0.43,2925043000.0,,2925043000.0,6389327023.0,-60.0,115.248,191798000.0,1.32,1.0,108421000.0,0.706,0.0,27498000.0,9844571000.0,,0.0,459612000.0,,,3523086000.0,,,3356386023.0,-11255000.0,2400000.0,-2000.0,-122672000.0,-44860000.0,-180852000.0,110768000.0,8968000.0,87111000.0,-28282000.0,67140000.0,62790000.0,62790000.0,-64045000.0,9324000.0,0.409,76433000.0,31988000.0,253311000.0,0.651,1.147,-13.759,-8.315,5870505000.0,4350000.0,22.95,5.521,5.486,135164000.0,-14871000.0,153567000.0,153567000.0,0.0,,,,,4540000.0,27169000.0,1.0,146247757.0,145332050,145658847.0,1.057,6873266000.0,0.0,0.0,0.0,47.294,
48,PLD,MRQ,2009-06-30,2009-06-30,2009-06-30,2021-07-27,-10503000.0,6885248000.0,,,,,19.759,-22828000.0,209345000.0,209345000.0,42953000.0,29034000.0,,1.251,3242286000.0,,,3242286000.0,0.0,37774000.0,50841000.0,0.07,0.28,49146000.0,86920000.0,0.585,86920000.0,49146000.0,21374000.0,0.12,0.12,0.12,2871302000.0,,2871302000.0,5700758184.0,-41.0,271.866,36475000.0,0.251,1.0,105619000.0,0.711,0.0,27772000.0,9918189000.0,,0.0,434008000.0,,,3593335000.0,,,2750342184.0,-77097000.0,4273000.0,-113000.0,-21793000.0,-44935000.0,-71679000.0,-18873000.0,0.0,59303000.0,-45848000.0,21374000.0,17162000.0,17162000.0,-12549000.0,7660000.0,0.116,72517000.0,33102000.0,255004000.0,2.333,0.958,-9.718,-6.376,5893846000.0,4212000.0,18.81,4.488,4.46,142288000.0,-78059000.0,148572000.0,148572000.0,0.0,,,,,4645000.0,25641000.0,1.0,146217022.0,145318364,145379807.0,1.022,6885248000.0,0.0,0.0,0.0,47.38,
49,PLD,MRQ,2009-03-31,2009-03-31,2009-03-31,2021-07-27,-15265000.0,6912935000.0,,,,,29.167,30607000.0,282298000.0,282298000.0,49388000.0,-123024000.0,,1.25,3232714000.0,,,3232714000.0,0.0,40067000.0,48941000.0,0.108,0.0,-85599000.0,-45532000.0,-0.279,-45532000.0,-85599000.0,-118398000.0,-1.24,-1.24,-1.24,2885060000.0,,2885060000.0,5156204981.0,-69.0,60.107,92432000.0,0.934,1.0,114031000.0,0.698,0.0,32799000.0,9863351000.0,,0.0,432503000.0,,,3607622000.0,,,1417250981.0,39067000.0,-3083000.0,552501000.0,-592304000.0,-2475000.0,-45632000.0,15245000.0,-8968000.0,61825000.0,7629000.0,-118398000.0,-122608000.0,-122608000.0,-18485000.0,-4626000.0,-0.75,248924000.0,-134893000.0,280666000.0,0.0,0.491,-6.222,-6.207,5844799000.0,4210000.0,14.4,2.125,2.136,145266000.0,-95481000.0,163419000.0,163419000.0,0.0,,,,,7304000.0,31313000.0,1.0,98420207.0,98915587,98915587.0,1.652,6912935000.0,0.0,0.0,0.0,69.887,
50,PLD,MRQ,2008-12-31,2008-12-31,2008-12-31,2021-07-27,22043000.0,7301648000.0,,,,,25.771,-244770000.0,251231000.0,251231000.0,38625000.0,-199252000.0,,1.724,3990185000.0,,,3990185000.0,0.0,38146000.0,59093000.0,0.067,0.52,-163998000.0,-125852000.0,-0.884,-125852000.0,-163998000.0,-197412000.0,-2.07,-2.04,-2.07,2515107000.0,,2515107000.0,5755311941.0,68.0,23.627,-182187000.0,-1.867,1.0,103756000.0,0.729,0.0,33414000.0,11040602000.0,,0.0,431322000.0,,,4335444000.0,,,2306635941.0,-61996000.0,7291000.0,0.0,187748000.0,-57395000.0,125201000.0,-241407000.0,48000.0,62583000.0,-8373000.0,-197412000.0,-201285000.0,-201285000.0,-72000.0,-1840000.0,-1.414,273415000.0,-169659000.0,282771000.0,-0.251,0.917,-34.712,-34.441,6242142000.0,3873000.0,23.42,3.404,3.366,160528000.0,29799000.0,142381000.0,142381000.0,0.0,,,,,4726000.0,40639000.0,1.0,98490006.0,97595905,91810702.0,1.459,7301648000.0,0.0,0.0,0.0,74.815,
51,PLD,MRQ,2008-09-30,2008-09-30,2008-09-30,2021-07-27,10704000.0,7317818000.0,,,,,23.099,-189691000.0,309547000.0,309547000.0,43189000.0,34737000.0,,1.858,3758223000.0,,,3758223000.0,0.0,43979000.0,57489000.0,0.045,0.52,61454000.0,105433000.0,0.665,105433000.0,61454000.0,28151000.0,0.24,0.24,0.24,2244029000.0,,2244029000.0,8181162226.0,22.0,15.42,-77256000.0,-0.795,1.0,115288000.0,0.727,0.0,33303000.0,10766494000.0,,0.0,433649000.0,,,4169273000.0,,,4440013226.0,-53823000.0,-20533000.0,729000.0,140748000.0,-54909000.0,70445000.0,-243376000.0,-45662000.0,112435000.0,6673000.0,28151000.0,23728000.0,23728000.0,-3028000.0,6586000.0,0.15,79436000.0,35852000.0,297178000.0,2.167,1.979,19.613,19.61,6162111000.0,4423000.0,45.3,6.463,6.406,163118000.0,228233000.0,158477000.0,158477000.0,0.0,,,,,5118000.0,34413000.0,1.0,98013537.0,97149079,98832143.0,1.631,7317818000.0,0.0,0.0,0.0,75.326,
52,PLD,MRQ,2008-06-30,2008-06-30,2008-06-30,2021-07-27,30893000.0,7926792000.0,,,,,20.623,-237547000.0,378526000.0,378526000.0,46209000.0,88030000.0,,2.249,4119675000.0,,,4119675000.0,0.0,38184000.0,57080000.0,0.04,0.52,113551000.0,151735000.0,0.749,151735000.0,113551000.0,77019000.0,0.75,0.73,0.75,2002113000.0,,2002113000.0,9112374123.0,22.0,16.136,-172395000.0,-1.776,1.0,156331000.0,0.772,0.0,36532000.0,11667941000.0,,0.0,373202000.0,,,4503715000.0,,,4936116123.0,83135000.0,-306000.0,3000000.0,227362000.0,-54783000.0,165007000.0,-145660000.0,66826000.0,65152000.0,-1364000.0,77019000.0,72401000.0,72401000.0,-5167000.0,11011000.0,0.357,75280000.0,81051000.0,270651000.0,0.693,2.465,18.16,18.188,6735097000.0,4618000.0,50.38,7.114,7.049,209926000.0,255066000.0,202540000.0,202540000.0,0.0,,,,,5094000.0,33744000.0,1.0,97977692.0,97083044,99269047.0,2.086,7926792000.0,0.0,0.0,0.0,81.65,
53,PLD,MRQ,2008-03-31,2008-03-31,2008-03-31,2021-07-27,37492000.0,7689254000.0,,,,,26.503,-122718000.0,322489000.0,322489000.0,44994000.0,69735000.0,,1.663,4498747000.0,,,4498747000.0,0.0,38341000.0,46404000.0,0.037,0.0,72889000.0,111230000.0,0.647,111230000.0,72889000.0,42932000.0,0.39,0.39,0.39,2590700000.0,,2590700000.0,9089589895.0,20.0,15.057,-60274000.0,-0.617,1.0,126864000.0,0.738,0.0,29957000.0,11865512000.0,,0.0,366385000.0,,,4308152000.0,,,5327589895.0,36396000.0,-94035000.0,-87212000.0,394119000.0,-53389000.0,219518000.0,-251325000.0,0.0,62444000.0,5759000.0,42932000.0,38980000.0,38980000.0,-3923000.0,26803000.0,0.227,76225000.0,50639000.0,219294000.0,0.0,2.056,17.141,17.276,6546346000.0,3952000.0,54.42,8.087,8.075,181910000.0,232859000.0,171858000.0,171858000.0,0.0,,,,,6529000.0,35126000.0,1.0,97897646.0,97750901,99668302.0,1.758,7689254000.0,0.0,0.0,0.0,78.662,
54,PLD,MRQ,2007-12-31,2007-12-31,2007-12-31,2021-07-27,11321000.0,7262403000.0,,,,,20.987,-178088000.0,250416000.0,250416000.0,40296000.0,154655000.0,,1.839,3494844000.0,,,3494844000.0,0.0,35753000.0,40842000.0,0.035,1.0,126405000.0,162158000.0,1.052,162158000.0,126405000.0,97199000.0,0.93,0.91,0.93,2066541000.0,,2066541000.0,8631241442.0,20.0,14.594,-154480000.0,-1.569,1.0,113831000.0,0.739,0.0,29206000.0,10506831000.0,,0.0,356194000.0,,,3801040000.0,,,5700456442.0,-76575000.0,-84416000.0,5004000.0,158475000.0,-57187000.0,88623000.0,-195005000.0,46000.0,23608000.0,6199000.0,97199000.0,91277000.0,91277000.0,-69776000.0,57456000.0,0.592,72955000.0,40876000.0,210447000.0,1.075,2.758,19.419,19.06,6321711000.0,5922000.0,57.56,8.758,8.595,184270000.0,244688000.0,154127000.0,154127000.0,0.0,,,,,2529000.0,34249000.0,1.0,99035032.0,98468436,100472173.0,1.565,7262403000.0,0.0,0.0,0.0,73.754,
55,PLD,MRQ,2007-09-30,2007-09-30,2007-09-30,2021-07-27,6040000.0,7063178000.0,,,,,20.287,-187141000.0,400011000.0,400011000.0,42664000.0,73110000.0,,1.829,3330796000.0,,,3330796000.0,0.0,37165000.0,39246000.0,0.032,0.5,102436000.0,139601000.0,0.844,139601000.0,102436000.0,73110000.0,0.7,0.69,0.7,2002784000.0,,2002784000.0,8770109161.0,20.0,14.84,-101786000.0,-1.031,1.0,122705000.0,0.742,0.0,29326000.0,9993963000.0,,0.0,360272000.0,,,3663830000.0,,,5975667161.0,72831000.0,74922000.0,-51955000.0,291718000.0,-54320000.0,154139000.0,-185043000.0,-47000.0,85355000.0,18380000.0,73110000.0,69155000.0,69155000.0,-7047000.0,0.0,0.418,76978000.0,45727000.0,238886000.0,0.714,2.984,20.893,19.805,5986391000.0,3955000.0,59.81,8.761,8.657,159269000.0,200981000.0,165369000.0,165369000.0,0.0,,,,,4114000.0,35145000.0,1.0,99910837.0,98722381,100914340.0,1.675,7063178000.0,0.0,0.0,0.0,71.546,
56,PLD,MRQ,2007-06-30,2007-06-30,2007-06-30,2021-07-27,-2068000.0,6759264000.0,,,,,20.107,-19959000.0,251052000.0,251052000.0,42568000.0,118269000.0,,1.671,3045494000.0,,,3045494000.0,0.0,39252000.0,38994000.0,0.035,0.5,151420000.0,190672000.0,1.139,190672000.0,151420000.0,118269000.0,1.13,1.1,1.13,1989321000.0,,1989321000.0,8282476361.0,20.0,14.466,55661000.0,0.563,1.0,124833000.0,0.746,0.0,33151000.0,9553706000.0,,0.0,349534000.0,,,3324415000.0,,,5302120361.0,-35850000.0,-70922000.0,2587000.0,128669000.0,-55406000.0,-13710000.0,-90028000.0,1589000.0,75620000.0,-7732000.0,118269000.0,111390000.0,111390000.0,-2407000.0,0.0,0.665,71849000.0,52984000.0,184036000.0,0.442,2.665,21.482,20.008,5843533000.0,6879000.0,53.22,7.606,7.554,166449000.0,181215000.0,167401000.0,167401000.0,0.0,,,,,4295000.0,30260000.0,1.0,99626463.0,98937407,101361013.0,1.692,6759264000.0,0.0,0.0,0.0,68.319,
57,PLD,MRQ,2007-03-31,2007-03-31,2007-03-31,2021-07-27,-1438000.0,6976983000.0,,,,,19.765,-148084000.0,286161000.0,286161000.0,43686000.0,25682000.0,,1.949,3266517000.0,,,3266517000.0,0.0,38310000.0,37274000.0,0.031,0.0,60077000.0,98387000.0,0.598,98387000.0,60077000.0,25682000.0,0.24,0.23,0.24,1823642000.0,,1823642000.0,8585746593.0,23.0,15.904,-92124000.0,-0.998,1.0,120819000.0,0.734,0.0,34395000.0,9957339000.0,,0.0,298133000.0,,,3553889000.0,,,5344209593.0,85055000.0,-8837000.0,491405000.0,-183061000.0,-44831000.0,190973000.0,-162164000.0,0.0,55960000.0,286000.0,25682000.0,21730000.0,21730000.0,-2870000.0,0.0,0.132,71718000.0,49101000.0,192598000.0,0.0,2.931,25.722,24.911,6104112000.0,3952000.0,58.79,7.574,7.688,141647000.0,119593000.0,164505000.0,164505000.0,0.0,,,,,5108000.0,29854000.0,1.0,90903378.0,92265002,95098711.0,1.783,6976983000.0,0.0,0.0,0.0,75.619,
58,PLD,MRQ,2006-12-31,2006-12-31,2006-12-31,2021-07-27,-1778000.0,6713512000.0,,,,,21.181,85856000.0,195878000.0,195878000.0,41537000.0,87562000.0,,1.969,3992616000.0,,,3992616000.0,0.0,40603000.0,36106000.0,0.031,0.92,121714000.0,162317000.0,0.878,162317000.0,121714000.0,87755000.0,0.95,0.91,0.95,1884298000.0,,1884298000.0,9033602263.0,23.0,16.534,200627000.0,2.255,1.0,143277000.0,0.775,0.0,33959000.0,10510250000.0,,0.0,274381000.0,,,3709295000.0,,,5234834263.0,20426000.0,-11974000.0,5941000.0,-42351000.0,-43707000.0,-138433000.0,44284000.0,35000.0,114771000.0,-196000.0,87755000.0,83738000.0,83738000.0,-19785000.0,-193000.0,0.453,75256000.0,68021000.0,186807000.0,0.968,2.778,24.997,24.523,5960992000.0,4017000.0,58.61,7.348,7.216,133998000.0,147274000.0,184814000.0,184814000.0,0.0,,,,,6350000.0,30431000.0,1.0,89316401.0,88962748,93051142.0,2.077,6713512000.0,0.0,0.0,0.0,75.464,
59,PLD,MRQ,2006-09-30,2006-09-30,2006-09-30,2021-07-27,-2155000.0,7578361000.0,,,,,9.35,-295499000.0,184230000.0,184230000.0,44540000.0,33387000.0,,5.201,3982998000.0,,,3982998000.0,0.0,43834000.0,43687000.0,0.033,0.46,77353000.0,121187000.0,0.672,121187000.0,77353000.0,33387000.0,0.34,0.33,0.34,823039000.0,,823039000.0,8512755068.0,19.0,14.102,-234362000.0,-2.662,1.0,135795000.0,0.753,0.0,43966000.0,11377129000.0,,0.0,135638000.0,,,4280356000.0,,,4870781068.0,-48008000.0,14476000.0,16180000.0,167127000.0,-44023000.0,177785000.0,-281619000.0,34000.0,61137000.0,-5311000.0,33387000.0,29963000.0,29963000.0,-3772000.0,0.0,0.166,73943000.0,61852000.0,206200000.0,1.353,5.918,18.392,17.835,6979253000.0,3424000.0,55.11,6.904,6.876,143594000.0,104789000.0,180335000.0,180335000.0,0.0,,,,,3445000.0,25641000.0,1.0,88382890.0,88029033,91058029.0,2.049,7578361000.0,0.0,0.0,0.0,86.089,
60,PLD,MRQ,2006-06-30,2006-06-30,2006-06-30,2021-07-27,373000.0,7336366000.0,,,,,8.567,-340775000.0,231912000.0,231912000.0,43589000.0,75353000.0,,5.519,3873886000.0,,,3873886000.0,0.0,38284000.0,44286000.0,0.035,0.46,119663000.0,157947000.0,0.898,157947000.0,119663000.0,75353000.0,0.83,0.8,0.83,748033000.0,,748033000.0,7946858214.0,18.0,13.523,-232927000.0,-2.668,1.0,132328000.0,0.752,0.0,44310000.0,10978340000.0,,0.0,141923000.0,,,4128109000.0,,,4448470214.0,59877000.0,7513000.0,3931000.0,291145000.0,-44416000.0,278712000.0,-334168000.0,2773000.0,107848000.0,7485000.0,75353000.0,72335000.0,72335000.0,-21199000.0,0.0,0.411,75219000.0,57109000.0,162930000.0,0.554,5.947,16.969,16.466,6720632000.0,3018000.0,50.55,6.492,6.441,127528000.0,115873000.0,175917000.0,175917000.0,0.0,,,,,6112000.0,25142000.0,1.0,88001389.0,87317494,90135659.0,2.015,7336366000.0,0.0,0.0,0.0,84.019,
61,PLD,MRQ,2006-03-31,2006-03-31,2006-03-31,2021-07-27,-1405000.0,7043563000.0,,,,,8.686,-319120000.0,168007000.0,168007000.0,44143000.0,27577000.0,,5.215,3666395000.0,,,3666395000.0,0.0,38122000.0,46459000.0,0.032,0.0,66730000.0,104852000.0,0.594,104852000.0,66730000.0,27577000.0,0.27,0.26,0.27,750785000.0,,750785000.0,7886313236.0,20.0,14.397,-267021000.0,-3.089,1.0,132264000.0,0.75,0.0,39153000.0,10541951000.0,,0.0,140061000.0,,,3915544000.0,,,4751985236.0,-90413000.0,999000.0,29469000.0,229018000.0,-42120000.0,165557000.0,-309057000.0,32000.0,52099000.0,988000.0,27577000.0,23384000.0,23384000.0,-9259000.0,0.0,0.133,66953000.0,65311000.0,154894000.0,0.0,6.329,20.767,20.026,6474276000.0,4193000.0,54.27,7.123,7.031,148907000.0,84070000.0,176407000.0,176407000.0,0.0,,,,,4829000.0,23048000.0,1.0,87561917.0,86432895,90179329.0,2.041,7043563000.0,0.0,0.0,0.0,81.492,
62,PLD,MRQ,2005-12-31,2005-12-31,2005-12-31,2021-07-27,-2416000.0,6802739000.0,,,,,8.172,393101000.0,267233000.0,267233000.0,37666000.0,141183000.0,,5.273,3401561000.0,,,3401561000.0,0.0,42269000.0,47055000.0,0.036,0.88,177409000.0,219678000.0,1.271,219678000.0,177409000.0,141183000.0,1.65,1.58,1.65,695164000.0,,695164000.0,7591309948.0,19.0,13.409,494628000.0,5.815,1.0,135175000.0,0.782,0.0,36226000.0,9937067000.0,,0.0,140274000.0,,,3665305000.0,,,4201860948.0,101006000.0,603000.0,8535000.0,-135939000.0,-39340000.0,-386179000.0,390035000.0,31000.0,101527000.0,-4377000.0,141183000.0,139144000.0,139144000.0,-79226000.0,0.0,0.805,56662000.0,78513000.0,170307000.0,0.533,6.044,16.779,16.5,6151597000.0,2039000.0,49.17,6.496,6.389,178682000.0,101124000.0,172841000.0,172841000.0,0.0,,,,,2673000.0,16688000.0,1.0,85455785.0,85063380,89219343.0,2.032,6802739000.0,0.0,0.0,0.0,79.973,
63,PLD,MRQ,2005-09-30,2005-09-30,2005-09-30,2021-07-27,-2297000.0,6836237000.0,,,,,5.036,-213618000.0,162437000.0,162437000.0,39842000.0,29068000.0,,8.97,3551886000.0,,,3551886000.0,0.0,38821000.0,45717000.0,0.039,0.44,66373000.0,105194000.0,0.657,105194000.0,66373000.0,29068000.0,0.32,0.31,0.32,425208000.0,,425208000.0,7059624630.0,23.0,15.105,-100843000.0,-1.194,1.0,120234000.0,0.751,0.0,37305000.0,10225686000.0,,0.0,137276000.0,,,3814311000.0,,,3823187630.0,-7087000.0,-2384000.0,23682000.0,107102000.0,-38862000.0,96145000.0,-214345000.0,30000.0,112775000.0,-1662000.0,29068000.0,27285000.0,27285000.0,-16534000.0,0.0,0.17,60563000.0,59671000.0,173450000.0,1.375,8.991,22.835,22.338,6302919000.0,1783000.0,44.9,6.682,6.626,158000000.0,,160076000.0,160076000.0,0.0,,,,,2679000.0,16815000.0,1.0,85148945.0,84437568,88373479.0,1.896,6836237000.0,0.0,0.0,0.0,80.962,
64,PLD,MRQ,2005-06-30,2005-06-30,2005-06-30,2021-07-27,-4397000.0,6624371000.0,,,,,5.107,-171747000.0,169471000.0,169471000.0,39916000.0,40789000.0,,8.555,3405908000.0,,,3405908000.0,0.0,40065000.0,39671000.0,0.03,0.44,77975000.0,118040000.0,0.748,118040000.0,77975000.0,40789000.0,0.47,0.45,0.47,426507000.0,,426507000.0,6786705801.0,22.0,14.309,-137837000.0,-1.65,1.0,117892000.0,0.747,0.0,37186000.0,9860808000.0,,0.0,142682000.0,,,3648852000.0,,,3650646801.0,-28819000.0,-6156000.0,5304000.0,135011000.0,-38785000.0,103070000.0,-163585000.0,28000.0,33910000.0,-2214000.0,40789000.0,39006000.0,39006000.0,-4488000.0,0.0,0.247,57463000.0,60429000.0,160474000.0,0.936,8.559,21.423,21.083,6072225000.0,1783000.0,43.43,6.295,6.255,173360000.0,9992000.0,157808000.0,157808000.0,0.0,,,,,2664000.0,20111000.0,1.0,84058181.0,83521538,87076011.0,1.889,6624371000.0,0.0,0.0,0.0,79.313,
65,PLD,MRQ,2005-03-31,2005-03-31,2005-03-31,2021-07-27,-2238000.0,6555084000.0,,,,,5.316,-5647000.0,215068000.0,215068000.0,39769000.0,46767000.0,,8.167,3351127000.0,,,3351127000.0,0.0,39626000.0,40195000.0,0.045,0.0,83641000.0,123267000.0,0.787,123267000.0,83641000.0,46767000.0,0.54,0.52,0.54,441912000.0,,441912000.0,6283022384.0,21.0,13.935,41956000.0,0.505,1.0,116953000.0,0.746,0.0,36874000.0,9691143000.0,,0.0,126837000.0,,,3609286000.0,,,3172424384.0,58389000.0,-48649000.0,10951000.0,99954000.0,-37083000.0,85108000.0,-72512000.0,-7972000.0,47603000.0,-1810000.0,46767000.0,44984000.0,44984000.0,-30285000.0,0.0,0.287,59376000.0,57577000.0,175217000.0,0.0,7.179,21.36,21.0,6006107000.0,1783000.0,37.8,5.488,5.436,135768000.0,8040000.0,156722000.0,156722000.0,0.0,,,,,4280000.0,18544000.0,1.0,83926571.0,83133730,86516695.0,1.885,6555084000.0,0.0,0.0,0.0,78.85,
66,PLD,MRQ,2004-12-31,2004-12-31,2004-12-31,2021-07-27,-991000.0,6386943000.0,,,,,5.752,-115157000.0,146593000.0,146593000.0,23287000.0,57934000.0,,7.412,3257191000.0,,,3257191000.0,0.0,40299000.0,40260000.0,0.042,0.85,80580000.0,120879000.0,1.239,120879000.0,80580000.0,57934000.0,0.68,0.66,0.68,474814000.0,,474814000.0,6411750926.0,24.0,15.321,-54277000.0,-0.658,1.0,74280000.0,0.761,0.0,22646000.0,9497541000.0,,0.0,68904000.0,,,3519477000.0,,,3350083926.0,-6986000.0,28140000.0,7588000.0,-75642000.0,-36958000.0,-12339000.0,-56540000.0,9330000.0,60880000.0,1013000.0,57934000.0,56152000.0,56152000.0,-42714000.0,0.0,0.576,40118000.0,34162000.0,180923000.0,1.25,7.056,28.309,28.049,5997838000.0,1782000.0,40.39,5.812,5.755,109028000.0,0.0,97567000.0,97567000.0,0.0,,,,,2501000.0,12312000.0,1.0,82943400.0,82543961,86437124.0,1.182,6386943000.0,0.0,0.0,0.0,77.376,
67,PLD,MRQ,2004-09-30,2004-09-30,2004-09-30,2021-07-27,515000.0,6221650000.0,,,,,6.95,-244805000.0,174323000.0,174323000.0,41226000.0,32049000.0,,6.152,3235990000.0,,,3235990000.0,0.0,39769000.0,0.0,0.034,0.0,72336000.0,112105000.0,0.668,112105000.0,72336000.0,32049000.0,0.37,0.35,0.37,571224000.0,,571224000.0,5929198561.0,25.0,15.714,-134540000.0,-1.637,1.0,126563000.0,0.754,0.0,40287000.0,9283317000.0,,0.0,71669000.0,,,3514340000.0,,,3060414561.0,-379000.0,3369000.0,5900000.0,209457000.0,-36864000.0,161350000.0,-273016000.0,526000.0,110265000.0,1022000.0,32049000.0,30266000.0,30266000.0,-13509000.0,0.0,0.18,55222000.0,71341000.0,237452000.0,0.0,5.358,34.971,34.598,5778869000.0,1783000.0,37.02,5.504,5.473,102078000.0,0.0,167789000.0,167789000.0,0.0,,,,,2467000.0,15656000.0,1.0,82669221.0,82193473,85395787.0,2.041,6221650000.0,0.0,0.0,0.0,75.695,
68,PLD,MRQ,2004-06-30,2004-06-30,2004-06-30,2021-07-27,599000.0,5936611000.0,,,,,7.406,-253424000.0,146136000.0,146136000.0,39769000.0,18906000.0,,5.382,3014920000.0,,,3014920000.0,0.0,35521000.0,0.0,0.049,0.85,59098000.0,94619000.0,0.607,94619000.0,59098000.0,18906000.0,0.21,0.2,0.21,607841000.0,,607841000.0,5463416254.0,24.0,15.367,-194479000.0,-2.37,1.0,116226000.0,0.745,0.0,40192000.0,8805395000.0,,0.0,76173000.0,,,3271494000.0,,,2860838254.0,-6990000.0,583000.0,2185000.0,209592000.0,-36980000.0,186941000.0,-255221000.0,26000.0,58945000.0,2345000.0,18906000.0,17123000.0,17123000.0,-6420000.0,0.0,0.11,52821000.0,63405000.0,215835000.0,4.048,4.707,36.775,36.453,5540820000.0,1783000.0,34.63,5.341,5.307,96524000.0,0.0,155995000.0,155995000.0,0.0,,,,,2919000.0,14731000.0,1.0,82611558.0,82071604,84535762.0,1.901,5936611000.0,0.0,0.0,0.0,72.335,
69,PLD,MRQ,2004-03-31,2004-03-31,2004-03-31,2021-07-27,540000.0,5606446000.0,,,,,8.055,-169520000.0,150903000.0,150903000.0,40977000.0,16582000.0,,4.501,2753481000.0,,,2753481000.0,0.0,35480000.0,0.0,0.045,0.0,55600000.0,91080000.0,0.578,91080000.0,55600000.0,16582000.0,0.18,0.17,0.18,658063000.0,,658063000.0,5459950880.0,24.0,15.434,-102261000.0,-1.252,1.0,116660000.0,0.74,0.0,39018000.0,8209024000.0,,0.0,77626000.0,,,2962095000.0,,,3042356880.0,-3931000.0,-246000.0,12048000.0,104083000.0,-35149000.0,73753000.0,-146625000.0,19525000.0,67259000.0,1682000.0,16582000.0,14799000.0,14799000.0,-2109000.0,0.0,0.094,52131000.0,64529000.0,167801000.0,0.0,4.623,40.344,40.402,5216167000.0,1783000.0,37.17,5.756,5.744,92081000.0,0.0,157637000.0,157637000.0,0.0,,,,,2557000.0,14567000.0,1.0,81849795.0,81691434,84861965.0,1.93,5606446000.0,0.0,0.0,0.0,68.63,
70,PLD,MRQ,2003-12-31,2003-12-31,2003-12-31,2021-07-27,1505000.0,5409559000.0,,,,,8.206,-321393000.0,156663000.0,156663000.0,17263000.0,28278000.0,,4.146,2574257000.0,,,2574257000.0,0.0,26482000.0,33461000.0,0.05,0.83,53024000.0,79506000.0,1.066,79506000.0,53024000.0,28278000.0,0.31,0.3,0.31,666067000.0,,666067000.0,4748611430.0,18.0,12.093,-225299000.0,-2.776,1.0,57306000.0,0.768,0.0,24746000.0,7827153000.0,,0.0,95154000.0,,,2761352000.0,,,2687831430.0,-700000.0,0.0,2173000.0,317235000.0,-38497000.0,255324000.0,-354130000.0,-30012000.0,96094000.0,2012000.0,28278000.0,25325000.0,25325000.0,-17374000.0,0.0,0.34,25629000.0,31677000.0,114558000.0,2.677,4.035,23.029,22.833,5017899000.0,2953000.0,32.88,5.199,5.158,88452000.0,0.0,74569000.0,74569000.0,0.0,,,,,2075000.0,11584000.0,1.0,81746698.0,81167336,83790712.0,0.919,5409559000.0,0.0,0.0,0.0,66.647,
71,PLD,MRQ,2003-09-30,2003-09-30,2003-09-30,2021-07-27,1016000.0,5045077000.0,,,,,7.102,29705000.0,152432000.0,152432000.0,39129000.0,25688000.0,,4.154,2213212000.0,,,2213212000.0,0.0,29080000.0,0.0,0.054,0.415,61250000.0,90330000.0,0.613,90330000.0,61250000.0,25688000.0,0.25,0.25,0.25,575981000.0,,575981000.0,4469550339.0,16.0,10.836,78258000.0,0.965,1.0,108265000.0,0.735,0.0,35562000.0,7105857000.0,,0.0,69225000.0,,,2392770000.0,,,2516247339.0,59959000.0,13985000.0,-99885000.0,159768000.0,-42057000.0,-31751000.0,42378000.0,0.0,48553000.0,779000.0,25688000.0,20547000.0,20547000.0,-9807000.0,0.0,0.139,44558000.0,63707000.0,133307000.0,1.66,4.369,20.266,20.27,4672285000.0,5141000.0,30.81,4.368,4.337,80927000.0,0.0,147394000.0,147394000.0,0.0,,,,,2021000.0,10824000.0,1.0,81669826.0,81096837,82720130.0,1.818,5045077000.0,0.0,0.0,0.0,62.211,
72,PLD,MRQ,2003-06-30,2003-06-30,2003-06-30,2021-07-27,236000.0,4976264000.0,,,,,21.261,-161472000.0,91161000.0,91161000.0,38053000.0,16935000.0,,1.284,2044464000.0,,,2044464000.0,0.0,39660000.0,0.0,0.058,0.415,53177000.0,92837000.0,0.623,92837000.0,53177000.0,16935000.0,0.18,0.18,0.18,1722506000.0,,1722506000.0,4260224466.0,15.0,10.131,-113116000.0,-1.396,1.0,110935000.0,0.745,0.0,36242000.0,6929567000.0,,0.0,81663000.0,,,2212085000.0,,,2280590466.0,-66374000.0,-2588000.0,2803000.0,-85636000.0,-33957000.0,56957000.0,-171687000.0,0.0,48356000.0,0.0,16935000.0,14740000.0,14740000.0,-5921000.0,0.0,0.099,51598000.0,59337000.0,125929000.0,2.306,1.324,17.682,17.943,4676024000.0,2195000.0,28.17,3.943,3.946,83116000.0,10347000.0,148988000.0,148988000.0,0.0,,,,,2038000.0,12122000.0,1.0,80958128.0,81015506,82465984.0,1.839,4976264000.0,0.0,0.0,0.0,61.424,
73,PLD,MRQ,2003-03-31,2003-03-31,2003-03-31,2021-07-27,134000.0,4905322000.0,,,,,20.803,123090000.0,149908000.0,149908000.0,39656000.0,58227000.0,,1.374,2129542000.0,,,2129542000.0,0.0,36453000.0,0.0,0.058,0.0,94141000.0,130594000.0,0.866,130594000.0,94141000.0,58227000.0,0.69,0.68,0.69,1687101000.0,,1687101000.0,4404581938.0,15.0,10.364,199895000.0,2.465,1.0,111228000.0,0.737,0.0,35914000.0,6884956000.0,,0.0,80866000.0,,,2317592000.0,,,2286434938.0,45461000.0,1307000.0,-19383000.0,-104311000.0,-37728000.0,-168508000.0,137164000.0,0.0,76805000.0,0.0,58227000.0,56104000.0,56104000.0,-35970000.0,0.0,0.372,47899000.0,63329000.0,146609000.0,0.0,1.355,16.22,16.52,4546583000.0,2123000.0,28.25,3.965,3.973,76056000.0,28311000.0,150884000.0,150884000.0,0.0,,,,,1941000.0,12186000.0,1.0,80935750.0,81097725,82514156.0,1.861,4905322000.0,0.0,0.0,0.0,60.487,
74,PLD,MRQ,2002-12-31,2002-12-31,2002-12-31,2021-07-27,31000.0,4983629000.0,,,,,9.583,-33158000.0,117214000.0,117214000.0,30805000.0,34892000.0,,3.077,2235361000.0,,,2235361000.0,0.0,30019000.0,0.0,0.06,0.82,68677000.0,98696000.0,0.766,98696000.0,68677000.0,34892000.0,0.4,0.39,0.4,785606000.0,,785606000.0,4370471426.0,17.0,11.22,45325000.0,0.553,1.0,98043000.0,0.761,0.0,33785000.0,7101776000.0,,0.0,77561000.0,,,2417077000.0,,,2261172426.0,13238000.0,-4260000.0,-57786000.0,20942000.0,-36704000.0,-88772000.0,23527000.0,74081000.0,78483000.0,0.0,34892000.0,32769000.0,32769000.0,-21465000.0,0.0,0.254,47258000.0,50785000.0,140503000.0,2.05,2.878,20.004,20.118,4662448000.0,2123000.0,27.36,4.015,4.047,74207000.0,0.0,128848000.0,128848000.0,0.0,,,,,1315000.0,10942000.0,1.0,82645191.0,81977955,83103318.0,1.572,4983629000.0,0.0,0.0,0.0,60.792,
75,PLD,MRQ,2002-09-30,2002-09-30,2002-09-30,2021-07-27,-8000.0,4942589000.0,,,,,20.764,-101612000.0,90840000.0,90840000.0,37629000.0,27074000.0,,1.374,2200139000.0,,,2200139000.0,0.0,33824000.0,0.0,0.056,0.41,64575000.0,98399000.0,0.657,98399000.0,64575000.0,27074000.0,0.3,0.3,0.3,1738453000.0,,1738453000.0,4495836192.0,18.0,11.773,-12902000.0,-0.154,1.0,112063000.0,0.749,0.0,37501000.0,7051888000.0,,0.0,77977000.0,,,2389215000.0,,,2410905192.0,-33059000.0,583000.0,-1804000.0,-27121000.0,-36665000.0,-16128000.0,-105641000.0,0.0,88710000.0,0.0,27074000.0,25363000.0,25363000.0,-7901000.0,0.0,0.169,43822000.0,68241000.0,0.0,1.367,1.387,23.92,23.884,4644161000.0,1711000.0,28.9,4.494,4.51,81003000.0,4317000.0,149692000.0,149692000.0,0.0,,,,,1988000.0,12376000.0,1.0,83422325.0,83723897,85527829.0,1.788,4942589000.0,0.0,0.0,0.0,59.034,
76,PLD,MRQ,2002-06-30,2002-06-30,2002-06-30,2021-07-27,-31000.0,4937280000.0,,,,,20.858,-154625000.0,119287000.0,119287000.0,33671000.0,28850000.0,,1.356,2204218000.0,,,2204218000.0,0.0,31972000.0,0.0,0.051,0.41,65334000.0,97306000.0,0.661,97306000.0,65334000.0,28850000.0,0.32,0.31,0.32,1746009000.0,,1746009000.0,4640802448.0,18.0,12.315,-78797000.0,-0.941,1.0,113535000.0,0.771,0.0,36484000.0,7022211000.0,,0.0,151258000.0,,,2366847000.0,,,2594861448.0,22324000.0,8702000.0,4047000.0,45334000.0,-36591000.0,89890000.0,-143394000.0,0.0,75828000.0,0.0,28850000.0,26725000.0,26725000.0,-5030000.0,0.0,0.182,40729000.0,72806000.0,0.0,1.281,1.486,24.741,24.603,4555197000.0,2125000.0,31.0,4.794,4.794,80366000.0,13535000.0,147206000.0,147206000.0,0.0,,,,,1103000.0,10762000.0,1.0,83705208.0,83710208,85529416.0,1.759,4937280000.0,0.0,0.0,0.0,58.981,
77,PLD,MRQ,2002-03-31,2002-03-31,2002-03-31,2021-07-27,0.0,4781123000.0,,,,,20.988,-18777000.0,99492000.0,99492000.0,34503000.0,30303000.0,,1.316,2145433000.0,,,2145433000.0,0.0,29675000.0,0.0,0.069,0.0,65307000.0,94982000.0,0.639,94982000.0,65307000.0,30303000.0,0.34,0.33,0.34,1748707000.0,,1748707000.0,4052828655.0,16.0,11.054,29467000.0,0.354,1.0,114199000.0,0.768,0.0,35004000.0,6827064000.0,,0.0,158351000.0,,,2301001000.0,,,2301899655.0,13758000.0,1433000.0,868000.0,7570000.0,-2125000.0,-13140000.0,-21346000.0,0.0,48244000.0,0.0,30303000.0,28178000.0,28178000.0,-4988000.0,0.0,0.189,37969000.0,76230000.0,0.0,0.0,1.316,21.724,21.654,4416620000.0,2125000.0,27.5,4.272,4.252,75399000.0,21544000.0,148702000.0,148702000.0,0.0,,,,,859000.0,10137000.0,1.0,83705442.0,83319047,84781872.0,1.785,4781123000.0,0.0,0.0,0.0,57.383,
78,PLD,MRQ,2001-12-31,2001-12-31,2001-12-31,2021-07-27,0.0,4768943000.0,,,,,20.789,-116968000.0,81732000.0,81732000.0,25120000.0,30250000.0,,1.302,2143714000.0,,,2143714000.0,0.0,30405000.0,0.0,0.072,0.79,60769000.0,91174000.0,1.004,91174000.0,60769000.0,30250000.0,0.25,0.24,0.25,1752342000.0,,1752342000.0,3927270492.0,15.0,10.485,-80354000.0,-0.953,1.0,65735000.0,0.724,0.0,30519000.0,6830925000.0,,0.0,158311000.0,,,2282315000.0,,,2176341492.0,-170356000.0,6251000.0,-8643000.0,118832000.0,-68454000.0,-101037000.0,-105933000.0,0.0,36614000.0,0.0,30250000.0,20525000.0,20525000.0,-16620000.0,0.0,0.226,51176000.0,14559000.0,133641000.0,3.16,1.242,18.121,18.182,4422232000.0,9725000.0,26.0,4.074,4.096,70794000.0,27640000.0,90855000.0,90855000.0,0.0,,,,,797000.0,9640000.0,1.0,83705442.0,84293102,85563188.0,1.078,4768943000.0,0.0,0.0,0.0,56.576,
79,PLD,MRQ,2001-09-30,2001-09-30,2001-09-30,2021-07-27,0.0,4831624000.0,,,,,20.942,-67213000.0,256872000.0,256872000.0,35151000.0,31577000.0,,1.248,2007801000.0,,,2007801000.0,0.0,28961000.0,0.0,0.075,0.395,64419000.0,93380000.0,0.604,93380000.0,64419000.0,31577000.0,0.35,0.34,0.35,1767388000.0,,1767388000.0,3817518658.0,15.0,10.683,18894000.0,0.224,1.0,119357000.0,0.772,0.0,32842000.0,6582553000.0,,0.0,177939000.0,,,2205178000.0,,,2082755658.0,108326000.0,-206000.0,-21113000.0,97561000.0,-35708000.0,61600000.0,-39381000.0,0.0,86107000.0,0.0,31577000.0,29452000.0,29452000.0,-471000.0,0.0,0.191,37631000.0,81726000.0,0.0,1.129,1.178,16.887,16.781,4300757000.0,2125000.0,24.5,3.814,3.786,68811000.0,35245000.0,154508000.0,154508000.0,0.0,,,,,662000.0,8796000.0,1.0,85010435.0,84395107,85644840.0,1.831,4831624000.0,0.0,0.0,0.0,57.25,
80,PLD,MRQ,2001-06-30,2001-06-30,2001-06-30,2021-07-27,0.0,4722165000.0,,,,,21.192,-104597000.0,176584000.0,176584000.0,33277000.0,29933000.0,,1.18,1911347000.0,,,1911347000.0,0.0,27323000.0,0.0,0.056,0.7,59774000.0,87097000.0,0.601,87097000.0,59774000.0,29933000.0,0.33,0.33,0.33,1789884000.0,,1789884000.0,3899875799.0,16.0,11.314,-15307000.0,-0.181,1.0,111531000.0,0.77,0.0,29841000.0,6456928000.0,,0.0,176115000.0,,,2112378000.0,,,2189045799.0,36474000.0,2707000.0,118000.0,48154000.0,-35692000.0,6665000.0,-59481000.0,61528000.0,89290000.0,0.0,29933000.0,27808000.0,27808000.0,-207000.0,0.0,0.192,36341000.0,75190000.0,0.0,2.121,1.223,17.291,17.173,4243784000.0,2125000.0,25.76,4.268,4.242,68982000.0,39039000.0,144808000.0,144808000.0,0.0,,,,,962000.0,9201000.0,1.0,84978486.0,84461544,85378727.0,1.714,4722165000.0,0.0,0.0,0.0,55.909,
81,PLD,MRQ,2001-03-31,2001-03-31,2001-03-31,2021-07-27,0.0,4638144000.0,,,,,21.418,-93418000.0,152224000.0,152224000.0,32920000.0,44440000.0,,1.136,1863054000.0,,,1863054000.0,0.0,26854000.0,0.0,0.06,0.0,75992000.0,102846000.0,0.71,102846000.0,75992000.0,44440000.0,0.5,0.5,0.5,1796892000.0,,1796892000.0,3865423589.0,17.0,11.705,-16867000.0,-0.201,1.0,111914000.0,0.773,0.0,31552000.0,6348974000.0,,0.0,269242000.0,,,2040969000.0,,,2071869589.0,78269000.0,-3411000.0,1020000.0,27545000.0,-2125000.0,160075000.0,-158357000.0,-61528000.0,76551000.0,0.0,44440000.0,42315000.0,42315000.0,0.0,0.0,0.292,35037000.0,76877000.0,0.0,0.0,1.153,16.356,16.4,4119357000.0,2125000.0,24.6,4.302,4.285,67482000.0,44814000.0,144834000.0,144834000.0,0.0,,,,,304000.0,8183000.0,1.0,84222341.0,83895993,84720917.0,1.726,4638144000.0,0.0,0.0,0.0,55.284,
82,PLD,MRQ,2000-12-31,2000-12-31,2000-12-31,2021-07-27,-3732000.0,4425626000.0,,,,,21.307,-227506000.0,42722000.0,42722000.0,20960000.0,25884000.0,,1.122,1836276000.0,,,1836276000.0,0.0,25223000.0,0.0,0.057,0.74,48812000.0,74035000.0,0.726,74035000.0,48812000.0,25884000.0,0.28,0.29,0.28,1767930000.0,,1767930000.0,3647524213.0,18.0,12.241,-127977000.0,-1.542,1.0,80965000.0,0.794,0.0,22928000.0,6219180000.0,,0.0,248097000.0,,,1983318000.0,,,2171887213.0,1554000.0,-1245000.0,439000.0,248303000.0,-62253000.0,192616000.0,-290591000.0,0.0,99529000.0,0.0,25884000.0,23759000.0,23759000.0,-13935000.0,0.0,0.233,26253000.0,54712000.0,56577000.0,2.643,1.228,19.172,19.119,4046276000.0,2125000.0,25.81,4.858,4.832,69874000.0,36066000.0,101925000.0,101925000.0,0.0,,,,,1022000.0,6428000.0,1.0,84149059.0,82975028,83907641.0,1.228,4425626000.0,0.0,0.0,0.0,53.337,
83,PLD,MRQ,2000-09-30,2000-09-30,2000-09-30,2021-07-27,-23000.0,4103042000.0,,,,,21.078,-131399000.0,37840000.0,37840000.0,27394000.0,34846000.0,,0.935,1513477000.0,,,1513477000.0,0.0,23312000.0,0.0,0.044,0.0,57408000.0,80720000.0,0.665,80720000.0,57408000.0,34846000.0,0.39,0.39,0.39,1773011000.0,,1773011000.0,3421635177.0,15.0,10.868,-90122000.0,-1.071,1.0,93977000.0,0.774,0.0,22562000.0,5578679000.0,,0.0,77981000.0,,,1657581000.0,,,2065218177.0,4061000.0,1425000.0,1472000.0,58882000.0,-33157000.0,116613000.0,-153829000.0,0.0,41277000.0,0.0,34846000.0,32721000.0,32721000.0,0.0,0.0,0.27,29299000.0,64678000.0,0.0,0.0,1.165,14.795,14.976,3776413000.0,2125000.0,24.56,4.523,4.524,0.0,43438000.0,121371000.0,121371000.0,0.0,,,,,0.0,5987000.0,1.0,84088688.0,84115613,84725109.0,1.443,4103042000.0,0.0,0.0,0.0,48.779,
84,PLD,MRQ,2000-06-30,2000-06-30,2000-06-30,2021-07-27,9961000.0,3853021000.0,,,,,21.214,-259969000.0,21674000.0,21674000.0,25088000.0,30007000.0,,0.851,1378091000.0,,,1378091000.0,0.0,22631000.0,0.0,0.063,0.74,50009000.0,72640000.0,0.64,72640000.0,50009000.0,30007000.0,0.33,0.33,0.33,1778800000.0,,1778800000.0,3087390583.0,12.0,9.542,-184364000.0,-2.199,1.0,88391000.0,0.779,0.0,20002000.0,5209438000.0,,0.0,77959000.0,,,1514259000.0,,,1914273583.0,-11919000.0,-9228000.0,0.0,118261000.0,-33145000.0,141255000.0,-228779000.0,-41275000.0,75605000.0,0.0,30007000.0,27882000.0,27882000.0,0.0,0.0,0.246,28615000.0,59776000.0,0.0,2.242,1.076,12.168,12.475,3658066000.0,2125000.0,22.83,4.282,4.282,0.0,41840000.0,113479000.0,113479000.0,0.0,,,,,0.0,5984000.0,1.0,83849040.0,83848883,84125277.0,1.353,3853021000.0,0.0,0.0,0.0,45.952,
85,PLD,MRQ,2000-03-31,2000-03-31,2000-03-31,2021-07-27,10798000.0,3656627000.0,,,,,21.256,-94760000.0,89094000.0,89094000.0,24973000.0,31045000.0,,0.78,1262211000.0,,,1262211000.0,0.0,19192000.0,0.0,0.049,0.0,51387000.0,70579000.0,0.64,70579000.0,51387000.0,31045000.0,0.34,0.34,0.34,1782336000.0,,1782336000.0,2966725394.0,11.0,8.909,-49996000.0,-0.596,1.0,85350000.0,0.774,0.0,20342000.0,4829744000.0,,0.0,67414000.0,,,1390931000.0,,,1833707394.0,-6650000.0,185000.0,269000.0,-9288000.0,-2125000.0,1886000.0,-53300000.0,41275000.0,44764000.0,0.0,31045000.0,28920000.0,28920000.0,0.0,0.0,0.262,24543000.0,60807000.0,0.0,0.0,1.029,10.746,10.859,3400249000.0,2125000.0,21.5,4.085,4.016,0.0,44988000.0,110323000.0,110323000.0,0.0,,,,,0.0,5351000.0,1.0,85288716.0,83849157,83863198.0,1.316,3656627000.0,0.0,0.0,0.0,43.61,
86,PLD,MRQ,1999-12-31,1999-12-31,1999-12-31,2021-07-27,28993000.0,3621550000.0,,,,,21.206,143854000.0,137019000.0,137019000.0,25382000.0,52193000.0,,0.743,1270037000.0,,,1270037000.0,0.0,17740000.0,0.0,0.07,0.7,73169000.0,90909000.0,0.816,90909000.0,73169000.0,52193000.0,0.58,0.58,0.58,1829259000.0,,1829259000.0,2934088222.0,11.0,8.842,148648000.0,1.723,1.0,86068000.0,0.772,0.0,20976000.0,4754568000.0,,0.0,110019000.0,,,1359408000.0,,,1726338222.0,-32282000.0,-6552000.0,-27300000.0,-8682000.0,-34948000.0,-75898000.0,38822000.0,-98480000.0,4794000.0,0.0,52193000.0,50068000.0,50068000.0,0.0,0.0,0.449,23847000.0,62221000.0,0.0,1.207,0.944,10.3,10.278,3327095000.0,2125000.0,19.94,3.852,3.838,35516000.0,47089000.0,111450000.0,111450000.0,0.0,,,,,-952000.0,6107000.0,1.0,86576641.0,86262814,86262815.0,1.292,3621550000.0,0.0,0.0,0.0,41.983,
87,PLD,MRQ,1999-09-30,1999-09-30,1999-09-30,2021-07-27,0.0,3647947000.0,,,,,20.833,124714000.0,70821000.0,70821000.0,26782000.0,52579000.0,,0.786,1278571000.0,,,1278571000.0,0.0,15693000.0,0.0,0.049,0.35,73726000.0,89419000.0,0.8,89419000.0,73726000.0,52579000.0,0.58,0.58,0.58,1802795000.0,,1802795000.0,3211838939.0,13.0,10.404,193448000.0,2.235,1.0,85002000.0,0.76,0.0,21147000.0,4855697000.0,,0.0,58685000.0,,,1416931000.0,,,1833381939.0,30691000.0,845000.0,183000.0,-138782000.0,-34532000.0,-163602000.0,125559000.0,0.0,68734000.0,0.0,52579000.0,50454000.0,50454000.0,0.0,0.0,0.451,21800000.0,63202000.0,0.0,0.603,1.017,12.799,12.765,3460992000.0,2125000.0,21.19,4.16,4.16,0.0,26842000.0,111784000.0,111784000.0,0.0,,,,,0.0,6107000.0,1.0,86521092.0,86536918,86637633.0,1.292,3647947000.0,0.0,0.0,0.0,42.155,
88,PLD,MRQ,1999-06-30,1999-06-30,1999-06-30,2021-07-27,0.0,3732544000.0,,,,,20.671,-1046000.0,40130000.0,40130000.0,28355000.0,43317000.0,,0.863,1418587000.0,,,1418587000.0,0.0,15178000.0,0.0,0.044,0.0,66908000.0,82086000.0,0.711,82086000.0,66908000.0,43317000.0,0.48,0.48,0.48,1783609000.0,,1783609000.0,3478995344.0,16.0,12.316,51305000.0,0.595,1.0,87022000.0,0.754,0.0,23591000.0,5111001000.0,,0.0,58278000.0,,,1539273000.0,,,2021731344.0,11144000.0,596000.0,158000.0,-78812000.0,-32234000.0,-40936000.0,-271000.0,179000.0,52351000.0,0.0,43317000.0,41192000.0,41192000.0,0.0,0.0,0.357,21985000.0,65037000.0,0.0,0.0,1.134,16.827,16.786,3577910000.0,2125000.0,23.5,4.779,4.793,0.0,6690000.0,115377000.0,115377000.0,0.0,,,,,0.0,6807000.0,1.0,86031121.0,86286613,86468820.0,1.337,3732544000.0,0.0,0.0,0.0,43.258,
89,PLD,MRQ,1999-03-31,1999-03-31,1999-03-31,2021-07-27,0.0,3696618000.0,,,,,20.483,-101308000.0,29165000.0,29165000.0,27404000.0,28014000.0,,0.914,1486429000.0,,,1486429000.0,0.0,18424000.0,0.0,0.066,0.35,50981000.0,69405000.0,0.633,69405000.0,50981000.0,28014000.0,0.3,0.3,0.3,1761533000.0,,1761533000.0,3128104123.0,16.0,12.143,-36796000.0,-0.428,1.0,82168000.0,0.75,0.0,22967000.0,5153882000.0,,0.0,57697000.0,,,1610225000.0,,,1785045123.0,3849000.0,1109000.0,391000.0,73987000.0,-31552000.0,39715000.0,-100378000.0,-179000.0,64512000.0,0.0,28014000.0,25889000.0,25889000.0,0.0,0.0,0.236,24626000.0,57542000.0,0.0,1.167,1.013,16.693,16.6,3549569000.0,2125000.0,20.75,4.546,4.545,0.0,,109572000.0,109572000.0,0.0,,,,,0.0,6202000.0,1.0,86026271.0,86001104,86020680.0,1.274,3696618000.0,0.0,0.0,0.0,42.983,
90,PLD,MRQ,1998-12-31,1998-12-31,1998-12-31,2021-07-27,0.0,3562885000.0,,,,,20.556,-203429000.0,25137000.0,25137000.0,25948000.0,27836000.0,,0.834,1368196000.0,,,1368196000.0,0.0,17412000.0,0.0,0.062,0.343,50401000.0,67813000.0,0.652,67813000.0,50401000.0,27836000.0,0.3,0.29,0.3,1765360000.0,,1765360000.0,3162635286.0,17.0,13.193,-163482000.0,-1.904,1.0,78079000.0,0.751,0.0,22565000.0,4905944000.0,,0.0,57655000.0,,,1472501000.0,,,1889239286.0,-5222000.0,10213000.0,0.0,16707000.0,-29411000.0,145200000.0,-190369000.0,2847000.0,39947000.0,0.0,27836000.0,25711000.0,25711000.0,0.0,0.0,0.247,23136000.0,54943000.0,0.0,1.143,1.07,17.34,17.323,3425706000.0,2125000.0,22.0,5.264,5.264,0.0,,104027000.0,104027000.0,0.0,,,,,0.0,5724000.0,1.0,85874513.0,85881993,86181935.0,1.211,3562885000.0,0.0,0.0,0.0,41.486,
91,PLD,MRQ,1998-09-30,1998-09-30,1998-09-30,2021-07-27,0.0,3327273000.0,,,,,20.573,-205369000.0,33206000.0,33206000.0,23165000.0,28872000.0,,0.802,1306602000.0,,,1306602000.0,0.0,14750000.0,0.0,0.045,0.343,48416000.0,63166000.0,0.672,63166000.0,48416000.0,28872000.0,0.32,0.32,0.32,1766676000.0,,1766676000.0,3316684181.0,23.0,17.56,-143856000.0,-1.675,1.0,70896000.0,0.754,0.0,19544000.0,4600669000.0,,0.0,67191000.0,,,1416208000.0,,,2216421181.0,4039000.0,1011000.0,0.0,102269000.0,-29412000.0,146884000.0,-204358000.0,0.0,61513000.0,0.0,28872000.0,27358000.0,27358000.0,0.0,0.0,0.291,19550000.0,51346000.0,0.0,1.072,1.255,23.964,43.746,3180026000.0,1514000.0,25.81,7.706,7.706,0.0,,94061000.0,94061000.0,0.0,,,,,0.0,4800000.0,1.0,85874513.0,85874513,86251857.0,1.095,3327273000.0,0.0,0.0,0.0,38.746,
92,PLD,MRQ,1998-06-30,1998-06-30,1998-06-30,2021-07-27,0.0,3033106000.0,,,,,19.44,-131970000.0,29167000.0,29167000.0,22252000.0,27978000.0,,0.727,1129430000.0,,,1129430000.0,0.0,13516000.0,0.0,0.033,0.343,43698000.0,57214000.0,0.673,57214000.0,43698000.0,27978000.0,0.33,0.32,0.33,1669417000.0,,1669417000.0,2997452568.0,29.0,22.719,-91070000.0,-1.061,1.0,62762000.0,0.738,0.0,15720000.0,4133369000.0,,0.0,67149000.0,,,1213938000.0,,,2103925568.0,583000.0,-67149000.0,0.0,189846000.0,-29413000.0,158802000.0,-199119000.0,0.0,40900000.0,0.0,27978000.0,27978000.0,27978000.0,0.0,0.0,0.329,16660000.0,46102000.0,0.0,1.039,1.26,29.488,16.443,2900472000.0,0.0,24.5,10.224,10.224,0.0,,85014000.0,85014000.0,0.0,,,,,0.0,3144000.0,1.0,85874513.0,85874513,86222175.0,0.99,3033106000.0,0.0,0.0,0.0,35.32,
93,PLD,MRQ,1998-03-31,1998-03-31,1998-03-31,2021-07-27,0.0,2798190000.0,,,,,19.455,-161449000.0,28584000.0,28584000.0,20252000.0,27906000.0,,0.601,922111000.0,,,922111000.0,0.0,11786000.0,0.0,0.02,0.343,39747000.0,51533000.0,0.68,51533000.0,39747000.0,27906000.0,0.32,0.32,0.32,1670705000.0,,1670705000.0,2717835999.0,45.0,35.646,-126629000.0,-1.475,1.0,55533000.0,0.733,0.0,11841000.0,3691717000.0,,0.0,0.0,,,1003722000.0,,,2072151999.0,-11384000.0,-38071000.0,0.0,153689000.0,0.0,153316000.0,-199520000.0,0.0,34820000.0,0.0,27906000.0,27906000.0,27906000.0,0.0,0.0,0.368,14504000.0,41029000.0,0.0,1.072,1.24,46.156,16.527,2755882000.0,0.0,24.13,16.35,16.35,0.0,,75785000.0,75785000.0,0.0,,,,,0.0,2718000.0,1.0,85874513.0,85874513,86284736.0,0.883,2798190000.0,0.0,0.0,0.0,32.585,
94,PLD,MRQ,1997-12-31,1997-12-31,1997-12-31,2021-07-27,0.0,2506255000.0,,,,,126.941,-231371000.0,39968000.0,39968000.0,13952000.0,9246000.0,,0.463,685652000.0,,,685652000.0,0.0,4195000.0,0.0,0.005,0.134,12774000.0,16969000.0,0.518,16969000.0,12774000.0,9246000.0,-0.38,-0.39,-0.38,1668030000.0,,1668030000.0,,,,-230377000.0,-17.532,1.0,18823000.0,0.574,0.0,3528000.0,3151939000.0,,0.0,0.0,,,773073000.0,,,2158026512.0,25421000.0,0.0,317009000.0,-31666000.0,-11506000.0,263872000.0,-239445000.0,-8074000.0,994000.0,0.0,9246000.0,9246000.0,9246000.0,0.0,0.0,0.282,0.0,18823000.0,38071000.0,-0.353,1.294,118.391,18.079,2438846000.0,0.0,25.13,38.494,5.89,0.0,,32775000.0,32775000.0,0.0,,,,,0.0,1197000.0,1.0,85874513.0,13140218,13168036.0,2.494,2506255000.0,0.0,0.0,0.0,190.732,
95,PLD,MRQ,1997-09-30,1997-09-30,1997-09-30,2021-07-27,,,,,,,,0.0,,,5986000.0,6218000.0,,,,,,,,0.0,,,0.0,6218000.0,6218000.0,0.51,6218000.0,6218000.0,6218000.0,1.22,1.22,1.22,,,,,,,5470000.0,1.077,1.0,6218000.0,0.51,,0.0,,,,,,,,,,,5246000.0,0.0,0.0,0.0,0.0,1212000.0,0.0,0.0,5470000.0,0.0,6218000.0,6218000.0,6218000.0,0.0,0.0,0.51,0.0,6218000.0,,0.0,,,,,0.0,,,,,,12204000.0,12204000.0,0.0,,,,,0.0,0.0,1.0,,5079855,5079855.0,2.402,,,0.0,,,
96,PLD,MRQ,1997-06-30,1997-06-30,1997-06-30,2021-07-27,,,,,,,,0.0,,,4446000.0,1525000.0,,,,,,,,0.0,,,0.0,1525000.0,1525000.0,0.255,1525000.0,1525000.0,1525000.0,0.3,0.3,0.3,,,,,,,4257000.0,0.838,1.0,1525000.0,0.255,,0.0,,,,,,,,,,,387000.0,0.0,0.0,0.0,0.0,-3870000.0,0.0,0.0,4257000.0,0.0,1525000.0,1525000.0,1525000.0,0.0,0.0,0.255,0.0,1525000.0,,0.0,,,,,0.0,,,,,,5971000.0,5971000.0,0.0,,,,,0.0,0.0,1.0,,5079855,5079855.0,1.175,,,0.0,,,
97,PLD,MRQ,1997-03-31,1997-03-31,1997-03-31,2021-07-27,,,,,,,,0.0,,,3873000.0,1239000.0,,,,,,,,0.0,,,0.0,1239000.0,1239000.0,0.242,1239000.0,1239000.0,1239000.0,0.24,0.24,0.24,,,,,,,1559000.0,0.307,1.0,1239000.0,0.242,,0.0,,,,,,,,,,,-2253000.0,0.0,0.0,0.0,0.0,-3812000.0,0.0,0.0,1559000.0,0.0,1239000.0,1239000.0,1239000.0,0.0,0.0,0.242,0.0,1239000.0,,0.0,,,,,0.0,,,,,,5112000.0,5112000.0,0.0,,,,,0.0,0.0,1.0,,5079855,5079855.0,1.006,,,0.0,,,
98,PLD,MRQ,1996-12-31,1996-12-31,1996-12-31,2021-07-27,0.0,7085000.0,,,,,1.24,,3093000.0,3093000.0,,,,0.103,0.0,,,0.0,0.0,,0.0,,0.0,,,,,,,,,,6300000.0,,6300000.0,,,,,,1.0,,,0.0,,3992000.0,,0.0,0.0,,,648000.0,,,,,,,,,,,,,,,,,,,,,,0.0,,,,,0.0,,,,,0.0,4522000.0,,,,,,,,,,1.0,,5079855,,,7085000.0,0.0,,0.0,1.395,
0,PLD,MRT,2021-06-30,2021-06-30,2021-06-30,2021-07-27,-1035120000.0,56441385000.0,55999699250.0,,,0.08,43.434,-3872942000.0,601446000.0,601446000.0,1199824000.0,1690534000.0,,0.622,16985305000.0,,,16985305000.0,0.0,1608115000.0,0.0,0.02,2.42,1977317000.0,3585432000.0,0.798,3585432000.0,1977317000.0,1680057000.0,2.08,2.08,2.08,32105713000.0,32045738000.0,32105713000.0,104252450690.0,53.0,29.077,-825383000.0,-1.117,1.0,3293704000.0,0.733,0.0,297260000.0,72825244000.0,72121874250.0,0.0,7811448000.0,,,19960581000.0,,,88425066690.0,52317000.0,-309831000.0,1109000.0,669162000.0,-1797433000.0,-1641502000.0,-1339168000.0,-10003000.0,3047559000.0,-14572000.0,1552111000.0,1543605000.0,1543605000.0,0.0,138423000.0,0.344,1021741000.0,2271963000.0,1304539000.0,1.163,2.754,57.285,57.466,44413609000.0,8506000.0,119.53,19.678,19.663,0.0,-2363348000.0,4493528000.0,4493528000.0,0.0,0.028,0.048,0.027,0.44,108546000.0,292866000.0,1.0,739773000.0,739190000,764652000.0,6.079,56441385000.0,0.0,127946000.0,0.0,76.356,
1,PLD,MRT,2021-03-31,2021-03-31,2021-03-31,2021-07-27,-1021551000.0,55732809000.0,55694817250.0,,,0.083,43.313,-3323156000.0,676074000.0,676074000.0,1223246000.0,1495159000.0,,0.604,16503458000.0,,,16503458000.0,0.0,1613574000.0,0.0,0.022,2.37,1793516000.0,3407090000.0,0.739,3407090000.0,1793516000.0,1483370000.0,1.82,1.81,1.82,32008517000.0,32080041750.0,32008517000.0,95124962000.0,53.0,27.92,-248550000.0,-0.336,1.0,3385564000.0,0.735,0.0,310146000.0,71560193000.0,71622600750.0,0.0,7514840000.0,,,19347606000.0,,,78387000000.0,-131797000.0,-128811000.0,2076000.0,212940000.0,-1760223000.0,-2014886000.0,-1172251000.0,-5946000.0,3074606000.0,-19266000.0,1358108000.0,1349519000.0,1349519000.0,0.0,137051000.0,0.293,1202480000.0,2183084000.0,1138924000.0,1.302,2.449,58.085,58.242,43635541000.0,8589000.0,106.0,17.008,16.997,0.0,-2495343000.0,4608810000.0,4608810000.0,0.0,0.024,0.042,0.025,0.389,112598000.0,283188000.0,1.0,739500000.0,738998000,764958000.0,6.237,55732809000.0,0.0,125262000.0,0.0,75.417,
2,PLD,MRT,2020-12-31,2020-12-31,2020-12-31,2021-07-27,-1193739000.0,56065005000.0,55513426750.0,,,0.08,43.897,-3530234000.0,598086000.0,598086000.0,1170104000.0,1616630000.0,,0.617,16849076000.0,,,16849076000.0,0.0,1561969000.0,0.0,0.023,2.32,1926779000.0,3488748000.0,0.786,3488748000.0,1926779000.0,1612272000.0,2.02,2.01,2.02,31971547000.0,32142773000.0,31971547000.0,89697431180.0,47.0,25.71,-593229000.0,-0.815,1.0,3268631000.0,0.736,0.0,314507000.0,72315995000.0,71326072500.0,0.0,7602014000.0,,,19740425000.0,,,73670964180.0,-490769000.0,-1823666000.0,-32612000.0,1031252000.0,-1722989000.0,-372162000.0,-3074330000.0,-2370000.0,2937005000.0,18718000.0,1481814000.0,1473122000.0,1473122000.0,0.0,134816000.0,0.332,1149687000.0,2118944000.0,1143372000.0,1.149,2.304,50.01,49.337,43845172000.0,8692000.0,99.66,16.597,16.353,0.0,-2394690000.0,4438735000.0,4438735000.0,0.0,0.027,0.046,0.027,0.434,109831000.0,274845000.0,1.0,739223000.0,728323000,754414000.0,6.094,56065005000.0,0.0,130458000.0,0.0,76.978,
3,PLD,MRT,2020-09-30,2020-09-30,2020-09-30,2021-07-27,-1184465000.0,55759598000.0,51505138000.0,,,0.081,43.481,-3408851000.0,940193000.0,940193000.0,1109316000.0,1734865000.0,,0.6,16966660000.0,,,16966660000.0,0.0,1434143000.0,0.0,0.023,2.27,1995507000.0,3429650000.0,0.826,3429650000.0,1995507000.0,1697776000.0,2.26,2.24,2.26,32097175000.0,29813168000.0,32097175000.0,89941129160.0,45.0,26.225,-459142000.0,-0.622,1.0,3043838000.0,0.733,0.0,297731000.0,71786065000.0,66077200250.0,0.0,7310960000.0,,,19270291000.0,,,74334836160.0,-84801000.0,-1818563000.0,-32777000.0,1222125000.0,-1629024000.0,-62184000.0,-2982926000.0,-2472000.0,2949709000.0,10600000.0,1586911000.0,1578132000.0,1578132000.0,0.0,147954000.0,0.38,847634000.0,2196204000.0,1119124000.0,1.004,2.316,47.103,44.522,43332319000.0,8779000.0,100.62,17.898,17.884,0.0,-2245921000.0,4153154000.0,4153154000.0,0.0,0.031,0.053,0.03,0.48,111450000.0,274243000.0,1.0,738768000.0,738194000,764619000.0,5.626,55759598000.0,0.0,110865000.0,0.0,75.535,
4,PLD,MRT,2020-06-30,2020-06-30,2020-06-30,2021-07-27,-1142129000.0,55221857000.0,47427284750.0,,,0.085,43.69,-3450475000.0,549129000.0,549129000.0,1062303000.0,1893357000.0,,0.573,16155422000.0,,,16155422000.0,0.0,1315659000.0,0.0,0.024,2.22,2125424000.0,3441083000.0,0.858,3441083000.0,2125424000.0,1848160000.0,2.57,2.55,2.57,32242928000.0,27418176750.0,32242928000.0,84298691060.0,40.0,24.498,-834613000.0,-1.131,1.0,2950259000.0,0.735,0.0,277264000.0,70828150000.0,60709318000.0,0.0,7201006000.0,,,18475648000.0,,,68931858060.0,147939000.0,-1894177000.0,-31268000.0,1579370000.0,-1535034000.0,548664000.0,-3018286000.0,9133000.0,2615862000.0,1699000.0,1736363000.0,1730076000.0,1730076000.0,0.0,156994000.0,0.431,839095000.0,2111164000.0,1140569000.0,0.864,2.138,39.843,36.315,43145236000.0,6287000.0,93.33,17.179,17.165,0.0,-2115679000.0,4012562000.0,4012562000.0,0.0,0.036,0.063,0.035,0.53,105419000.0,265094000.0,1.0,738582000.0,737992000,765830000.0,5.437,55221857000.0,0.0,111797000.0,0.0,74.827,
5,PLD,MRT,2020-03-31,2020-03-31,2020-03-31,2021-07-27,-1142352000.0,55007247000.0,43298508000.0,,,0.082,46.199,-3361547000.0,807871000.0,807871000.0,966993000.0,1849245000.0,,0.565,16174704000.0,,,16174704000.0,0.0,1201840000.0,0.0,0.027,2.17,2062472000.0,3264312000.0,0.923,3264312000.0,2062472000.0,1807384000.0,2.63,2.61,2.63,32259442000.0,24940146750.0,32259442000.0,70661430910.0,34.0,21.647,-913334000.0,-1.308,1.0,2569817000.0,0.727,0.0,255088000.0,70374080000.0,55421543000.0,0.0,6834758000.0,,,18231377000.0,,,59372774910.0,556841000.0,-1965673000.0,-30379000.0,1901475000.0,-1440332000.0,959446000.0,-2854162000.0,13044000.0,2448213000.0,3344000.0,1715466000.0,1709321000.0,1709321000.0,0.0,133779000.0,0.483,628584000.0,1941233000.0,888341000.0,0.825,1.84,34.735,30.559,42960139000.0,6145000.0,80.37,16.787,15.867,0.0,-2090881000.0,3536810000.0,3536810000.0,0.0,0.039,0.069,0.037,0.583,97607000.0,266706000.0,1.0,738743000.0,698272000,723983000.0,5.065,55007247000.0,0.0,91918000.0,0.0,78.776,
6,PLD,MRT,2019-12-31,2019-12-31,2019-12-31,2021-07-27,-990398000.0,40031850000.0,39144724250.0,,,0.085,35.924,-3123483000.0,1088855000.0,1088855000.0,918927000.0,1701846000.0,,0.616,12377511000.0,,,12377511000.0,0.0,1139879000.0,0.0,0.024,2.12,1887429000.0,3027308000.0,0.909,3027308000.0,1887429000.0,1647476000.0,2.48,2.46,2.48,22653127000.0,22458907000.0,22653127000.0,67180011160.0,36.0,22.191,-859449000.0,-1.363,1.0,2411694000.0,0.724,0.0,239953000.0,51320506000.0,50137913500.0,0.0,6237371000.0,,,13960066000.0,,,56313660160.0,744999000.0,113294000.0,6082000.0,802695000.0,-1345660000.0,-839599000.0,-685350000.0,-6784000.0,2264034000.0,5914000.0,1572959000.0,1566950000.0,1566950000.0,0.0,128887000.0,0.47,561928000.0,1849766000.0,704954000.0,0.855,2.486,35.938,35.944,30273082000.0,6009000.0,89.14,16.908,16.877,0.0,-2151168000.0,3330621000.0,3330621000.0,0.0,0.04,0.07,0.038,0.567,97557000.0,266718000.0,1.0,631744000.0,630580000,654903000.0,5.282,40031850000.0,0.0,74517000.0,0.0,63.484,
7,PLD,MRT,2019-09-30,2019-09-30,2019-09-30,2021-07-27,-1050246000.0,39448185000.0,38741177750.0,,,0.085,35.689,-3335008000.0,1024994000.0,1024994000.0,908872000.0,1966094000.0,,0.6,11891345000.0,,,11891345000.0,0.0,1137397000.0,0.0,0.024,2.07,2098229000.0,3235626000.0,0.977,3235626000.0,2098229000.0,1855976000.0,2.85,2.83,2.85,22517210000.0,22370148500.0,22517210000.0,64755113380.0,31.0,20.013,-1157707000.0,-1.835,1.0,2402818000.0,0.726,0.0,242253000.0,50314536000.0,49598692750.0,0.0,5886820000.0,,,13512608000.0,,,53784813380.0,749432000.0,245102000.0,7637000.0,460834000.0,-1312753000.0,-1126387000.0,-301937000.0,15819000.0,2177301000.0,455000.0,1784028000.0,1778038000.0,1778038000.0,0.0,182066000.0,0.537,30616000.0,2372202000.0,808898000.0,0.726,2.389,30.25,29.902,30061048000.0,5990000.0,85.22,16.241,16.236,0.0,-2201461000.0,3311690000.0,3311690000.0,0.0,0.046,0.079,0.042,0.634,90531000.0,257874000.0,1.0,631129000.0,630929000,655259000.0,5.249,39448185000.0,0.0,71948000.0,0.0,62.524,
8,PLD,MRT,2019-06-30,2019-06-30,2019-06-30,2021-07-27,-1079109000.0,38706750000.0,38446172000.0,,,0.079,35.43,-3357318000.0,401190000.0,401190000.0,847178000.0,1850601000.0,,0.579,11371490000.0,,,11371490000.0,0.0,1107845000.0,0.0,0.025,2.02,1998731000.0,3106576000.0,1.018,3106576000.0,1998731000.0,1752536000.0,2.74,2.72,2.74,22330808000.0,22248495750.0,22330808000.0,61373969300.0,31.0,19.756,-1323462000.0,-2.1,1.0,2204763000.0,0.722,0.0,246195000.0,49677050000.0,49326241000.0,0.0,5813582000.0,,,12929317000.0,,,50526519300.0,-126640000.0,275787000.0,6941000.0,-249628000.0,-1280485000.0,-1765757000.0,-395249000.0,5404000.0,2033856000.0,510000.0,1679718000.0,1673744000.0,1673744000.0,0.0,170883000.0,0.548,122520000.0,2082243000.0,740941000.0,0.737,2.263,30.188,29.234,30204435000.0,5974000.0,80.1,16.556,16.542,0.0,-2317008000.0,3051941000.0,3051941000.0,0.0,0.044,0.075,0.041,0.655,88955000.0,254919000.0,1.0,630793000.0,630271000,655447000.0,4.842,38706750000.0,0.0,72818000.0,0.0,61.413,
9,PLD,MRT,2019-03-31,2019-03-31,2019-03-31,2021-07-27,-1029206000.0,38392112000.0,36145205000.0,,,0.08,35.47,-3360349000.0,251030000.0,251030000.0,797013000.0,1804766000.0,,0.563,11098480000.0,,,11098480000.0,0.0,1027142000.0,0.0,0.027,1.97,1934206000.0,2961348000.0,1.027,2961348000.0,1934206000.0,1690819000.0,2.76,2.74,2.76,22334483000.0,20575436250.0,22334483000.0,56099641500.0,29.0,18.944,-1411117000.0,-2.241,1.0,2085832000.0,0.724,0.0,243387000.0,49239562000.0,46507522500.0,0.0,5613060000.0,,,12568051000.0,,,45353682500.0,-207069000.0,374950000.0,8140000.0,-82167000.0,-1201774000.0,-1484766000.0,-656019000.0,2925000.0,1949232000.0,-15516000.0,1630529000.0,1624571000.0,1624571000.0,0.0,174237000.0,0.564,258351000.0,1827481000.0,695761000.0,0.714,2.031,27.917,26.069,29910791000.0,5958000.0,71.95,15.732,15.715,0.0,-2366015000.0,2882845000.0,2882845000.0,0.0,0.045,0.079,0.042,0.671,87855000.0,246258000.0,1.0,630350000.0,629676000,654359000.0,4.578,38392112000.0,0.0,60290000.0,0.0,60.971,
10,PLD,MRT,2018-12-31,2018-12-31,2018-12-31,2021-07-27,-1084671000.0,38417664000.0,33965048250.0,,,0.083,39.301,-3180216000.0,343856000.0,343856000.0,757688000.0,1822960000.0,,0.566,11089815000.0,,,11089815000.0,0.0,947214000.0,0.0,0.033,1.92,1941832000.0,2889046000.0,1.03,2889046000.0,1941832000.0,1712691000.0,2.9,2.87,2.9,22298093000.0,18911834250.0,22298093000.0,47922568600.0,25.0,16.588,-1376657000.0,-2.426,1.0,2046761000.0,0.73,0.0,229141000.0,49163623000.0,43866022750.0,0.0,5745294000.0,,,12616776000.0,,,36966001600.0,-103190000.0,154050000.0,6891000.0,59033000.0,-1123367000.0,-1232101000.0,-663796000.0,51982000.0,1803559000.0,-10852000.0,1649361000.0,1643426000.0,1643426000.0,0.0,173599000.0,0.586,358763000.0,1687998000.0,760515000.0,0.662,1.658,22.493,20.248,29930307000.0,5935000.0,58.72,13.181,11.88,0.0,-2378467000.0,2804449000.0,2804449000.0,0.0,0.048,0.087,0.044,0.692,76093000.0,238985000.0,1.0,629530000.0,567367000,590239000.0,4.943,38417664000.0,0.0,63330000.0,0.0,67.712,
11,PLD,MRT,2018-09-30,2018-09-30,2018-09-30,2021-07-27,-1046565000.0,38268162000.0,31730901000.0,,,0.082,38.346,-2736023000.0,275562000.0,275562000.0,713252000.0,1471343000.0,,0.582,11232129000.0,,,11232129000.0,0.0,882957000.0,0.0,0.028,1.88,1638855000.0,2521812000.0,0.964,2521812000.0,1638855000.0,1409080000.0,2.48,2.45,2.48,22030599000.0,17245100500.0,22030599000.0,45052175530.0,27.0,17.865,-1135172000.0,-1.976,1.0,1904034000.0,0.727,0.0,229775000.0,49224729000.0,41186782000.0,0.0,5618178000.0,,,12830507000.0,,,36152881530.0,-293164000.0,72440000.0,7327000.0,-224231000.0,-1055200000.0,-1438388000.0,-442714000.0,31279000.0,1600851000.0,-12913000.0,1352187000.0,1342373000.0,1342373000.0,0.0,119156000.0,0.513,-43270000.0,1947304000.0,873412000.0,0.758,1.641,26.932,27.335,29834349000.0,9814000.0,67.79,13.813,14.881,0.0,-2672736000.0,2617286000.0,2617286000.0,0.0,0.042,0.078,0.04,0.626,76578000.0,241996000.0,1.0,533307000.0,574520000,597647000.0,4.556,38268162000.0,0.0,56893000.0,0.0,66.609,
12,PLD,MRT,2018-06-30,2018-06-30,2018-06-30,2021-07-27,-1041486000.0,29502882000.0,29577398000.0,,,0.086,29.361,-2453008000.0,527830000.0,527830000.0,695409000.0,2009240000.0,,0.689,9427124000.0,,,9427124000.0,0.0,832158000.0,0.0,0.028,1.84,2172907000.0,3005065000.0,1.184,3005065000.0,2172907000.0,1943128000.0,3.53,3.48,3.53,15638570000.0,15623388500.0,15638570000.0,44030416530.0,20.0,14.652,-737698000.0,-1.385,1.0,1842319000.0,0.726,0.0,229779000.0,38402176000.0,38582222000.0,0.0,5414623000.0,,,10776379000.0,,,35028338530.0,256476000.0,-352582000.0,11806000.0,-810972000.0,-987337000.0,-1980477000.0,527008000.0,30294000.0,1715310000.0,-5365000.0,1882244000.0,1872246000.0,1872246000.0,0.0,126996000.0,0.738,-98955000.0,1941274000.0,719679000.0,0.521,2.24,18.709,18.609,21271466000.0,9998000.0,65.69,13.803,13.788,0.0,-2716241000.0,2537728000.0,2537728000.0,0.0,0.063,0.12,0.056,0.856,78118000.0,237408000.0,1.0,533237000.0,532639000,554515000.0,4.764,29502882000.0,0.0,60884000.0,0.0,55.39,
13,PLD,MRT,2018-03-31,2018-03-31,2018-03-31,2021-07-27,-903343000.0,29671485000.0,29739276250.0,,,0.09,29.464,-2325187000.0,458099000.0,458099000.0,727010000.0,1932229000.0,,0.694,9460177000.0,,,9460177000.0,0.0,856630000.0,0.0,0.029,1.8,2125154000.0,2981784000.0,1.112,2981784000.0,2125154000.0,1876335000.0,3.4,3.36,3.4,15680075000.0,15425570000.0,15680075000.0,42542656460.0,20.0,14.268,-641494000.0,-1.205,1.0,1955625000.0,0.729,0.0,248819000.0,38673563000.0,39221918750.0,0.0,5675999000.0,,,10883365000.0,,,33577071460.0,62270000.0,-357994000.0,32192000.0,-1282496000.0,-965499000.0,-2273625000.0,638653000.0,47994000.0,1683693000.0,13549000.0,1814774000.0,1804578000.0,1804578000.0,0.0,117455000.0,0.673,-73627000.0,2029252000.0,692853000.0,0.529,2.141,18.607,18.526,21676843000.0,10196000.0,62.99,12.516,12.496,0.0,-2794770000.0,2682635000.0,2682635000.0,0.0,0.061,0.117,0.054,0.792,78256000.0,239870000.0,1.0,533054000.0,532185000,554123000.0,5.041,29671485000.0,0.0,61561000.0,0.0,55.754,
14,PLD,MRT,2017-12-31,2017-12-31,2017-12-31,2021-07-27,-901658000.0,29481075000.0,29775144500.0,,,0.088,29.471,-2312719000.0,447046000.0,447046000.0,724664000.0,1760959000.0,,0.689,9412631000.0,,,9412631000.0,0.0,879140000.0,0.0,0.027,1.76,1981420000.0,2860560000.0,1.093,2860560000.0,1981420000.0,1706934000.0,3.1,3.06,3.1,15631158000.0,15192268000.0,15631158000.0,43476948820.0,22.0,15.199,-625473000.0,-1.179,1.0,1893470000.0,0.723,0.0,274486000.0,38446660000.0,39650043250.0,0.0,5530710000.0,,,10775334000.0,,,34324609820.0,-360270000.0,-415189000.0,32858000.0,-875837000.0,-942884000.0,-2606584000.0,543278000.0,34583000.0,1687246000.0,15790000.0,1652325000.0,1641931000.0,1641931000.0,0.0,108634000.0,0.627,-60561000.0,1954031000.0,702804000.0,0.568,2.196,20.905,20.81,21779296000.0,10394000.0,64.51,13.11,13.069,0.0,-2904461000.0,2618134000.0,2618134000.0,0.0,0.055,0.108,0.05,0.757,76640000.0,231059000.0,1.0,532082000.0,530400000,552300000.0,4.936,29481075000.0,0.0,54609000.0,0.0,55.583,
15,PLD,MRT,2017-09-30,2017-09-30,2017-09-30,2021-07-27,-924620000.0,29654150000.0,29967358750.0,,,0.087,29.257,-2241878000.0,568726000.0,568726000.0,720739000.0,1888788000.0,,0.714,9721065000.0,,,9721065000.0,0.0,882375000.0,0.0,0.027,1.74,2136955000.0,3019330000.0,1.153,3019330000.0,2136955000.0,1853930000.0,3.37,3.34,3.37,15543751000.0,15032248750.0,15543751000.0,44562593980.0,21.0,14.759,-461571000.0,-0.869,1.0,1897588000.0,0.725,0.0,283025000.0,38806489000.0,40051105750.0,0.0,5371758000.0,,,11094894000.0,,,33752025980.0,193606000.0,-315249000.0,32053000.0,-699192000.0,-931331000.0,-2454089000.0,863793000.0,99282000.0,1780307000.0,3595000.0,1793636000.0,1786955000.0,1786955000.0,0.0,95152000.0,0.682,1120731000.0,776857000.0,707049000.0,0.516,2.171,18.888,18.831,21999490000.0,6681000.0,63.46,12.891,12.877,0.0,-2965828000.0,2618327000.0,2618327000.0,0.0,0.06,0.119,0.053,0.816,74774000.0,227783000.0,1.0,531863000.0,531288000,554163000.0,4.928,29654150000.0,0.0,60294000.0,0.0,55.816,
16,PLD,MRT,2017-06-30,2017-06-30,2017-06-30,2021-07-27,-934196000.0,30150395000.0,30275873500.0,,,0.09,28.012,-2367256000.0,271354000.0,271354000.0,741146000.0,1282613000.0,,0.828,11081922000.0,,,11081922000.0,0.0,905339000.0,0.0,0.029,1.72,1549080000.0,2454419000.0,0.902,2454419000.0,1549080000.0,1254935000.0,2.25,2.23,2.25,14847296000.0,14846102750.0,14847296000.0,41668774600.0,27.0,16.977,-838751000.0,-1.582,1.0,1978872000.0,0.728,0.0,294145000.0,40960963000.0,40792005000.0,0.0,4637260000.0,,,12290157000.0,,,31097671600.0,-60867000.0,111336000.0,54490000.0,-42915000.0,-918904000.0,-1814463000.0,221751000.0,99282000.0,1528505000.0,3340000.0,1196669000.0,1189992000.0,1189992000.0,0.0,85944000.0,0.437,1144882000.0,833990000.0,554775000.0,0.764,2.095,26.133,26.062,23474915000.0,6677000.0,58.64,11.433,11.427,0.0,-3607253000.0,2720018000.0,2720018000.0,0.0,0.039,0.08,0.038,0.57,68733000.0,228284000.0,1.0,530315000.0,530040000,552114000.0,5.132,30150395000.0,0.0,58266000.0,0.0,56.883,
17,PLD,MRT,2017-03-31,2017-03-31,2017-03-31,2021-07-27,-943282000.0,29814958000.0,30424758250.0,,,0.084,27.892,-2408568000.0,395829000.0,395829000.0,709957000.0,1290424000.0,,0.824,10966932000.0,,,10966932000.0,0.0,907576000.0,0.0,0.033,1.7,1549004000.0,2456580000.0,0.961,2456580000.0,1549004000.0,1253758000.0,2.27,2.25,2.27,14746867000.0,14812326500.0,14746867000.0,37263396600.0,24.0,15.169,-922645000.0,-1.745,1.0,1846033000.0,0.722,0.0,295246000.0,40386061000.0,40940046250.0,0.0,4322887000.0,,,12146537000.0,,,27462418600.0,26092000.0,518360000.0,40177000.0,-441542000.0,-905968000.0,-2437854000.0,976236000.0,101231000.0,1485923000.0,1787000.0,1205131000.0,1198432000.0,1198432000.0,0.0,85293000.0,0.469,1144967000.0,701066000.0,549836000.0,0.749,1.862,22.915,22.855,23216412000.0,6699000.0,51.88,10.744,10.732,0.0,-3640150000.0,2555990000.0,2555990000.0,0.0,0.039,0.081,0.038,0.606,66256000.0,225141000.0,1.0,529345000.0,528721000,550010000.0,4.834,29814958000.0,0.0,48627000.0,0.0,56.391,
18,PLD,MRT,2016-12-31,2016-12-31,2016-12-31,2021-07-27,-937473000.0,30249932000.0,30814955750.0,,,0.082,28.495,-2367686000.0,807316000.0,807316000.0,697376000.0,1292540000.0,,0.787,10608294000.0,,,10608294000.0,0.0,930985000.0,0.0,0.032,1.68,1567642000.0,2498627000.0,0.986,2498627000.0,1567642000.0,1264496000.0,2.29,2.27,2.29,14991081000.0,14783775000.0,14991081000.0,38787410060.0,25.0,15.523,-950681000.0,-1.807,1.0,1835759000.0,0.725,0.0,303146000.0,40050910000.0,41516826500.0,0.0,4262529000.0,,,11791792000.0,,,27905533060.0,543236000.0,510599000.0,39470000.0,-898322000.0,-893455000.0,-2125465000.0,1252038000.0,282717000.0,1417005000.0,-342000.0,1209932000.0,1203218000.0,1203218000.0,0.0,82608000.0,0.475,1167381000.0,668378000.0,556179000.0,0.734,1.861,23.192,23.052,23360958000.0,6714000.0,52.79,11.016,10.964,0.0,-3610007000.0,2533135000.0,2533135000.0,0.0,0.039,0.081,0.038,0.619,60341000.0,222067000.0,1.0,528614000.0,526103000,546666000.0,4.815,30249932000.0,0.0,54564000.0,0.0,57.498,
19,PLD,MRT,2016-09-30,2016-09-30,2016-09-30,2021-07-27,-889223000.0,30888209000.0,31101164500.0,,,0.082,28.067,-2484148000.0,375120000.0,375120000.0,708347000.0,952595000.0,,0.852,11256997000.0,,,11256997000.0,0.0,978155000.0,0.0,0.031,1.66,1241590000.0,2219745000.0,0.868,2219745000.0,1241590000.0,926348000.0,1.68,1.66,1.68,14799167000.0,14702988500.0,14799167000.0,39020150540.0,31.0,17.579,-1127367000.0,-2.138,1.0,1847874000.0,0.723,0.0,315242000.0,41770086000.0,42193478500.0,0.0,4614384000.0,,,12604939000.0,,,28212956540.0,64687000.0,329587000.0,44247000.0,-975475000.0,-881286000.0,-2213728000.0,910135000.0,224662000.0,1356781000.0,11499000.0,887730000.0,881042000.0,881042000.0,0.0,64865000.0,0.345,1238153000.0,609721000.0,672111000.0,0.988,1.906,32.022,31.869,23932016000.0,6688000.0,53.54,11.037,11.044,0.0,-3828132000.0,2556221000.0,2556221000.0,0.0,0.028,0.06,0.029,0.486,57199000.0,225403000.0,1.0,526951000.0,527288000,547200000.0,4.848,30888209000.0,0.0,38618000.0,0.0,58.579,
20,PLD,MRT,2016-06-30,2016-06-30,2016-06-30,2021-07-27,-848079000.0,30745934000.0,31233950750.0,,,0.078,28.032,-2442870000.0,332221000.0,332221000.0,690025000.0,952539000.0,,0.847,11139415000.0,,,11139415000.0,0.0,1000759000.0,0.0,0.033,1.64,1225448000.0,2226207000.0,0.915,2226207000.0,1225448000.0,904481000.0,1.64,1.63,1.64,14712191000.0,14661089250.0,14712191000.0,37081431680.0,30.0,16.657,-1048772000.0,-1.998,1.0,1742253000.0,0.716,0.0,320967000.0,41553128000.0,42511776000.0,0.0,4517604000.0,,,12462900000.0,,,25763997680.0,-18804000.0,216837000.0,17250000.0,-1272697000.0,-868851000.0,-2572867000.0,1151171000.0,224662000.0,1394098000.0,8794000.0,867454000.0,860766000.0,860766000.0,0.0,85085000.0,0.354,1261764000.0,480489000.0,627441000.0,1.0,1.751,29.931,29.902,24035212000.0,6688000.0,49.04,10.593,10.582,0.0,-3885017000.0,2432278000.0,2432278000.0,0.0,0.028,0.059,0.029,0.504,56159000.0,221424000.0,1.0,525367000.0,524842000,545388000.0,4.634,30745934000.0,0.0,37027000.0,0.0,58.581,
21,PLD,MRT,2016-03-31,2016-03-31,2016-03-31,2021-07-27,-813900000.0,31375748000.0,31448066500.0,,,0.074,27.914,-2482931000.0,369737000.0,369737000.0,672201000.0,797008000.0,,0.891,11687171000.0,,,11687171000.0,0.0,960565000.0,0.0,0.036,1.58,1082443000.0,2043008000.0,0.873,2043008000.0,1082443000.0,769029000.0,1.39,1.38,1.39,14632661000.0,14660729250.0,14632661000.0,34547266320.0,32.0,16.91,-1164260000.0,-2.221,1.0,1668326000.0,0.713,0.0,313414000.0,42693182000.0,42966663250.0,0.0,4904214000.0,,,13035124000.0,,,23184515320.0,177724000.0,-5171549000.0,9382000.0,1909285000.0,-836671000.0,3111330000.0,-4256594000.0,325080000.0,1318671000.0,4317000.0,732293000.0,725623000.0,725623000.0,0.0,64715000.0,0.31,1242837000.0,425489000.0,698678000.0,1.137,1.584,31.951,31.784,24204537000.0,6670000.0,44.18,9.906,9.895,0.0,-3939312000.0,2340527000.0,2340527000.0,0.0,0.023,0.049,0.025,0.462,52896000.0,216464000.0,1.0,524774000.0,524205000,543562000.0,4.465,31375748000.0,0.0,36736000.0,0.0,59.854,
22,PLD,MRT,2015-12-31,2015-12-31,2015-12-31,2021-07-27,-791429000.0,31394767000.0,29969334750.0,,,0.073,28.14,-2468002000.0,264080000.0,264080000.0,652604000.0,925515000.0,,0.885,11626831000.0,,,11626831000.0,0.0,880373000.0,0.0,0.035,1.52,1193892000.0,2074265000.0,0.944,2074265000.0,1193892000.0,892529000.0,1.66,1.64,1.66,14667935000.0,14656307250.0,14667935000.0,34127350120.0,29.0,16.453,-1351675000.0,-2.593,1.0,1544470000.0,0.703,0.0,301363000.0,42757518000.0,40770925000.0,0.0,4990670000.0,,,12973931000.0,,,22503428120.0,-86612000.0,-5254513000.0,90258000.0,2217598000.0,-804697000.0,3595916000.0,-4789232000.0,138034000.0,1116327000.0,-9623000.0,869439000.0,862788000.0,862788000.0,0.0,56076000.0,0.393,1164298000.0,380172000.0,712725000.0,0.916,1.534,26.082,25.855,24247084000.0,6651000.0,42.92,10.242,10.182,0.0,-3926483000.0,2197074000.0,2197074000.0,0.0,0.029,0.059,0.029,0.543,53665000.0,217227000.0,1.0,524311000.0,521241000,533944000.0,4.215,31394767000.0,0.0,23090000.0,0.0,60.231,
23,PLD,MRT,2015-09-30,2015-09-30,2015-09-30,2021-07-27,-776570000.0,31419354000.0,28564393250.0,,,0.07,27.948,-2260938000.0,310433000.0,310433000.0,618720000.0,1226482000.0,,0.905,11934355000.0,,,11934355000.0,0.0,778869000.0,0.0,0.037,1.45,1473237000.0,2252106000.0,1.123,2252106000.0,1473237000.0,1180447000.0,2.25,2.22,2.25,14631570000.0,14483200750.0,14631570000.0,32158820300.0,22.0,14.279,-1060695000.0,-2.026,1.0,1386018000.0,0.691,0.0,292790000.0,43043276000.0,38771867000.0,0.0,5038725000.0,,,13234383000.0,,,20388540300.0,-1446000.0,-5360202000.0,447274000.0,2066999000.0,-762726000.0,3853316000.0,-5031041000.0,144633000.0,1200243000.0,-23964000.0,1159731000.0,1153034000.0,1153034000.0,0.0,66751000.0,0.575,1036441000.0,349577000.0,697860000.0,0.644,1.393,17.683,17.289,24112913000.0,6697000.0,38.9,10.17,10.159,0.0,-3825673000.0,2004738000.0,2004738000.0,0.0,0.04,0.08,0.038,0.735,54560000.0,205009000.0,1.0,524127000.0,523528000,532073000.0,3.829,31419354000.0,0.0,20716000.0,0.0,60.015,
24,PLD,MRT,2015-06-30,2015-06-30,2015-06-30,2021-07-27,-631265000.0,31602397000.0,26727580500.0,,,0.069,28.102,-2234497000.0,351025000.0,351025000.0,576670000.0,1066423000.0,,0.901,12121305000.0,,,12121305000.0,0.0,680600000.0,0.0,0.037,1.38,1300961000.0,1981561000.0,1.077,1981561000.0,1300961000.0,1020120000.0,2.03,1.96,2.03,14710751000.0,14185333500.0,14710751000.0,27891551700.0,21.0,14.076,-1290001000.0,-2.464,1.0,1262597000.0,0.686,0.0,280841000.0,43372677000.0,36156842000.0,0.0,5109005000.0,,,13248373000.0,,,19442143700.0,83598000.0,-5817002000.0,450108000.0,2768036000.0,-717134000.0,4731517000.0,-5556267000.0,152284000.0,944496000.0,-36148000.0,1036996000.0,1030300000.0,1030300000.0,0.0,29427000.0,0.56,938300000.0,324297000.0,537432000.0,0.68,1.322,18.87,18.276,24387611000.0,6696000.0,37.1,10.571,10.559,0.0,-3870808000.0,1839267000.0,1839267000.0,0.0,0.039,0.073,0.036,0.707,55210000.0,209034000.0,1.0,524047000.0,523476000,530640000.0,3.514,31602397000.0,0.0,-16876000.0,0.0,60.37,
25,PLD,MRT,2015-03-31,2015-03-31,2015-03-31,2021-07-27,-701713000.0,25460821000.0,24859871750.0,,,0.072,28.433,-1975282000.0,192013000.0,192013000.0,563316000.0,1078593000.0,,0.662,8641421000.0,,,8641421000.0,0.0,651989000.0,0.0,0.031,1.35,1237736000.0,1889725000.0,1.056,1889725000.0,1237736000.0,945613000.0,1.91,1.82,1.91,14614973000.0,13900581750.0,14614973000.0,31338238280.0,25.0,16.583,-1071520000.0,-2.085,1.0,1225636000.0,0.685,0.0,292123000.0,33910229000.0,33412069750.0,0.0,4757221000.0,,,9668014000.0,,,22308731280.0,3127000.0,-1115650000.0,452850000.0,110796000.0,-694534000.0,-514944000.0,-348483000.0,212362000.0,903762000.0,-37208000.0,976258000.0,962775000.0,962775000.0,0.0,102335000.0,0.538,893413000.0,332223000.0,459845000.0,0.707,1.526,23.171,22.806,18923021000.0,13483000.0,43.56,12.47,12.516,0.0,-3819351000.0,1788952000.0,1788952000.0,0.0,0.039,0.069,0.037,0.692,55474000.0,217435000.0,1.0,512138000.0,514022000,529022000.0,3.48,25460821000.0,0.0,-30645000.0,0.0,49.533,
26,PLD,MRT,2014-12-31,2014-12-31,2014-12-31,2021-07-27,-600337000.0,25775001000.0,24658453500.0,,,0.071,27.974,-1889117000.0,350692000.0,350692000.0,545719000.0,739284000.0,,0.758,9336977000.0,,,9336977000.0,0.0,642461000.0,0.0,0.031,1.32,919412000.0,1561873000.0,0.887,1561873000.0,919412000.0,610527000.0,1.25,1.24,1.25,13975509000.0,13639597250.0,13975509000.0,30025599670.0,33.0,19.224,-994644000.0,-1.991,1.0,1215068000.0,0.69,0.0,308885000.0,34761286000.0,33266299250.0,0.0,4824724000.0,,,10591402000.0,,,21514526670.0,-140437000.0,-1262671000.0,378247000.0,-143225000.0,-672190000.0,-350807000.0,-665261000.0,201039000.0,894473000.0,-18842000.0,636183000.0,622235000.0,622235000.0,0.0,103101000.0,0.353,895260000.0,319808000.0,627999000.0,1.056,1.539,34.576,34.424,19399364000.0,13948000.0,43.03,12.219,12.209,0.0,-3974493000.0,1760787000.0,1760787000.0,0.0,0.025,0.046,0.028,0.522,57478000.0,229332000.0,1.0,499989000.0,499583000,506391000.0,3.525,25775001000.0,0.0,-25656000.0,0.0,51.593,
27,PLD,MRT,2014-09-30,2014-09-30,2014-09-30,2021-07-27,-510661000.0,24072103000.0,24357780000.0,,,0.072,26.918,-1799771000.0,311879000.0,311879000.0,524136000.0,379829000.0,,0.739,8822952000.0,,,8822952000.0,0.0,638981000.0,0.0,0.034,1.27,606609000.0,1245590000.0,0.713,1245590000.0,606609000.0,283985000.0,0.55,0.48,0.55,13440101000.0,13573509500.0,13440101000.0,27111686700.0,45.0,21.766,-1196243000.0,-2.396,1.0,1222550000.0,0.7,0.0,322624000.0,32583176000.0,32849076250.0,0.0,5814056000.0,,,9935354000.0,,,18849660700.0,190186000.0,-1482703000.0,18482000.0,60304000.0,-645025000.0,-459654000.0,63799000.0,195644000.0,603528000.0,-17487000.0,287088000.0,272683000.0,272683000.0,-58783000.0,92741000.0,0.156,906219000.0,316331000.0,556965000.0,2.309,1.402,69.127,68.545,16770837000.0,14405000.0,37.7,10.792,10.777,132464000.0,-4214224000.0,1746686000.0,1746686000.0,0.0,0.011,0.02,0.018,0.347,58028000.0,244848000.0,1.0,499991000.0,499292000,516088000.0,3.498,24072103000.0,0.0,-3103000.0,0.0,48.212,
28,PLD,MRT,2014-06-30,2014-06-30,2014-06-30,2021-07-27,-385248000.0,24131562000.0,24537140000.0,,,0.072,27.192,-1625052000.0,267427000.0,267427000.0,528204000.0,225535000.0,,0.726,8529453000.0,,,8529453000.0,0.0,649021000.0,0.0,0.03,1.22,514295000.0,1163316000.0,0.663,1163316000.0,514295000.0,176115000.0,0.26,0.23,0.26,13571744000.0,13651757500.0,13571744000.0,29204178920.0,57.0,25.104,-1037765000.0,-2.079,1.0,1226389000.0,0.699,0.0,338180000.0,32393588000.0,33139452000.0,0.0,5575423000.0,,,9854712000.0,,,20532179920.0,-117997000.0,-1566207000.0,14950000.0,95619000.0,-621909000.0,-430739000.0,-273544000.0,187993000.0,587287000.0,-1001000.0,143774000.0,128904000.0,128904000.0,-100286000.0,81761000.0,0.073,910789000.0,315600000.0,615849000.0,4.692,1.513,159.283,158.038,17133057000.0,14870000.0,41.09,11.702,11.688,123961000.0,-4188611000.0,1754593000.0,1754593000.0,0.0,0.005,0.009,0.016,0.293,56235000.0,241679000.0,1.0,499688000.0,499112000,516619000.0,3.515,24131562000.0,0.0,32341000.0,0.0,48.349,
29,PLD,MRT,2014-03-31,2014-03-31,2014-03-31,2021-07-27,-444594000.0,24655148000.0,24513641500.0,,,0.07,27.213,-1727632000.0,198636000.0,198636000.0,525634000.0,68120000.0,,0.749,8870635000.0,,,8870635000.0,0.0,646856000.0,0.0,0.029,1.17,476850000.0,1123706000.0,0.659,1123706000.0,476850000.0,126640000.0,0.11,0.1,0.11,13571035000.0,13708678000.0,13571035000.0,28905104371.0,61.0,25.723,-1299540000.0,-2.606,1.0,1179563000.0,0.692,0.0,350210000.0,33327147000.0,33051758000.0,0.0,4879625000.0,,,10161905000.0,,,20399227371.0,-596473000.0,-1548238000.0,1508054000.0,-541779000.0,-601567000.0,28427000.0,-997787000.0,7848000.0,428092000.0,-55205000.0,64893000.0,54672000.0,54672000.0,-115893000.0,3227000.0,0.032,900723000.0,278840000.0,572754000.0,10.636,1.503,373.12,371.182,18340747000.0,10221000.0,40.83,11.963,11.941,114880000.0,-4094689000.0,1705197000.0,1705197000.0,0.0,0.002,0.004,0.014,0.28,54722000.0,236213000.0,1.0,499613700.0,498696000,504373000.0,3.419,24655148000.0,0.0,61747000.0,0.0,49.439,
30,PLD,MRT,2013-12-31,2013-12-31,2013-12-31,2021-07-27,-435675000.0,24572307000.0,24368679250.0,,,0.072,28.208,-1595727000.0,491129000.0,491129000.0,541217000.0,353049000.0,,0.758,9011216000.0,,,9011216000.0,0.0,664007000.0,0.0,0.03,1.12,828981000.0,1492988000.0,0.853,1492988000.0,828981000.0,449654000.0,0.65,0.64,0.65,13711158000.0,13441143000.0,13711158000.0,27382973020.0,33.0,18.341,-1110738000.0,-2.285,1.0,1209269000.0,0.691,0.0,379327000.0,33092394000.0,32798835750.0,0.0,4618239000.0,,,10395854000.0,,,18427837020.0,390319000.0,-1487944000.0,1505791000.0,-2516825000.0,-573854000.0,-2365622000.0,2333922000.0,7848000.0,484989000.0,-62970000.0,342921000.0,315422000.0,315422000.0,-123520000.0,10128000.0,0.18,904857000.0,304412000.0,563993000.0,1.723,1.344,58.423,56.846,18255479000.0,27499000.0,36.95,10.527,10.26,107955000.0,-3932664000.0,1750486000.0,1750486000.0,0.0,0.013,0.023,0.025,0.474,49239000.0,229207000.0,1.0,498723600.0,486076000,491546000.0,3.601,24572307000.0,0.0,106733000.0,0.0,50.552,
31,PLD,MRT,2013-09-30,2013-09-30,2013-09-30,2021-07-27,-451658000.0,24789543000.0,25053138750.0,,,0.072,27.617,-1632248000.0,164181000.0,164181000.0,552029000.0,69440000.0,,0.765,9119317000.0,,,9119317000.0,0.0,685646000.0,0.0,0.03,1.12,564562000.0,1250208000.0,0.694,1250208000.0,564562000.0,151219000.0,0.06,0.05,0.06,13753093000.0,13280607750.0,13753093000.0,26762786672.0,47.0,21.407,-1209856000.0,-2.429,1.0,1248581000.0,0.693,0.0,413343000.0,33744679000.0,34231538000.0,0.0,4399968000.0,,,10526021000.0,,,18757542672.0,-36495000.0,-1056509000.0,1503933000.0,-2849970000.0,-609763000.0,-2654743000.0,2244160000.0,55000000.0,422392000.0,-48304000.0,63321000.0,27652000.0,27652000.0,-121735000.0,6119000.0,0.015,1182150000.0,66431000.0,692241000.0,18.667,1.364,678.343,627.0,19059538000.0,35669000.0,37.62,10.417,10.404,137879000.0,-3852846000.0,1800610000.0,1800610000.0,0.0,0.001,0.002,0.016,0.314,42337000.0,226748000.0,1.0,498605600.0,497989000,499848000.0,3.616,24789543000.0,0.0,87898000.0,0.0,49.779,
32,PLD,MRT,2013-06-30,2013-06-30,2013-06-30,2021-07-27,-541355000.0,24037568000.0,25999858500.0,,,0.072,28.392,-1475543000.0,412066000.0,412066000.0,565356000.0,43709000.0,,0.704,8417310000.0,,,8417310000.0,0.0,724700000.0,0.0,0.03,1.12,539752000.0,1264452000.0,0.674,1264452000.0,539752000.0,88234000.0,-0.02,-0.03,-0.02,13799426000.0,13212771750.0,13799426000.0,27033153192.0,50.0,21.379,-968588000.0,-1.993,1.0,1311658000.0,0.699,0.0,451518000.0,32042812000.0,36001313000.0,0.0,4074402000.0,,,9715066000.0,,,18792994192.0,91793000.0,-455515000.0,1510259000.0,-3337615000.0,-596102000.0,-3117387000.0,2757108000.0,55000000.0,506955000.0,-54883000.0,32499000.0,-11340000.0,-11340000.0,-56828000.0,11210000.0,-0.006,1247358000.0,64300000.0,651081000.0,-56.0,1.362,-1657.231,-1886.0,18475956000.0,43839000.0,37.72,10.012,9.767,124980000.0,-3704034000.0,1877014000.0,1877014000.0,0.0,0.0,-0.001,0.015,0.288,37959000.0,227600000.0,1.0,498223600.0,486032000,487925000.0,3.862,24037568000.0,0.0,55735000.0,0.0,49.457,
33,PLD,MRT,2013-03-31,2013-03-31,2013-03-31,2021-07-27,-503786000.0,24075299000.0,27094357250.0,,,0.073,27.089,-1268071000.0,833964000.0,833964000.0,571506000.0,53362000.0,,0.869,9074123000.0,,,9074123000.0,0.0,753065000.0,0.0,0.028,1.12,562337000.0,1315402000.0,0.669,1315402000.0,562337000.0,75451000.0,-0.04,-0.05,-0.04,12500895000.0,13129658000.0,12500895000.0,30016101490.0,53.0,22.819,-746874000.0,-1.618,1.0,1395996000.0,0.71,0.0,486886000.0,32315458000.0,38091693250.0,0.0,3823214000.0,,,10864766000.0,,,18503043490.0,441623000.0,-99574000.0,17592000.0,-2579310000.0,-579420000.0,-3253158000.0,3167636000.0,55000000.0,521197000.0,5948000.0,32129000.0,-17943000.0,-17943000.0,-57368000.0,21233000.0,-0.009,1288606000.0,107390000.0,589034000.0,-28.0,1.48,-1031.212,-999.5,18302862000.0,50072000.0,39.98,9.404,9.377,139691000.0,-3561429000.0,1967502000.0,1967502000.0,0.0,-0.001,-0.001,0.015,0.286,33770000.0,224106000.0,1.0,462807491.0,461468000,478952000.0,4.264,24075299000.0,0.0,43322000.0,0.0,52.171,
34,PLD,MRT,2012-12-31,2012-12-31,2012-12-31,2021-07-27,-233563000.0,27310145000.0,28292520750.0,,,0.069,28.417,-1261933000.0,277736000.0,277736000.0,555059000.0,-30472000.0,,1.036,11790794000.0,,,11790794000.0,0.0,767459000.0,0.0,0.031,1.12,469075000.0,1236534000.0,0.631,1236534000.0,469075000.0,-36140000.0,-0.18,-0.18,-0.18,13069017000.0,13433848000.0,13069017000.0,29065962900.0,62.0,23.506,-798441000.0,-1.736,1.0,1405459000.0,0.717,0.0,505215000.0,38823203000.0,40216124000.0,0.0,2383782000.0,,,13536809000.0,,,16818605900.0,-75262000.0,-238488000.0,30981000.0,-408381000.0,-567834000.0,-1071511000.0,529615000.0,55000000.0,463492000.0,3142000.0,-39720000.0,-80946000.0,-80946000.0,-75925000.0,9248000.0,-0.041,1312476000.0,92983000.0,611770000.0,-6.222,1.287,-207.776,-202.722,23328463000.0,41226000.0,36.49,8.579,8.56,171084000.0,-3696093000.0,1960518000.0,1960518000.0,0.0,-0.003,-0.006,0.012,0.239,32138000.0,228068000.0,1.0,460910000.0,459895000,461848000.0,4.263,27310145000.0,0.0,3580000.0,0.0,59.383,
35,PLD,MRT,2012-09-30,2012-09-30,2012-09-30,2021-07-27,-165100000.0,28576422000.0,28395962500.0,,,0.067,29.303,-814871000.0,330703000.0,330703000.0,529110000.0,144852000.0,,1.068,12578060000.0,,,12578060000.0,0.0,776202000.0,0.0,0.032,1.12,646256000.0,1422458000.0,0.751,1422458000.0,646256000.0,135536000.0,0.23,0.23,0.23,13481749000.0,13582003500.0,13481749000.0,28126320340.0,44.0,19.773,-339406000.0,-0.738,1.0,1364352000.0,0.721,0.0,510720000.0,40823779000.0,40224887250.0,0.0,2486054000.0,,,14401901000.0,,,16137550340.0,-58561000.0,-510303000.0,29442000.0,-510124000.0,-519108000.0,-1056579000.0,517581000.0,0.0,475465000.0,4972000.0,143504000.0,102307000.0,102307000.0,-77258000.0,1348000.0,0.054,1065143000.0,299209000.0,625873000.0,4.87,1.197,157.737,152.304,24071852000.0,41197000.0,35.03,8.523,8.512,181855000.0,-3335757000.0,1893462000.0,1893462000.0,0.0,0.004,0.008,0.016,0.341,30566000.0,218257000.0,1.0,460678000.0,460079000,461979000.0,4.116,28576422000.0,0.0,-7968000.0,0.0,62.112,
36,PLD,MRT,2012-06-30,2012-06-30,2012-06-30,2021-07-27,-333811000.0,28415563000.0,28398433000.0,,,0.066,29.284,-932024000.0,444815000.0,444815000.0,523978000.0,243618000.0,,1.058,12433585000.0,,,12433585000.0,0.0,775937000.0,0.0,0.034,1.12,778513000.0,1554450000.0,0.834,1554450000.0,778513000.0,254747000.0,0.45,0.45,0.45,13466971000.0,13694773750.0,13466971000.0,27244266832.0,35.0,17.527,-548958000.0,-1.194,1.0,1339159000.0,0.719,0.0,523766000.0,40404333000.0,40128701000.0,0.0,2465826000.0,,,14245996000.0,,,15299038832.0,32738000.0,-384624000.0,23064000.0,-414464000.0,-518025000.0,-961977000.0,605154000.0,-3245000.0,383066000.0,6495000.0,245570000.0,204269000.0,204269000.0,-123975000.0,-1952000.0,0.11,1035861000.0,303298000.0,600019000.0,2.489,1.136,74.897,73.844,24166196000.0,41301000.0,33.23,8.211,8.202,168008000.0,-3159462000.0,1863137000.0,1863137000.0,0.0,0.007,0.015,0.019,0.418,40050000.0,215712000.0,1.0,460398400.0,459878000,459878000.0,4.051,28415563000.0,0.0,9177000.0,0.0,61.789,
37,PLD,MRT,2012-03-31,2012-03-31,2012-03-31,2021-07-27,-219574000.0,28867953000.0,28578168750.0,,,0.059,29.873,-961849000.0,435693000.0,435693000.0,471780000.0,95323000.0,,1.044,12380921000.0,,,12380921000.0,0.0,712588000.0,0.0,0.031,1.12,616443000.0,1329031000.0,0.79,1329031000.0,616443000.0,107343000.0,-0.02,-0.02,-0.02,13717655000.0,13916416000.0,13717655000.0,27666591082.0,45.0,20.817,-685912000.0,-1.494,1.0,1211088000.0,0.72,0.0,509100000.0,40813181000.0,40258911500.0,0.0,2700180000.0,,,14317293000.0,,,16532247082.0,318992000.0,-1238065000.0,1175053000.0,-443371000.0,-452032000.0,278255000.0,-234760000.0,0.0,275937000.0,-440000.0,99812000.0,60918000.0,60918000.0,-125387000.0,-4489000.0,0.036,1056362000.0,154726000.0,674084000.0,-56.0,1.205,271.385,-1801.0,24321584000.0,38894000.0,36.02,9.824,9.829,163679000.0,-3019829000.0,1682868000.0,1682868000.0,0.0,0.002,0.004,0.015,0.366,38580000.0,216137000.0,1.0,458974100.0,459203000,476107000.0,3.665,28867953000.0,0.0,7531000.0,0.0,62.865,
38,PLD,MRT,2011-12-31,2011-12-31,2011-12-31,2021-07-27,-182321000.0,27723912000.0,23216371250.0,,,0.061,36.87,-955105000.0,248064000.0,248064000.0,403650000.0,-157938000.0,,0.971,11382408000.0,,,11382408000.0,0.0,603884000.0,0.0,0.039,1.12,314933000.0,918817000.0,0.646,918817000.0,314933000.0,-151638000.0,-0.51,-0.51,-0.51,13661639000.0,11312685250.0,13661639000.0,24954180411.0,79.0,27.159,-748041000.0,-2.019,1.0,1018121000.0,0.716,0.0,466571000.0,38858256000.0,32708497750.0,0.0,3180589000.0,,,13268438000.0,,,13101450411.0,138438000.0,-873562000.0,1156493000.0,-608382000.0,-387133000.0,163318000.0,-233065000.0,-48550000.0,207064000.0,1121000.0,-153414000.0,-188110000.0,-188110000.0,-117006000.0,-4524000.0,-0.132,923343000.0,94778000.0,639490000.0,-2.196,0.959,-69.648,-56.059,22629630000.0,34696000.0,28.59,9.215,7.451,147999000.0,-3092162000.0,1421771000.0,1421771000.0,0.0,-0.008,-0.017,0.01,0.222,28920000.0,195161000.0,1.0,458252900.0,370534000,371730000.0,3.837,27723912000.0,0.0,1776000.0,0.0,74.822,
39,PLD,MRT,2011-09-30,2011-09-30,2011-09-30,2021-07-27,-102546000.0,28586304000.0,20011060000.0,,,0.06,30.404,-983046000.0,294547000.0,294547000.0,340572000.0,-1278786000.0,,1.004,12147277000.0,,,12147277000.0,0.0,494920000.0,0.0,0.058,1.4,-823110000.0,-328190000.0,-0.275,-328190000.0,-823110000.0,-1274450000.0,-5.84,-5.84,-5.84,13932830000.0,9773581250.0,13932830000.0,22921450525.0,-28.0,-69.842,-861915000.0,-1.881,1.0,854305000.0,0.715,0.0,451340000.0,40439034000.0,28329929000.0,0.0,3254900000.0,,,13984338000.0,,,11130781525.0,198950000.0,-613634000.0,2289067000.0,-1748085000.0,-321919000.0,56045000.0,23283000.0,-231749000.0,121131000.0,-1509000.0,-1278503000.0,-1309240000.0,-1309240000.0,-307435000.0,-283000.0,-1.096,1506163000.0,-651858000.0,633044000.0,-0.24,0.799,-8.502,-4.152,23684202000.0,30737000.0,24.25,9.315,9.3,216423000.0,-2916997000.0,1194877000.0,1194877000.0,0.0,-0.065,-0.134,-0.029,-0.689,30235000.0,194459000.0,1.0,459001300.0,458256000,462408000.0,2.607,28586304000.0,0.0,4053000.0,0.0,62.381,
40,PLD,MRT,2011-06-30,2011-06-30,2011-06-30,2021-07-27,225364000.0,29134506000.0,14645415500.0,,,0.065,46.639,-743858000.0,329283000.0,329283000.0,269903000.0,-1353147000.0,,0.98,12119952000.0,,,12119952000.0,0.0,390441000.0,0.0,0.039,1.4,-902975000.0,-512534000.0,-0.537,-512534000.0,-902975000.0,-1338685000.0,-6.03,-6.03,-6.03,14353540000.0,7123194500.0,14353540000.0,9268368381.0,-10.0,-18.083,-621695000.0,-2.02,1.0,684451000.0,0.717,0.0,435710000.0,40925175000.0,20716431000.0,0.0,3371372000.0,,,14064261000.0,,,6077605381.0,235791000.0,-728485000.0,2290240000.0,-1979812000.0,-265873000.0,-100915000.0,211484000.0,-309504000.0,122163000.0,3059000.0,-1353031000.0,-1379728000.0,-1379728000.0,-310705000.0,-116000.0,-1.446,1379911000.0,-695460000.0,702378000.0,-0.232,0.423,-4.405,-5.944,23984465000.0,26697000.0,35.84,6.368,11.558,197475000.0,-2842842000.0,954354000.0,954354000.0,0.0,-0.094,-0.194,-0.044,-0.946,18215000.0,176077000.0,1.0,169576043.0,307756000,307756000.0,3.101,29134506000.0,0.0,14346000.0,0.0,94.668,
41,PLD,MRT,2011-03-31,2011-03-31,2011-03-31,2021-07-27,52554000.0,7420763000.0,9126787000.0,,,0.093,12.967,-730527000.0,235288000.0,235288000.0,245128000.0,-1226110000.0,,1.127,3426051000.0,,,3426051000.0,0.0,395444000.0,56420000.0,0.031,1.12,-816601000.0,-421157000.0,-0.494,-421157000.0,-816601000.0,-1258315000.0,-5.65,-5.65,-5.65,3302732000.0,4372644000.0,3302732000.0,9196538068.0,-11.0,-21.836,-557247000.0,-2.188,1.0,607460000.0,0.712,0.0,441714000.0,10611526000.0,12938625500.0,0.0,911003000.0,,,3720670000.0,,,6093654068.0,24162000.0,83875000.0,1160944000.0,-1981383000.0,-299057000.0,-1232297000.0,1094803000.0,-299110000.0,173280000.0,-11624000.0,-1225983000.0,-1251407000.0,-1251407000.0,-314247000.0,-127000.0,-1.468,1221634000.0,-614174000.0,234869000.0,-0.198,1.845,-4.869,-6.366,5873984000.0,25424000.0,35.97,7.147,10.746,170867000.0,-9519000.0,852588000.0,852588000.0,0.0,-0.137,-0.286,-0.063,-0.958,16736000.0,163158000.0,1.0,169409343.0,254698000,254698000.0,3.347,7420763000.0,0.0,-32332000.0,0.0,29.136,
42,PLD,MRT,2010-12-31,2010-12-31,2010-12-31,2021-07-27,-3160000.0,14902667000.0,8998964000.0,,,0.093,34.19,-543930000.0,64715000.0,64715000.0,239858000.0,-1270453000.0,,0.984,6506029000.0,,,6506029000.0,0.0,356694000.0,0.0,0.035,1.12,-839829000.0,-483135000.0,-0.575,-483135000.0,-839829000.0,-1300995000.0,-5.9,-5.9,-5.9,7505223000.0,4271863500.0,7505223000.0,8200833460.0,-10.0,-16.974,-303147000.0,-1.381,1.0,600294000.0,0.715,0.0,461166000.0,21343981000.0,12797707250.0,0.0,2326805000.0,,,7382312000.0,,,5339517460.0,3272000.0,-115201000.0,1162461000.0,-1747959000.0,-280658000.0,-969762000.0,733295000.0,-250560000.0,240783000.0,-1044000.0,-1270496000.0,-1295920000.0,-1295920000.0,-331034000.0,43000.0,-1.542,1213815000.0,-613521000.0,388536000.0,-0.19,0.711,-4.12,-5.375,11283963000.0,25424000.0,31.71,6.355,8.285,58979000.0,-2515722000.0,840152000.0,840152000.0,0.0,-0.144,-0.303,-0.066,-1.0,25085000.0,165981000.0,1.0,168385918.0,219515000,219515000.0,3.827,14902667000.0,0.0,-30499000.0,0.0,67.889,
43,PLD,MRT,2010-09-30,2010-09-30,2010-09-30,2021-07-27,28352000.0,7123726000.0,6983786750.0,,,0.167,15.644,-1867132000.0,205591000.0,205591000.0,300915000.0,16084000.0,,1.028,3066907000.0,,,3066907000.0,0.0,471373000.0,57089000.0,0.042,1.12,556517000.0,1027890000.0,0.879,1027890000.0,556517000.0,223000.0,0.11,0.11,0.11,3331283000.0,3130561750.0,3331283000.0,7208346761.0,13.0,7.013,-1761677000.0,-8.273,1.0,867841000.0,0.743,0.0,556294000.0,9985042000.0,9923831250.0,0.0,690088000.0,,,3424707000.0,,,4454385761.0,-107552000.0,833639000.0,968638000.0,-1710860000.0,-395498000.0,-1316261000.0,1039626000.0,-59776000.0,105455000.0,63628000.0,27042000.0,-2786000.0,-2786000.0,-335385000.0,-10958000.0,-0.002,753116000.0,114725000.0,249386000.0,10.182,1.337,-1598.846,240.636,5880304000.0,29828000.0,26.47,3.811,4.823,159093000.0,-22897000.0,1168756000.0,1168756000.0,0.0,0.0,-0.001,0.056,0.476,18011000.0,213939000.0,1.0,168280535.0,212945000,212945000.0,5.489,7123726000.0,0.0,-26819000.0,0.0,33.453,
44,PLD,MRT,2010-06-30,2010-06-30,2010-06-30,2021-07-27,13336000.0,7059992000.0,6921171750.0,,,0.158,15.746,-1616281000.0,240694000.0,240694000.0,279701000.0,101041000.0,,0.997,2994655000.0,,,2994655000.0,0.0,423087000.0,53555000.0,0.047,1.12,532150000.0,955237000.0,0.873,955237000.0,532150000.0,68591000.0,0.61,0.61,0.61,3351338000.0,3029001750.0,3351338000.0,7125686393.0,13.0,7.46,-1545591000.0,-7.262,1.0,814008000.0,0.744,0.0,463559000.0,9813953000.0,9888713500.0,0.0,687201000.0,,,3340682000.0,,,3987304393.0,-111504000.0,914771000.0,967463000.0,-1745699000.0,-368250000.0,-1328778000.0,1112856000.0,30192000.0,70690000.0,33728000.0,102865000.0,75056000.0,75056000.0,-372847000.0,-1824000.0,0.069,703032000.0,110976000.0,241133000.0,1.836,1.19,53.124,38.869,5769570000.0,27809000.0,23.71,3.646,4.614,156655000.0,-29872000.0,1093709000.0,1093709000.0,0.0,0.011,0.025,0.054,0.487,17202000.0,206149000.0,1.0,168169734.0,212840000,212840000.0,5.139,7059992000.0,0.0,-34274000.0,0.0,33.17,
45,PLD,MRT,2010-03-31,2010-03-31,2010-03-31,2021-07-27,2709000.0,6909471000.0,6877485750.0,,,0.149,19.504,-1379845000.0,175338000.0,175338000.0,258634000.0,146665000.0,,1.262,3313720000.0,,,3313720000.0,0.0,331430000.0,52263000.0,0.051,1.4,519406000.0,850836000.0,0.832,850836000.0,519406000.0,146995000.0,0.84,0.84,0.84,2899610000.0,2908992750.0,2899610000.0,7070819453.0,14.0,8.31,-1282510000.0,-8.627,1.0,764501000.0,0.747,0.0,372411000.0,10047853000.0,9914772500.0,0.0,606838000.0,,,3658376000.0,,,4064300453.0,-213121000.0,879327000.0,940184000.0,-1825711000.0,-315014000.0,-1349624000.0,1036780000.0,16553000.0,97335000.0,2388000.0,141020000.0,115368000.0,115368000.0,-364295000.0,5645000.0,0.113,654741000.0,109760000.0,246159000.0,1.667,1.402,35.229,32.429,5771783000.0,25652000.0,27.24,3.972,3.958,142393000.0,-33111000.0,1023135000.0,1023135000.0,0.0,0.017,0.04,0.052,0.508,16750000.0,192869000.0,1.0,149203394.0,148666418,148666418.0,6.882,6909471000.0,0.0,5975000.0,0.0,46.476,
46,PLD,MRT,2009-12-31,2009-12-31,2009-12-31,2021-07-27,3816000.0,6841958000.0,6878351750.0,,,0.149,16.337,-1318125000.0,206077000.0,206077000.0,257517000.0,23929000.0,,1.208,3212596000.0,,,3212596000.0,0.0,327126000.0,53283000.0,0.044,1.12,401516000.0,728642000.0,0.709,728642000.0,401516000.0,28748000.0,-0.01,-0.01,-0.01,2940016000.0,2905355250.0,2940016000.0,6709419468.0,17.0,9.208,-1229030000.0,-6.829,1.0,769654000.0,0.749,0.0,372768000.0,9848477000.0,9868647000.0,0.0,462130000.0,,,3550638000.0,,,3738114468.0,-140274000.0,1025298000.0,1491137000.0,-2529774000.0,-271845000.0,-1462636000.0,1235277000.0,7585000.0,89095000.0,-2010000.0,22773000.0,-2650000.0,-2650000.0,-379018000.0,1156000.0,-0.003,814212000.0,-44558000.0,238718000.0,-112.0,1.271,-1410.609,-2555.0,5809278000.0,25423000.0,25.55,3.639,4.477,155958000.0,-29008000.0,1027171000.0,1027171000.0,0.0,0.0,-0.001,0.041,0.391,17242000.0,192231000.0,1.0,146305850.0,179966000,179966000.0,5.708,6841958000.0,0.0,5975000.0,0.0,38.018,
47,PLD,MRT,2009-09-30,2009-09-30,2009-09-30,2021-07-27,15334000.0,6873266000.0,6993274250.0,,,0.087,20.127,-132304000.0,200696000.0,200696000.0,176112000.0,-216778000.0,,1.204,3172001000.0,,,3172001000.0,0.0,161253000.0,52576000.0,0.047,1.08,-105813000.0,55440000.0,0.091,55440000.0,-105813000.0,-227296000.0,-2.76,-2.73,-2.76,2925043000.0,2799128000.0,2925043000.0,6389327023.0,-60.0,115.248,138518000.0,0.953,1.0,431827000.0,0.71,0.0,121483000.0,9844571000.0,10166678250.0,0.0,459612000.0,,,3523086000.0,,,3356386023.0,-111281000.0,10881000.0,552386000.0,-549021000.0,-149665000.0,-172962000.0,-134267000.0,48000.0,270822000.0,-74874000.0,-227296000.0,-243941000.0,-243941000.0,-95151000.0,10518000.0,-0.401,671289000.0,-239462000.0,253311000.0,-0.391,1.147,-13.759,-8.315,5870505000.0,16645000.0,22.95,5.521,5.486,135164000.0,-14871000.0,607939000.0,607939000.0,0.0,-0.035,-0.087,-0.01,-0.174,21215000.0,124762000.0,1.0,146247757.0,145332050,145658847.0,4.183,6873266000.0,0.0,0.0,0.0,47.294,
48,PLD,MRT,2009-06-30,2009-06-30,2009-06-30,2021-07-27,-10503000.0,6885248000.0,7104412250.0,,,0.086,19.759,-426682000.0,209345000.0,209345000.0,174155000.0,-258505000.0,,1.251,3242286000.0,,,3242286000.0,0.0,159966000.0,50841000.0,0.07,1.32,-138997000.0,20969000.0,0.034,20969000.0,-138997000.0,-266285000.0,-2.95,-2.92,-2.95,2871302000.0,2628874500.0,2871302000.0,5700758184.0,-41.0,271.866,-130536000.0,-0.898,1.0,438694000.0,0.716,0.0,127288000.0,9918189000.0,10397159000.0,0.0,434008000.0,,,3593335000.0,,,2750342184.0,-153849000.0,-12052000.0,553117000.0,-285601000.0,-159714000.0,78335000.0,-488411000.0,-54582000.0,296146000.0,-39919000.0,-266285000.0,-283003000.0,-283003000.0,-34134000.0,7780000.0,-0.462,674292000.0,-235598000.0,255004000.0,-0.447,0.958,-9.718,-6.376,5893846000.0,16718000.0,18.81,4.488,4.46,142288000.0,-78059000.0,612849000.0,612849000.0,0.0,-0.04,-0.108,-0.013,-0.227,21793000.0,132006000.0,1.0,146217022.0,145318364,145379807.0,4.217,6885248000.0,0.0,0.0,0.0,47.38,
49,PLD,MRT,2009-03-31,2009-03-31,2009-03-31,2021-07-27,-15265000.0,6912935000.0,7364798250.0,,,0.091,29.167,-641401000.0,282298000.0,282298000.0,177411000.0,-199509000.0,,1.25,3232714000.0,,,3232714000.0,0.0,160376000.0,48941000.0,0.108,1.56,-74592000.0,85784000.0,0.129,85784000.0,-74592000.0,-210640000.0,-2.32,-2.31,-2.32,2885060000.0,2411577250.0,2885060000.0,5156204981.0,-69.0,60.107,-339406000.0,-3.431,1.0,489406000.0,0.734,0.0,136048000.0,9863351000.0,10834597000.0,0.0,432503000.0,,,3607622000.0,,,1417250981.0,6383000.0,-16631000.0,556230000.0,-36446000.0,-169562000.0,315021000.0,-615198000.0,12244000.0,301995000.0,4565000.0,-210640000.0,-227764000.0,-227764000.0,-26752000.0,11131000.0,-0.342,677055000.0,-187649000.0,280666000.0,-0.672,0.491,-6.222,-6.207,5844799000.0,17124000.0,14.4,2.125,2.136,145266000.0,-95481000.0,666817000.0,666817000.0,0.0,-0.031,-0.094,-0.007,-0.112,22242000.0,140109000.0,1.0,98420207.0,98915587,98915587.0,6.741,6912935000.0,0.0,0.0,0.0,69.887,
50,PLD,MRT,2008-12-31,2008-12-31,2008-12-31,2021-07-27,22043000.0,7301648000.0,7558878000.0,,,0.09,25.821,-794726000.0,251231000.0,251231000.0,173857000.0,-6750000.0,,1.724,3990185000.0,,,3990185000.0,0.0,158650000.0,59093000.0,0.067,1.56,84939000.0,243589000.0,0.359,243589000.0,84939000.0,-49310000.0,-0.68,-0.68,-0.68,2515107000.0,2337987250.0,2515107000.0,5755311941.0,68.0,23.627,-492112000.0,-5.052,1.0,503802000.0,0.743,0.0,134249000.0,11040602000.0,11335137250.0,0.0,431322000.0,,,4335444000.0,,,2306635941.0,3712000.0,-107583000.0,-83483000.0,949977000.0,-220476000.0,580171000.0,-881768000.0,21212000.0,302614000.0,2695000.0,-49310000.0,-66451000.0,-66451000.0,-11169000.0,42560000.0,-0.098,501732000.0,2070000.0,282771000.0,-2.294,0.917,-34.712,-34.441,6242142000.0,17141000.0,23.42,3.404,3.366,160528000.0,29799000.0,677659000.0,677659000.0,0.0,-0.009,-0.028,0.007,0.125,21467000.0,143962000.0,1.0,98490006.0,97403659,97403659.0,6.957,7301648000.0,0.0,0.0,0.0,74.963,
51,PLD,MRT,2008-09-30,2008-09-30,2008-09-30,2021-07-27,10704000.0,7317818000.0,7549066750.0,,,0.091,23.099,-728044000.0,309547000.0,309547000.0,174688000.0,347157000.0,,1.858,3758223000.0,,,3758223000.0,0.0,156257000.0,57489000.0,0.045,2.04,374299000.0,530556000.0,0.772,530556000.0,374299000.0,245301000.0,2.31,2.27,2.31,2244029000.0,2225845750.0,2244029000.0,8181162226.0,22.0,15.42,-464405000.0,-4.78,1.0,512314000.0,0.746,0.0,128998000.0,10766494000.0,11201694500.0,0.0,433649000.0,,,4169273000.0,,,4440013226.0,-10867000.0,-199290000.0,-78479000.0,920704000.0,-220268000.0,543593000.0,-835366000.0,21210000.0,263639000.0,17267000.0,245301000.0,226386000.0,226386000.0,-81894000.0,101856000.0,0.33,303896000.0,208418000.0,297178000.0,0.883,1.979,19.613,19.61,6162111000.0,18915000.0,45.3,6.463,6.406,163118000.0,228233000.0,687002000.0,687002000.0,0.0,0.03,0.102,0.033,0.545,19270000.0,137532000.0,1.0,98013537.0,97149079,98832143.0,7.072,7317818000.0,0.0,0.0,0.0,75.326,
52,PLD,MRT,2008-06-30,2008-06-30,2008-06-30,2021-07-27,30893000.0,7926792000.0,7485406750.0,,,0.093,20.623,-725494000.0,378526000.0,378526000.0,174163000.0,385530000.0,,2.249,4119675000.0,,,4119675000.0,0.0,149443000.0,57080000.0,0.04,2.02,415281000.0,564724000.0,0.814,564724000.0,415281000.0,290260000.0,2.77,2.72,2.77,2002113000.0,2165534500.0,2002113000.0,9112374123.0,22.0,16.136,-488935000.0,-5.036,1.0,519731000.0,0.749,0.0,125021000.0,11667941000.0,11008561750.0,0.0,373202000.0,,,4503715000.0,,,4936116123.0,115787000.0,-103835000.0,-131163000.0,1071674000.0,-219679000.0,627287000.0,-777033000.0,66825000.0,236559000.0,28974000.0,290260000.0,271813000.0,271813000.0,-85913000.0,95270000.0,0.392,301438000.0,218293000.0,270651000.0,0.729,2.465,18.16,18.188,6735097000.0,18447000.0,50.38,7.114,7.049,209926000.0,255066000.0,693894000.0,693894000.0,0.0,0.036,0.126,0.038,0.598,18266000.0,138264000.0,1.0,97977692.0,97083044,99269047.0,7.147,7926792000.0,0.0,0.0,0.0,81.65,
53,PLD,MRT,2008-03-31,2008-03-31,2008-03-31,2021-07-27,37492000.0,7689254000.0,7193524750.0,,,0.092,26.503,-507906000.0,322489000.0,322489000.0,170522000.0,415769000.0,,1.663,4498747000.0,,,4498747000.0,0.0,150511000.0,46404000.0,0.037,2.0,453150000.0,603661000.0,0.916,603661000.0,453150000.0,331510000.0,3.15,3.09,3.15,2590700000.0,2162336500.0,2590700000.0,9089589895.0,20.0,15.057,-260879000.0,-2.669,1.0,488233000.0,0.741,0.0,121640000.0,11865512000.0,10480003000.0,0.0,366385000.0,,,4308152000.0,,,5327589895.0,-3198000.0,-174451000.0,-131576000.0,972981000.0,-220302000.0,448570000.0,-721401000.0,1588000.0,247027000.0,22606000.0,331510000.0,310802000.0,310802000.0,-83153000.0,84259000.0,0.472,298007000.0,190226000.0,219294000.0,0.635,2.056,17.141,17.276,6546346000.0,20708000.0,54.42,8.087,8.075,181910000.0,232859000.0,658755000.0,658755000.0,0.0,0.043,0.144,0.043,0.688,17467000.0,134780000.0,1.0,97897646.0,97750901,99668302.0,6.739,7689254000.0,0.0,0.0,0.0,78.662,
54,PLD,MRT,2007-12-31,2007-12-31,2007-12-31,2021-07-27,11321000.0,7262403000.0,7015457000.0,,,0.093,21.263,-533272000.0,250416000.0,250416000.0,169081000.0,371716000.0,,1.839,3494844000.0,,,3494844000.0,0.0,150480000.0,40842000.0,0.035,2.0,440952000.0,591432000.0,0.909,591432000.0,440952000.0,314260000.0,3.02,2.95,3.02,2066541000.0,1970572000.0,2066541000.0,8631241442.0,20.0,14.594,-292729000.0,-3.012,1.0,481805000.0,0.74,0.0,126692000.0,10506831000.0,10002959750.0,0.0,356194000.0,,,3801040000.0,,,5700456442.0,45461000.0,-89253000.0,447041000.0,395801000.0,-211744000.0,420025000.0,-632240000.0,1588000.0,240543000.0,17133000.0,314260000.0,293552000.0,293552000.0,-83450000.0,57456000.0,0.451,293886000.0,187919000.0,210447000.0,0.662,2.758,19.419,19.06,6321711000.0,20708000.0,57.56,8.758,8.595,184270000.0,244688000.0,650886000.0,650886000.0,0.0,0.042,0.149,0.044,0.677,16046000.0,129508000.0,1.0,99035032.0,97189749,99601396.0,6.697,7262403000.0,0.0,0.0,0.0,74.724,
55,PLD,MRT,2007-09-30,2007-09-30,2007-09-30,2021-07-27,6040000.0,7063178000.0,6878234250.0,,,0.099,20.287,-269328000.0,400011000.0,400011000.0,170455000.0,304623000.0,,1.829,3330796000.0,,,3330796000.0,0.0,155330000.0,39246000.0,0.032,1.92,435647000.0,590977000.0,0.866,590977000.0,435647000.0,304816000.0,3.02,2.93,3.02,2002784000.0,1925011250.0,2002784000.0,8770109161.0,20.0,14.84,62378000.0,0.632,1.0,511634000.0,0.75,0.0,130831000.0,9993963000.0,10003814500.0,0.0,360272000.0,,,3663830000.0,,,5975667161.0,142462000.0,-16811000.0,447978000.0,194975000.0,-198264000.0,192969000.0,-392951000.0,1577000.0,331706000.0,10738000.0,304816000.0,286013000.0,286013000.0,-32109000.0,-193000.0,0.419,295801000.0,215833000.0,238886000.0,0.636,2.984,20.893,19.805,5986391000.0,18803000.0,59.81,8.761,8.657,159269000.0,200981000.0,682089000.0,682089000.0,0.0,0.042,0.149,0.044,0.639,19867000.0,125690000.0,1.0,99910837.0,98722381,100914340.0,6.909,7063178000.0,0.0,0.0,0.0,71.546,
56,PLD,MRT,2007-06-30,2007-06-30,2007-06-30,2021-07-27,-2068000.0,6759264000.0,7007030000.0,,,0.099,20.107,-377686000.0,251052000.0,251052000.0,172331000.0,264900000.0,,1.671,3045494000.0,,,3045494000.0,0.0,161999000.0,38994000.0,0.035,1.88,410564000.0,572563000.0,0.821,572563000.0,410564000.0,265093000.0,2.66,2.57,2.66,1989321000.0,1630075000.0,1989321000.0,8282476361.0,20.0,14.466,-70198000.0,-0.71,1.0,524724000.0,0.753,0.0,145471000.0,9553706000.0,10349606000.0,0.0,349534000.0,,,3324415000.0,,,5302120361.0,21623000.0,-77257000.0,516113000.0,70384000.0,-187967000.0,216615000.0,-489527000.0,1658000.0,307488000.0,-12953000.0,265093000.0,246821000.0,246821000.0,-28834000.0,-193000.0,0.354,292766000.0,231958000.0,184036000.0,0.707,2.665,21.482,20.008,5843533000.0,18272000.0,53.22,7.606,7.554,166449000.0,181215000.0,697055000.0,697055000.0,0.0,0.035,0.151,0.04,0.589,19198000.0,116186000.0,1.0,99626463.0,98937407,101361013.0,7.045,6759264000.0,0.0,0.0,0.0,68.319,
57,PLD,MRT,2007-03-31,2007-03-31,2007-03-31,2021-07-27,-1438000.0,6976983000.0,7151305500.0,,,0.099,19.765,-698502000.0,286161000.0,286161000.0,173352000.0,221984000.0,,1.949,3266517000.0,,,3266517000.0,0.0,161031000.0,37274000.0,0.031,1.84,378807000.0,539838000.0,0.765,539838000.0,378807000.0,222177000.0,2.36,2.27,2.36,1823642000.0,1319753000.0,1823642000.0,8585746593.0,23.0,15.904,-358786000.0,-3.889,1.0,532219000.0,0.754,0.0,156630000.0,9957339000.0,10705764500.0,0.0,298133000.0,,,3553889000.0,,,5344209593.0,117350000.0,1178000.0,517457000.0,232860000.0,-176977000.0,509037000.0,-733667000.0,2842000.0,339716000.0,2264000.0,222177000.0,207766000.0,207766000.0,-47626000.0,-193000.0,0.294,296136000.0,236083000.0,192598000.0,0.78,2.931,25.722,24.911,6104112000.0,14411000.0,58.79,7.574,7.688,141647000.0,119593000.0,705571000.0,705571000.0,0.0,0.029,0.157,0.035,0.537,21015000.0,111068000.0,1.0,90903378.0,92265002,95098711.0,7.647,6976983000.0,0.0,0.0,0.0,75.619,
58,PLD,MRT,2006-12-31,2006-12-31,2006-12-31,2021-07-27,-1778000.0,6713512000.0,7167950500.0,,,0.099,21.483,-869538000.0,195878000.0,195878000.0,173208000.0,223879000.0,,1.969,3992616000.0,,,3992616000.0,0.0,160843000.0,36106000.0,0.031,1.84,385518000.0,546361000.0,0.767,546361000.0,385518000.0,224072000.0,2.39,2.3,2.39,1884298000.0,1051538750.0,1884298000.0,9033602263.0,23.0,16.534,-533683000.0,-6.085,1.0,539183000.0,0.757,0.0,161446000.0,10510250000.0,10851917500.0,0.0,274381000.0,,,3709295000.0,,,5234834263.0,-58118000.0,11014000.0,55521000.0,644939000.0,-174266000.0,483621000.0,-880560000.0,2874000.0,335855000.0,2966000.0,224072000.0,209420000.0,209420000.0,-57596000.0,-193000.0,0.294,290717000.0,248466000.0,186807000.0,0.77,2.778,24.997,24.523,5960992000.0,14652000.0,58.61,7.348,7.216,133998000.0,147274000.0,712391000.0,712391000.0,0.0,0.029,0.199,0.036,0.541,20736000.0,104262000.0,1.0,89316401.0,87710500,91106893.0,8.122,6713512000.0,0.0,0.0,0.0,76.542,
59,PLD,MRT,2006-09-30,2006-09-30,2006-09-30,2021-07-27,-2155000.0,7578361000.0,7190257250.0,,,0.098,9.35,-562293000.0,184230000.0,184230000.0,169938000.0,277500000.0,,5.201,3982998000.0,,,3982998000.0,0.0,162509000.0,43687000.0,0.033,1.8,441155000.0,603664000.0,0.856,603664000.0,441155000.0,277500000.0,3.09,2.97,3.09,823039000.0,754255250.0,823039000.0,8512755068.0,19.0,14.102,-239682000.0,-2.723,1.0,535562000.0,0.759,0.0,163655000.0,11377129000.0,10708621750.0,0.0,135638000.0,,,4280356000.0,,,4870781068.0,22462000.0,23591000.0,58115000.0,551351000.0,-169899000.0,235875000.0,-534809000.0,2870000.0,322611000.0,-1215000.0,277500000.0,264826000.0,264826000.0,-113456000.0,0.0,0.375,272777000.0,262785000.0,206200000.0,0.583,5.918,18.392,17.835,6979253000.0,12674000.0,55.11,6.904,6.876,143594000.0,104789000.0,705500000.0,705500000.0,0.0,0.037,0.351,0.041,0.625,17059000.0,90519000.0,1.0,88382890.0,88029033,91058029.0,8.014,7578361000.0,0.0,0.0,0.0,86.089,
60,PLD,MRT,2006-06-30,2006-06-30,2006-06-30,2021-07-27,373000.0,7336366000.0,7004726250.0,,,0.098,8.567,-480412000.0,231912000.0,231912000.0,165240000.0,273181000.0,,5.519,3873886000.0,,,3873886000.0,0.0,157496000.0,44286000.0,0.035,1.78,430175000.0,587671000.0,0.858,587671000.0,430175000.0,273181000.0,3.07,2.95,3.07,748033000.0,654797500.0,748033000.0,7946858214.0,18.0,13.523,-106163000.0,-1.216,1.0,520001000.0,0.759,0.0,156994000.0,10978340000.0,10420761000.0,0.0,141923000.0,,,4128109000.0,,,4448470214.0,63383000.0,6731000.0,65617000.0,491326000.0,-164738000.0,154235000.0,-467535000.0,2866000.0,374249000.0,2434000.0,273181000.0,262148000.0,262148000.0,-126218000.0,0.0,0.383,259397000.0,260604000.0,162930000.0,0.58,5.947,16.969,16.466,6720632000.0,11033000.0,50.55,6.492,6.441,127528000.0,115873000.0,685241000.0,685241000.0,0.0,0.037,0.4,0.041,0.628,16293000.0,81693000.0,1.0,88001389.0,87317494,90135659.0,7.848,7336366000.0,0.0,0.0,0.0,84.019,
61,PLD,MRT,2006-03-31,2006-03-31,2006-03-31,2021-07-27,-1405000.0,7043563000.0,6826727500.0,,,0.098,8.686,-311384000.0,168007000.0,168007000.0,161567000.0,238617000.0,,5.215,3666395000.0,,,3666395000.0,0.0,159277000.0,46459000.0,0.032,1.76,388487000.0,547764000.0,0.821,547764000.0,388487000.0,238617000.0,2.71,2.6,2.71,750785000.0,574416000.0,750785000.0,7886313236.0,20.0,14.397,-11073000.0,-0.128,1.0,505565000.0,0.758,0.0,149870000.0,10541951000.0,10141378000.0,0.0,140061000.0,,,3915544000.0,,,4751985236.0,-25313000.0,-6938000.0,66990000.0,335192000.0,-159107000.0,-21407000.0,-296952000.0,121000.0,300311000.0,-7265000.0,238617000.0,228819000.0,228819000.0,-109507000.0,0.0,0.343,241641000.0,263924000.0,154894000.0,0.649,6.329,20.767,20.026,6474276000.0,9798000.0,54.27,7.123,7.031,148907000.0,84070000.0,667132000.0,667132000.0,0.0,0.034,0.398,0.038,0.582,12845000.0,76662000.0,1.0,87561917.0,86432895,90179329.0,7.718,7043563000.0,0.0,0.0,0.0,81.492,
62,PLD,MRT,2005-12-31,2005-12-31,2005-12-31,2021-07-27,-2416000.0,6802739000.0,6704607750.0,,,0.096,8.271,2089000.0,267233000.0,267233000.0,157010000.0,257807000.0,,5.273,3401561000.0,,,3401561000.0,0.0,160781000.0,47055000.0,0.036,1.76,405353000.0,566134000.0,0.875,566134000.0,405353000.0,257807000.0,2.98,2.85,2.98,695164000.0,497197750.0,695164000.0,7591309948.0,19.0,13.409,297904000.0,3.544,1.0,489867000.0,0.757,0.0,147546000.0,9937067000.0,9928676000.0,0.0,140274000.0,,,3665305000.0,,,4201860948.0,123489000.0,-56586000.0,48472000.0,206128000.0,-154070000.0,-101856000.0,-60407000.0,-7883000.0,295815000.0,-10063000.0,257807000.0,250419000.0,250419000.0,-134180000.0,0.0,0.387,237553000.0,252314000.0,170307000.0,0.591,6.044,16.779,16.5,6151597000.0,7388000.0,49.17,6.496,6.389,178682000.0,101124000.0,646877000.0,646877000.0,0.0,0.037,0.504,0.041,0.627,12296000.0,71564000.0,1.0,85455785.0,84048936,87873399.0,7.696,6802739000.0,0.0,0.0,0.0,80.938,
63,PLD,MRT,2005-09-30,2005-09-30,2005-09-30,2021-07-27,-2297000.0,6836237000.0,6600658750.0,,,0.087,5.036,-506169000.0,162437000.0,162437000.0,142814000.0,174558000.0,,8.97,3551886000.0,,,3551886000.0,0.0,158811000.0,45717000.0,0.039,1.73,308569000.0,467380000.0,0.817,467380000.0,308569000.0,174558000.0,2.01,1.94,2.01,425208000.0,442110250.0,425208000.0,7059624630.0,23.0,15.105,-251001000.0,-2.973,1.0,429359000.0,0.75,0.0,134011000.0,10225686000.0,9818794500.0,0.0,137276000.0,,,3814311000.0,,,3823187630.0,15497000.0,-29049000.0,47525000.0,266425000.0,-151688000.0,271984000.0,-506982000.0,1416000.0,255168000.0,-4673000.0,174558000.0,167427000.0,167427000.0,-94021000.0,0.0,0.293,217520000.0,211839000.0,173450000.0,0.861,8.991,22.835,22.338,6302919000.0,7131000.0,44.9,6.682,6.626,158000000.0,,572173000.0,572173000.0,0.0,0.025,0.379,0.031,0.539,12124000.0,67782000.0,1.0,85148945.0,84437568,88373479.0,6.776,6836237000.0,0.0,0.0,0.0,80.962,
64,PLD,MRT,2005-06-30,2005-06-30,2005-06-30,2021-07-27,-4397000.0,6624371000.0,6447012000.0,,,0.09,5.107,-537356000.0,169471000.0,169471000.0,144198000.0,177539000.0,,8.555,3405908000.0,,,3405908000.0,0.0,159759000.0,39671000.0,0.03,1.29,314532000.0,474291000.0,0.818,474291000.0,314532000.0,177539000.0,2.06,1.98,2.06,426507000.0,478614250.0,426507000.0,6786705801.0,22.0,14.309,-284698000.0,-3.409,1.0,435688000.0,0.751,0.0,136993000.0,9860808000.0,9583202250.0,0.0,142682000.0,,,3648852000.0,,,3650646801.0,22205000.0,-23296000.0,29743000.0,368780000.0,-149690000.0,337189000.0,-565653000.0,1912000.0,252658000.0,-1989000.0,177539000.0,170408000.0,170408000.0,-90996000.0,0.0,0.294,212179000.0,223509000.0,160474000.0,0.626,8.559,21.423,21.083,6072225000.0,7131000.0,43.43,6.295,6.255,173360000.0,9992000.0,579886000.0,579886000.0,0.0,0.026,0.356,0.033,0.542,11912000.0,66623000.0,1.0,84058181.0,83521538,87076011.0,6.943,6624371000.0,0.0,0.0,0.0,79.313,
65,PLD,MRT,2005-03-31,2005-03-31,2005-03-31,2021-07-27,-2238000.0,6555084000.0,6275072000.0,,,0.092,5.316,-619033000.0,215068000.0,215068000.0,144051000.0,155656000.0,,8.167,3351127000.0,,,3351127000.0,0.0,155215000.0,40195000.0,0.045,1.7,295655000.0,450870000.0,0.78,450870000.0,295655000.0,155656000.0,1.8,1.73,1.8,441912000.0,523947750.0,441912000.0,6283022384.0,21.0,13.935,-341340000.0,-4.106,1.0,434022000.0,0.751,0.0,139999000.0,9691143000.0,9319349000.0,0.0,126837000.0,,,3609286000.0,,,3172424384.0,44034000.0,-16557000.0,26624000.0,443361000.0,-147885000.0,421060000.0,-657289000.0,1910000.0,277693000.0,2570000.0,155656000.0,148525000.0,148525000.0,-92928000.0,0.0,0.257,207537000.0,226485000.0,175217000.0,0.944,7.179,21.36,21.0,6006107000.0,7131000.0,37.8,5.488,5.436,135768000.0,8040000.0,578073000.0,578073000.0,0.0,0.024,0.283,0.032,0.511,12167000.0,61243000.0,1.0,83926571.0,83133730,86516695.0,6.954,6555084000.0,0.0,0.0,0.0,78.85,
66,PLD,MRT,2004-12-31,2004-12-31,2004-12-31,2021-07-27,-991000.0,6386943000.0,6037912500.0,,,0.095,5.781,-782906000.0,146593000.0,146593000.0,144136000.0,125471000.0,,7.412,3257191000.0,,,3257191000.0,0.0,151069000.0,40260000.0,0.042,1.7,267426000.0,418495000.0,0.726,418495000.0,267426000.0,125471000.0,1.44,1.39,1.44,474814000.0,577985500.0,474814000.0,6411750926.0,24.0,15.321,-485557000.0,-5.912,1.0,432259000.0,0.75,0.0,141955000.0,9497541000.0,8948819250.0,0.0,68904000.0,,,3519477000.0,,,3350083926.0,-18286000.0,31846000.0,27721000.0,447490000.0,-145951000.0,409705000.0,-731402000.0,29407000.0,297349000.0,6062000.0,125471000.0,118340000.0,118340000.0,-63888000.0,0.0,0.205,198086000.0,234173000.0,180923000.0,1.181,7.056,28.309,28.049,5997838000.0,7131000.0,40.39,5.812,5.755,109028000.0,0.0,576395000.0,576395000.0,0.0,0.02,0.205,0.03,0.464,10444000.0,57181000.0,1.0,82943400.0,82133627,85368626.0,7.018,6386943000.0,0.0,0.0,0.0,77.763,
67,PLD,MRT,2004-09-30,2004-09-30,2004-09-30,2021-07-27,515000.0,6221650000.0,5793566500.0,,,0.096,6.95,-989142000.0,174323000.0,174323000.0,139235000.0,95815000.0,,6.152,3235990000.0,,,3235990000.0,0.0,137252000.0,0.0,0.034,1.265,240058000.0,377310000.0,0.679,377310000.0,240058000.0,95815000.0,1.07,1.02,1.07,571224000.0,625798750.0,571224000.0,5929198561.0,25.0,15.714,-656579000.0,-7.988,1.0,416755000.0,0.75,0.0,144243000.0,9283317000.0,8531222250.0,0.0,71669000.0,,,3514340000.0,,,3060414561.0,-12000000.0,3706000.0,22306000.0,840367000.0,-147490000.0,677368000.0,-1028992000.0,-9935000.0,332563000.0,7061000.0,95815000.0,87513000.0,87513000.0,-39412000.0,0.0,0.157,185803000.0,230952000.0,237452000.0,1.182,5.358,34.971,34.598,5778869000.0,8302000.0,37.02,5.504,5.473,102078000.0,0.0,555990000.0,555990000.0,0.0,0.015,0.14,0.028,0.432,10018000.0,56538000.0,1.0,82669221.0,82193473,85395787.0,6.764,6221650000.0,0.0,0.0,0.0,75.695,
68,PLD,MRT,2004-06-30,2004-06-30,2004-06-30,2021-07-27,599000.0,5936611000.0,5499423250.0,,,0.097,7.406,-714632000.0,146136000.0,146136000.0,137138000.0,89454000.0,,5.382,3014920000.0,,,3014920000.0,0.0,126563000.0,0.0,0.049,1.68,228972000.0,355535000.0,0.664,355535000.0,228972000.0,89454000.0,0.95,0.92,0.95,607841000.0,626988000.0,607841000.0,5463416254.0,24.0,15.367,-443781000.0,-5.407,1.0,398457000.0,0.744,0.0,139518000.0,8805395000.0,7986857250.0,0.0,76173000.0,,,3271494000.0,,,2860838254.0,48338000.0,14322000.0,-83479000.0,790678000.0,-152683000.0,484267000.0,-713598000.0,-10461000.0,270851000.0,6818000.0,89454000.0,77794000.0,77794000.0,-35710000.0,0.0,0.145,175139000.0,223318000.0,215835000.0,1.768,4.707,36.775,36.453,5540820000.0,11660000.0,34.63,5.341,5.307,96524000.0,0.0,535595000.0,535595000.0,0.0,0.014,0.124,0.029,0.428,9572000.0,51706000.0,1.0,82611558.0,82071604,84535762.0,6.526,5936611000.0,0.0,0.0,0.0,72.335,
69,PLD,MRT,2004-03-31,2004-03-31,2004-03-31,2021-07-27,540000.0,5606446000.0,5259336500.0,,,0.101,8.055,-622680000.0,150903000.0,150903000.0,135422000.0,87483000.0,,4.501,2753481000.0,,,2753481000.0,0.0,130702000.0,0.0,0.045,1.66,223051000.0,353753000.0,0.669,353753000.0,223051000.0,87483000.0,0.92,0.9,0.92,658063000.0,905654250.0,658063000.0,5459950880.0,24.0,15.434,-362418000.0,-4.436,1.0,393166000.0,0.744,0.0,135568000.0,8209024000.0,7517900250.0,0.0,77626000.0,,,2962095000.0,,,3042356880.0,-11046000.0,11151000.0,-82861000.0,495450000.0,-149660000.0,354283000.0,-630064000.0,-10487000.0,260262000.0,4473000.0,87483000.0,75411000.0,75411000.0,-35211000.0,0.0,0.143,173916000.0,219250000.0,167801000.0,1.804,4.623,40.344,40.402,5216167000.0,12072000.0,37.17,5.756,5.744,92081000.0,0.0,528588000.0,528588000.0,0.0,0.014,0.083,0.03,0.422,8691000.0,49097000.0,1.0,81849795.0,81691434,84861965.0,6.471,5606446000.0,0.0,0.0,0.0,68.63,
70,PLD,MRT,2003-12-31,2003-12-31,2003-12-31,2021-07-27,1505000.0,5409559000.0,5084055500.0,,,0.102,8.213,-330070000.0,156663000.0,156663000.0,132813000.0,129128000.0,,4.146,2574257000.0,,,2574257000.0,0.0,131675000.0,33461000.0,0.05,1.66,261006000.0,392681000.0,0.76,392681000.0,261006000.0,129128000.0,1.44,1.41,1.44,666067000.0,1162913750.0,666067000.0,4748611430.0,18.0,12.093,-60262000.0,-0.743,1.0,384189000.0,0.743,0.0,131878000.0,7827153000.0,7186883250.0,0.0,95154000.0,,,2761352000.0,,,2687831430.0,38346000.0,12704000.0,-114292000.0,287056000.0,-152239000.0,112022000.0,-346275000.0,-30012000.0,269808000.0,2791000.0,129128000.0,116716000.0,116716000.0,-70529000.0,0.0,0.226,168561000.0,215628000.0,114558000.0,1.153,4.035,23.029,22.833,5017899000.0,12412000.0,32.88,5.199,5.158,88452000.0,0.0,517002000.0,517002000.0,0.0,0.023,0.1,0.036,0.505,8075000.0,46418000.0,1.0,81746698.0,81096062,82852528.0,6.375,5409559000.0,0.0,0.0,0.0,66.706,
71,PLD,MRT,2003-09-30,2003-09-30,2003-09-30,2021-07-27,1016000.0,5045077000.0,4977573000.0,,,0.116,7.102,-41835000.0,152432000.0,152432000.0,147643000.0,135742000.0,,4.154,2213212000.0,,,2213212000.0,0.0,135212000.0,0.0,0.054,1.65,277245000.0,412457000.0,0.716,412457000.0,277245000.0,135742000.0,1.52,1.5,1.52,575981000.0,1192798500.0,575981000.0,4469550339.0,16.0,10.836,210362000.0,2.594,1.0,428471000.0,0.744,0.0,141503000.0,7105857000.0,7005539000.0,0.0,69225000.0,,,2392770000.0,,,2516247339.0,52284000.0,8444000.0,-174251000.0,-9237000.0,-150446000.0,-232074000.0,31382000.0,74081000.0,252197000.0,779000.0,135742000.0,124160000.0,124160000.0,-73163000.0,0.0,0.216,191313000.0,237158000.0,133307000.0,1.086,4.369,20.266,20.27,4672285000.0,11582000.0,30.81,4.368,4.337,80927000.0,0.0,576114000.0,576114000.0,0.0,0.025,0.104,0.04,0.481,7315000.0,46074000.0,1.0,81669826.0,81096837,82720130.0,7.104,5045077000.0,0.0,0.0,0.0,62.211,
72,PLD,MRT,2003-06-30,2003-06-30,2003-06-30,2021-07-27,236000.0,4976264000.0,4951951000.0,,,0.117,21.261,-173152000.0,91161000.0,91161000.0,146143000.0,137128000.0,,1.284,2044464000.0,,,2044464000.0,0.0,139956000.0,0.0,0.058,1.645,280570000.0,420526000.0,0.727,420526000.0,280570000.0,137128000.0,1.57,1.55,1.57,1722506000.0,1483416500.0,1722506000.0,4260224466.0,15.0,10.131,119202000.0,1.471,1.0,432269000.0,0.747,0.0,143442000.0,6929567000.0,6992046750.0,0.0,81663000.0,,,2212085000.0,,,2280590466.0,-40734000.0,-4958000.0,-76170000.0,-196126000.0,-145054000.0,-216451000.0,-116637000.0,74081000.0,292354000.0,0.0,137128000.0,128976000.0,128976000.0,-71257000.0,0.0,0.223,190577000.0,241692000.0,125929000.0,1.048,1.324,17.682,17.943,4676024000.0,8152000.0,28.17,3.943,3.946,83116000.0,10347000.0,578412000.0,578412000.0,0.0,0.026,0.087,0.04,0.485,7282000.0,47626000.0,1.0,80958128.0,81015506,82465984.0,7.14,4976264000.0,0.0,0.0,0.0,61.424,
73,PLD,MRT,2003-03-31,2003-03-31,2003-03-31,2021-07-27,134000.0,4905322000.0,4942205000.0,,,0.117,20.803,-166305000.0,149908000.0,149908000.0,141761000.0,149043000.0,,1.374,2129542000.0,,,2129542000.0,0.0,132268000.0,0.0,0.058,1.64,292727000.0,424995000.0,0.737,424995000.0,292727000.0,149043000.0,1.71,1.68,1.71,1687101000.0,1489292250.0,1687101000.0,4404581938.0,15.0,10.364,153521000.0,1.893,1.0,434869000.0,0.754,0.0,143684000.0,6884956000.0,7015207750.0,0.0,80866000.0,,,2317592000.0,,,2286434938.0,47964000.0,6332000.0,-74926000.0,-65156000.0,-147688000.0,-183518000.0,-88344000.0,74081000.0,319826000.0,0.0,149043000.0,140961000.0,140961000.0,-70366000.0,0.0,0.244,179708000.0,255161000.0,146609000.0,0.959,1.355,16.22,16.52,4546583000.0,8082000.0,28.25,3.965,3.973,76056000.0,28311000.0,576630000.0,576630000.0,0.0,0.029,0.095,0.042,0.508,6347000.0,46266000.0,1.0,80935750.0,81097725,82514156.0,7.11,4905322000.0,0.0,0.0,0.0,60.487,
74,PLD,MRT,2002-12-31,2002-12-31,2002-12-31,2021-07-27,31000.0,4983629000.0,4911155250.0,,,0.115,9.43,-308172000.0,117214000.0,117214000.0,136451000.0,121119000.0,,3.077,2235361000.0,,,2235361000.0,0.0,125490000.0,0.0,0.06,1.64,264037000.0,389527000.0,0.692,389527000.0,264037000.0,121119000.0,1.36,1.33,1.36,785606000.0,1504693750.0,785606000.0,4370471426.0,17.0,11.22,-16907000.0,-0.203,1.0,426780000.0,0.758,0.0,142918000.0,7101776000.0,7000734750.0,0.0,77561000.0,,,2417077000.0,,,2261172426.0,16261000.0,6458000.0,-54675000.0,46725000.0,-112085000.0,-28150000.0,-246854000.0,74081000.0,291265000.0,0.0,121119000.0,113035000.0,113035000.0,-38979000.0,0.0,0.201,170115000.0,256665000.0,140503000.0,1.206,2.878,20.004,20.118,4662448000.0,8084000.0,27.36,4.015,4.047,74207000.0,0.0,563231000.0,563231000.0,0.0,0.023,0.075,0.038,0.469,5265000.0,45149000.0,1.0,82645191.0,83310885,84795987.0,6.761,4983629000.0,0.0,0.0,0.0,59.82,
75,PLD,MRT,2002-09-30,2002-09-30,2002-09-30,2021-07-27,-8000.0,4942589000.0,4857483750.0,,,0.11,20.764,-391982000.0,90840000.0,90840000.0,130923000.0,116477000.0,,1.374,2200139000.0,,,2200139000.0,0.0,125876000.0,0.0,0.056,1.61,255985000.0,381861000.0,0.712,381861000.0,255985000.0,116477000.0,1.21,1.18,1.21,1738453000.0,1746377750.0,1738453000.0,4495836192.0,18.0,11.773,-142586000.0,-1.703,1.0,405532000.0,0.756,0.0,139508000.0,7051888000.0,6933022000.0,0.0,77977000.0,,,2389215000.0,,,2410905192.0,-167333000.0,16969000.0,-5532000.0,144615000.0,-143835000.0,-40415000.0,-376314000.0,0.0,249396000.0,0.0,116477000.0,100791000.0,100791000.0,-34539000.0,0.0,0.188,173696000.0,231836000.0,0.0,1.331,1.387,23.92,23.884,4644161000.0,15686000.0,28.9,4.494,4.51,81003000.0,4317000.0,536455000.0,536455000.0,0.0,0.021,0.058,0.037,0.477,4747000.0,42915000.0,1.0,83422325.0,83723897,85527829.0,6.407,4942589000.0,0.0,0.0,0.0,59.034,
76,PLD,MRT,2002-06-30,2002-06-30,2002-06-30,2021-07-27,-31000.0,4937280000.0,4829742500.0,,,0.112,20.858,-357583000.0,119287000.0,119287000.0,128445000.0,120980000.0,,1.356,2204218000.0,,,2204218000.0,0.0,121013000.0,0.0,0.051,1.595,255829000.0,376842000.0,0.696,376842000.0,255829000.0,120980000.0,1.26,1.22,1.26,1746009000.0,1753611500.0,1746009000.0,4640802448.0,18.0,12.315,-110790000.0,-1.323,1.0,412826000.0,0.763,0.0,134849000.0,7022211000.0,6815688250.0,0.0,151258000.0,,,2366847000.0,,,2594861448.0,-25948000.0,16180000.0,-24841000.0,269297000.0,-142878000.0,37313000.0,-310054000.0,0.0,246793000.0,0.0,120980000.0,104880000.0,104880000.0,-27109000.0,0.0,0.194,167505000.0,245321000.0,0.0,1.266,1.486,24.741,24.603,4555197000.0,16100000.0,31.0,4.794,4.794,80366000.0,13535000.0,541271000.0,541271000.0,0.0,0.022,0.06,0.038,0.473,3421000.0,39335000.0,1.0,83705208.0,83710208,85529416.0,6.466,4937280000.0,0.0,0.0,0.0,58.981,
77,PLD,MRT,2002-03-31,2002-03-31,2002-03-31,2021-07-27,0.0,4781123000.0,4775963750.0,,,0.113,20.988,-307555000.0,99492000.0,99492000.0,128051000.0,122063000.0,,1.316,2145433000.0,,,2145433000.0,0.0,116364000.0,0.0,0.069,1.885,250269000.0,366633000.0,0.68,366633000.0,250269000.0,122063000.0,1.27,1.24,1.27,1748707000.0,1764580250.0,1748707000.0,4052828655.0,16.0,11.054,-47300000.0,-0.568,1.0,410822000.0,0.762,0.0,128206000.0,6827064000.0,6674367500.0,0.0,158351000.0,,,2301001000.0,,,2301899655.0,-11798000.0,10185000.0,-28770000.0,272117000.0,-141979000.0,-45912000.0,-226141000.0,61528000.0,260255000.0,0.0,122063000.0,105963000.0,105963000.0,-22286000.0,0.0,0.197,163117000.0,247705000.0,0.0,1.484,1.316,21.724,21.654,4416620000.0,16100000.0,27.5,4.272,4.252,75399000.0,21544000.0,538873000.0,538873000.0,0.0,0.022,0.06,0.037,0.464,3280000.0,37774000.0,1.0,83705442.0,83319047,84781872.0,6.468,4781123000.0,0.0,0.0,0.0,57.383,
78,PLD,MRT,2001-12-31,2001-12-31,2001-12-31,2021-07-27,0.0,4768943000.0,4740219000.0,,,0.113,20.818,-382196000.0,81732000.0,81732000.0,126342000.0,136200000.0,,1.302,2143714000.0,,,2143714000.0,0.0,113543000.0,0.0,0.072,1.885,261033000.0,374576000.0,0.701,374576000.0,261033000.0,136200000.0,1.43,1.41,1.43,1752342000.0,1776626500.0,1752342000.0,3927270492.0,15.0,10.485,-93634000.0,-1.112,1.0,407924000.0,0.764,0.0,124833000.0,6830925000.0,6554845000.0,0.0,158311000.0,,,2282315000.0,,,2176341492.0,52713000.0,5341000.0,-28618000.0,292092000.0,-141979000.0,127303000.0,-363152000.0,0.0,288562000.0,0.0,136200000.0,120100000.0,120100000.0,-18019000.0,0.0,0.225,160114000.0,247810000.0,133641000.0,1.318,1.242,18.121,18.182,4422232000.0,16100000.0,26.0,4.074,4.096,70794000.0,27640000.0,534266000.0,534266000.0,0.0,0.025,0.068,0.04,0.489,2725000.0,35820000.0,1.0,83705442.0,84174644,85214066.0,6.347,4768943000.0,0.0,0.0,0.0,56.655,
79,PLD,MRT,2001-09-30,2001-09-30,2001-09-30,2021-07-27,0.0,4831624000.0,4654389750.0,,,0.117,20.942,-492734000.0,256872000.0,256872000.0,122308000.0,131834000.0,,1.248,2007801000.0,,,2007801000.0,0.0,108361000.0,0.0,0.075,1.835,248997000.0,357358000.0,0.654,357358000.0,248997000.0,131834000.0,1.46,1.46,1.46,1767388000.0,1780523500.0,1767388000.0,3817518658.0,15.0,10.683,-141257000.0,-1.674,1.0,423767000.0,0.776,0.0,117163000.0,6582553000.0,6401908750.0,0.0,177939000.0,,,2205178000.0,,,2082755658.0,224623000.0,-2155000.0,-19536000.0,421563000.0,-135778000.0,420956000.0,-547810000.0,0.0,351477000.0,0.0,131834000.0,123334000.0,123334000.0,-14613000.0,0.0,0.226,135262000.0,288505000.0,0.0,1.257,1.178,16.887,16.781,4300757000.0,8500000.0,24.5,3.814,3.786,68811000.0,35245000.0,546075000.0,546075000.0,0.0,0.026,0.069,0.039,0.456,2950000.0,32608000.0,1.0,85010435.0,84395107,85644840.0,6.47,4831624000.0,0.0,0.0,0.0,57.25,
80,PLD,MRT,2001-06-30,2001-06-30,2001-06-30,2021-07-27,0.0,4722165000.0,4472244250.0,,,0.115,21.192,-556920000.0,176584000.0,176584000.0,114551000.0,135103000.0,,1.18,1911347000.0,,,1911347000.0,0.0,102712000.0,0.0,0.056,1.44,241986000.0,344698000.0,0.672,344698000.0,241986000.0,135103000.0,1.5,1.51,1.5,1789884000.0,1781929250.0,1789884000.0,3899875799.0,16.0,11.314,-250273000.0,-2.963,1.0,398387000.0,0.777,0.0,106883000.0,6456928000.0,6150940250.0,0.0,176115000.0,,,2112378000.0,,,2189045799.0,120358000.0,-524000.0,3049000.0,382884000.0,-133227000.0,475969000.0,-662258000.0,0.0,306647000.0,0.0,135103000.0,126603000.0,126603000.0,-14142000.0,0.0,0.247,126930000.0,271457000.0,0.0,0.96,1.223,17.291,17.173,4243784000.0,8500000.0,25.76,4.268,4.242,68982000.0,39039000.0,512938000.0,512938000.0,0.0,0.028,0.071,0.039,0.472,2288000.0,29799000.0,1.0,84978486.0,84461544,85378727.0,6.073,4722165000.0,0.0,0.0,0.0,55.909,
81,PLD,MRT,2001-03-31,2001-03-31,2001-03-31,2021-07-27,0.0,4638144000.0,4254958250.0,,,0.113,21.418,-712292000.0,152224000.0,152224000.0,106362000.0,135177000.0,,1.136,1863054000.0,,,1863054000.0,0.0,98020000.0,0.0,0.06,1.48,232221000.0,330241000.0,0.686,330241000.0,232221000.0,135177000.0,1.5,1.51,1.5,1796892000.0,1779158250.0,1796892000.0,3865423589.0,17.0,11.705,-419330000.0,-4.998,1.0,375247000.0,0.779,0.0,97044000.0,6348974000.0,5839067750.0,0.0,269242000.0,,,2040969000.0,,,2071869589.0,71965000.0,-12459000.0,2931000.0,452991000.0,-130680000.0,610559000.0,-831556000.0,-102803000.0,292962000.0,0.0,135177000.0,126677000.0,126677000.0,-13935000.0,0.0,0.263,119204000.0,256043000.0,0.0,0.987,1.153,16.356,16.4,4119357000.0,8500000.0,24.6,4.302,4.285,67482000.0,44814000.0,481609000.0,481609000.0,0.0,0.03,0.071,0.04,0.482,1326000.0,26582000.0,1.0,84222341.0,83895993,84720917.0,5.741,4638144000.0,0.0,0.0,0.0,55.284,
82,PLD,MRT,2000-12-31,2000-12-31,2000-12-31,2021-07-27,-3732000.0,4425626000.0,4009579000.0,,,0.112,21.123,-713634000.0,42722000.0,42722000.0,98415000.0,121782000.0,,1.122,1836276000.0,,,1836276000.0,0.0,90358000.0,0.0,0.057,1.48,207616000.0,297974000.0,0.666,297974000.0,207616000.0,121782000.0,1.35,1.35,1.35,1767930000.0,1775519250.0,1767930000.0,3647524213.0,18.0,12.241,-452459000.0,-5.406,1.0,348683000.0,0.78,0.0,85834000.0,6219180000.0,5459260250.0,0.0,248097000.0,,,1983318000.0,,,2171887213.0,-12954000.0,-8863000.0,2180000.0,416158000.0,-130680000.0,452370000.0,-726499000.0,0.0,261175000.0,0.0,121782000.0,113282000.0,113282000.0,-13935000.0,0.0,0.253,108710000.0,239973000.0,56577000.0,1.096,1.228,19.172,19.119,4046276000.0,8500000.0,25.81,4.858,4.832,69874000.0,36066000.0,447098000.0,447098000.0,0.0,0.028,0.064,0.038,0.464,1022000.0,23750000.0,1.0,84149059.0,83697170,84155306.0,5.342,4425626000.0,0.0,0.0,0.0,52.877,
83,PLD,MRT,2000-09-30,2000-09-30,2000-09-30,2021-07-27,-23000.0,4103042000.0,3808560000.0,,,0.12,21.078,-342274000.0,37840000.0,37840000.0,102837000.0,148091000.0,,0.935,1513477000.0,,,1513477000.0,0.0,82875000.0,0.0,0.044,1.09,231973000.0,314848000.0,0.69,314848000.0,231973000.0,148091000.0,1.64,1.64,1.64,1773011000.0,1790851500.0,1773011000.0,3421635177.0,15.0,10.868,-175834000.0,-2.09,1.0,353786000.0,0.775,0.0,83882000.0,5578679000.0,5093107250.0,0.0,77981000.0,,,1657581000.0,,,2065218177.0,-46790000.0,-14170000.0,-25559000.0,159173000.0,-103375000.0,183856000.0,-397086000.0,-98480000.0,166440000.0,0.0,148091000.0,139591000.0,139591000.0,0.0,0.0,0.306,106304000.0,247482000.0,0.0,0.665,1.165,14.795,14.976,3776413000.0,8500000.0,24.56,4.523,4.524,0.0,43438000.0,456623000.0,456623000.0,0.0,0.037,0.078,0.046,0.508,-952000.0,23429000.0,1.0,84088688.0,84115613,84725109.0,5.429,4103042000.0,0.0,0.0,0.0,48.779,
84,PLD,MRT,2000-06-30,2000-06-30,2000-06-30,2021-07-27,9961000.0,3853021000.0,3694786250.0,,,0.121,21.214,-86161000.0,21674000.0,21674000.0,102225000.0,165824000.0,,0.851,1378091000.0,,,1378091000.0,0.0,75256000.0,0.0,0.063,1.44,248291000.0,323547000.0,0.724,323547000.0,248291000.0,165824000.0,1.83,1.83,1.83,1778800000.0,1798297500.0,1778800000.0,3087390583.0,12.0,9.542,107736000.0,1.285,1.0,344811000.0,0.771,0.0,82467000.0,5209438000.0,4912361750.0,0.0,77959000.0,,,1514259000.0,,,1914273583.0,-20160000.0,-14750000.0,-26848000.0,-38491000.0,-104750000.0,-96359000.0,-117698000.0,-98480000.0,193897000.0,0.0,165824000.0,157324000.0,157324000.0,0.0,0.0,0.352,98805000.0,246006000.0,0.0,0.787,1.076,12.168,12.475,3658066000.0,8500000.0,22.83,4.282,4.282,0.0,41840000.0,447036000.0,447036000.0,0.0,0.043,0.087,0.051,0.555,-952000.0,23549000.0,1.0,83849040.0,83848883,84125277.0,5.331,3853021000.0,0.0,0.0,0.0,45.952,
85,PLD,MRT,2000-03-31,2000-03-31,2000-03-31,2021-07-27,10798000.0,3656627000.0,3664667000.0,,,0.123,21.256,172762000.0,89094000.0,89094000.0,105492000.0,179134000.0,,0.78,1262211000.0,,,1262211000.0,0.0,67803000.0,0.0,0.049,1.05,265190000.0,332993000.0,0.742,332993000.0,265190000.0,179134000.0,1.98,1.98,1.98,1782336000.0,1799499750.0,1782336000.0,2966725394.0,11.0,8.909,343405000.0,4.096,1.0,343442000.0,0.765,0.0,86056000.0,4829744000.0,4887752500.0,0.0,67414000.0,,,1390931000.0,,,1833707394.0,2903000.0,-4926000.0,-26690000.0,-235564000.0,-103839000.0,-278550000.0,110810000.0,-57026000.0,170643000.0,0.0,179134000.0,170634000.0,170634000.0,0.0,0.0,0.38,92175000.0,251267000.0,0.0,0.53,1.029,10.746,10.859,3400249000.0,8500000.0,21.5,4.085,4.016,0.0,44988000.0,448934000.0,448934000.0,0.0,0.047,0.095,0.054,0.591,-952000.0,24372000.0,1.0,85288716.0,83849157,83863198.0,5.354,3656627000.0,0.0,0.0,0.0,43.61,
86,PLD,MRT,1999-12-31,1999-12-31,1999-12-31,2021-07-27,28993000.0,3621550000.0,3674664750.0,,,0.122,21.203,166214000.0,137019000.0,137019000.0,107923000.0,176103000.0,,0.743,1270037000.0,,,1270037000.0,0.0,67035000.0,0.0,0.07,1.4,264784000.0,331819000.0,0.74,331819000.0,264784000.0,176103000.0,1.94,1.94,1.94,1829259000.0,1794299000.0,1829259000.0,2934088222.0,11.0,8.842,356605000.0,4.134,1.0,340260000.0,0.759,0.0,88681000.0,4754568000.0,4968787000.0,0.0,110019000.0,,,1359408000.0,,,1726338222.0,13402000.0,-4002000.0,-26568000.0,-152289000.0,-133266000.0,-240721000.0,63732000.0,-98480000.0,190391000.0,0.0,176103000.0,167603000.0,167603000.0,0.0,0.0,0.374,92258000.0,248002000.0,0.0,0.722,0.944,10.3,10.278,3327095000.0,8500000.0,19.94,3.852,3.838,35516000.0,47089000.0,448183000.0,448183000.0,0.0,0.046,0.093,0.053,0.591,-952000.0,25223000.0,1.0,86576641.0,86271862,86347487.0,5.195,3621550000.0,0.0,0.0,0.0,41.978,
87,PLD,MRT,1999-09-30,1999-09-30,1999-09-30,2021-07-27,0.0,3647947000.0,3659998500.0,,,0.12,20.833,-181069000.0,70821000.0,70821000.0,108489000.0,151746000.0,,0.786,1278571000.0,,,1278571000.0,0.0,66707000.0,0.0,0.049,1.042,242016000.0,308723000.0,0.7,308723000.0,242016000.0,151746000.0,1.66,1.65,1.66,1802795000.0,1778324250.0,1802795000.0,3211838939.0,13.0,10.404,44475000.0,0.514,1.0,332271000.0,0.754,0.0,90270000.0,4855697000.0,5006631000.0,0.0,58685000.0,,,1416931000.0,,,1833381939.0,40462000.0,12763000.0,732000.0,-126900000.0,-127729000.0,-19623000.0,-165459000.0,2847000.0,225544000.0,0.0,151746000.0,143246000.0,143246000.0,0.0,0.0,0.325,91547000.0,240724000.0,0.0,0.628,1.017,12.799,12.765,3460992000.0,8500000.0,21.19,4.16,4.16,0.0,26842000.0,440760000.0,440760000.0,0.0,0.039,0.081,0.048,0.549,0.0,24840000.0,1.0,86521092.0,86536918,86637633.0,5.093,3647947000.0,0.0,0.0,0.0,42.155,
88,PLD,MRT,1999-06-30,1999-06-30,1999-06-30,2021-07-27,0.0,3732544000.0,3579830000.0,,,0.118,20.671,-511152000.0,40130000.0,40130000.0,104872000.0,128039000.0,,0.863,1418587000.0,,,1418587000.0,0.0,65764000.0,0.0,0.044,1.035,216706000.0,282470000.0,0.668,282470000.0,216706000.0,128039000.0,1.4,1.39,1.4,1783609000.0,1769294500.0,1783609000.0,3478995344.0,16.0,12.316,-292829000.0,-3.394,1.0,318165000.0,0.752,0.0,88667000.0,5111001000.0,4942874000.0,0.0,58278000.0,,,1539273000.0,,,2021731344.0,13810000.0,12929000.0,549000.0,114151000.0,-122609000.0,290863000.0,-495376000.0,2847000.0,218323000.0,0.0,128039000.0,120150000.0,120150000.0,0.0,0.0,0.284,89297000.0,228868000.0,0.0,0.739,1.134,16.827,16.786,3577910000.0,7889000.0,23.5,4.779,4.793,0.0,6690000.0,423037000.0,423037000.0,0.0,0.034,0.068,0.044,0.512,0.0,23533000.0,1.0,86031121.0,86286613,86468820.0,4.903,3732544000.0,0.0,0.0,0.0,43.258,
89,PLD,MRT,1999-03-31,1999-03-31,1999-03-31,2021-07-27,0.0,3696618000.0,3404970500.0,,,0.115,20.483,-642076000.0,29165000.0,29165000.0,98769000.0,112700000.0,,0.914,1486429000.0,,,1486429000.0,0.0,64102000.0,0.0,0.066,1.378,193496000.0,257598000.0,0.656,257598000.0,193496000.0,112700000.0,1.25,1.23,1.25,1761533000.0,1740746500.0,1761533000.0,3128104123.0,16.0,12.143,-435204000.0,-5.06,1.0,293905000.0,0.748,0.0,80796000.0,5153882000.0,4698466000.0,0.0,57697000.0,,,1610225000.0,,,1785045123.0,3249000.0,-54816000.0,391000.0,382809000.0,-119788000.0,490601000.0,-694224000.0,2668000.0,206872000.0,0.0,112700000.0,106936000.0,106936000.0,0.0,0.0,0.272,83972000.0,209933000.0,0.0,1.102,1.013,16.693,16.6,3549569000.0,5764000.0,20.75,4.546,4.545,0.0,,392674000.0,392674000.0,0.0,0.031,0.061,0.041,0.493,0.0,19870000.0,1.0,86026271.0,86001104,86020680.0,4.566,3696618000.0,0.0,0.0,0.0,42.983,
90,PLD,MRT,1998-12-31,1998-12-31,1998-12-31,2021-07-27,0.0,3562885000.0,3180363500.0,,,0.113,20.557,-702217000.0,25137000.0,25137000.0,88415000.0,112593000.0,,0.834,1368196000.0,,,1368196000.0,0.0,57464000.0,0.0,0.062,1.37,182263000.0,239727000.0,0.668,239727000.0,182263000.0,112593000.0,1.27,1.26,1.27,1765360000.0,1718039500.0,1765360000.0,3162635286.0,17.0,13.193,-525037000.0,-6.114,1.0,270472000.0,0.754,0.0,69670000.0,4905944000.0,4332924750.0,0.0,57655000.0,,,1472501000.0,,,1889239286.0,-11984000.0,-93996000.0,0.0,462511000.0,-88236000.0,604202000.0,-793366000.0,2847000.0,177180000.0,0.0,112593000.0,108954000.0,108954000.0,0.0,0.0,0.304,77052000.0,193420000.0,0.0,1.079,1.07,17.34,17.323,3425706000.0,3639000.0,22.0,5.264,5.264,0.0,,358887000.0,358887000.0,0.0,0.034,0.063,0.042,0.508,0.0,19588000.0,1.0,85874513.0,85876383,86235176.0,4.179,3562885000.0,0.0,0.0,0.0,41.489,
91,PLD,MRT,1998-09-30,1998-09-30,1998-09-30,2021-07-27,0.0,3327273000.0,2916206000.0,,,0.099,20.573,-730159000.0,33206000.0,33206000.0,79621000.0,94002000.0,,0.802,1306602000.0,,,1306602000.0,0.0,44247000.0,0.0,0.045,1.162,144635000.0,188882000.0,0.657,188882000.0,144635000.0,94002000.0,0.59,0.57,0.59,1766676000.0,1693707000.0,1766676000.0,3316684181.0,23.0,17.56,-591932000.0,-6.893,1.0,208014000.0,0.723,0.0,50633000.0,4600669000.0,3894423500.0,0.0,67191000.0,,,1416208000.0,,,2216421181.0,18659000.0,-104209000.0,317009000.0,414138000.0,-70331000.0,722874000.0,-842442000.0,-8074000.0,138227000.0,0.0,94002000.0,92488000.0,92488000.0,0.0,0.0,0.322,50714000.0,157300000.0,0.0,1.969,1.255,23.964,43.746,3180026000.0,1514000.0,25.81,7.706,7.706,0.0,,287635000.0,287635000.0,0.0,0.032,0.055,0.037,0.503,0.0,11859000.0,1.0,85874513.0,85874513,86251857.0,3.349,3327273000.0,0.0,0.0,0.0,38.746,
92,PLD,MRT,1998-06-30,1998-06-30,1998-06-30,2021-07-27,0.0,3033106000.0,,,,,19.44,-524790000.0,29167000.0,29167000.0,62442000.0,71348000.0,,0.727,1129430000.0,,,1129430000.0,0.0,29497000.0,0.0,0.033,0.819,102437000.0,131934000.0,0.641,131934000.0,102437000.0,71348000.0,1.49,1.47,1.49,1669417000.0,,1669417000.0,2997452568.0,29.0,22.719,-442606000.0,-5.154,1.0,143336000.0,0.697,0.0,31089000.0,4133369000.0,,0.0,67149000.0,,,1213938000.0,,,2103925568.0,19866000.0,-105220000.0,317009000.0,311869000.0,-40919000.0,577202000.0,-638084000.0,-8074000.0,82184000.0,0.0,71348000.0,71348000.0,71348000.0,0.0,0.0,0.347,31164000.0,112172000.0,0.0,0.55,1.26,29.488,16.443,2900472000.0,0.0,24.5,10.224,10.224,0.0,,205778000.0,205778000.0,0.0,,,,0.498,0.0,7059000.0,1.0,85874513.0,85874513,86222175.0,2.396,3033106000.0,0.0,0.0,0.0,35.32,
93,PLD,MRT,1998-03-31,1998-03-31,1998-03-31,2021-07-27,0.0,2798190000.0,,,,,19.455,-392820000.0,28584000.0,28584000.0,44636000.0,44895000.0,,0.601,922111000.0,,,922111000.0,0.0,15981000.0,0.0,0.02,0.477,60264000.0,76245000.0,0.602,76245000.0,60264000.0,44895000.0,1.46,1.45,1.46,1670705000.0,,1670705000.0,2717835999.0,45.0,35.646,-347279000.0,-4.044,1.0,82099000.0,0.648,0.0,15369000.0,3691717000.0,,0.0,0.0,,,1003722000.0,,,2072151999.0,19670000.0,-38071000.0,317009000.0,122023000.0,-11506000.0,414530000.0,-438965000.0,-8074000.0,45541000.0,0.0,44895000.0,44895000.0,44895000.0,0.0,0.0,0.354,14504000.0,67595000.0,0.0,0.327,1.24,46.156,16.527,2755882000.0,0.0,24.13,16.35,16.35,0.0,,126735000.0,126735000.0,0.0,,,,0.476,0.0,3915000.0,1.0,85874513.0,85874513,86284736.0,1.476,2798190000.0,0.0,0.0,0.0,32.585,
94,PLD,MRT,1997-12-31,1997-12-31,1997-12-31,2021-07-27,0.0,2506255000.0,1256670000.0,,,0.045,126.941,-232807000.0,39968000.0,39968000.0,28257000.0,18228000.0,,0.463,685652000.0,,,685652000.0,0.0,4195000.0,0.0,0.005,0.134,21756000.0,25951000.0,0.463,25951000.0,21756000.0,18228000.0,1.39,1.38,1.39,1668030000.0,837165000.0,1668030000.0,,,,-220527000.0,-16.783,1.0,27805000.0,0.496,0.0,3528000.0,3151939000.0,1577965500.0,0.0,0.0,,,773073000.0,,,2158026512.0,28801000.0,0.0,317009000.0,-31666000.0,-11506000.0,257402000.0,-240881000.0,-8074000.0,12280000.0,0.0,18228000.0,18228000.0,18228000.0,0.0,0.0,0.325,5392000.0,22413000.0,38071000.0,0.096,1.294,118.391,18.079,2438846000.0,0.0,25.13,38.494,5.89,0.0,,56062000.0,56062000.0,0.0,0.015,0.022,0.014,0.388,0.0,1197000.0,1.0,85874513.0,13140218,13168036.0,4.266,2506255000.0,0.0,0.0,0.0,190.732,
95,PLD,MRT,1997-09-30,1997-09-30,1997-09-30,2021-07-27,,,,,,,,,,,,,,,,,,,,,,,0.0,,,,,,,,,,,,,,,,,,1.0,,,,,,,,,,,,,,,,,,,,,,,,,,,,,,,,,,,,,,,,,,,,,,,,,,,,,,1.0,,5079855,,,,,,,,
96,PLD,MRT,1997-06-30,1997-06-30,1997-06-30,2021-07-27,,,,,,,,,,,,,,,,,,,,,,,0.0,,,,,,,,,,,,,,,,,,1.0,,,,,,,,,,,,,,,,,,,,,,,,,,,,,,,,,,,,,,,,,,,,,,,,,,,,,,1.0,,5079855,,,,,,,,
97,PLD,MRT,1997-03-31,1997-03-31,1997-03-31,2021-07-27,,,,,,,,,,,,,,,,,,,,,,,0.0,,,,,,,,,,,,,,,,,,1.0,,,,,,,,,,,,,,,,,,,,,,,,,,,,,,,,,,,,,,,,,,,,,,,,,,,,,,1.0,,5079855,,,,,,,,
98,PLD,MRT,1996-12-31,1996-12-31,1996-12-31,2021-07-27,0.0,7085000.0,,,,,1.24,0.0,3093000.0,3093000.0,16851000.0,7003000.0,,0.103,0.0,,,0.0,0.0,0.0,0.0,,0.0,7003000.0,7003000.0,0.292,7003000.0,7003000.0,7003000.0,1.38,1.38,1.38,6300000.0,,6300000.0,,,,6866000.0,1.352,1.0,7140000.0,0.298,0.0,0.0,3992000.0,,0.0,0.0,,,648000.0,,,,1888000.0,0.0,0.0,0.0,0.0,-4978000.0,0.0,0.0,6866000.0,0.0,7003000.0,7003000.0,7003000.0,0.0,0.0,0.292,0.0,7140000.0,0.0,0.0,,,,0.0,0.0,,,,0.0,4522000.0,23991000.0,23991000.0,0.0,,,,0.292,0.0,0.0,1.0,,5079855,5079855.0,4.723,7085000.0,0.0,0.0,0.0,1.395,
99,PLD,MRT,1995-12-31,1995-12-31,1995-12-31,2021-07-27,,,,,,,,0.0,,,13569000.0,3262000.0,,,,,,,,0.0,,,0.0,3262000.0,3262000.0,0.193,3262000.0,3262000.0,3262000.0,0.64,0.64,0.64,,,,,,,2187000.0,0.431,1.0,3296000.0,0.195,,0.0,,,,,,,,,,,-682000.0,0.0,0.0,0.0,0.0,-2869000.0,0.0,0.0,2187000.0,0.0,3262000.0,3262000.0,3262000.0,0.0,0.0,0.193,0.0,3296000.0,,0.0,,,,,0.0,,,,,,16865000.0,16865000.0,0.0,,,,0.193,0.0,0.0,1.0,,5079855,5079855.0,3.32,,,0.0,,,
