None,ticker,dimension,calendardate,datekey,reportperiod,lastupdated,accoci,assets,assetsavg,assetsc,assetsnc,assetturnover,bvps,capex,cashneq,cashnequsd,cor,consolinc,currentratio,de,debt,debtc,debtnc,debtusd,deferredrev,depamor,deposits,divyield,dps,ebit,ebitda,ebitdamargin,ebitdausd,ebitusd,ebt,eps,epsdil,epsusd,equity,equityavg,equityusd,ev,evebit,evebitda,fcf,fcfps,fxusd,gp,grossmargin,intangibles,intexp,invcap,invcapavg,inventory,investments,investmentsc,investmentsnc,liabilities,liabilitiesc,liabilitiesnc,marketcap,ncf,ncfbus,ncfcommon,ncfdebt,ncfdiv,ncff,ncfi,ncfinv,ncfo,ncfx,netinc,netinccmn,netinccmnusd,netincdis,netincnci,netmargin,opex,opinc,payables,payoutratio,pb,pe,pe1,ppnenet,prefdivis,price,ps,ps1,receivables,retearn,revenue,revenueusd,rnd,roa,roe,roic,ros,sbcomp,sgna,sharefactor,sharesbas,shareswa,shareswadil,sps,tangibles,taxassets,taxexp,taxliabilities,tbvps,workingcapital
0,NC,MRY,2020-12-31,2020-12-31,2020-12-31,2021-08-25,-11599000.0,476179000.0,455238750.0,188146000.0,288033000.0,0.282,42.787,-43797000.0,106065000.0,106065000.0,111463000.0,14793000.0,3.6,0.584,57661000.0,22112000.0,35549000.0,57661000.0,0.0,18114000.0,0.0,0.029,0.768,15612000.0,33726000.0,0.263,33726000.0,15612000.0,14258000.0,2.11,2.1,2.11,300624000.0,300055250.0,300624000.0,122367622.0,8.0,3.628,-46283000.0,-6.587,1.0,16969000.0,0.132,35330000.0,1354000.0,340188000.0,324165500.0,47551000.0,28978000.0,0.0,28978000.0,175555000.0,52257000.0,123298000.0,185298622.0,-34442000.0,0.0,-1002000.0,20073000.0,-5375000.0,14028000.0,-45984000.0,-2000000.0,-2486000.0,0.0,14793000.0,14793000.0,14793000.0,0.0,0.0,0.115,3521000.0,13448000.0,5647000.0,0.364,0.616,12.526,12.464,182741000.0,0.0,26.3,1.443,1.439,23658000.0,294270000.0,128432000.0,128432000.0,0.0,0.032,0.049,0.048,0.122,3078000.0,53062000.0,1.0,7045575.0,7026000.0,7057000.0,18.28,440849000.0,0.0,-535000.0,26963000.0,62.745,135889000.0
1,NC,MRY,2019-12-31,2019-12-31,2019-12-31,2021-08-25,-11337000.0,444773000.0,412627500.0,200668000.0,244105000.0,0.342,41.496,-20092000.0,122892000.0,122892000.0,109862000.0,39632000.0,3.238,0.537,37391000.0,7795000.0,29596000.0,37391000.0,0.0,16240000.0,0.0,0.016,0.735,44271000.0,60511000.0,0.429,60511000.0,44271000.0,43399000.0,5.68,5.66,5.68,289392000.0,277266000.0,289392000.0,232830006.0,5.0,3.848,32692000.0,4.688,1.0,31128000.0,0.221,37902000.0,872000.0,259404000.0,242655750.0,40465000.0,24611000.0,0.0,24611000.0,155381000.0,61966000.0,93415000.0,327544006.0,37635000.0,0.0,-3010000.0,13258000.0,-5132000.0,5113000.0,-20262000.0,0.0,52784000.0,0.0,39632000.0,39632000.0,39632000.0,0.0,0.0,0.281,-7692000.0,38820000.0,9951000.0,0.129,1.132,8.265,8.245,149459000.0,0.0,46.83,2.323,2.316,21855000.0,284852000.0,140990000.0,140990000.0,0.0,0.096,0.143,0.182,0.314,4924000.0,53783000.0,1.0,6994320.0,6974000.0,7007000.0,20.217,406871000.0,8928000.0,3767000.0,14250000.0,58.341,138702000.0
2,NC,MRY,2018-12-31,2018-12-31,2018-12-31,2021-08-25,-13611000.0,376991000.0,370932750.0,164174000.0,212817000.0,0.365,36.208,-19476000.0,85257000.0,85257000.0,105407000.0,34785000.0,3.886,0.504,11021000.0,4654000.0,6367000.0,11021000.0,0.0,14683000.0,0.0,0.019,0.66,44161000.0,58844000.0,0.435,58844000.0,44161000.0,42163000.0,5.02,5.0,5.02,250704000.0,236689750.0,250704000.0,169801971.0,4.0,2.886,35146000.0,5.076,1.0,29968000.0,0.221,40516000.0,1998000.0,219991000.0,229839750.0,31209000.0,20091000.0,0.0,20091000.0,126287000.0,42248000.0,84039000.0,235355971.0,-16343000.0,0.0,-1294000.0,-46729000.0,-4578000.0,-52578000.0,-18387000.0,0.0,54622000.0,0.0,34785000.0,34785000.0,34785000.0,0.0,0.0,0.257,-13656000.0,43624000.0,9399000.0,0.131,0.939,6.766,6.753,124554000.0,0.0,33.9,1.739,1.734,28816000.0,250352000.0,135375000.0,135375000.0,0.0,0.094,0.147,0.192,0.326,3958000.0,49192000.0,1.0,6942654.0,6924000.0,6960000.0,19.552,336475000.0,0.0,7378000.0,2846000.0,48.595,121926000.0
3,NC,MRY,2017-12-31,2017-12-31,2017-12-31,2021-08-25,-8341000.0,389552000.0,504013000.0,176988000.0,212564000.0,0.208,32.13,-11748000.0,101600000.0,101600000.0,87859000.0,30337000.0,3.279,0.775,58146000.0,16125000.0,42021000.0,58146000.0,0.0,12767000.0,0.0,0.026,0.979,34416000.0,47183000.0,0.45,47183000.0,34416000.0,30976000.0,4.44,4.41,4.44,219448000.0,220499250.0,219448000.0,222562355.0,6.0,4.717,29557000.0,4.328,1.0,16919000.0,0.161,43554000.0,3440000.0,248568000.0,362146000.0,30015000.0,16335000.0,0.0,16335000.0,170104000.0,53976000.0,116128000.0,257759355.0,24065000.0,0.0,0.0,-36047000.0,-6682000.0,-2306000.0,-15005000.0,0.0,41305000.0,71000.0,30337000.0,30337000.0,30337000.0,-1874000.0,0.0,0.29,-15895000.0,32814000.0,9500000.0,0.22,1.175,8.497,8.48,120068000.0,0.0,37.65,2.46,2.454,34530000.0,216490000.0,104778000.0,104778000.0,0.0,0.06,0.138,0.095,0.328,4520000.0,47491000.0,1.0,6846198.0,6830000.0,6873000.0,15.341,345998000.0,5962000.0,639000.0,0.0,50.659,123012000.0
4,NC,MRY,2016-12-31,2016-12-31,2016-12-31,2021-08-25,-25927000.0,668021000.0,637042000.0,381732000.0,286289000.0,0.174,32.311,-2182000.0,69308000.0,69308000.0,98999000.0,29607000.0,1.721,2.032,96039000.0,1744000.0,94295000.0,96039000.0,0.0,13050000.0,0.0,0.012,1.065,24276000.0,37326000.0,0.336,37326000.0,24276000.0,19958000.0,4.34,4.32,4.34,220293000.0,204398000.0,220293000.0,706652799.0,29.0,18.932,91753000.0,13.457,1.0,12082000.0,0.109,45678000.0,4318000.0,427246000.0,482313000.0,28927000.0,31054000.0,0.0,31054000.0,447728000.0,221828000.0,225900000.0,613612799.0,28149000.0,0.0,-6044000.0,-22564000.0,-7262000.0,-55710000.0,-9817000.0,0.0,93935000.0,-259000.0,29607000.0,29607000.0,29607000.0,-26651000.0,0.0,0.267,68979000.0,-56897000.0,10560000.0,0.245,2.785,20.725,20.864,115106000.0,0.0,90.55,5.524,5.558,20793000.0,239441000.0,111081000.0,111081000.0,0.0,0.046,0.145,0.05,0.219,0.0,48863000.0,1.0,6776508.0,6818000.0,6854000.0,16.292,622343000.0,10876000.0,-9649000.0,0.0,91.279,159904000.0
5,NC,MRY,2015-12-31,2015-12-31,2015-12-31,2021-08-25,-23444000.0,655408000.0,665790250.0,361434000.0,293974000.0,0.222,28.73,-1014000.0,52499000.0,52499000.0,159230000.0,21984000.0,1.885,2.258,169982000.0,9869000.0,160113000.0,169982000.0,0.0,17372000.0,0.0,0.025,1.044,17436000.0,34808000.0,0.235,34808000.0,17436000.0,12474000.0,3.14,3.13,3.14,201138000.0,195231500.0,201138000.0,450510541.0,26.0,12.943,106988000.0,15.282,1.0,-11232000.0,-0.076,63096000.0,4962000.0,518049000.0,544589750.0,165016000.0,24643000.0,0.0,24643000.0,454270000.0,191746000.0,262524000.0,288354541.0,-8636000.0,0.0,-24010000.0,-82829000.0,-7296000.0,-108301000.0,-8291000.0,0.0,108002000.0,-46000.0,21984000.0,21984000.0,21984000.0,-19711000.0,0.0,0.149,40927000.0,-52159000.0,100300000.0,0.332,1.434,13.117,13.439,132539000.0,0.0,42.2,1.948,1.996,114105000.0,217745000.0,147998000.0,147998000.0,0.0,0.033,0.113,0.032,0.118,0.0,40105000.0,1.0,6833046.0,7001000.0,7022000.0,21.14,592312000.0,42013000.0,-9510000.0,0.0,84.604,169688000.0
6,NC,MRY,2014-12-31,2014-12-31,2014-12-31,2021-08-25,-20189000.0,770520000.0,792118250.0,447147000.0,323373000.0,1.132,27.862,-49366000.0,61135000.0,61135000.0,711710000.0,-38118000.0,1.756,2.644,247898000.0,56467000.0,191431000.0,247898000.0,0.0,28070000.0,0.0,0.017,1.022,-69007000.0,-40937000.0,-0.046,-40937000.0,-69007000.0,-76573000.0,-5.02,-5.02,-5.02,211474000.0,261261500.0,211474000.0,599360183.0,-9.0,-14.641,-29567000.0,-3.896,1.0,185072000.0,0.206,67074000.0,7566000.0,635528000.0,655916750.0,190382000.0,0.0,0.0,0.0,559046000.0,254681000.0,304365000.0,433309183.0,-34255000.0,-25000000.0,-35075000.0,64147000.0,-7755000.0,20979000.0,-74934000.0,0.0,19799000.0,-99000.0,-38118000.0,-38118000.0,-38118000.0,0.0,0.0,-0.043,299777000.0,-114705000.0,133668000.0,-0.204,2.049,-11.368,-11.825,159644000.0,0.0,59.36,0.483,0.502,180887000.0,224428000.0,896782000.0,896782000.0,0.0,-0.048,-0.146,-0.105,-0.077,0.0,198697000.0,1.0,7299683.0,7590000.0,7590000.0,118.153,703446000.0,34372000.0,-38455000.0,4015000.0,92.681,192466000.0
7,NC,MRY,2013-12-31,2013-12-31,2013-12-31,2021-08-25,-12259000.0,809956000.0,749972500.0,461290000.0,348666000.0,1.244,36.74,-54945000.0,95390000.0,95390000.0,711375000.0,44450000.0,1.937,1.72,183750000.0,31319000.0,152431000.0,183750000.0,0.0,24572000.0,0.0,0.016,1.0,60495000.0,85067000.0,0.091,85067000.0,60495000.0,55720000.0,5.48,5.47,5.48,297780000.0,280505000.0,297780000.0,587092023.0,10.0,6.902,-1880000.0,-0.232,1.0,221291000.0,0.237,59685000.0,4775000.0,600512000.0,559321750.0,184445000.0,0.0,0.0,0.0,512176000.0,238119000.0,274057000.0,491660023.0,-44465000.0,0.0,-31306000.0,3851000.0,-8104000.0,-36776000.0,-60734000.0,-5000000.0,53065000.0,-20000.0,44450000.0,44450000.0,44450000.0,0.0,0.0,0.048,206384000.0,14907000.0,133016000.0,0.182,1.651,11.061,11.349,219256000.0,0.0,62.19,0.527,0.54,153425000.0,302168000.0,932666000.0,932666000.0,0.0,0.059,0.158,0.108,0.065,0.0,199331000.0,1.0,7905773.0,8105000.0,8124000.0,115.073,750271000.0,15047000.0,11270000.0,33663000.0,92.569,223171000.0
8,NC,MRY,2012-12-31,2012-12-31,2012-12-31,2021-08-25,-21861000.0,776306000.0,1265457750.0,486842000.0,289464000.0,0.69,33.556,-8708000.0,139855000.0,139855000.0,647422000.0,108698000.0,2.143,1.759,177697000.0,42249000.0,135448000.0,177697000.0,0.0,17992000.0,0.0,0.089,5.378,130651000.0,148643000.0,0.17,148643000.0,130651000.0,124563000.0,12.97,12.92,12.97,281331000.0,449539500.0,281331000.0,561150674.0,4.0,3.775,134306000.0,16.019,1.0,225942000.0,0.259,69752000.0,6088000.0,517227000.0,721117250.0,169440000.0,0.0,0.0,0.0,494975000.0,227169000.0,267806000.0,509450674.0,-53794000.0,-69287000.0,-3178000.0,20209000.0,-45130000.0,-123433000.0,-74237000.0,14434000.0,143014000.0,862000.0,108698000.0,108698000.0,108698000.0,-66535000.0,0.0,0.124,203544000.0,22398000.0,127469000.0,0.415,1.811,4.687,4.679,182985000.0,0.0,60.69,0.583,0.583,149291000.0,270227000.0,873364000.0,873364000.0,0.0,0.086,0.242,0.181,0.15,0.0,207553000.0,1.0,8394310.0,8384000.0,8414000.0,104.17,706554000.0,15335000.0,15865000.0,29401000.0,84.274,259673000.0
9,NC,MRY,2011-12-31,2011-12-31,2011-12-31,2021-08-25,-74600000.0,1808700000.0,1761950000.0,1376100000.0,432600000.0,0.449,68.734,-16865000.0,153700000.0,153700000.0,580815000.0,162071000.0,1.544,2.138,148200000.0,73700000.0,74500000.0,148200000.0,0.0,16301000.0,0.0,0.024,2.12,203611000.0,219912000.0,0.278,219912000.0,203611000.0,194822000.0,19.34,19.28,19.34,576200000.0,544925000.0,576200000.0,868326451.0,4.0,3.949,138314000.0,16.499,1.0,209640000.0,0.265,57900000.0,8789000.0,854100000.0,1013250000.0,161300000.0,0.0,0.0,0.0,1231700000.0,891200000.0,340500000.0,749126451.0,76771000.0,0.0,-2063000.0,-11608000.0,-17795000.0,-41871000.0,-32701000.0,0.0,155179000.0,-3836000.0,162071000.0,162071000.0,162071000.0,-82601000.0,0.0,0.205,191051000.0,18589000.0,94200000.0,0.11,1.3,4.622,4.613,107200000.0,0.0,89.22,0.948,0.946,100700000.0,619700000.0,790455000.0,790455000.0,0.0,0.092,0.297,0.201,0.258,0.0,190036000.0,1.0,8396396.0,8383000.0,8408000.0,94.293,1750800000.0,24500000.0,32751000.0,20000000.0,208.851,484900000.0
10,NC,MRY,2010-12-31,2010-12-31,2010-12-31,2021-08-25,-59000000.0,1658300000.0,1552000000.0,1214200000.0,444100000.0,0.571,53.693,4100000.0,261900000.0,261900000.0,639200000.0,79500000.0,1.83,2.705,391500000.0,36200000.0,355300000.0,391500000.0,11200000.0,18300000.0,0.0,0.019,2.085,105900000.0,124200000.0,0.14,124200000.0,105900000.0,95100000.0,9.55,9.53,9.55,447400000.0,407900000.0,447400000.0,1078095626.0,10.0,8.68,67200000.0,8.065,1.0,246400000.0,0.278,60000000.0,10800000.0,1064400000.0,1074900000.0,447400000.0,0.0,0.0,0.0,1210100000.0,663500000.0,546600000.0,902995626.0,5700000.0,0.0,0.0,-6100000.0,-17400000.0,-43300000.0,-5800000.0,0.0,63100000.0,-8300000.0,79500000.0,79500000.0,79500000.0,-32400000.0,0.0,0.09,195600000.0,50800000.0,414500000.0,0.218,2.018,11.358,11.348,270400000.0,0.0,108.37,1.02,1.02,425900000.0,475400000.0,885600000.0,885600000.0,0.0,0.051,0.195,0.099,0.12,0.0,195800000.0,1.0,8332524.0,8332524.0,,106.282,1598300000.0,27100000.0,15600000.0,0.0,191.815,550700000.0
11,NC,MRY,2009-12-31,2009-12-31,2009-12-31,2021-08-25,-41100000.0,1488700000.0,1506450000.0,990900000.0,497800000.0,1.534,47.827,-12800000.0,256200000.0,256200000.0,1902500000.0,31000000.0,2.067,2.752,31900000.0,31900000.0,0.0,31900000.0,12500000.0,53600000.0,0.0,0.042,2.067,83800000.0,137400000.0,0.059,137400000.0,83800000.0,51600000.0,3.75,3.75,3.75,396600000.0,369550000.0,396600000.0,676960175.0,8.0,4.927,144200000.0,17.389,1.0,408100000.0,0.177,63500000.0,32200000.0,721600000.0,1085050000.0,336700000.0,0.0,0.0,0.0,1091600000.0,479300000.0,612300000.0,412960175.0,118000000.0,0.0,0.0,-45900000.0,-17100000.0,-64100000.0,23100000.0,0.0,157000000.0,2000000.0,31100000.0,31100000.0,31100000.0,-22600000.0,-100000.0,0.013,387600000.0,20500000.0,271700000.0,0.551,1.041,13.278,13.28,303200000.0,0.0,49.8,0.179,0.179,315000000.0,413300000.0,2310600000.0,2310600000.0,0.0,0.021,0.084,0.077,0.036,0.0,388300000.0,1.0,8292373.0,8292373.0,,278.642,1425200000.0,35200000.0,20500000.0,0.0,171.869,511600000.0
12,NC,MRY,2008-12-31,2008-12-31,2008-12-31,2021-08-25,-65300000.0,1687900000.0,2205050000.0,1141200000.0,546700000.0,1.662,43.061,-66300000.0,138200000.0,138200000.0,3174000000.0,-437400000.0,1.69,3.731,449100000.0,48800000.0,400300000.0,449100000.0,17700000.0,58900000.0,0.0,0.055,2.045,-378300000.0,-319400000.0,-0.087,-319400000.0,-378300000.0,-418900000.0,-52.84,-52.84,-52.84,356700000.0,756425000.0,356700000.0,654686334.0,-2.0,-2.05,-61400000.0,-7.412,1.0,491100000.0,0.134,66400000.0,40600000.0,1257100000.0,1330550000.0,479000000.0,0.0,0.0,0.0,1331000000.0,675300000.0,655700000.0,309886334.0,-143000000.0,0.0,0.0,-66000000.0,-16900000.0,-83200000.0,-71400000.0,0.0,4900000.0,6700000.0,-437600000.0,-437600000.0,-437600000.0,0.0,200000.0,-0.119,920000000.0,-428900000.0,375900000.0,-0.039,0.869,-0.708,-0.708,349200000.0,0.0,37.41,0.085,0.085,418100000.0,399300000.0,3665100000.0,3665100000.0,0.0,-0.198,-0.579,-0.284,-0.103,0.0,475300000.0,1.0,8283516.0,8283516.0,,442.457,1621500000.0,59500000.0,18700000.0,0.0,195.75,465900000.0
13,NC,MRY,2007-12-31,2007-12-31,2007-12-31,2021-08-25,14100000.0,2427300000.0,2274725000.0,1433900000.0,993400000.0,1.578,107.818,-62500000.0,281200000.0,281200000.0,2989000000.0,90300000.0,1.675,1.723,506600000.0,67100000.0,439500000.0,506600000.0,18400000.0,59000000.0,0.0,0.02,1.98,155400000.0,214400000.0,0.06,214400000.0,155400000.0,114700000.0,10.94,10.93,10.94,891400000.0,830975000.0,891400000.0,1404004122.0,9.0,6.549,18900000.0,2.286,1.0,601000000.0,0.167,512900000.0,40700000.0,1283500000.0,1500475000.0,550400000.0,0.0,0.0,0.0,1535900000.0,856300000.0,679600000.0,824204122.0,84500000.0,5700000.0,0.0,83300000.0,-16400000.0,64400000.0,-59900000.0,0.0,81400000.0,-1400000.0,90400000.0,90400000.0,90400000.0,0.0,-100000.0,0.025,499500000.0,101500000.0,505000000.0,0.181,0.925,9.117,9.112,374200000.0,0.0,99.69,0.23,0.23,512500000.0,854900000.0,3590000000.0,3590000000.0,0.0,0.04,0.109,0.104,0.043,0.0,492200000.0,1.0,8267671.0,8267671.0,,434.221,1914400000.0,69100000.0,24300000.0,0.0,231.553,577600000.0
14,NC,MRY,2006-12-31,2006-12-31,2006-12-31,2021-08-25,-20200000.0,2156300000.0,2082275000.0,1153800000.0,1002500000.0,1.608,96.281,-26800000.0,196700000.0,196700000.0,2785800000.0,106800000.0,1.536,1.719,416500000.0,56600000.0,359900000.0,416500000.0,20500000.0,62700000.0,0.0,0.014,1.905,176800000.0,239500000.0,0.072,239500000.0,176800000.0,135000000.0,12.97,12.96,12.97,793100000.0,727775000.0,793100000.0,1755024605.0,10.0,7.328,146700000.0,17.809,1.0,563200000.0,0.168,512000000.0,41800000.0,1113100000.0,1380750000.0,484900000.0,0.0,0.0,0.0,1363200000.0,751000000.0,612200000.0,1125224605.0,30200000.0,-10200000.0,0.0,-85700000.0,-15700000.0,-105800000.0,-35300000.0,0.0,173500000.0,-2200000.0,106800000.0,106800000.0,106800000.0,0.0,0.0,0.032,425600000.0,137600000.0,432100000.0,0.147,1.419,10.536,10.532,371400000.0,0.0,136.6,0.336,0.336,401500000.0,792500000.0,3349000000.0,3349000000.0,0.0,0.051,0.147,0.128,0.053,0.0,450400000.0,1.0,8237369.0,8237369.0,,406.562,1644300000.0,73400000.0,28200000.0,0.0,199.615,402800000.0
15,NC,MRY,2005-12-31,2005-12-31,2005-12-31,2021-08-25,-41700000.0,2094000000.0,2051600000.0,1073700000.0,1020300000.0,1.539,85.502,-60100000.0,166500000.0,166500000.0,2644200000.0,62500000.0,1.524,1.977,747000000.0,61000000.0,686000000.0,747000000.0,0.0,63600000.0,0.0,0.016,1.848,123100000.0,186700000.0,0.059,186700000.0,123100000.0,75600000.0,7.6,7.6,7.6,703300000.0,687550000.0,703300000.0,1640225994.0,13.0,8.785,15100000.0,1.836,1.0,513200000.0,0.163,510100000.0,47500000.0,1459700000.0,1487000000.0,449200000.0,0.0,0.0,0.0,1390700000.0,704700000.0,686000000.0,963625994.0,16100000.0,3900000.0,0.0,15100000.0,-15200000.0,-1800000.0,-56300000.0,0.0,75200000.0,-1000000.0,62500000.0,62500000.0,62500000.0,0.0,0.0,0.02,439000000.0,74200000.0,394300000.0,0.243,1.37,15.418,15.414,399400000.0,0.0,117.15,0.305,0.305,366000000.0,729600000.0,3157400000.0,3157400000.0,0.0,0.03,0.091,0.083,0.039,0.0,436900000.0,1.0,8225574.0,8225574.0,,383.852,1583900000.0,0.0,13100000.0,0.0,192.558,369000000.0
16,NC,MRY,2004-12-31,2004-12-31,2004-12-31,2021-08-25,-8500000.0,2038600000.0,1909650000.0,996800000.0,1041800000.0,1.457,83.762,-42900000.0,150400000.0,150400000.0,2304900000.0,47900000.0,1.483,1.963,720800000.0,42300000.0,678500000.0,720800000.0,0.0,62900000.0,0.0,0.016,1.675,100600000.0,163500000.0,0.059,163500000.0,100600000.0,53200000.0,5.83,5.83,5.83,688000000.0,648000000.0,688000000.0,1556526826.0,15.0,9.52,83300000.0,10.142,1.0,477700000.0,0.172,516300000.0,47400000.0,1420700000.0,1406550000.0,426000000.0,0.0,0.0,0.0,1350600000.0,672000000.0,678600000.0,865726826.0,81500000.0,0.0,0.0,11200000.0,-13800000.0,-4100000.0,-40300000.0,0.0,126200000.0,-300000.0,47900000.0,47900000.0,47900000.0,0.0,0.0,0.017,421200000.0,56500000.0,399800000.0,0.287,1.258,18.074,18.079,415800000.0,0.0,105.4,0.311,0.311,351500000.0,682300000.0,2782600000.0,2782600000.0,0.0,0.025,0.074,0.072,0.036,0.0,413000000.0,1.0,8213727.0,8213727.0,,338.774,1522300000.0,33000000.0,5300000.0,0.0,185.336,324800000.0
17,NC,MRY,2003-12-31,2003-12-31,2003-12-31,2021-08-25,-24700000.0,1839800000.0,2098625000.0,812900000.0,1026900000.0,1.178,77.631,-43000000.0,68900000.0,68900000.0,2005900000.0,52800000.0,1.378,1.888,684500000.0,72000000.0,612500000.0,684500000.0,0.0,68400000.0,0.0,0.014,1.26,119600000.0,188000000.0,0.076,188000000.0,119600000.0,68600000.0,6.44,6.44,6.44,637000000.0,596275000.0,637000000.0,1184728945.0,10.0,6.302,80600000.0,9.823,1.0,466700000.0,0.189,516600000.0,51000000.0,1349000000.0,1457950000.0,348200000.0,0.0,0.0,0.0,1202800000.0,589800000.0,613000000.0,734228945.0,11100000.0,0.0,0.0,-61000000.0,-10300000.0,-71900000.0,-43100000.0,0.0,123600000.0,2500000.0,52800000.0,52800000.0,52800000.0,0.0,0.0,0.021,381200000.0,85500000.0,295800000.0,0.196,1.153,13.906,13.894,418900000.0,0.0,89.48,0.297,0.297,320800000.0,648200000.0,2472600000.0,2472600000.0,0.0,0.025,0.089,0.082,0.048,0.0,382400000.0,1.0,8205509.0,8205509.0,,301.334,1323200000.0,38100000.0,15800000.0,0.0,161.258,223100000.0
18,NC,MRY,2002-12-31,2002-12-31,2002-12-31,2021-08-25,-59400000.0,1780800000.0,2043900000.0,739500000.0,1041300000.0,1.118,68.228,-20500000.0,57800000.0,57800000.0,1830200000.0,42400000.0,1.356,2.183,743000000.0,68200000.0,674800000.0,743000000.0,0.0,70200000.0,0.0,0.022,0.97,106600000.0,176800000.0,0.077,176800000.0,106600000.0,53700000.0,5.17,5.17,5.17,559400000.0,547875000.0,559400000.0,866671499.0,8.0,4.902,129000000.0,15.734,1.0,454800000.0,0.199,512400000.0,52900000.0,1408100000.0,1367475000.0,328700000.0,0.0,0.0,0.0,1221400000.0,545500000.0,675900000.0,358871499.0,-11500000.0,-300000.0,0.0,-121600000.0,-8000000.0,-146800000.0,-18500000.0,0.0,149500000.0,4300000.0,42400000.0,42400000.0,42400000.0,0.0,0.0,0.019,368400000.0,86400000.0,252400000.0,0.188,0.642,8.464,8.466,400000000.0,0.0,43.77,0.157,0.157,270600000.0,605700000.0,2285000000.0,2285000000.0,0.0,0.021,0.077,0.078,0.047,0.0,356100000.0,1.0,8199029.0,8199029.0,,278.692,1268400000.0,29000000.0,11300000.0,0.0,154.701,194000000.0
19,NC,MRY,2001-12-31,2001-12-31,2001-12-31,2021-08-25,-54800000.0,2161900000.0,2175800000.0,770000000.0,1391900000.0,1.212,64.592,-86900000.0,71900000.0,71900000.0,2203400000.0,-36000000.0,0.889,3.084,614700000.0,366600000.0,248100000.0,614700000.0,0.0,117600000.0,0.0,0.016,0.93,11000000.0,128600000.0,0.049,128600000.0,11000000.0,-45900000.0,-4.4,-4.4,-4.4,529300000.0,574400000.0,529300000.0,1066467870.0,97.0,8.293,49100000.0,5.992,1.0,434500000.0,0.165,513100000.0,56900000.0,1325200000.0,1461350000.0,360600000.0,0.0,0.0,0.0,1632600000.0,866400000.0,766200000.0,465367870.0,38200000.0,-4200000.0,0.0,25100000.0,-7600000.0,-1600000.0,-95100000.0,0.0,136000000.0,-1100000.0,-36000000.0,-36000000.0,-36000000.0,0.0,0.0,-0.014,418400000.0,16100000.0,235300000.0,-0.211,0.879,-12.927,-12.907,732000000.0,0.0,56.79,0.176,0.176,264500000.0,571300000.0,2637900000.0,2637900000.0,0.0,-0.017,-0.063,0.008,0.004,0.0,381000000.0,1.0,8194539.0,8194539.0,,321.91,1648800000.0,40200000.0,-9900000.0,0.0,201.207,-96400000.0
20,NC,MRY,2000-12-31,2000-12-31,2000-12-31,2021-08-25,-20200000.0,2193900000.0,2081425000.0,815700000.0,1378200000.0,1.379,74.223,-78000000.0,33700000.0,33700000.0,2355100000.0,67700000.0,1.255,2.618,561700000.0,111700000.0,450000000.0,561700000.0,0.0,106100000.0,0.0,0.02,0.89,137100000.0,243200000.0,0.085,243200000.0,137100000.0,90000000.0,8.29,8.29,8.29,606400000.0,577225000.0,606400000.0,799043936.0,6.0,3.286,55000000.0,6.732,1.0,516200000.0,0.18,529300000.0,47100000.0,1542400000.0,1441225000.0,411800000.0,0.0,0.0,0.0,1587500000.0,650200000.0,937300000.0,356943936.0,-2500000.0,-155600000.0,0.0,124300000.0,-7200000.0,98300000.0,-234200000.0,0.0,133000000.0,400000.0,67700000.0,67700000.0,67700000.0,0.0,0.0,0.024,398300000.0,117900000.0,263000000.0,0.107,0.589,5.272,5.27,710700000.0,0.0,43.69,0.124,0.124,315400000.0,614900000.0,2871300000.0,2871300000.0,0.0,0.033,0.117,0.095,0.048,0.0,367000000.0,1.0,8169923.0,8169923.0,,351.448,1664600000.0,47800000.0,22300000.0,0.0,203.747,165500000.0
21,NC,MRY,1999-12-31,1999-12-31,1999-12-31,2021-08-25,-3000000.0,2013000000.0,1976875000.0,772200000.0,1240800000.0,1.333,68.932,-74500000.0,36200000.0,36200000.0,2151200000.0,53100000.0,1.324,2.581,395400000.0,69100000.0,326300000.0,395400000.0,0.0,104000000.0,0.0,0.015,0.85,128100000.0,232100000.0,0.088,232100000.0,128100000.0,84800000.0,6.52,6.51,6.52,562200000.0,541000000.0,562200000.0,840241693.0,7.0,3.62,54600000.0,6.695,1.0,484700000.0,0.184,449400000.0,43300000.0,1339700000.0,1311775000.0,390300000.0,0.0,0.0,0.0,1450800000.0,583100000.0,867700000.0,453141693.0,1500000.0,-78300000.0,0.0,63900000.0,-7000000.0,35300000.0,-161400000.0,-11300000.0,129100000.0,-1500000.0,53100000.0,53100000.0,53100000.0,0.0,0.0,0.02,353400000.0,131300000.0,254400000.0,0.13,0.806,8.534,8.521,625400000.0,0.0,55.56,0.172,0.172,292200000.0,554400000.0,2635900000.0,2635900000.0,0.0,0.027,0.098,0.098,0.049,0.0,337000000.0,1.0,8155898.0,8155898.0,,323.189,1563600000.0,29200000.0,31700000.0,0.0,191.714,189100000.0
22,NC,MRY,1998-12-31,1998-12-31,1998-12-31,2021-08-25,5100000.0,1898300000.0,1837175000.0,703200000.0,1195100000.0,1.399,63.846,-95500000.0,34700000.0,34700000.0,2053800000.0,102300000.0,1.282,2.663,316000000.0,59600000.0,256400000.0,316000000.0,0.0,89000000.0,0.0,0.009,0.81,197600000.0,286600000.0,0.112,286600000.0,197600000.0,163000000.0,12.56,12.56,12.56,518300000.0,482200000.0,518300000.0,1080847628.0,5.0,3.771,48800000.0,6.011,1.0,515500000.0,0.201,441000000.0,34600000.0,1190000000.0,1146175000.0,356200000.0,0.0,0.0,0.0,1380000000.0,548600000.0,831400000.0,746847628.0,10600000.0,-27100000.0,-4700000.0,8200000.0,-6600000.0,-12100000.0,-121800000.0,0.0,144300000.0,200000.0,102300000.0,102300000.0,102300000.0,0.0,0.0,0.04,317400000.0,198100000.0,252900000.0,0.064,1.441,7.301,7.325,593400000.0,0.0,92.0,0.291,0.291,275100000.0,504900000.0,2569300000.0,2569300000.0,0.0,0.056,0.212,0.172,0.077,0.0,301100000.0,1.0,8117909.0,8117909.0,,316.498,1457300000.0,31900000.0,60700000.0,10900000.0,179.517,154600000.0
23,NC,MRY,1997-12-31,1997-12-31,1997-12-31,2021-08-25,3900000.0,1729100000.0,1718600000.0,599600000.0,1129500000.0,1.307,52.075,-65000000.0,24100000.0,24100000.0,1825900000.0,61800000.0,1.184,3.068,272600000.0,42400000.0,230200000.0,272600000.0,0.0,88600000.0,0.0,0.007,0.772,124800000.0,213400000.0,0.095,213400000.0,124800000.0,88200000.0,7.56,7.56,7.56,425100000.0,402200000.0,425100000.0,,,,145000000.0,17.763,1.0,421000000.0,0.187,449300000.0,36600000.0,1021800000.0,1102800000.0,302900000.0,0.0,0.0,0.0,1304000000.0,506500000.0,797500000.0,875096862.0,-23700000.0,-14000000.0,-2800000.0,-124400000.0,-6300000.0,-153800000.0,-78000000.0,0.0,210000000.0,-1900000.0,61800000.0,61800000.0,61800000.0,0.0,0.0,0.028,289000000.0,132000000.0,244700000.0,0.102,2.059,14.16,14.18,541700000.0,0.0,107.2,0.389,0.389,240800000.0,412900000.0,2246900000.0,2246900000.0,0.0,0.036,0.154,0.113,0.056,0.0,265200000.0,1.0,8163217.0,8163217.0,,275.247,1279800000.0,24100000.0,26400000.0,12800000.0,156.776,93100000.0
24,NC,MRY,1996-12-31,1996-12-31,1996-12-31,2021-08-25,11800000.0,1708100000.0,,591800000.0,1116300000.0,,,-79400000.0,47800000.0,47800000.0,1874100000.0,50600000.0,1.423,3.503,400500000.0,67200000.0,333300000.0,400500000.0,0.0,85300000.0,0.0,0.014,0.742,130800000.0,216100000.0,0.095,216100000.0,130800000.0,84900000.0,5.67,5.67,5.67,379300000.0,,379300000.0,,,,163400000.0,,1.0,399100000.0,0.176,461000000.0,45900000.0,1183800000.0,,309600000.0,0.0,0.0,0.0,1328800000.0,416000000.0,912800000.0,,16900000.0,-45100000.0,-40400000.0,-52100000.0,-6700000.0,-104900000.0,-122800000.0,0.0,242800000.0,1800000.0,50600000.0,50600000.0,50600000.0,0.0,0.0,0.022,267900000.0,131200000.0,186300000.0,0.131,,,9.436,550300000.0,0.0,53.5,,,212200000.0,359200000.0,2273200000.0,2273200000.0,0.0,,,,0.058,0.0,252500000.0,1.0,,,,,1247100000.0,7900000.0,34300000.0,5900000.0,,175800000.0
25,NC,MRY,1995-12-31,1995-12-31,1995-12-31,2021-08-25,,,,,,,,-73100000.0,,,1809400000.0,94400000.0,,,,,,,,79300000.0,,0.013,0.71,176300000.0,255600000.0,0.116,255600000.0,176300000.0,129100000.0,10.54,10.54,10.54,,,,,,,-41000000.0,,1.0,395100000.0,0.179,,47200000.0,,,,,,,,,,,11400000.0,-7300000.0,0.0,62500000.0,-6400000.0,56600000.0,-78400000.0,0.0,32100000.0,1100000.0,94400000.0,94400000.0,94400000.0,0.0,0.0,0.043,246400000.0,148700000.0,,0.067,,,5.266,,0.0,55.5,,,,,2204500000.0,2204500000.0,0.0,,,,0.08,0.0,232700000.0,1.0,,,,,,,34700000.0,,,
0,NC,MRQ,2021-06-30,2021-06-30,2021-06-30,2021-08-25,-11313000.0,474039000.0,,189313000.0,284726000.0,,44.139,-11236000.0,94346000.0,94346000.0,36911000.0,6505000.0,4.683,0.501,42452000.0,10168000.0,32284000.0,42452000.0,0.0,0.0,0.0,0.03,0.198,9795000.0,9795000.0,0.213,9795000.0,9795000.0,9436000.0,0.91,0.91,0.91,315727000.0,,315727000.0,162249282.0,7.0,4.043,18992000.0,2.655,1.0,8985000.0,0.196,33437000.0,359000.0,348283000.0,,49716000.0,20927000.0,0.0,20927000.0,158312000.0,40425000.0,117887000.0,186179282.0,5880000.0,0.0,0.0,-11694000.0,-1412000.0,-13106000.0,-11242000.0,0.0,30228000.0,0.0,6505000.0,6505000.0,6505000.0,0.0,0.0,0.142,315000.0,8670000.0,10406000.0,0.218,0.59,10.319,10.252,185147000.0,0.0,26.04,1.271,1.272,28210000.0,306950000.0,45896000.0,45896000.0,0.0,,,,,0.0,12878000.0,1.0,7149742.0,7153000.0,7153000.0,6.416,440602000.0,0.0,2931000.0,24197000.0,61.597,148888000.0
1,NC,MRQ,2021-03-31,2021-03-31,2021-03-31,2021-08-25,-11456000.0,479229000.0,,192781000.0,286448000.0,,43.567,-4832000.0,79132000.0,79132000.0,37413000.0,8961000.0,4.198,0.549,55202000.0,20068000.0,35134000.0,55202000.0,0.0,0.0,0.0,0.031,0.193,9020000.0,9020000.0,0.2,9020000.0,9020000.0,8664000.0,1.26,1.25,1.26,309369000.0,,309369000.0,145303734.0,8.0,4.009,-5742000.0,-0.809,1.0,7692000.0,0.171,34348000.0,356000.0,375032000.0,,45102000.0,29763000.0,0.0,29763000.0,169860000.0,45919000.0,123941000.0,176092734.0,-9318000.0,0.0,0.0,-2187000.0,-1374000.0,-3561000.0,-4847000.0,0.0,-910000.0,0.0,8961000.0,8961000.0,8961000.0,0.0,0.0,0.199,-638000.0,8330000.0,8237000.0,0.153,0.569,10.012,10.02,179094000.0,0.0,24.95,1.296,1.304,29814000.0,301857000.0,45105000.0,45105000.0,0.0,,,,,0.0,13763000.0,1.0,7057825.0,7101000.0,7142000.0,6.352,444881000.0,14518000.0,-297000.0,27386000.0,62.65,146862000.0
2,NC,MRQ,2020-12-31,2020-12-31,2020-12-31,2021-08-25,-11599000.0,476179000.0,,188146000.0,288033000.0,,42.66,-24545000.0,106065000.0,106065000.0,21910000.0,-5445000.0,3.6,0.584,57661000.0,22112000.0,35549000.0,57661000.0,0.0,18114000.0,0.0,0.029,0.193,-7016000.0,11098000.0,0.48,11098000.0,-7016000.0,-7301000.0,-0.77,-0.78,-0.77,300624000.0,,300624000.0,122367622.0,8.0,3.628,-29791000.0,-4.227,1.0,1228000.0,0.053,35330000.0,285000.0,340188000.0,,47551000.0,28978000.0,0.0,28978000.0,175555000.0,52257000.0,123298000.0,185298622.0,-9117000.0,0.0,0.0,21931000.0,-1330000.0,20933000.0,-24804000.0,0.0,-5246000.0,0.0,-5445000.0,-5445000.0,-5445000.0,0.0,0.0,-0.235,9240000.0,-8012000.0,5647000.0,-0.251,0.616,12.526,12.464,182741000.0,0.0,26.3,1.443,1.439,23658000.0,294270000.0,23138000.0,23138000.0,0.0,,,,,3078000.0,15911000.0,1.0,7045575.0,7047000.0,7123000.0,3.283,440849000.0,0.0,-1856000.0,26963000.0,62.558,135889000.0
3,NC,MRQ,2020-09-30,2020-09-30,2020-09-30,2021-08-25,-10982000.0,465902000.0,,198604000.0,267298000.0,,43.56,-7003000.0,97567000.0,97567000.0,25475000.0,8022000.0,5.43,0.52,34636000.0,960000.0,33676000.0,34636000.0,1693000.0,0.0,0.0,0.042,0.193,10215000.0,10215000.0,0.316,10215000.0,10215000.0,9879000.0,1.14,1.14,1.14,306489000.0,,306489000.0,72717383.0,3.0,1.663,8246000.0,1.172,1.0,6820000.0,0.211,35599000.0,336000.0,330794000.0,,42433000.0,25545000.0,0.0,25545000.0,159413000.0,36578000.0,122835000.0,128058383.0,2021000.0,0.0,0.0,-5337000.0,-1355000.0,-6692000.0,-6536000.0,0.0,15249000.0,0.0,8022000.0,8022000.0,8022000.0,0.0,0.0,0.248,-2578000.0,9398000.0,14289000.0,0.169,0.418,4.812,4.805,167046000.0,0.0,18.21,0.968,0.969,20229000.0,301045000.0,32295000.0,32295000.0,0.0,,,,,0.0,11833000.0,1.0,7032311.0,7036000.0,7036000.0,4.59,430303000.0,25379000.0,1857000.0,28513000.0,61.157,162026000.0
4,NC,MRQ,2020-06-30,2020-06-30,2020-06-30,2021-08-25,-11081000.0,442954000.0,,190703000.0,252251000.0,,42.607,-6891000.0,95546000.0,95546000.0,31515000.0,6050000.0,4.857,0.48,40205000.0,5941000.0,34264000.0,40205000.0,1226000.0,0.0,0.0,0.033,0.193,5914000.0,5914000.0,0.167,5914000.0,5914000.0,5584000.0,0.86,0.86,0.86,299271000.0,,299271000.0,116571247.0,4.0,2.569,11742000.0,1.672,1.0,3840000.0,0.109,36333000.0,330000.0,312019000.0,,35732000.0,25337000.0,0.0,25337000.0,143683000.0,39261000.0,104422000.0,163598247.0,1820000.0,0.0,0.0,-6160000.0,-1351000.0,-7511000.0,-9302000.0,-2000000.0,18633000.0,0.0,6050000.0,6050000.0,6050000.0,0.0,0.0,0.171,-642000.0,4482000.0,11729000.0,0.224,0.547,5.67,5.655,153956000.0,0.0,23.3,1.234,1.235,25050000.0,294378000.0,35355000.0,35355000.0,0.0,,,,,0.0,12591000.0,1.0,7021384.0,7024000.0,7024000.0,5.033,406621000.0,15286000.0,-466000.0,18345000.0,57.89,151442000.0
5,NC,MRQ,2020-03-31,2020-03-31,2020-03-31,2021-08-25,-11182000.0,435920000.0,,188927000.0,246993000.0,,41.977,-5358000.0,93726000.0,93726000.0,32563000.0,6166000.0,4.958,0.484,46699000.0,11933000.0,34766000.0,46699000.0,2203000.0,0.0,0.0,0.027,0.19,6499000.0,6499000.0,0.173,6499000.0,6499000.0,6096000.0,0.88,0.88,0.88,293837000.0,,293837000.0,109411261.0,3.0,2.213,-36480000.0,-5.211,1.0,5081000.0,0.135,37125000.0,403000.0,313661000.0,,35996000.0,27384000.0,0.0,27384000.0,142083000.0,38107000.0,103976000.0,194912261.0,-29166000.0,0.0,-1002000.0,9639000.0,-1339000.0,7298000.0,-5342000.0,0.0,-31122000.0,0.0,6166000.0,6166000.0,6166000.0,0.0,0.0,0.164,-2499000.0,7580000.0,8540000.0,0.216,0.663,6.332,6.359,150690000.0,0.0,27.98,1.407,1.414,27499000.0,289679000.0,37644000.0,37644000.0,0.0,,,,,0.0,12727000.0,1.0,6966128.0,7000000.0,7040000.0,5.378,398795000.0,14638000.0,-70000.0,18573000.0,56.971,150820000.0
6,NC,MRQ,2019-12-31,2019-12-31,2019-12-31,2021-08-25,-11337000.0,444773000.0,,200668000.0,244105000.0,,41.478,-11303000.0,122892000.0,122892000.0,24050000.0,6375000.0,3.238,0.537,37391000.0,7795000.0,29596000.0,37391000.0,0.0,16240000.0,0.0,0.016,0.19,4866000.0,21106000.0,0.784,21106000.0,4866000.0,4677000.0,0.91,0.9,0.91,289392000.0,,289392000.0,232830006.0,5.0,3.848,-5783000.0,-0.829,1.0,2888000.0,0.107,37902000.0,189000.0,259404000.0,,40465000.0,24611000.0,0.0,24611000.0,155381000.0,61966000.0,93415000.0,327544006.0,7831000.0,0.0,-1600000.0,16691000.0,-1324000.0,13764000.0,-11453000.0,0.0,5520000.0,0.0,6375000.0,6375000.0,6375000.0,0.0,0.0,0.237,-1735000.0,4623000.0,9951000.0,0.209,1.132,8.265,8.245,149459000.0,0.0,46.83,2.323,2.316,21855000.0,284852000.0,26938000.0,26938000.0,0.0,,,,,4924000.0,14001000.0,1.0,6994320.0,6977000.0,7052000.0,3.861,406871000.0,8928000.0,-1698000.0,14250000.0,58.316,138702000.0
7,NC,MRQ,2019-09-30,2019-09-30,2019-09-30,2021-08-25,-13369000.0,412770000.0,,180310000.0,232460000.0,,40.517,-2859000.0,115061000.0,115061000.0,26416000.0,10264000.0,3.417,0.457,20347000.0,394000.0,19953000.0,20347000.0,0.0,0.0,0.0,0.011,0.19,11851000.0,11851000.0,0.363,11851000.0,11851000.0,11621000.0,1.47,1.47,1.47,283255000.0,,283255000.0,373294404.0,7.0,5.379,22317000.0,3.192,1.0,6187000.0,0.19,38273000.0,230000.0,227008000.0,,33087000.0,23100000.0,0.0,23100000.0,129515000.0,52775000.0,76740000.0,446725404.0,16638000.0,0.0,-25000.0,-4328000.0,-1328000.0,-5681000.0,-2857000.0,0.0,25176000.0,0.0,10264000.0,10264000.0,10264000.0,0.0,0.0,0.315,-2476000.0,8663000.0,9041000.0,0.129,1.577,10.09,10.049,141306000.0,0.0,63.91,2.918,2.918,19647000.0,279801000.0,32603000.0,32603000.0,0.0,,,,,0.0,14341000.0,1.0,6989914.0,6991000.0,6991000.0,4.664,374497000.0,0.0,1357000.0,7361000.0,53.568,127535000.0
8,NC,MRQ,2019-06-30,2019-06-30,2019-06-30,2021-08-25,-13439000.0,399180000.0,,175581000.0,223599000.0,,38.956,-1696000.0,98423000.0,98423000.0,32684000.0,7975000.0,3.302,0.467,24992000.0,4499000.0,20493000.0,24992000.0,0.0,0.0,0.0,0.013,0.19,9985000.0,9985000.0,0.241,9985000.0,9985000.0,9763000.0,1.14,1.14,1.14,272150000.0,,272150000.0,309158029.0,6.0,4.505,20936000.0,2.997,1.0,8668000.0,0.21,38987000.0,222000.0,233595000.0,,30876000.0,22373000.0,0.0,22373000.0,127030000.0,53167000.0,73863000.0,362890029.0,19365000.0,0.0,-85000.0,-150000.0,-1327000.0,-1562000.0,-1705000.0,0.0,22632000.0,0.0,7975000.0,7975000.0,7975000.0,0.0,0.0,0.193,-493000.0,9161000.0,8047000.0,0.167,1.333,8.398,8.35,134422000.0,0.0,51.94,2.388,2.388,26275000.0,270865000.0,41352000.0,41352000.0,0.0,,,,,0.0,12788000.0,1.0,6986716.0,6986000.0,6986000.0,5.919,360193000.0,0.0,1788000.0,6241000.0,51.559,122414000.0
9,NC,MRQ,2019-03-31,2019-03-31,2019-03-31,2021-08-25,-13510000.0,393787000.0,,164031000.0,229756000.0,,38.03,-4234000.0,79058000.0,79058000.0,26712000.0,15018000.0,3.309,0.49,25326000.0,4573000.0,20753000.0,25326000.0,0.0,0.0,0.0,0.017,0.165,17569000.0,17569000.0,0.438,17569000.0,17569000.0,17338000.0,2.16,2.15,2.16,264267000.0,,264267000.0,193192359.0,4.0,2.893,-4778000.0,-0.688,1.0,13385000.0,0.334,39869000.0,231000.0,250616000.0,,32799000.0,23268000.0,0.0,23268000.0,129520000.0,49570000.0,79950000.0,267428359.0,-6199000.0,0.0,-1300000.0,1045000.0,-1153000.0,-1408000.0,-4247000.0,0.0,-544000.0,0.0,15018000.0,15018000.0,15018000.0,0.0,0.0,0.375,-2988000.0,16373000.0,8861000.0,0.076,1.012,6.424,6.37,138321000.0,0.0,38.22,1.854,1.841,28146000.0,264217000.0,40097000.0,40097000.0,0.0,,,,,0.0,12653000.0,1.0,6997079.0,6949000.0,6998000.0,5.77,353918000.0,0.0,2320000.0,6026000.0,50.931,114461000.0
10,NC,MRQ,2018-12-31,2018-12-31,2018-12-31,2021-08-25,-13611000.0,376991000.0,,164174000.0,212817000.0,,36.161,-5184000.0,85257000.0,85257000.0,25451000.0,11016000.0,3.886,0.504,11021000.0,4654000.0,6367000.0,11021000.0,0.0,14683000.0,0.0,0.019,0.165,15306000.0,29989000.0,0.768,29989000.0,15306000.0,14944000.0,1.59,1.57,1.59,250704000.0,,250704000.0,169801971.0,4.0,2.886,10587000.0,1.527,1.0,13603000.0,0.348,40516000.0,362000.0,219991000.0,,31209000.0,20091000.0,0.0,20091000.0,126287000.0,42248000.0,84039000.0,235355971.0,2207000.0,0.0,-955000.0,-6522000.0,-1145000.0,-8599000.0,-4965000.0,0.0,15771000.0,0.0,11016000.0,11016000.0,11016000.0,0.0,0.0,0.282,-1951000.0,15554000.0,9399000.0,0.104,0.939,6.766,6.753,124554000.0,0.0,33.9,1.739,1.734,28816000.0,250352000.0,39054000.0,39054000.0,0.0,,,,,3958000.0,14670000.0,1.0,6942654.0,6933000.0,7023000.0,5.633,336475000.0,0.0,3928000.0,2846000.0,48.532,121926000.0
11,NC,MRQ,2018-09-30,2018-09-30,2018-09-30,2021-08-25,-12899000.0,366546000.0,,151466000.0,215080000.0,,34.611,-5384000.0,83050000.0,83050000.0,25345000.0,9200000.0,3.428,0.526,17496000.0,10647000.0,6849000.0,17496000.0,0.0,0.0,0.0,0.02,0.165,11079000.0,11079000.0,0.352,11079000.0,11079000.0,10658000.0,1.33,1.33,1.33,240201000.0,,240201000.0,175451716.0,5.0,4.508,14771000.0,2.128,1.0,6095000.0,0.194,41342000.0,421000.0,215464000.0,,33182000.0,19999000.0,0.0,19999000.0,126345000.0,44186000.0,82159000.0,227420716.0,3098000.0,0.0,-284000.0,-10487000.0,-1144000.0,-11915000.0,-5142000.0,0.0,20155000.0,0.0,9200000.0,9200000.0,9200000.0,0.0,0.0,0.293,-4452000.0,10547000.0,10038000.0,0.124,0.947,6.7,6.643,126055000.0,0.0,32.75,1.853,1.851,24472000.0,239817000.0,31440000.0,31440000.0,0.0,,,,,0.0,12032000.0,1.0,6944144.0,6940000.0,6940000.0,4.53,325204000.0,548000.0,1458000.0,0.0,46.859,107280000.0
12,NC,MRQ,2018-06-30,2018-06-30,2018-06-30,2021-08-25,-13002000.0,366018000.0,,152386000.0,213632000.0,,33.281,-6511000.0,79952000.0,79952000.0,28835000.0,6393000.0,3.318,0.585,27983000.0,13037000.0,14946000.0,27983000.0,0.0,0.0,0.0,0.023,0.165,8150000.0,8150000.0,0.242,8150000.0,8150000.0,7581000.0,0.92,0.92,0.92,230972000.0,,230972000.0,201502385.0,6.0,4.689,20214000.0,2.913,1.0,4846000.0,0.144,42056000.0,569000.0,226072000.0,,29159000.0,18444000.0,0.0,18444000.0,135046000.0,45921000.0,89125000.0,234137385.0,-3451000.0,0.0,-55000.0,-22784000.0,-1145000.0,-23984000.0,-6192000.0,0.0,26725000.0,0.0,6393000.0,6393000.0,6393000.0,0.0,0.0,0.19,-2956000.0,7802000.0,13729000.0,0.179,1.014,7.065,6.988,123632000.0,0.0,33.75,2.067,2.068,30572000.0,231761000.0,33681000.0,33681000.0,0.0,,,,,0.0,11863000.0,1.0,6937404.0,6940000.0,6940000.0,4.853,323962000.0,2663000.0,1188000.0,0.0,46.68,106465000.0
13,NC,MRQ,2018-03-31,2018-03-31,2018-03-31,2021-08-25,-13107000.0,374176000.0,,162289000.0,211887000.0,,32.62,-2397000.0,83403000.0,83403000.0,25776000.0,8176000.0,3.974,0.664,50768000.0,16081000.0,34687000.0,50768000.0,0.0,0.0,0.0,0.027,0.165,9626000.0,9626000.0,0.309,9626000.0,9626000.0,8980000.0,1.19,1.18,1.19,224882000.0,,224882000.0,184292389.0,5.0,3.911,-10426000.0,-1.512,1.0,5424000.0,0.174,42870000.0,646000.0,257832000.0,,30115000.0,18679000.0,0.0,18679000.0,149294000.0,40839000.0,108455000.0,227746389.0,-18197000.0,0.0,0.0,-6936000.0,-1144000.0,-8080000.0,-2088000.0,0.0,-8029000.0,0.0,8176000.0,8176000.0,8176000.0,0.0,0.0,0.262,-4297000.0,9721000.0,8411000.0,0.139,1.013,6.791,6.704,119811000.0,0.0,32.85,2.115,2.103,35697000.0,226513000.0,31200000.0,31200000.0,0.0,,,,,0.0,10627000.0,1.0,6932919.0,6894000.0,6939000.0,4.526,331306000.0,4465000.0,804000.0,0.0,48.057,121450000.0
14,NC,MRQ,2017-12-31,2017-12-31,2017-12-31,2021-08-25,-8341000.0,389552000.0,,176988000.0,212564000.0,,32.06,-4543000.0,101600000.0,101600000.0,21148000.0,10173000.0,3.279,0.775,58146000.0,16125000.0,42021000.0,58146000.0,0.0,3187000.0,0.0,0.026,0.165,6882000.0,10069000.0,0.381,10069000.0,6882000.0,6248000.0,1.49,1.47,1.49,219448000.0,,219448000.0,222562355.0,6.0,4.717,9644000.0,1.409,1.0,5289000.0,0.2,43554000.0,634000.0,248568000.0,,30015000.0,16335000.0,0.0,16335000.0,170104000.0,53976000.0,116128000.0,257759355.0,7662000.0,0.0,0.0,-1039000.0,-1130000.0,-2169000.0,-4356000.0,0.0,14187000.0,0.0,10173000.0,10173000.0,10173000.0,-493000.0,0.0,0.385,-1218000.0,6507000.0,9500000.0,0.111,1.175,8.497,8.48,120068000.0,0.0,37.65,2.46,2.454,34530000.0,216490000.0,26437000.0,26437000.0,0.0,,,,,4520000.0,15682000.0,1.0,6846198.0,6845000.0,6930000.0,3.862,345998000.0,5962000.0,-3925000.0,0.0,50.548,123012000.0
15,NC,MRQ,2017-09-30,2017-09-30,2017-09-30,2021-08-25,-9449000.0,384949000.0,,164248000.0,220701000.0,,30.277,-2958000.0,93938000.0,93938000.0,19466000.0,8398000.0,3.8,0.859,58741000.0,1168000.0,57573000.0,58741000.0,0.0,3157000.0,0.0,0.013,0.273,11969000.0,15126000.0,0.689,15126000.0,11969000.0,11023000.0,1.23,1.23,1.23,207063000.0,,207063000.0,649787233.0,11.0,9.298,25907000.0,3.788,1.0,2475000.0,0.113,44036000.0,946000.0,262493000.0,,30580000.0,27281000.0,0.0,27281000.0,177886000.0,43223000.0,134663000.0,586590233.0,36842000.0,0.0,0.0,-10387000.0,-1862000.0,12612000.0,-4641000.0,0.0,28865000.0,6000.0,8398000.0,8398000.0,8398000.0,-5067000.0,0.0,0.383,-4514000.0,6989000.0,11694000.0,0.222,2.833,13.243,13.22,116336000.0,0.0,85.8,5.66,5.662,32034000.0,207447000.0,21941000.0,21941000.0,0.0,,,,,0.0,11723000.0,1.0,6836716.0,6839000.0,6866000.0,3.208,340913000.0,7145000.0,2625000.0,3442000.0,49.848,121025000.0
16,NC,MRQ,2017-06-30,2017-06-30,2017-06-30,2021-08-25,-24115000.0,621260000.0,,343959000.0,277301000.0,,33.791,-1433000.0,60209000.0,60209000.0,23503000.0,6788000.0,1.849,1.69,123406000.0,23488000.0,99918000.0,123406000.0,0.0,3243000.0,0.0,0.015,0.273,9056000.0,12299000.0,0.438,12299000.0,9056000.0,8128000.0,0.99,0.99,0.99,230960000.0,,230960000.0,585798289.0,17.0,13.04,39024000.0,5.709,1.0,4597000.0,0.164,57315000.0,928000.0,441093000.0,,163759000.0,27254000.0,0.0,27254000.0,390300000.0,186049000.0,204251000.0,484176289.0,3783000.0,0.0,0.0,-27650000.0,-1863000.0,-34214000.0,-2172000.0,0.0,40457000.0,-288000.0,6788000.0,6788000.0,6788000.0,444000.0,0.0,0.242,-4915000.0,9512000.0,104794000.0,0.276,2.096,13.656,13.625,132126000.0,0.0,70.85,4.243,4.244,96295000.0,248239000.0,28100000.0,28100000.0,0.0,,,,,0.0,10566000.0,1.0,6833822.0,6835000.0,6850000.0,4.111,563945000.0,23839000.0,1340000.0,0.0,82.508,157910000.0
17,NC,MRQ,2017-03-31,2017-03-31,2017-03-31,2021-08-25,-24687000.0,620291000.0,,330895000.0,289396000.0,,32.989,-2814000.0,56426000.0,56426000.0,23742000.0,4978000.0,1.979,1.763,158048000.0,32735000.0,125313000.0,158048000.0,0.0,3180000.0,0.0,0.015,0.268,6509000.0,9689000.0,0.342,9689000.0,6509000.0,5577000.0,0.73,0.73,0.73,224526000.0,,224526000.0,530899237.0,19.0,13.178,-45018000.0,-6.614,1.0,4558000.0,0.161,58279000.0,932000.0,496430000.0,,158982000.0,35906000.0,0.0,35906000.0,395765000.0,167204000.0,228561000.0,476794237.0,-24222000.0,0.0,0.0,3029000.0,-1827000.0,21465000.0,-3836000.0,0.0,-42204000.0,353000.0,4978000.0,4978000.0,4978000.0,3242000.0,0.0,0.176,-5248000.0,9806000.0,87119000.0,0.367,2.124,15.001,14.979,132158000.0,0.0,69.8,1.806,1.799,93187000.0,242379000.0,28300000.0,28300000.0,0.0,,,,,0.0,9520000.0,1.0,6830863.0,6806000.0,6843000.0,4.158,562012000.0,26333000.0,599000.0,0.0,82.576,163691000.0
18,NC,MRQ,2016-12-31,2016-12-31,2016-12-31,2021-08-25,-25927000.0,668021000.0,,381732000.0,286289000.0,,32.496,834000.0,69308000.0,69308000.0,23073000.0,24131000.0,1.721,2.032,96039000.0,1744000.0,94295000.0,96039000.0,0.0,3180000.0,0.0,0.012,0.268,29588000.0,32768000.0,1.295,32768000.0,29588000.0,28452000.0,3.54,3.52,3.54,220293000.0,,220293000.0,706652799.0,29.0,18.932,48611000.0,7.171,1.0,2230000.0,0.088,45678000.0,1136000.0,427246000.0,,28927000.0,31054000.0,0.0,31054000.0,447728000.0,221828000.0,225900000.0,613612799.0,36382000.0,0.0,0.0,-21175000.0,-1812000.0,-11352000.0,112000.0,0.0,47777000.0,-155000.0,24131000.0,24131000.0,24131000.0,-28747000.0,0.0,0.954,17390000.0,-15160000.0,10560000.0,0.076,2.785,20.725,20.864,115106000.0,0.0,90.55,5.524,5.558,20793000.0,239441000.0,25303000.0,25303000.0,0.0,,,,,0.0,18077000.0,1.0,6776508.0,6779000.0,6842000.0,3.733,622343000.0,10876000.0,4321000.0,0.0,91.805,159904000.0
19,NC,MRQ,2016-09-30,2016-09-30,2016-09-30,2021-08-25,-25134000.0,664110000.0,,384249000.0,279861000.0,,28.928,3048000.0,44266000.0,44266000.0,30755000.0,-441000.0,1.674,2.383,137306000.0,6782000.0,130524000.0,137306000.0,0.0,1162000.0,0.0,0.016,0.268,-10994000.0,-9832000.0,-0.303,-9832000.0,-10994000.0,-12030000.0,-0.06,-0.06,-0.06,196308000.0,,196308000.0,579858568.0,113.0,38.539,32237000.0,4.751,1.0,1647000.0,0.051,60124000.0,1036000.0,467520000.0,,201309000.0,0.0,0.0,0.0,467802000.0,229506000.0,238296000.0,462963568.0,10009000.0,0.0,-2218000.0,17441000.0,-1812000.0,-17862000.0,-1323000.0,0.0,29189000.0,5000.0,-441000.0,-441000.0,-441000.0,-1691000.0,0.0,-0.014,29528000.0,-27881000.0,157253000.0,-4.467,2.358,19.644,20.047,124626000.0,0.0,67.96,-4.748,-4.729,104973000.0,214666000.0,32402000.0,32402000.0,0.0,,,,,0.0,10765000.0,1.0,6812295.0,6786000.0,6786000.0,4.775,603986000.0,23812000.0,-11589000.0,0.0,89.005,154743000.0
20,NC,MRQ,2016-06-30,2016-06-30,2016-06-30,2021-08-25,-25569000.0,609523000.0,,320964000.0,288559000.0,,29.022,-1705000.0,34257000.0,34257000.0,137478000.0,3116000.0,1.985,2.063,151152000.0,7681000.0,143471000.0,151152000.0,0.0,4516000.0,0.0,0.019,0.268,3147000.0,7663000.0,0.043,7663000.0,3147000.0,1677000.0,0.45,0.45,0.45,198972000.0,,198972000.0,512672176.0,24.0,14.43,19083000.0,2.783,1.0,40529000.0,0.228,61287000.0,1470000.0,503447000.0,,167589000.0,30643000.0,0.0,30643000.0,410551000.0,161684000.0,248867000.0,385239176.0,-1461000.0,0.0,-3826000.0,-12000000.0,-1834000.0,-17862000.0,-4265000.0,0.0,20788000.0,-122000.0,3116000.0,3116000.0,3116000.0,0.0,0.0,0.018,48354000.0,-7825000.0,100878000.0,0.596,1.936,14.189,14.359,132290000.0,0.0,56.0,3.528,3.516,81623000.0,217728000.0,178007000.0,178007000.0,0.0,,,,,0.0,46870000.0,1.0,6879271.0,6856000.0,6874000.0,25.964,548236000.0,29997000.0,-1439000.0,0.0,79.964,159280000.0
21,NC,MRQ,2016-03-31,2016-03-31,2016-03-31,2021-08-25,-24315000.0,606514000.0,,315766000.0,290748000.0,,29.462,-4359000.0,35718000.0,35718000.0,133416000.0,2802000.0,2.243,2.002,163151000.0,5683000.0,157468000.0,163151000.0,0.0,4192000.0,0.0,0.018,0.263,5286000.0,9478000.0,0.055,9478000.0,5286000.0,3781000.0,0.41,0.41,0.41,202019000.0,,202019000.0,512185878.0,27.0,14.636,-8178000.0,-1.193,1.0,40005000.0,0.231,62111000.0,1505000.0,531039000.0,,164334000.0,29532000.0,0.0,29532000.0,404495000.0,140797000.0,263698000.0,394702878.0,-16781000.0,0.0,0.0,-6830000.0,-1804000.0,-8634000.0,-4341000.0,0.0,-3819000.0,13000.0,2802000.0,2802000.0,2802000.0,0.0,0.0,0.016,47241000.0,-7236000.0,90247000.0,0.641,1.954,16.613,16.836,132345000.0,0.0,57.41,3.091,3.083,78441000.0,218743000.0,173421000.0,173421000.0,0.0,,,,,0.0,46259000.0,1.0,6875159.0,6857000.0,6885000.0,25.291,544403000.0,33588000.0,979000.0,0.0,79.394,174969000.0
22,NC,MRQ,2015-12-31,2015-12-31,2015-12-31,2021-08-25,-23444000.0,655408000.0,,361434000.0,293974000.0,,29.359,4627000.0,52499000.0,52499000.0,-354326000.0,18091000.0,1.885,2.258,169982000.0,9869000.0,160113000.0,169982000.0,0.0,35000.0,0.0,0.025,0.263,7702000.0,7737000.0,-0.016,7737000.0,7702000.0,8123000.0,2.59,2.58,2.59,201138000.0,,201138000.0,450510541.0,26.0,12.943,52815000.0,7.709,1.0,-127017000.0,0.264,63096000.0,-421000.0,518049000.0,,165016000.0,24643000.0,0.0,24643000.0,454270000.0,191746000.0,262524000.0,288354541.0,40652000.0,0.0,-762000.0,-8933000.0,-1794000.0,-5577000.0,-1967000.0,0.0,48188000.0,8000.0,18091000.0,18091000.0,18091000.0,-19711000.0,0.0,-0.038,-101432000.0,-25585000.0,100300000.0,0.102,1.434,13.117,13.439,132539000.0,0.0,42.2,1.948,1.996,114105000.0,217745000.0,-481343000.0,-481343000.0,0.0,,,,,0.0,-99081000.0,1.0,6833046.0,6851000.0,6893000.0,-70.259,592312000.0,42013000.0,-9968000.0,0.0,86.456,169688000.0
23,NC,MRQ,2015-09-30,2015-09-30,2015-09-30,2021-08-25,-22958000.0,702717000.0,,388269000.0,314448000.0,,26.682,-2968000.0,11847000.0,11847000.0,196892000.0,3141000.0,1.517,2.804,174003000.0,15353000.0,158650000.0,174003000.0,0.0,5778000.0,0.0,0.022,0.262,4872000.0,10650000.0,0.045,10650000.0,4872000.0,3275000.0,0.45,0.45,0.45,184744000.0,,184744000.0,490331186.0,-7.0,-12.432,6965000.0,1.006,1.0,42215000.0,0.177,63903000.0,1597000.0,544971000.0,,234214000.0,0.0,0.0,0.0,517973000.0,255999000.0,261974000.0,330590186.0,-7476000.0,0.0,-7239000.0,-5062000.0,-1814000.0,-14151000.0,-3260000.0,0.0,9933000.0,2000.0,3141000.0,3141000.0,3141000.0,0.0,0.0,0.013,48689000.0,-6474000.0,161040000.0,0.582,1.789,-8.989,-9.906,151767000.0,0.0,47.55,0.357,0.355,120890000.0,200853000.0,239107000.0,239107000.0,0.0,,,,,0.0,47551000.0,1.0,6952475.0,6924000.0,6935000.0,34.533,638814000.0,39008000.0,134000.0,0.0,92.261,132270000.0
24,NC,MRQ,2015-06-30,2015-06-30,2015-06-30,2021-08-25,-21286000.0,651399000.0,,339899000.0,311500000.0,,27.255,-287000.0,19323000.0,19323000.0,161119000.0,-275000.0,1.763,2.391,179064000.0,12825000.0,166239000.0,179064000.0,0.0,5801000.0,0.0,0.017,0.263,1330000.0,7131000.0,0.036,7131000.0,1330000.0,-331000.0,-0.04,-0.04,-0.04,192094000.0,,192094000.0,588613907.0,-10.0,-18.319,12122000.0,1.72,1.0,35381000.0,0.18,65039000.0,1661000.0,553298000.0,,203167000.0,0.0,0.0,0.0,459305000.0,192803000.0,266502000.0,429002907.0,-9989000.0,0.0,-9098000.0,-9859000.0,-1838000.0,-20816000.0,-1542000.0,0.0,12409000.0,-40000.0,-275000.0,-275000.0,-275000.0,0.0,0.0,-0.001,46169000.0,-10788000.0,116246000.0,-6.575,2.233,-13.316,-14.364,154020000.0,0.0,60.76,0.472,0.471,91432000.0,206400000.0,196500000.0,196500000.0,0.0,,,,,0.0,45219000.0,1.0,7060614.0,7048000.0,7048000.0,27.88,586360000.0,31480000.0,-56000.0,0.0,83.195,147096000.0
25,NC,MRQ,2015-03-31,2015-03-31,2015-03-31,2021-08-25,-21125000.0,653637000.0,,337452000.0,316185000.0,,28.231,-2386000.0,29312000.0,29312000.0,155545000.0,1027000.0,1.822,2.221,188923000.0,23988000.0,164935000.0,188923000.0,0.0,5758000.0,0.0,0.019,0.257,3532000.0,9290000.0,0.048,9290000.0,3532000.0,1407000.0,0.14,0.14,0.14,202950000.0,,202950000.0,567431131.0,-9.0,-15.34,35086000.0,4.881,1.0,38189000.0,0.197,65990000.0,2125000.0,562041000.0,,187096000.0,0.0,0.0,0.0,450687000.0,185217000.0,265470000.0,380668131.0,-31823000.0,0.0,-6911000.0,-58975000.0,-1850000.0,-67757000.0,-1522000.0,0.0,37472000.0,-16000.0,1027000.0,1027000.0,1027000.0,0.0,0.0,0.005,47501000.0,-9312000.0,101011000.0,1.836,1.876,-10.703,-11.371,156551000.0,0.0,52.99,0.417,0.417,94126000.0,216927000.0,193734000.0,193734000.0,0.0,,,,,0.0,46416000.0,1.0,7183773.0,7189000.0,7208000.0,26.949,587647000.0,29222000.0,380000.0,0.0,81.743,152235000.0
26,NC,MRQ,2014-12-31,2014-12-31,2014-12-31,2021-08-25,-20189000.0,770520000.0,,447147000.0,323373000.0,,28.985,-1703000.0,61135000.0,61135000.0,231450000.0,-40669000.0,1.756,2.644,247898000.0,56467000.0,191431000.0,247898000.0,0.0,8625000.0,0.0,0.017,0.257,-75138000.0,-66513000.0,-0.224,-66513000.0,-75138000.0,-77254000.0,-5.35,-5.35,-5.35,211474000.0,,211474000.0,599360183.0,-9.0,-14.641,15878000.0,2.176,1.0,65835000.0,0.221,67074000.0,2116000.0,635528000.0,,190382000.0,0.0,0.0,0.0,559046000.0,254681000.0,304365000.0,433309183.0,10537000.0,-25000000.0,-8628000.0,31249000.0,-1871000.0,20667000.0,-27637000.0,0.0,17581000.0,-74000.0,-40669000.0,-40669000.0,-40669000.0,0.0,0.0,-0.137,151318000.0,-85483000.0,133668000.0,-0.048,2.049,-11.368,-11.825,159644000.0,0.0,59.36,0.483,0.502,180887000.0,224428000.0,297285000.0,297285000.0,0.0,,,,,0.0,52905000.0,1.0,7299683.0,7296000.0,7254000.0,40.746,703446000.0,34372000.0,-36585000.0,4015000.0,96.415,192466000.0
27,NC,MRQ,2014-09-30,2014-09-30,2014-09-30,2021-08-25,-12450000.0,829160000.0,,450443000.0,378717000.0,,35.827,-6483000.0,50598000.0,50598000.0,175171000.0,7699000.0,1.567,2.08,216649000.0,77691000.0,138958000.0,216649000.0,0.0,6848000.0,0.0,0.02,0.258,11112000.0,17960000.0,0.081,17960000.0,11112000.0,9066000.0,1.02,1.02,1.02,269242000.0,,269242000.0,548033156.0,16.0,8.81,17147000.0,2.282,1.0,46543000.0,0.21,57017000.0,2046000.0,650699000.0,,220607000.0,0.0,0.0,0.0,559918000.0,287495000.0,272423000.0,379282156.0,-10309000.0,0.0,-12200000.0,-13008000.0,-1927000.0,-27392000.0,-6497000.0,0.0,23630000.0,-50000.0,7699000.0,7699000.0,7699000.0,0.0,0.0,0.035,47284000.0,-741000.0,149343000.0,0.253,1.409,15.107,15.737,252039000.0,0.0,49.73,0.416,0.41,141978000.0,274297000.0,221714000.0,221714000.0,0.0,,,,,0.0,46373000.0,1.0,7626828.0,7515000.0,7533000.0,29.503,772143000.0,12661000.0,1367000.0,23304000.0,102.747,162948000.0
28,NC,MRQ,2014-06-30,2014-06-30,2014-06-30,2021-08-25,-12762000.0,788793000.0,,406342000.0,382451000.0,,35.631,-9335000.0,60907000.0,60907000.0,163847000.0,-3624000.0,1.733,1.871,229658000.0,82401000.0,147257000.0,229658000.0,0.0,6618000.0,0.0,0.02,0.258,-4346000.0,2272000.0,0.011,2272000.0,-4346000.0,-6296000.0,-0.47,-0.47,-0.47,274787000.0,,274787000.0,547868445.0,14.0,8.184,-4731000.0,-0.613,1.0,36523000.0,0.182,57929000.0,1950000.0,665190000.0,,188148000.0,0.0,0.0,0.0,514006000.0,234425000.0,279581000.0,394637445.0,-9163000.0,0.0,-9261000.0,6355000.0,-1993000.0,-4897000.0,-8898000.0,0.0,4604000.0,28000.0,-3624000.0,-3624000.0,-3624000.0,0.0,0.0,-0.018,51981000.0,-15458000.0,99319000.0,-0.549,1.436,13.273,13.75,254362000.0,0.0,50.6,0.43,0.425,121352000.0,279922000.0,200370000.0,200370000.0,0.0,,,,,0.0,50990000.0,1.0,7799159.0,7712000.0,7712000.0,25.982,730864000.0,14064000.0,-2672000.0,23026000.0,94.77,171917000.0
29,NC,MRQ,2014-03-31,2014-03-31,2014-03-31,2021-08-25,-12439000.0,780000000.0,,403237000.0,376763000.0,,36.894,-31845000.0,70070000.0,70070000.0,141242000.0,-1524000.0,1.996,1.694,223301000.0,55232000.0,168069000.0,223301000.0,0.0,5979000.0,0.0,0.018,0.25,-635000.0,5344000.0,0.03,5344000.0,-635000.0,-2089000.0,-0.19,-0.19,-0.19,289543000.0,,289543000.0,514289759.0,10.0,6.602,-57861000.0,-7.373,1.0,36171000.0,0.204,58920000.0,1454000.0,672250000.0,,193913000.0,0.0,0.0,0.0,490457000.0,202061000.0,288396000.0,425929759.0,-25320000.0,0.0,-4986000.0,39551000.0,-1964000.0,32601000.0,-31902000.0,0.0,-26016000.0,-3000.0,-1524000.0,-1524000.0,-1524000.0,0.0,0.0,-0.009,49194000.0,-13023000.0,103642000.0,-1.316,1.471,11.062,11.341,245858000.0,0.0,54.21,0.466,0.465,107035000.0,294183000.0,177413000.0,177413000.0,0.0,,,,,0.0,48429000.0,1.0,7857033.0,7848000.0,7848000.0,22.606,721080000.0,11457000.0,-565000.0,22918000.0,91.881,201176000.0
30,NC,MRQ,2013-12-31,2013-12-31,2013-12-31,2021-08-25,-12259000.0,809956000.0,,461290000.0,348666000.0,,37.689,-30040000.0,95390000.0,95390000.0,233802000.0,22556000.0,1.937,1.72,183750000.0,31319000.0,152431000.0,183750000.0,0.0,8195000.0,0.0,0.016,0.25,28435000.0,36630000.0,0.117,36630000.0,28435000.0,27156000.0,2.8,2.8,2.8,297780000.0,,297780000.0,587092023.0,10.0,6.902,16042000.0,2.03,1.0,78181000.0,0.251,59685000.0,1279000.0,600512000.0,,184445000.0,0.0,0.0,0.0,512176000.0,238119000.0,274057000.0,491660023.0,16037000.0,0.0,-3951000.0,8966000.0,-1971000.0,1853000.0,-31884000.0,-5000000.0,46082000.0,-14000.0,22556000.0,22556000.0,22556000.0,0.0,0.0,0.072,61594000.0,16587000.0,133016000.0,0.089,1.651,11.061,11.349,219256000.0,0.0,62.19,0.527,0.54,153425000.0,302168000.0,311983000.0,311983000.0,0.0,,,,,0.0,57277000.0,1.0,7905773.0,7901000.0,7917000.0,39.487,750271000.0,15047000.0,4600000.0,33663000.0,94.959,223171000.0
31,NC,MRQ,2013-09-30,2013-09-30,2013-09-30,2021-08-25,-17107000.0,778089000.0,,454955000.0,323134000.0,,34.517,-11089000.0,79353000.0,79353000.0,179395000.0,12325000.0,1.816,1.822,174785000.0,45662000.0,129123000.0,174785000.0,0.0,6168000.0,0.0,0.081,0.25,16528000.0,22696000.0,0.099,22696000.0,16528000.0,15484000.0,1.54,1.54,1.54,275721000.0,,275721000.0,522157547.0,8.0,5.856,-1548000.0,-0.194,1.0,49219000.0,0.215,64590000.0,1044000.0,558463000.0,,207349000.0,0.0,0.0,0.0,502368000.0,250468000.0,251900000.0,443295547.0,-5705000.0,0.0,-5747000.0,8661000.0,-1999000.0,899000.0,-16135000.0,0.0,9541000.0,-10000.0,12325000.0,12325000.0,12325000.0,0.0,0.0,0.054,44345000.0,4874000.0,141919000.0,0.162,1.608,9.737,10.022,193864000.0,0.0,55.42,0.472,0.472,138181000.0,284523000.0,228614000.0,228614000.0,0.0,,,,,0.0,43269000.0,1.0,7998837.0,7988000.0,7996000.0,28.62,713499000.0,14428000.0,3159000.0,23074000.0,89.321,204487000.0
32,NC,MRQ,2013-06-30,2013-06-30,2013-06-30,2021-08-25,-19858000.0,698117000.0,,392640000.0,305477000.0,,32.77,-6351000.0,85058000.0,85058000.0,148387000.0,5147000.0,2.264,1.605,163920000.0,34233000.0,129687000.0,163920000.0,0.0,4837000.0,0.0,0.084,0.25,8391000.0,13228000.0,0.067,13228000.0,8391000.0,7243000.0,0.63,0.63,0.63,268026000.0,,268026000.0,554325127.0,6.0,4.862,16117000.0,1.971,1.0,47630000.0,0.243,65666000.0,1148000.0,537858000.0,,167470000.0,0.0,0.0,0.0,430091000.0,173455000.0,256636000.0,477637127.0,-11812000.0,0.0,-16508000.0,-9636000.0,-2032000.0,-28189000.0,-6087000.0,0.0,22468000.0,-4000.0,5147000.0,5147000.0,5147000.0,0.0,0.0,0.026,49108000.0,-1478000.0,90334000.0,0.397,1.782,6.699,6.723,185626000.0,0.0,57.28,0.519,0.509,110300000.0,275662000.0,196017000.0,196017000.0,0.0,,,,,0.0,48489000.0,1.0,8338637.0,8179000.0,8184000.0,23.966,632451000.0,13701000.0,2096000.0,22961000.0,77.326,219185000.0
33,NC,MRQ,2013-03-31,2013-03-31,2013-03-31,2021-08-25,-20427000.0,713728000.0,,406862000.0,306866000.0,,33.552,-7465000.0,96870000.0,96870000.0,149791000.0,4422000.0,2.245,1.545,173558000.0,49719000.0,123839000.0,173558000.0,0.0,5372000.0,0.0,0.095,0.25,7141000.0,12513000.0,0.064,12513000.0,7141000.0,5837000.0,0.53,0.53,0.53,280493000.0,,280493000.0,486440048.0,4.0,3.778,-32491000.0,-3.886,1.0,46261000.0,0.236,68711000.0,1304000.0,540454000.0,,162234000.0,0.0,0.0,0.0,433235000.0,181251000.0,251984000.0,448640048.0,-42985000.0,0.0,-5100000.0,-4140000.0,-2102000.0,-11339000.0,-6628000.0,0.0,-25026000.0,8000.0,4422000.0,4422000.0,4422000.0,0.0,0.0,0.023,51337000.0,-5076000.0,90576000.0,0.472,1.599,5.106,5.087,184062000.0,0.0,53.36,0.501,0.498,117882000.0,272547000.0,196052000.0,196052000.0,0.0,,,,,0.0,50296000.0,1.0,8407797.0,8360000.0,8399000.0,23.451,645017000.0,10604000.0,1415000.0,24632000.0,77.155,225611000.0
34,NC,MRQ,2012-12-31,2012-12-31,2012-12-31,2021-08-25,-21861000.0,776306000.0,,486842000.0,289464000.0,,33.568,-3659000.0,139855000.0,139855000.0,233284000.0,23632000.0,2.143,1.759,177697000.0,42249000.0,135448000.0,177697000.0,0.0,6589000.0,0.0,0.089,3.75,34141000.0,40730000.0,0.128,40730000.0,34141000.0,32773000.0,2.83,2.8,2.83,281331000.0,,281331000.0,561150674.0,4.0,3.775,59992000.0,7.158,1.0,84899000.0,0.267,69752000.0,1368000.0,517227000.0,,169440000.0,0.0,0.0,0.0,494975000.0,227169000.0,267806000.0,509450674.0,-15859000.0,-4490000.0,-2601000.0,-37118000.0,-31479000.0,-71226000.0,-8269000.0,-60000.0,63651000.0,-15000.0,23632000.0,23632000.0,23632000.0,0.0,0.0,0.074,58950000.0,25949000.0,127469000.0,1.325,1.811,4.687,4.679,182985000.0,0.0,60.69,0.583,0.583,149291000.0,270227000.0,318183000.0,318183000.0,0.0,,,,,0.0,59418000.0,1.0,8394310.0,8381000.0,8453000.0,37.965,706554000.0,15335000.0,9141000.0,29401000.0,84.304,259673000.0
35,NC,MRQ,2012-09-30,2012-09-30,2012-09-30,2021-08-25,-63491000.0,822017000.0,,509141000.0,312876000.0,,34.697,5764000.0,155714000.0,155714000.0,157840000.0,38104000.0,2.088,1.823,207316000.0,48912000.0,158404000.0,207316000.0,0.0,4629000.0,0.0,0.017,0.547,42912000.0,47541000.0,0.226,47541000.0,42912000.0,41403000.0,4.53,4.52,4.53,291146000.0,,291146000.0,1056435096.0,6.0,5.881,33445000.0,3.986,1.0,52227000.0,0.249,79340000.0,1509000.0,550440000.0,,205355000.0,0.0,0.0,0.0,530871000.0,243839000.0,287032000.0,1052135096.0,-2440000.0,-64797000.0,0.0,42421000.0,-4593000.0,32715000.0,-63831000.0,14494000.0,27681000.0,995000.0,38104000.0,38104000.0,38104000.0,-27728000.0,0.0,0.181,48862000.0,3365000.0,134401000.0,0.121,3.614,7.546,7.541,193544000.0,0.0,125.41,1.269,1.269,107731000.0,321297000.0,210067000.0,210067000.0,0.0,,,,,0.0,51203000.0,1.0,8389563.0,8391000.0,8409000.0,25.035,742677000.0,23930000.0,3299000.0,23995000.0,88.509,265302000.0
36,NC,MRQ,2012-06-30,2012-06-30,2012-06-30,2021-08-25,-74490000.0,1713708000.0,,1274646000.0,439062000.0,,73.412,-27488000.0,160098000.0,160098000.0,128138000.0,21712000.0,1.846,1.781,164919000.0,69668000.0,95251000.0,164919000.0,0.0,3364000.0,0.0,0.018,0.547,24603000.0,27967000.0,0.163,27967000.0,24603000.0,23099000.0,2.6,2.6,2.6,615781000.0,,615781000.0,998602094.0,7.0,6.605,21650000.0,2.581,1.0,43297000.0,0.253,56851000.0,1504000.0,971302000.0,,173913000.0,0.0,0.0,0.0,1097000000.0,690376000.0,406624000.0,975102094.0,-11754000.0,0.0,0.0,50806000.0,-4592000.0,-40505000.0,-17198000.0,0.0,49138000.0,-3189000.0,21712000.0,21712000.0,21712000.0,-18269000.0,0.0,0.127,46275000.0,-2978000.0,86859000.0,0.21,1.584,7.676,7.668,137012000.0,0.0,116.25,1.198,1.198,79979000.0,657518000.0,171435000.0,171435000.0,0.0,,,,,0.0,48125000.0,1.0,8387975.0,8388000.0,8400000.0,20.438,1656857000.0,17724000.0,1387000.0,12384000.0,197.527,584270000.0
37,NC,MRQ,2012-03-31,2012-03-31,2012-03-31,2021-08-25,-62100000.0,1749800000.0,,1341400000.0,408400000.0,,72.789,16675000.0,314900000.0,314900000.0,128160000.0,25250000.0,1.541,1.868,338400000.0,274900000.0,63500000.0,338400000.0,11700000.0,3410000.0,0.0,0.018,0.532,28995000.0,32405000.0,0.187,32405000.0,28995000.0,27288000.0,3.01,3.0,3.01,609900000.0,,609900000.0,1011512218.0,6.0,6.053,19219000.0,2.294,1.0,45519000.0,0.262,57300000.0,1707000.0,845500000.0,,477900000.0,0.0,0.0,0.0,1139100000.0,870500000.0,268600000.0,975912218.0,-23741000.0,0.0,-577000.0,-35900000.0,-4466000.0,-44417000.0,15061000.0,0.0,2544000.0,3071000.0,25250000.0,25250000.0,25250000.0,-20538000.0,0.0,0.145,49457000.0,-3938000.0,412000000.0,0.177,1.6,7.837,7.836,253300000.0,0.0,116.37,0.672,0.671,445400000.0,640400000.0,173679000.0,173679000.0,0.0,,,,,0.0,49416000.0,1.0,8386287.0,8379000.0,8394000.0,20.728,1692500000.0,32500000.0,2038000.0,17100000.0,201.993,470900000.0
38,NC,MRQ,2011-12-31,2011-12-31,2011-12-31,2021-08-25,-74600000.0,1808700000.0,,1376100000.0,432600000.0,,68.71,-2065000.0,153700000.0,153700000.0,193615000.0,54371000.0,1.544,2.138,148200000.0,73700000.0,74500000.0,148200000.0,0.0,4401000.0,0.0,0.024,0.532,67311000.0,71712000.0,0.262,71712000.0,67311000.0,65322000.0,6.49,6.47,6.49,576200000.0,,576200000.0,868326451.0,4.0,3.949,101814000.0,12.141,1.0,80340000.0,0.293,57900000.0,1989000.0,854100000.0,,161300000.0,0.0,0.0,0.0,1231700000.0,891200000.0,340500000.0,749126451.0,121071000.0,0.0,-2063000.0,36292000.0,-4495000.0,28829000.0,-7401000.0,0.0,103879000.0,-4236000.0,54371000.0,54371000.0,54371000.0,-24501000.0,0.0,0.198,50851000.0,29489000.0,94200000.0,0.082,1.3,4.622,4.613,107200000.0,0.0,89.22,0.948,0.946,100700000.0,619700000.0,273955000.0,273955000.0,0.0,,,,,0.0,49636000.0,1.0,8396396.0,8386000.0,8411000.0,32.668,1750800000.0,24500000.0,10951000.0,20000000.0,208.777,484900000.0
39,NC,MRQ,2011-09-30,2011-09-30,2011-09-30,2021-08-25,-55900000.0,1757500000.0,,1331000000.0,426500000.0,,65.17,1000000.0,217600000.0,217600000.0,146100000.0,25700000.0,1.58,2.211,336800000.0,148400000.0,188400000.0,336800000.0,13700000.0,-11000000.0,0.0,0.033,0.532,30100000.0,19100000.0,0.098,19100000.0,30100000.0,27800000.0,3.06,3.05,3.06,547100000.0,,547100000.0,628795133.0,3.0,3.472,-3600000.0,-0.429,1.0,48500000.0,0.249,58500000.0,2300000.0,975600000.0,,540700000.0,0.0,0.0,0.0,1209700000.0,842600000.0,367100000.0,532195133.0,-83900000.0,0.0,0.0,-52000000.0,-4400000.0,-65900000.0,-9500000.0,0.0,-4600000.0,-3900000.0,25700000.0,25700000.0,25700000.0,-17500000.0,0.0,0.132,46300000.0,2200000.0,474800000.0,0.174,0.973,3.643,3.629,257000000.0,0.0,63.4,0.653,0.653,483100000.0,569800000.0,194600000.0,194600000.0,0.0,,,,,0.0,46400000.0,1.0,8394245.0,8395000.0,8416000.0,23.18,1699000000.0,21800000.0,2100000.0,3400000.0,202.382,488400000.0
40,NC,MRQ,2011-06-30,2011-06-30,2011-06-30,2021-08-25,-40500000.0,1754400000.0,,1311400000.0,443000000.0,,64.399,-9600000.0,301500000.0,301500000.0,673100000.0,19100000.0,1.823,2.245,398100000.0,97300000.0,300800000.0,398100000.0,10500000.0,11400000.0,0.0,0.022,0.532,32500000.0,43900000.0,0.054,43900000.0,32500000.0,26400000.0,2.29,2.28,2.29,540500000.0,,540500000.0,957818199.0,5.0,4.765,55100000.0,6.565,1.0,137900000.0,0.17,59100000.0,6100000.0,1072400000.0,,491200000.0,0.0,0.0,0.0,1213200000.0,719500000.0,493700000.0,812618199.0,51700000.0,0.0,0.0,600000.0,-4500000.0,-3800000.0,-10000000.0,0.0,64700000.0,800000.0,19200000.0,19200000.0,19200000.0,0.0,-100000.0,0.024,116300000.0,21600000.0,414000000.0,0.232,1.503,6.069,6.04,270900000.0,0.0,96.82,0.632,0.632,437600000.0,548500000.0,811000000.0,811000000.0,0.0,,,,,0.0,116400000.0,1.0,8393082.0,8393000.0,8407000.0,96.628,1695300000.0,20000000.0,7200000.0,7700000.0,201.99,591900000.0
41,NC,MRQ,2011-03-31,2011-03-31,2011-03-31,2021-08-25,-49700000.0,1727200000.0,,1283400000.0,443800000.0,,61.688,-6200000.0,249800000.0,249800000.0,608900000.0,62800000.0,1.939,2.346,395000000.0,41000000.0,354000000.0,395000000.0,12600000.0,11500000.0,0.0,0.019,0.522,93200000.0,104700000.0,0.14,104700000.0,93200000.0,87000000.0,7.51,7.48,7.51,515900000.0,,515900000.0,1058346956.0,6.0,5.453,-15000000.0,-1.794,1.0,136600000.0,0.183,59600000.0,6200000.0,1150900000.0,,485200000.0,0.0,0.0,0.0,1210500000.0,661900000.0,548600000.0,928746956.0,-12100000.0,0.0,0.0,3500000.0,-4400000.0,-1000000.0,-5800000.0,0.0,-8800000.0,3500000.0,62800000.0,62800000.0,62800000.0,0.0,0.0,0.084,113400000.0,23200000.0,422800000.0,0.07,1.8,7.111,7.072,268200000.0,0.0,110.67,0.865,0.862,465700000.0,533800000.0,745500000.0,745500000.0,0.0,,,,,0.0,113400000.0,1.0,8392039.0,8363000.0,8399000.0,89.143,1667600000.0,19800000.0,24200000.0,7500000.0,199.402,621500000.0
42,NC,MRQ,2010-12-31,2010-12-31,2010-12-31,2021-08-25,-59000000.0,1658300000.0,,1214200000.0,444100000.0,,53.693,1600000.0,261900000.0,261900000.0,-823200000.0,38600000.0,1.83,2.705,391500000.0,36200000.0,355300000.0,391500000.0,11200000.0,-20300000.0,0.0,0.019,0.522,33700000.0,13400000.0,-0.014,13400000.0,33700000.0,43600000.0,4.61,4.6,4.61,447400000.0,,447400000.0,1078095626.0,10.0,8.68,60300000.0,7.237,1.0,-112500000.0,0.12,60000000.0,-9900000.0,1064400000.0,,447400000.0,0.0,0.0,0.0,1210100000.0,663500000.0,546600000.0,902995626.0,46000000.0,0.0,0.0,16600000.0,-4400000.0,-4200000.0,-6900000.0,0.0,58700000.0,-1600000.0,38400000.0,38400000.0,38400000.0,-32400000.0,200000.0,-0.041,-111000000.0,-1500000.0,414500000.0,0.113,2.018,11.358,11.348,270400000.0,0.0,108.37,1.02,1.02,425900000.0,475400000.0,-935700000.0,-935700000.0,0.0,,,,,0.0,-108000000.0,1.0,8332524.0,8332524.0,,-112.295,1598300000.0,27100000.0,5200000.0,0.0,191.815,550700000.0
43,NC,MRQ,2010-09-30,2010-09-30,2010-09-30,2021-08-25,-58500000.0,1617400000.0,,1172300000.0,445100000.0,,49.124,8700000.0,215900000.0,215900000.0,534800000.0,13300000.0,1.841,2.951,391000000.0,27500000.0,363500000.0,391000000.0,11700000.0,12400000.0,0.0,0.024,0.522,26600000.0,39000000.0,0.059,39000000.0,26600000.0,19600000.0,1.62,1.62,1.62,409300000.0,,409300000.0,873000971.0,7.0,4.711,-26300000.0,-3.157,1.0,130100000.0,0.196,60600000.0,7000000.0,1095000000.0,,454300000.0,0.0,0.0,0.0,1207800000.0,636900000.0,570900000.0,728100971.0,-54100000.0,0.0,0.0,-26500000.0,-4300000.0,-31400000.0,8400000.0,0.0,-35000000.0,3900000.0,13500000.0,13500000.0,13500000.0,0.0,-200000.0,0.02,109300000.0,20800000.0,415200000.0,0.322,1.779,8.709,8.678,274300000.0,0.0,87.39,0.29,0.29,411400000.0,441400000.0,664900000.0,664900000.0,0.0,,,,,0.0,105200000.0,1.0,8331628.0,8332000.0,8346000.0,79.801,1556800000.0,33500000.0,6100000.0,0.0,186.846,535400000.0
44,NC,MRQ,2010-06-30,2010-06-30,2010-06-30,2021-08-25,-71200000.0,1482200000.0,,1016700000.0,465500000.0,,46.429,-1500000.0,270000000.0,270000000.0,475700000.0,16000000.0,1.945,2.831,414900000.0,47200000.0,367700000.0,414900000.0,10200000.0,13300000.0,0.0,0.023,0.522,23700000.0,37000000.0,0.062,37000000.0,23700000.0,16800000.0,1.91,1.91,1.91,386800000.0,,386800000.0,922431601.0,8.0,5.439,53400000.0,6.41,1.0,123100000.0,0.206,61400000.0,6900000.0,1042900000.0,,335900000.0,0.0,0.0,0.0,1094900000.0,522800000.0,572100000.0,739431601.0,36700000.0,0.0,0.0,-2700000.0,-4400000.0,-9900000.0,-2200000.0,0.0,54900000.0,-6100000.0,15900000.0,15900000.0,15900000.0,0.0,100000.0,0.027,105300000.0,17800000.0,305700000.0,0.273,1.912,11.17,11.123,277000000.0,0.0,88.76,0.312,0.312,314900000.0,432200000.0,598800000.0,598800000.0,0.0,,,,,0.0,104800000.0,1.0,8330685.0,8331000.0,8338000.0,71.876,1420800000.0,35600000.0,900000.0,0.0,170.544,493900000.0
45,NC,MRQ,2010-03-31,2010-03-31,2010-03-31,2021-08-25,-57600000.0,1450100000.0,,968300000.0,481800000.0,,46.641,-4700000.0,233300000.0,233300000.0,451900000.0,11600000.0,2.047,2.735,416300000.0,43900000.0,372400000.0,416300000.0,11900000.0,12900000.0,0.0,0.028,0.517,21900000.0,34800000.0,0.062,34800000.0,21900000.0,15100000.0,1.41,1.4,1.41,388100000.0,,388100000.0,770918262.0,7.0,4.836,-20200000.0,-2.428,1.0,105700000.0,0.19,62800000.0,6800000.0,1097300000.0,,330100000.0,0.0,0.0,0.0,1061600000.0,473000000.0,588600000.0,617618262.0,-22900000.0,0.0,0.0,6500000.0,-4300000.0,2200000.0,-5100000.0,0.0,-15500000.0,-4500000.0,11700000.0,11700000.0,11700000.0,0.0,-100000.0,0.021,92000000.0,13700000.0,268700000.0,0.367,1.591,11.9,11.845,288300000.0,0.0,74.15,0.267,0.267,317300000.0,420700000.0,557600000.0,557600000.0,0.0,,,,,0.0,93900000.0,1.0,8329309.0,8321000.0,8331000.0,67.011,1387300000.0,34600000.0,3400000.0,0.0,166.723,495300000.0
46,NC,MRQ,2009-12-31,2009-12-31,2009-12-31,2021-08-25,-41100000.0,1488700000.0,,990900000.0,497800000.0,,47.827,-2300000.0,256200000.0,256200000.0,552300000.0,42700000.0,2.067,2.752,31900000.0,31900000.0,0.0,31900000.0,12500000.0,14900000.0,0.0,0.042,0.517,59600000.0,74500000.0,0.108,74500000.0,59600000.0,51700000.0,5.13,5.13,5.13,396600000.0,,396600000.0,676960175.0,8.0,4.927,78300000.0,9.442,1.0,135300000.0,0.197,63500000.0,7900000.0,721600000.0,,336700000.0,0.0,0.0,0.0,1091600000.0,479300000.0,612300000.0,412960175.0,68800000.0,0.0,0.0,-40500000.0,-4200000.0,-45700000.0,37200000.0,0.0,80600000.0,-3300000.0,42500000.0,42500000.0,42500000.0,-21900000.0,200000.0,0.062,105700000.0,29600000.0,271700000.0,0.101,1.041,13.278,13.28,303200000.0,0.0,49.8,0.179,0.179,315000000.0,413300000.0,687600000.0,687600000.0,0.0,,,,,0.0,107400000.0,1.0,8292373.0,8292373.0,,82.92,1425200000.0,35200000.0,9200000.0,0.0,171.869,511600000.0
47,NC,MRQ,2009-09-30,2009-09-30,2009-09-30,2021-08-25,-28800000.0,1517600000.0,,969100000.0,548500000.0,,44.518,-7000000.0,187600000.0,187600000.0,433700000.0,-4000000.0,1.786,3.111,451600000.0,70900000.0,380700000.0,451600000.0,12900000.0,13200000.0,0.0,0.034,0.517,10100000.0,23300000.0,0.044,23300000.0,10100000.0,1800000.0,-0.47,-0.47,-0.47,369100000.0,,369100000.0,782527575.0,-2.0,-2.295,27500000.0,3.317,1.0,94100000.0,0.178,64400000.0,8300000.0,1174700000.0,,393800000.0,0.0,0.0,0.0,1148200000.0,542500000.0,605700000.0,498027575.0,8800000.0,0.0,0.0,-13900000.0,-4300000.0,-18000000.0,-9100000.0,0.0,34500000.0,1400000.0,-3900000.0,-3900000.0,-3900000.0,-400000.0,-100000.0,-0.007,95600000.0,-1500000.0,279600000.0,-1.1,1.349,-1.133,-1.132,340300000.0,0.0,60.07,0.195,0.195,313600000.0,375000000.0,527800000.0,527800000.0,0.0,,,,,0.0,94600000.0,1.0,8290787.0,8291000.0,8291000.0,63.659,1453200000.0,51600000.0,5700000.0,0.0,175.274,426600000.0
48,NC,MRQ,2009-06-30,2009-06-30,2009-06-30,2021-08-25,-34100000.0,1469500000.0,,925000000.0,544500000.0,,44.855,600000.0,178800000.0,178800000.0,447700000.0,1400000.0,1.902,2.951,463300000.0,81700000.0,381600000.0,463300000.0,12500000.0,12400000.0,0.0,0.072,0.517,14400000.0,26800000.0,0.05,26800000.0,14400000.0,6600000.0,0.19,0.19,0.19,371800000.0,,371800000.0,577547788.0,-1.0,-1.683,63500000.0,7.661,1.0,92800000.0,0.172,65200000.0,7800000.0,1202500000.0,,377500000.0,0.0,0.0,0.0,1097300000.0,486300000.0,611000000.0,238047788.0,23000000.0,0.0,0.0,-39200000.0,-4300000.0,-43500000.0,-100000.0,0.0,62900000.0,3700000.0,1600000.0,1600000.0,1600000.0,-300000.0,-200000.0,0.003,89300000.0,3500000.0,216500000.0,2.721,0.64,-0.525,-0.525,345200000.0,0.0,28.72,0.081,0.081,284700000.0,383200000.0,540500000.0,540500000.0,0.0,,,,,0.0,88300000.0,1.0,8288572.0,8289000.0,8294000.0,65.207,1404300000.0,48300000.0,5000000.0,0.0,169.417,438700000.0
49,NC,MRQ,2009-03-31,2009-03-31,2009-03-31,2021-08-25,-68100000.0,1550000000.0,,1001800000.0,548200000.0,,41.113,-4100000.0,155800000.0,155800000.0,468800000.0,-9100000.0,1.721,3.549,495300000.0,114700000.0,380600000.0,495300000.0,17900000.0,13100000.0,0.0,0.076,0.515,-300000.0,12800000.0,0.023,12800000.0,-300000.0,-8500000.0,-1.1,-1.1,-1.1,340700000.0,,340700000.0,536410164.0,-1.0,-1.573,-25100000.0,-3.029,1.0,85900000.0,0.155,65900000.0,8200000.0,1241400000.0,,452500000.0,0.0,0.0,0.0,1209100000.0,582200000.0,626900000.0,225210164.0,17400000.0,0.0,0.0,47700000.0,-4300000.0,43100000.0,-4900000.0,0.0,-21000000.0,200000.0,-9100000.0,-9100000.0,-9100000.0,0.0,0.0,-0.016,97000000.0,-11100000.0,265700000.0,-0.468,0.661,-0.498,-0.498,346500000.0,0.0,27.18,0.067,0.067,294900000.0,385900000.0,554700000.0,554700000.0,0.0,,,,,0.0,98000000.0,1.0,8285878.0,8287000.0,8287000.0,66.936,1484100000.0,56900000.0,600000.0,0.0,179.088,419600000.0
50,NC,MRQ,2008-12-31,2008-12-31,2008-12-31,2021-08-25,-65300000.0,1687900000.0,,1141200000.0,546700000.0,,43.061,-11900000.0,138200000.0,138200000.0,801300000.0,-428300000.0,1.69,3.731,449100000.0,48800000.0,400300000.0,449100000.0,17700000.0,13000000.0,0.0,0.055,0.515,-416900000.0,-403900000.0,-0.432,-403900000.0,-416900000.0,-425900000.0,-51.7,-51.7,-51.7,356700000.0,,356700000.0,654686334.0,-2.0,-2.05,38000000.0,4.587,1.0,132900000.0,0.142,66400000.0,9000000.0,1257100000.0,,479000000.0,0.0,0.0,0.0,1331000000.0,675300000.0,655700000.0,309886334.0,-33100000.0,0.0,0.0,-68600000.0,-4300000.0,-73100000.0,-14800000.0,0.0,49900000.0,4900000.0,-428200000.0,-428200000.0,-428200000.0,0.0,-100000.0,-0.458,564300000.0,-431400000.0,375900000.0,-0.01,0.869,-0.708,-0.708,349200000.0,0.0,37.41,0.085,0.085,418100000.0,399300000.0,934200000.0,934200000.0,0.0,,,,,0.0,122200000.0,1.0,8283516.0,8283516.0,,112.778,1621500000.0,59500000.0,2300000.0,0.0,195.75,465900000.0
51,NC,MRQ,2008-09-30,2008-09-30,2008-09-30,2021-08-25,8000000.0,2337000000.0,,1338600000.0,998400000.0,,103.924,-17300000.0,171500000.0,171500000.0,813800000.0,-17100000.0,1.58,1.715,516300000.0,106500000.0,409800000.0,516300000.0,21800000.0,15400000.0,0.0,0.021,0.515,5800000.0,21200000.0,0.023,21200000.0,5800000.0,-4100000.0,-2.09,-2.09,-2.09,860800000.0,,860800000.0,1112675416.0,9.0,6.279,-10900000.0,-1.316,1.0,104000000.0,0.113,507900000.0,9900000.0,1326600000.0,,595200000.0,0.0,0.0,0.0,1475900000.0,847300000.0,628600000.0,782875416.0,-16000000.0,0.0,0.0,400000.0,-4200000.0,-3900000.0,-18400000.0,0.0,6400000.0,-100000.0,-17300000.0,-17300000.0,-17300000.0,0.0,200000.0,-0.019,110600000.0,-6600000.0,500300000.0,-0.246,0.909,18.039,17.97,381400000.0,0.0,94.52,0.205,0.205,462900000.0,829600000.0,917800000.0,917800000.0,0.0,,,,,0.0,109200000.0,1.0,8282643.0,8283000.0,8283000.0,110.805,1829100000.0,57100000.0,13200000.0,13300000.0,220.826,491300000.0
52,NC,MRQ,2008-06-30,2008-06-30,2008-06-30,2021-08-25,36100000.0,2367800000.0,,1358900000.0,1008900000.0,,109.949,-20900000.0,187500000.0,187500000.0,826200000.0,2400000.0,1.665,1.6,517300000.0,101600000.0,415700000.0,517300000.0,19600000.0,15100000.0,0.0,0.027,0.515,13700000.0,28800000.0,0.03,28800000.0,13700000.0,3000000.0,0.28,0.28,0.28,910600000.0,,910600000.0,948738224.0,6.0,4.524,13200000.0,1.594,1.0,121900000.0,0.129,514600000.0,10700000.0,1366600000.0,,572500000.0,0.0,0.0,0.0,1457100000.0,816400000.0,640700000.0,615738224.0,-34500000.0,0.0,0.0,-42500000.0,-4300000.0,-46800000.0,-22000000.0,0.0,34100000.0,200000.0,2300000.0,2300000.0,2300000.0,0.0,100000.0,0.002,120500000.0,1400000.0,460700000.0,1.839,0.676,7.527,7.51,385300000.0,0.0,74.35,0.163,0.163,474600000.0,851200000.0,948100000.0,948100000.0,0.0,,,,,0.0,119700000.0,1.0,8281617.0,8282000.0,8288000.0,114.477,1853200000.0,73300000.0,700000.0,10800000.0,223.762,542500000.0
53,NC,MRQ,2008-03-31,2008-03-31,2008-03-31,2021-08-25,21600000.0,2427500000.0,,1428700000.0,998800000.0,,108.471,-16200000.0,222300000.0,222300000.0,732700000.0,5600000.0,1.634,1.704,555300000.0,136200000.0,419100000.0,555300000.0,16700000.0,15400000.0,0.0,0.025,0.5,19100000.0,34500000.0,0.04,34500000.0,19100000.0,8100000.0,0.68,0.68,0.68,897600000.0,,897600000.0,895433868.0,6.0,4.125,-101700000.0,-12.29,1.0,132300000.0,0.153,514500000.0,11000000.0,1371900000.0,,613400000.0,0.0,0.0,0.0,1529900000.0,874100000.0,655800000.0,670233868.0,-59400000.0,0.0,0.0,44700000.0,-4100000.0,40600000.0,-16200000.0,0.0,-85500000.0,1700000.0,5600000.0,5600000.0,5600000.0,0.0,0.0,0.006,124600000.0,7700000.0,498900000.0,0.735,0.747,7.497,7.481,378300000.0,0.0,80.94,0.184,0.183,476000000.0,853100000.0,865000000.0,865000000.0,0.0,,,,,0.0,124200000.0,1.0,8280626.0,8275000.0,8282000.0,104.532,1913000000.0,65900000.0,2500000.0,7300000.0,231.178,554600000.0
54,NC,MRQ,2007-12-31,2007-12-31,2007-12-31,2021-08-25,14100000.0,2427300000.0,,1433900000.0,993400000.0,,107.818,-23000000.0,281200000.0,281200000.0,890000000.0,52700000.0,1.675,1.723,506600000.0,67100000.0,439500000.0,506600000.0,18400000.0,13300000.0,0.0,0.02,0.5,79400000.0,92700000.0,0.086,92700000.0,79400000.0,67800000.0,6.39,6.38,6.39,891400000.0,,891400000.0,1404004122.0,9.0,6.549,94300000.0,11.406,1.0,190000000.0,0.176,512900000.0,11600000.0,1283500000.0,,550400000.0,0.0,0.0,0.0,1535900000.0,856300000.0,679600000.0,824204122.0,41100000.0,1000000.0,0.0,-45900000.0,-4200000.0,-50200000.0,-25000000.0,0.0,117300000.0,-1000000.0,52800000.0,52800000.0,52800000.0,0.0,-100000.0,0.049,127000000.0,63000000.0,505000000.0,0.078,0.925,9.117,9.112,374200000.0,0.0,99.69,0.23,0.23,512500000.0,854900000.0,1080000000.0,1080000000.0,0.0,,,,,0.0,126600000.0,1.0,8267671.0,8267671.0,,130.629,1914400000.0,69100000.0,15000000.0,0.0,231.553,577600000.0
55,NC,MRQ,2007-09-30,2007-09-30,2007-09-30,2021-08-25,2800000.0,2351500000.0,,1365800000.0,985700000.0,,100.786,-10200000.0,240100000.0,240100000.0,724600000.0,21100000.0,1.709,1.822,819900000.0,101000000.0,718900000.0,819900000.0,0.0,15900000.0,0.0,0.019,0.5,37800000.0,53700000.0,0.061,53700000.0,37800000.0,26500000.0,2.55,2.55,2.55,833200000.0,,833200000.0,1420966159.0,8.0,6.073,-19100000.0,-2.31,1.0,150600000.0,0.172,513000000.0,11300000.0,1618900000.0,,580600000.0,0.0,0.0,0.0,1518300000.0,799400000.0,718900000.0,855466159.0,-13700000.0,4400000.0,0.0,5300000.0,-4100000.0,1400000.0,-5900000.0,0.0,-8900000.0,-300000.0,21100000.0,21100000.0,21100000.0,0.0,0.0,0.024,126400000.0,24200000.0,463500000.0,0.196,1.027,7.906,7.887,361500000.0,0.0,103.48,0.245,0.245,465800000.0,808100000.0,875200000.0,875200000.0,0.0,,,,,0.0,122900000.0,1.0,8266971.0,8267000.0,8274000.0,105.867,1838500000.0,0.0,5400000.0,0.0,222.39,566400000.0
56,NC,MRQ,2007-06-30,2007-06-30,2007-06-30,2021-08-25,-5000000.0,2232100000.0,,1232100000.0,1000000000.0,,97.726,-12100000.0,253800000.0,253800000.0,701500000.0,9900000.0,1.772,1.763,819300000.0,90500000.0,728800000.0,819300000.0,0.0,14800000.0,0.0,0.012,0.5,21400000.0,36200000.0,0.044,36200000.0,21400000.0,11600000.0,1.2,1.2,1.2,807900000.0,,807900000.0,1872548134.0,11.0,8.124,29800000.0,3.605,1.0,129400000.0,0.156,512300000.0,9800000.0,1589900000.0,,510600000.0,0.0,0.0,0.0,1424200000.0,695400000.0,728800000.0,1285348134.0,136600000.0,300000.0,0.0,112800000.0,-4100000.0,106100000.0,-11800000.0,0.0,41900000.0,400000.0,9900000.0,9900000.0,9900000.0,0.0,0.0,0.012,120800000.0,8600000.0,390900000.0,0.417,1.591,12.137,12.1,371500000.0,0.0,155.49,0.376,0.376,390500000.0,791100000.0,830900000.0,830900000.0,0.0,,,,,0.0,119800000.0,1.0,8266436.0,8267000.0,8270000.0,100.508,1719800000.0,0.0,1700000.0,0.0,208.032,536700000.0
57,NC,MRQ,2007-03-31,2007-03-31,2007-03-31,2021-08-25,-15200000.0,2088000000.0,,1085700000.0,1002300000.0,,95.904,-17200000.0,117200000.0,117200000.0,672900000.0,6600000.0,1.661,1.638,704400000.0,61500000.0,642900000.0,704400000.0,0.0,15000000.0,0.0,0.014,0.48,16800000.0,31800000.0,0.04,31800000.0,16800000.0,8800000.0,0.8,0.8,0.8,791400000.0,,791400000.0,1604083030.0,10.0,7.057,-86100000.0,-10.434,1.0,131000000.0,0.163,511900000.0,8000000.0,1509600000.0,,499300000.0,0.0,0.0,0.0,1296600000.0,653700000.0,642900000.0,1131983030.0,-79500000.0,0.0,0.0,11100000.0,-4000000.0,7100000.0,-17200000.0,0.0,-68900000.0,-500000.0,6600000.0,6600000.0,6600000.0,0.0,0.0,0.008,125300000.0,5700000.0,391400000.0,0.6,1.43,11.241,11.245,372100000.0,0.0,137.41,0.335,0.335,394100000.0,785300000.0,803900000.0,803900000.0,0.0,,,,,0.0,122900000.0,1.0,8237996.0,8252000.0,8267000.0,97.419,1576100000.0,0.0,2200000.0,0.0,190.996,432000000.0
58,NC,MRQ,2006-12-31,2006-12-31,2006-12-31,2021-08-25,-20200000.0,2156300000.0,,1153800000.0,1002500000.0,,96.281,1400000.0,196700000.0,196700000.0,800800000.0,70600000.0,1.536,1.719,416500000.0,56600000.0,359900000.0,416500000.0,20500000.0,16800000.0,0.0,0.014,0.48,95500000.0,112300000.0,0.115,112300000.0,95500000.0,85900000.0,8.57,8.57,8.57,793100000.0,,793100000.0,1755024605.0,10.0,7.328,145600000.0,17.676,1.0,177800000.0,0.182,512000000.0,9600000.0,1113100000.0,,484900000.0,0.0,0.0,0.0,1363200000.0,751000000.0,612200000.0,1125224605.0,91100000.0,0.0,0.0,-50300000.0,-4000000.0,-54500000.0,1400000.0,0.0,144200000.0,0.0,70600000.0,70600000.0,70600000.0,0.0,0.0,0.072,103300000.0,74500000.0,432100000.0,0.056,1.419,10.536,10.532,371400000.0,0.0,136.6,0.336,0.336,401500000.0,792500000.0,978600000.0,978600000.0,0.0,,,,,0.0,123800000.0,1.0,8237369.0,8237369.0,,118.8,1644300000.0,73400000.0,15300000.0,0.0,199.615,402800000.0
59,NC,MRQ,2006-09-30,2006-09-30,2006-09-30,2021-08-25,-25300000.0,2116500000.0,,1118600000.0,997900000.0,,87.374,-10600000.0,105600000.0,105600000.0,669200000.0,18800000.0,1.498,1.941,735400000.0,85600000.0,649800000.0,735400000.0,0.0,16000000.0,0.0,0.014,0.48,34200000.0,50200000.0,0.063,50200000.0,34200000.0,26300000.0,2.28,2.28,2.28,719700000.0,,719700000.0,1731444868.0,13.0,8.834,1400000.0,0.17,1.0,133900000.0,0.167,509600000.0,7900000.0,1489800000.0,,523000000.0,0.0,0.0,0.0,1396800000.0,746900000.0,649900000.0,1119444868.0,-6400000.0,-14700000.0,0.0,8600000.0,-3900000.0,4600000.0,-23800000.0,0.0,12000000.0,800000.0,18800000.0,18800000.0,18800000.0,0.0,0.0,0.023,111700000.0,22200000.0,425400000.0,0.211,1.555,16.318,16.316,360500000.0,0.0,135.91,0.342,0.342,406100000.0,726500000.0,803100000.0,803100000.0,0.0,,,,,0.0,112100000.0,1.0,8236663.0,8237000.0,8246000.0,97.499,1606900000.0,30100000.0,7500000.0,0.0,195.083,371700000.0
60,NC,MRQ,2006-06-30,2006-06-30,2006-06-30,2021-08-25,-23900000.0,2020200000.0,,1010800000.0,1009400000.0,,85.661,-1100000.0,112000000.0,112000000.0,666800000.0,4700000.0,1.519,1.864,724000000.0,75000000.0,649000000.0,724000000.0,0.0,15100000.0,0.0,0.014,0.48,17900000.0,33000000.0,0.041,33000000.0,17900000.0,7100000.0,0.57,0.57,0.57,705500000.0,,705500000.0,1751298866.0,14.0,9.198,29200000.0,3.545,1.0,130100000.0,0.163,509700000.0,10800000.0,1457000000.0,,456800000.0,0.0,0.0,0.0,1314700000.0,665500000.0,649200000.0,1131698866.0,-16800000.0,1200000.0,0.0,-40000000.0,-4000000.0,-44400000.0,300000.0,0.0,30300000.0,-3000000.0,4700000.0,4700000.0,4700000.0,0.0,0.0,0.006,105400000.0,24700000.0,367300000.0,0.842,1.604,17.85,17.845,364500000.0,0.0,137.41,0.352,0.352,355900000.0,711600000.0,796900000.0,796900000.0,0.0,,,,,0.0,105400000.0,1.0,8235928.0,8236000.0,8240000.0,96.758,1510500000.0,29400000.0,2400000.0,0.0,183.402,345300000.0
61,NC,MRQ,2006-03-31,2006-03-31,2006-03-31,2021-08-25,-35000000.0,2036100000.0,,1030400000.0,1005700000.0,,84.19,-16500000.0,128800000.0,128800000.0,649000000.0,12700000.0,1.508,1.939,748400000.0,88700000.0,659700000.0,748400000.0,0.0,14800000.0,0.0,0.012,0.465,29200000.0,44000000.0,0.057,44000000.0,29200000.0,15700000.0,1.54,1.54,1.54,692800000.0,,692800000.0,1847042241.0,13.0,9.249,-29500000.0,-3.585,1.0,121400000.0,0.158,509200000.0,13500000.0,1463100000.0,,461800000.0,0.0,0.0,0.0,1343300000.0,683400000.0,659900000.0,1266542241.0,-37700000.0,3300000.0,0.0,-4000000.0,-3800000.0,-11500000.0,-13200000.0,0.0,-13000000.0,0.0,12700000.0,12700000.0,12700000.0,0.0,0.0,0.016,105200000.0,16200000.0,377500000.0,0.302,1.828,18.093,18.113,362400000.0,0.0,153.96,0.396,0.396,342000000.0,710900000.0,770400000.0,770400000.0,0.0,,,,,0.0,109100000.0,1.0,8226437.0,8229000.0,8232000.0,93.62,1526900000.0,35800000.0,3000000.0,0.0,185.551,347000000.0
62,NC,MRQ,2005-12-31,2005-12-31,2005-12-31,2021-08-25,-41700000.0,2094000000.0,,1073700000.0,1020300000.0,,85.502,-16500000.0,166500000.0,166500000.0,750000000.0,32400000.0,1.524,1.977,747000000.0,61000000.0,686000000.0,747000000.0,0.0,16800000.0,0.0,0.016,0.465,52000000.0,68800000.0,0.076,68800000.0,52000000.0,40000000.0,3.94,3.94,3.94,703300000.0,,703300000.0,1640225994.0,13.0,8.785,108000000.0,13.13,1.0,156800000.0,0.173,510100000.0,12000000.0,1459700000.0,,449200000.0,0.0,0.0,0.0,1390700000.0,704700000.0,686000000.0,963625994.0,81500000.0,0.0,0.0,-23800000.0,-3900000.0,-28200000.0,-15600000.0,0.0,124500000.0,800000.0,32400000.0,32400000.0,32400000.0,0.0,0.0,0.036,121300000.0,35500000.0,394300000.0,0.118,1.37,15.418,15.414,399400000.0,0.0,117.15,0.305,0.305,366000000.0,729600000.0,906800000.0,906800000.0,0.0,,,,,0.0,118700000.0,1.0,8225574.0,8225574.0,,110.242,1583900000.0,0.0,7600000.0,0.0,192.558,369000000.0
63,NC,MRQ,2005-09-30,2005-09-30,2005-09-30,2021-08-25,-29000000.0,2066100000.0,,1041900000.0,1024200000.0,,83.562,-16600000.0,85000000.0,85000000.0,623200000.0,13600000.0,1.491,2.006,761600000.0,81800000.0,679800000.0,761600000.0,0.0,15500000.0,0.0,0.016,0.465,29100000.0,44600000.0,0.06,44600000.0,29100000.0,16900000.0,1.65,1.65,1.65,687300000.0,,687300000.0,1583917373.0,13.0,8.627,-19800000.0,-2.407,1.0,121100000.0,0.163,511900000.0,12200000.0,1531800000.0,,522900000.0,0.0,0.0,0.0,1378800000.0,699000000.0,679800000.0,941317373.0,1600000.0,0.0,0.0,25800000.0,-3800000.0,21900000.0,-17600000.0,0.0,-3200000.0,500000.0,13600000.0,13600000.0,13600000.0,0.0,0.0,0.018,102500000.0,18600000.0,383000000.0,0.282,1.37,15.013,15.02,409600000.0,0.0,114.45,0.303,0.303,351400000.0,701100000.0,744300000.0,744300000.0,0.0,,,,,0.0,102500000.0,1.0,8224704.0,8225000.0,8225000.0,90.492,1554200000.0,37800000.0,3300000.0,0.0,188.96,342900000.0
64,NC,MRQ,2005-06-30,2005-06-30,2005-06-30,2021-08-25,-28900000.0,2002800000.0,,979600000.0,1023200000.0,,82.381,-14400000.0,83400000.0,83400000.0,653800000.0,11300000.0,1.512,1.956,726000000.0,48400000.0,677600000.0,726000000.0,0.0,15200000.0,0.0,0.017,0.465,27100000.0,42300000.0,0.054,42300000.0,27100000.0,15400000.0,1.37,1.37,1.37,677500000.0,,677500000.0,1502280389.0,12.0,8.191,-26800000.0,-3.259,1.0,124700000.0,0.16,512100000.0,11700000.0,1485600000.0,,477300000.0,0.0,0.0,0.0,1325300000.0,647700000.0,677600000.0,881780389.0,-29400000.0,3900000.0,0.0,-2100000.0,-3800000.0,-6200000.0,-10500000.0,0.0,-12400000.0,-300000.0,11300000.0,11300000.0,11300000.0,0.0,0.0,0.015,106900000.0,17800000.0,383700000.0,0.339,1.302,14.108,14.108,404500000.0,0.0,107.22,0.291,0.291,343800000.0,691300000.0,778500000.0,778500000.0,0.0,,,,,0.0,109100000.0,1.0,8224029.0,8224000.0,8224000.0,94.662,1490700000.0,33300000.0,4100000.0,0.0,181.262,331900000.0
65,NC,MRQ,2005-03-31,2005-03-31,2005-03-31,2021-08-25,-16700000.0,2043500000.0,,1009600000.0,1033900000.0,,82.991,-12600000.0,112800000.0,112800000.0,617200000.0,5200000.0,1.488,1.996,733300000.0,50400000.0,682900000.0,733300000.0,0.0,16100000.0,0.0,0.017,0.453,14900000.0,31000000.0,0.043,31000000.0,14900000.0,3300000.0,0.63,0.63,0.63,682100000.0,,682100000.0,1408687483.0,13.0,8.157,-46300000.0,-5.633,1.0,110600000.0,0.152,514600000.0,11600000.0,1470900000.0,,483600000.0,0.0,0.0,0.0,1361400000.0,678500000.0,682900000.0,838287483.0,-37600000.0,0.0,0.0,15200000.0,-3700000.0,10700000.0,-12600000.0,0.0,-33700000.0,-2000000.0,5200000.0,5200000.0,5200000.0,0.0,0.0,0.007,106800000.0,3800000.0,409900000.0,0.719,1.229,14.554,14.542,408100000.0,0.0,101.94,0.289,0.289,333900000.0,683800000.0,727800000.0,727800000.0,0.0,,,,,0.0,106800000.0,1.0,8223342.0,8219000.0,8221000.0,88.551,1528900000.0,33200000.0,-1900000.0,0.0,186.02,331100000.0
66,NC,MRQ,2004-12-31,2004-12-31,2004-12-31,2021-08-25,-8500000.0,2038600000.0,,996800000.0,1041800000.0,,83.762,-9500000.0,150400000.0,150400000.0,701200000.0,32600000.0,1.483,1.963,720800000.0,42300000.0,678500000.0,720800000.0,0.0,15500000.0,0.0,0.016,0.453,50200000.0,65700000.0,0.077,65700000.0,50200000.0,38600000.0,3.97,3.97,3.97,688000000.0,,688000000.0,1556526826.0,15.0,9.52,144600000.0,17.605,1.0,154900000.0,0.181,516300000.0,11600000.0,1420700000.0,,426000000.0,0.0,0.0,0.0,1350600000.0,672000000.0,678600000.0,865726826.0,118200000.0,0.0,0.0,-24800000.0,-3800000.0,-29000000.0,-8800000.0,0.0,154100000.0,1900000.0,32600000.0,32600000.0,32600000.0,0.0,0.0,0.038,114400000.0,40500000.0,399800000.0,0.114,1.258,18.074,18.079,415800000.0,0.0,105.4,0.311,0.311,351500000.0,682300000.0,856100000.0,856100000.0,0.0,,,,,0.0,113500000.0,1.0,8213727.0,8213727.0,,104.228,1522300000.0,33000000.0,6000000.0,0.0,185.336,324800000.0
67,NC,MRQ,2004-09-30,2004-09-30,2004-09-30,2021-08-25,-23300000.0,1909600000.0,,904600000.0,1005000000.0,,78.424,-12200000.0,32200000.0,32200000.0,555800000.0,13400000.0,1.44,1.965,723000000.0,85700000.0,637300000.0,723000000.0,0.0,15600000.0,0.0,0.019,0.453,28800000.0,44400000.0,0.066,44400000.0,28800000.0,17100000.0,1.63,1.63,1.63,644100000.0,,644100000.0,1353340818.0,13.0,8.143,-41400000.0,-5.041,1.0,112200000.0,0.168,513100000.0,11700000.0,1459100000.0,,448700000.0,0.0,0.0,0.0,1265500000.0,628200000.0,637300000.0,707540818.0,-12600000.0,0.0,0.0,29300000.0,-3700000.0,25500000.0,-10300000.0,0.0,-29200000.0,1400000.0,13400000.0,13400000.0,13400000.0,0.0,0.0,0.02,99800000.0,12400000.0,327900000.0,0.278,1.098,16.57,16.567,399200000.0,0.0,86.15,0.263,0.263,330000000.0,653500000.0,668000000.0,668000000.0,0.0,,,,,0.0,100100000.0,1.0,8212894.0,8213000.0,8213000.0,81.334,1396500000.0,38300000.0,3700000.0,0.0,170.035,276400000.0
68,NC,MRQ,2004-06-30,2004-06-30,2004-06-30,2021-08-25,-27700000.0,1857100000.0,,845600000.0,1011500000.0,,76.717,-14300000.0,44800000.0,44800000.0,538100000.0,6400000.0,1.441,1.948,690600000.0,50500000.0,640100000.0,690600000.0,0.0,15700000.0,0.0,0.016,0.39,15900000.0,31600000.0,0.049,31600000.0,15900000.0,3900000.0,0.78,0.78,0.78,630000000.0,,630000000.0,1400150355.0,14.0,8.6,-26100000.0,-3.178,1.0,106200000.0,0.165,513100000.0,12000000.0,1402900000.0,,412700000.0,0.0,0.0,0.0,1227100000.0,586900000.0,640200000.0,780150355.0,-5100000.0,0.0,0.0,25900000.0,-3200000.0,21600000.0,-14300000.0,0.0,-11800000.0,-600000.0,6400000.0,6400000.0,6400000.0,0.0,0.0,0.01,99400000.0,6800000.0,336600000.0,0.5,1.238,19.028,19.0,402600000.0,0.0,95.0,0.3,0.3,289500000.0,643800000.0,644300000.0,644300000.0,0.0,,,,,0.0,100500000.0,1.0,8212109.0,8212000.0,8212000.0,78.458,1344000000.0,36600000.0,-2500000.0,0.0,163.663,258700000.0
69,NC,MRQ,2004-03-31,2004-03-31,2004-03-31,2021-08-25,-24600000.0,1833300000.0,,814200000.0,1019100000.0,,76.742,-6900000.0,49900000.0,49900000.0,509800000.0,-4500000.0,1.37,1.91,669900000.0,60800000.0,609100000.0,669900000.0,0.0,16100000.0,0.0,0.017,0.38,5700000.0,21800000.0,0.035,21800000.0,5700000.0,-6400000.0,-0.55,,-0.55,629900000.0,,629900000.0,1291804064.0,12.0,7.394,6200000.0,0.755,1.0,104400000.0,0.17,515700000.0,12100000.0,1343500000.0,,376000000.0,0.0,0.0,0.0,1203400000.0,594100000.0,609300000.0,676204064.0,-19000000.0,0.0,0.0,-19200000.0,-3100000.0,-22200000.0,-6900000.0,0.0,13100000.0,-3000000.0,-4500000.0,-4500000.0,-4500000.0,0.0,0.0,-0.007,107600000.0,-3200000.0,332900000.0,-0.691,1.074,15.299,15.288,405900000.0,0.0,82.4,0.267,0.267,290200000.0,640600000.0,614200000.0,614200000.0,0.0,,,,,0.0,98900000.0,1.0,8206360.0,8208000.0,,74.829,1317600000.0,33600000.0,-1900000.0,0.0,160.526,220100000.0
70,NC,MRQ,2003-12-31,2003-12-31,2003-12-31,2021-08-25,-24700000.0,1839800000.0,,812900000.0,1026900000.0,,77.631,-9400000.0,68900000.0,68900000.0,614200000.0,27400000.0,1.378,1.888,684500000.0,72000000.0,612500000.0,684500000.0,0.0,17800000.0,0.0,0.014,0.38,50600000.0,68400000.0,0.09,68400000.0,50600000.0,37500000.0,3.34,3.34,3.34,637000000.0,,637000000.0,1184728945.0,10.0,6.302,108400000.0,13.211,1.0,149400000.0,0.196,516600000.0,13100000.0,1349000000.0,,348200000.0,0.0,0.0,0.0,1202800000.0,589800000.0,613000000.0,734228945.0,42700000.0,0.0,0.0,-63000000.0,-3100000.0,-66500000.0,-9600000.0,0.0,117800000.0,1000000.0,27400000.0,27400000.0,27400000.0,0.0,0.0,0.036,106200000.0,43200000.0,295800000.0,0.114,1.153,13.906,13.894,418900000.0,0.0,89.48,0.297,0.297,320800000.0,648200000.0,763600000.0,763600000.0,0.0,,,,,0.0,106400000.0,1.0,8205509.0,8205509.0,,93.059,1323200000.0,38100000.0,10100000.0,0.0,161.258,223100000.0
71,NC,MRQ,2003-09-30,2003-09-30,2003-09-30,2021-08-25,-38600000.0,2228500000.0,,875500000.0,1353000000.0,,72.968,-12700000.0,32300000.0,32300000.0,469900000.0,11700000.0,1.343,2.722,482800000.0,79300000.0,403500000.0,482800000.0,0.0,16400000.0,0.0,0.016,0.38,24600000.0,41000000.0,0.07,41000000.0,24600000.0,12100000.0,1.43,1.43,1.43,598700000.0,,598700000.0,1023829544.0,10.0,6.89,-6100000.0,-0.743,1.0,112100000.0,0.193,514200000.0,12500000.0,1512700000.0,,432900000.0,0.0,0.0,0.0,1629800000.0,652100000.0,977700000.0,586629544.0,-6200000.0,0.0,0.0,1800000.0,-3100000.0,-1300000.0,-12600000.0,0.0,6600000.0,1100000.0,11700000.0,11700000.0,11700000.0,0.0,0.0,0.02,95500000.0,16600000.0,305500000.0,0.266,0.98,11.571,11.57,663300000.0,0.0,71.5,0.269,0.269,330500000.0,623900000.0,582000000.0,582000000.0,0.0,,,,,0.0,95800000.0,1.0,8204609.0,8205000.0,8205000.0,70.932,1714300000.0,29400000.0,400000.0,0.0,208.934,223400000.0
72,NC,MRQ,2003-06-30,2003-06-30,2003-06-30,2021-08-25,-43000000.0,2180900000.0,,810900000.0,1370000000.0,,71.38,-21600000.0,43600000.0,43600000.0,463700000.0,9600000.0,1.351,2.724,480800000.0,69300000.0,411500000.0,480800000.0,0.0,17100000.0,0.0,0.017,0.255,26400000.0,43500000.0,0.076,43500000.0,26400000.0,13700000.0,1.17,1.17,1.17,585600000.0,,585600000.0,893307040.0,8.0,5.356,-23700000.0,-2.889,1.0,105100000.0,0.185,514500000.0,12700000.0,1503600000.0,,396100000.0,0.0,0.0,0.0,1595300000.0,600000000.0,995300000.0,483507040.0,-17700000.0,0.0,0.0,7200000.0,-2100000.0,5100000.0,-21600000.0,0.0,-2100000.0,900000.0,9600000.0,9600000.0,9600000.0,0.0,0.0,0.017,87300000.0,17800000.0,266800000.0,0.218,0.826,10.287,10.286,670700000.0,0.0,58.94,0.217,0.217,289400000.0,615300000.0,568800000.0,568800000.0,0.0,,,,,0.0,87900000.0,1.0,8203377.0,8204000.0,8204000.0,69.332,1666400000.0,30600000.0,4100000.0,0.0,203.12,210900000.0
73,NC,MRQ,2003-03-31,2003-03-31,2003-03-31,2021-08-25,-48200000.0,2145300000.0,,786800000.0,1358500000.0,,68.739,700000.0,60000000.0,60000000.0,458100000.0,4100000.0,1.366,2.805,469800000.0,56400000.0,413400000.0,469800000.0,0.0,17100000.0,0.0,0.021,0.245,18000000.0,35100000.0,0.063,35100000.0,18000000.0,5300000.0,0.5,0.5,0.5,563800000.0,,563800000.0,787879948.0,8.0,4.729,2000000.0,0.244,1.0,100100000.0,0.179,512700000.0,12700000.0,1466500000.0,,366700000.0,0.0,0.0,0.0,1581500000.0,575900000.0,1005600000.0,377279948.0,-7700000.0,0.0,0.0,-7000000.0,-2000000.0,-9200000.0,700000.0,0.0,1300000.0,-500000.0,4100000.0,4100000.0,4100000.0,0.0,0.0,0.007,92200000.0,7900000.0,258400000.0,0.49,0.669,9.385,9.388,659700000.0,0.0,46.0,0.166,0.166,276100000.0,607800000.0,558200000.0,558200000.0,0.0,,,,,0.0,92200000.0,1.0,8201738.0,8202000.0,8202000.0,68.057,1632600000.0,28400000.0,1200000.0,0.0,199.049,210900000.0
74,NC,MRQ,2002-12-31,2002-12-31,2002-12-31,2021-08-25,-59400000.0,1780800000.0,,739500000.0,1041300000.0,,68.228,-3100000.0,57800000.0,57800000.0,356100000.0,25300000.0,1.356,2.183,743000000.0,68200000.0,674800000.0,743000000.0,0.0,-5500000.0,0.0,0.022,0.245,34500000.0,29000000.0,0.061,29000000.0,34500000.0,32900000.0,3.08,3.08,3.08,559400000.0,,559400000.0,866671499.0,8.0,4.902,66300000.0,8.086,1.0,118700000.0,0.25,512400000.0,1600000.0,1408100000.0,,328700000.0,0.0,0.0,0.0,1221400000.0,545500000.0,675900000.0,358871499.0,26200000.0,-1000000.0,0.0,-67200000.0,-2100000.0,-44600000.0,-700000.0,0.0,69400000.0,2100000.0,25300000.0,25300000.0,25300000.0,0.0,0.0,0.053,112000000.0,6700000.0,252400000.0,0.08,0.642,8.464,8.466,400000000.0,0.0,43.77,0.157,0.157,270600000.0,605700000.0,474800000.0,474800000.0,0.0,,,,,0.0,99700000.0,1.0,8199029.0,8199029.0,,57.909,1268400000.0,29000000.0,7600000.0,0.0,154.701,194000000.0
75,NC,MRQ,2002-09-30,2002-09-30,2002-09-30,2021-08-25,-47800000.0,2137100000.0,,784000000.0,1353100000.0,,66.809,300000.0,34200000.0,34200000.0,502200000.0,8000000.0,1.122,2.902,542000000.0,173100000.0,368900000.0,542000000.0,0.0,29000000.0,0.0,0.024,0.245,30200000.0,59200000.0,0.095,59200000.0,30200000.0,10600000.0,0.98,0.98,0.98,547700000.0,,547700000.0,819567306.0,18.0,5.399,9600000.0,1.171,1.0,121900000.0,0.195,512600000.0,19600000.0,1433400000.0,,394300000.0,0.0,0.0,0.0,1589400000.0,698900000.0,890500000.0,326267306.0,-29200000.0,0.0,0.0,-15600000.0,-2000000.0,-38500000.0,300000.0,0.0,9300000.0,-300000.0,8000000.0,8000000.0,8000000.0,0.0,0.0,0.013,86600000.0,35300000.0,261600000.0,0.25,0.596,-30.78,-30.615,682500000.0,0.0,39.8,0.132,0.132,290300000.0,582500000.0,624100000.0,624100000.0,0.0,,,,,0.0,86600000.0,1.0,8197671.0,8198000.0,8198000.0,76.128,1624500000.0,31700000.0,2600000.0,0.0,198.158,85100000.0
76,NC,MRQ,2002-06-30,2002-06-30,2002-06-30,2021-08-25,-41700000.0,2151300000.0,,796900000.0,1354400000.0,,66.829,-7700000.0,63400000.0,63400000.0,495800000.0,2800000.0,1.107,2.927,556700000.0,180900000.0,375800000.0,556700000.0,0.0,22100000.0,0.0,0.016,0.245,21200000.0,43300000.0,0.071,43300000.0,21200000.0,4000000.0,0.34,0.34,0.34,547800000.0,,547800000.0,963529548.0,-205.0,9.474,16000000.0,1.952,1.0,113800000.0,0.187,514800000.0,17200000.0,1410000000.0,,372800000.0,0.0,0.0,0.0,1603500000.0,719800000.0,883700000.0,476229548.0,-1700000.0,100000.0,0.0,-2100000.0,-2000000.0,-19000000.0,-8900000.0,0.0,23700000.0,2500000.0,2800000.0,2800000.0,2800000.0,0.0,0.0,0.005,88200000.0,25600000.0,264400000.0,0.721,0.869,-10.33,-10.301,685700000.0,0.0,58.1,0.195,0.195,293900000.0,576500000.0,609600000.0,609600000.0,0.0,,,,,0.0,88200000.0,1.0,8196722.0,8197000.0,8197000.0,74.369,1636500000.0,58900000.0,1200000.0,0.0,199.646,77100000.0
77,NC,MRQ,2002-03-31,2002-03-31,2002-03-31,2021-08-25,-52000000.0,2106400000.0,,757100000.0,1349300000.0,,65.471,-10000000.0,65100000.0,65100000.0,476100000.0,6300000.0,0.878,2.925,552400000.0,349000000.0,203400000.0,552400000.0,0.0,24600000.0,0.0,0.014,0.235,20700000.0,45300000.0,0.079,45300000.0,20700000.0,6200000.0,0.77,0.77,0.77,536600000.0,,536600000.0,1086089307.0,-639.0,9.758,37100000.0,4.527,1.0,100400000.0,0.174,513100000.0,14500000.0,1218400000.0,,352400000.0,0.0,0.0,0.0,1569800000.0,862200000.0,707600000.0,543289307.0,-6800000.0,600000.0,0.0,-36700000.0,-1900000.0,-44700000.0,-9200000.0,0.0,47100000.0,0.0,6300000.0,6300000.0,6300000.0,0.0,0.0,0.011,81600000.0,18800000.0,254600000.0,0.305,1.012,-12.694,-12.651,691800000.0,0.0,66.29,0.218,0.218,275000000.0,575700000.0,576500000.0,576500000.0,0.0,,,,,0.0,81600000.0,1.0,8195645.0,8196000.0,8196000.0,70.339,1593300000.0,58100000.0,-100000.0,0.0,194.4,-105100000.0
78,NC,MRQ,2001-12-31,2001-12-31,2001-12-31,2021-08-25,-54800000.0,2161900000.0,,770000000.0,1391900000.0,,64.592,-16900000.0,71900000.0,71900000.0,554500000.0,-27700000.0,0.889,3.084,614700000.0,366600000.0,248100000.0,614700000.0,0.0,30100000.0,0.0,0.016,0.235,-26100000.0,4000000.0,0.006,4000000.0,-26100000.0,-41600000.0,-3.39,-3.39,-3.39,529300000.0,,529300000.0,1066467870.0,97.0,8.293,80100000.0,9.775,1.0,100700000.0,0.154,513100000.0,15500000.0,1325200000.0,,360600000.0,0.0,0.0,0.0,1632600000.0,866400000.0,766200000.0,465367870.0,34000000.0,-300000.0,0.0,-48200000.0,-1900000.0,-44900000.0,-17200000.0,0.0,97000000.0,-900000.0,-27700000.0,-27700000.0,-27700000.0,0.0,0.0,-0.042,118300000.0,-17600000.0,235300000.0,-0.069,0.879,-12.927,-12.907,732000000.0,0.0,56.79,0.176,0.176,264500000.0,571300000.0,655200000.0,655200000.0,0.0,,,,,0.0,101200000.0,1.0,8194539.0,8194539.0,,79.956,1648800000.0,40200000.0,-13900000.0,0.0,201.207,-96400000.0
79,NC,MRQ,2001-09-30,2001-09-30,2001-09-30,2021-08-25,-43100000.0,2202500000.0,,810400000.0,1392100000.0,,69.636,-23500000.0,37900000.0,37900000.0,510300000.0,-27500000.0,0.889,2.86,639000000.0,405300000.0,233700000.0,639000000.0,0.0,29600000.0,0.0,0.017,0.235,-20500000.0,9100000.0,0.015,9100000.0,-20500000.0,-35700000.0,-3.36,-3.36,-3.36,570600000.0,,570600000.0,994496210.0,11.0,4.861,-42600000.0,-5.199,1.0,87200000.0,0.146,518700000.0,15200000.0,1372900000.0,,445700000.0,0.0,0.0,0.0,1631900000.0,912000000.0,719900000.0,456796210.0,8100000.0,-3800000.0,0.0,62300000.0,-1900000.0,52500000.0,-26900000.0,0.0,-19100000.0,1600000.0,-27500000.0,-27500000.0,-27500000.0,0.0,0.0,-0.046,104700000.0,-17500000.0,231600000.0,-0.07,0.801,16.491,16.445,722100000.0,0.0,55.75,0.165,0.165,255900000.0,600900000.0,597500000.0,597500000.0,0.0,,,,,0.0,92400000.0,1.0,8193654.0,8194000.0,8194000.0,72.919,1683800000.0,21300000.0,-8200000.0,0.0,205.492,-101600000.0
80,NC,MRQ,2001-06-30,2001-06-30,2001-06-30,2021-08-25,-43500000.0,2146900000.0,,775500000.0,1371400000.0,,73.184,-28200000.0,29800000.0,29800000.0,551700000.0,6100000.0,1.31,2.581,567500000.0,94000000.0,473500000.0,567500000.0,0.0,28700000.0,0.0,0.012,0.235,24200000.0,52900000.0,0.079,52900000.0,24200000.0,9400000.0,0.74,0.74,0.74,599600000.0,,599600000.0,1173955068.0,9.0,4.717,3900000.0,0.476,1.0,116300000.0,0.174,521000000.0,14800000.0,1571800000.0,,434900000.0,0.0,0.0,0.0,1547300000.0,591800000.0,955500000.0,638955068.0,-8100000.0,0.0,0.0,-4900000.0,-2000000.0,-12400000.0,-28100000.0,0.0,32100000.0,300000.0,6100000.0,6100000.0,6100000.0,0.0,0.0,0.009,98200000.0,18100000.0,238900000.0,0.318,1.066,9.968,9.948,707700000.0,0.0,77.99,0.223,0.223,248800000.0,630300000.0,668000000.0,668000000.0,0.0,,,,,0.0,94200000.0,1.0,8192782.0,8193000.0,8193000.0,81.533,1625900000.0,15900000.0,3300000.0,0.0,198.45,183700000.0
81,NC,MRQ,2001-03-31,2001-03-31,2001-03-31,2021-08-25,-40700000.0,2191900000.0,,815200000.0,1376700000.0,,73.013,-18300000.0,37900000.0,37900000.0,586900000.0,13100000.0,1.304,2.665,572900000.0,95200000.0,477700000.0,572900000.0,0.0,29200000.0,0.0,0.014,0.225,33400000.0,62600000.0,0.087,62600000.0,33400000.0,22000000.0,1.6,1.6,1.6,598100000.0,,598100000.0,1038016425.0,7.0,4.079,7700000.0,0.94,1.0,130300000.0,0.182,526100000.0,11400000.0,1575500000.0,,432800000.0,0.0,0.0,0.0,1593800000.0,625300000.0,968500000.0,510016425.0,4200000.0,-100000.0,0.0,15900000.0,-1800000.0,3200000.0,-22900000.0,0.0,26000000.0,-2100000.0,13100000.0,13100000.0,13100000.0,0.0,0.0,0.018,97200000.0,33100000.0,271100000.0,0.141,0.853,7.123,7.099,705900000.0,0.0,62.26,0.175,0.175,289000000.0,626200000.0,717200000.0,717200000.0,0.0,,,,,0.0,93200000.0,1.0,8191719.0,8191719.0,,87.552,1665800000.0,17800000.0,8900000.0,0.0,203.352,189900000.0
82,NC,MRQ,2000-12-31,2000-12-31,2000-12-31,2021-08-25,-20200000.0,2193900000.0,,815700000.0,1378200000.0,,74.223,-25600000.0,33700000.0,33700000.0,638300000.0,36000000.0,1.255,2.618,561700000.0,111700000.0,450000000.0,561700000.0,0.0,28800000.0,0.0,0.02,0.225,51200000.0,80000000.0,0.102,80000000.0,51200000.0,38200000.0,4.41,4.41,4.41,606400000.0,,606400000.0,799043936.0,6.0,3.286,56500000.0,6.916,1.0,144900000.0,0.185,529300000.0,13000000.0,1542400000.0,,411800000.0,0.0,0.0,0.0,1587500000.0,650200000.0,937300000.0,356943936.0,-15300000.0,-141200000.0,0.0,73100000.0,-1800000.0,68100000.0,-167000000.0,0.0,82100000.0,1500000.0,36000000.0,36000000.0,36000000.0,0.0,0.0,0.046,117100000.0,27800000.0,263000000.0,0.051,0.589,5.272,5.27,710700000.0,0.0,43.69,0.124,0.124,315400000.0,614900000.0,783200000.0,783200000.0,0.0,,,,,0.0,98000000.0,1.0,8169923.0,8169923.0,,95.864,1664600000.0,47800000.0,2200000.0,0.0,203.747,165500000.0
83,NC,MRQ,2000-09-30,2000-09-30,2000-09-30,2021-08-25,-25600000.0,2091500000.0,,846800000.0,1244700000.0,,69.372,-19800000.0,49000000.0,49000000.0,575400000.0,8900000.0,1.264,2.691,491100000.0,158200000.0,332900000.0,491100000.0,0.0,26000000.0,0.0,0.021,0.225,27400000.0,53400000.0,0.076,53400000.0,27400000.0,15300000.0,1.09,1.09,1.09,566700000.0,,566700000.0,775092246.0,6.0,3.4,-4900000.0,-0.6,1.0,124400000.0,0.178,440400000.0,12100000.0,1423400000.0,,437700000.0,0.0,0.0,0.0,1524800000.0,669800000.0,855000000.0,343092246.0,15400000.0,-1900000.0,0.0,27400000.0,-1800000.0,23600000.0,-22300000.0,0.0,14900000.0,-800000.0,8900000.0,8900000.0,8900000.0,0.0,0.0,0.013,94300000.0,30100000.0,263300000.0,0.206,0.605,6.889,6.874,625300000.0,0.0,42.0,0.12,0.12,307700000.0,580700000.0,699800000.0,699800000.0,0.0,,,,,0.0,90400000.0,1.0,8168863.0,8169000.0,8169000.0,85.665,1651100000.0,21900000.0,6400000.0,0.0,202.118,177000000.0
84,NC,MRQ,2000-06-30,2000-06-30,2000-06-30,2021-08-25,-15400000.0,2039000000.0,,785700000.0,1253300000.0,,69.763,-17300000.0,33600000.0,33600000.0,579700000.0,13600000.0,1.319,2.578,465600000.0,113900000.0,351700000.0,465600000.0,0.0,25500000.0,0.0,0.025,0.225,33000000.0,58500000.0,0.083,58500000.0,33000000.0,21700000.0,1.67,1.67,1.67,569800000.0,,569800000.0,683827893.0,6.0,3.01,2700000.0,0.331,1.0,126700000.0,0.179,442100000.0,11300000.0,1433000000.0,,417900000.0,0.0,0.0,0.0,1469200000.0,595900000.0,873300000.0,286927893.0,5500000.0,-5800000.0,0.0,15200000.0,-1900000.0,8600000.0,-22600000.0,0.0,20000000.0,-500000.0,13600000.0,13600000.0,13600000.0,0.0,0.0,0.019,93500000.0,33200000.0,261100000.0,0.135,0.504,5.99,5.974,624200000.0,0.0,35.13,0.104,0.104,289700000.0,573600000.0,706400000.0,706400000.0,0.0,,,,,0.0,89700000.0,1.0,8167603.0,8167603.0,,86.488,1596900000.0,25800000.0,8100000.0,0.0,195.516,189800000.0
85,NC,MRQ,2000-03-31,2000-03-31,2000-03-31,2021-08-25,-7500000.0,2001300000.0,,760300000.0,1241000000.0,,69.308,-15300000.0,28100000.0,28100000.0,561700000.0,9200000.0,1.296,2.536,425000000.0,105300000.0,319700000.0,425000000.0,0.0,25800000.0,0.0,0.018,0.215,25500000.0,51300000.0,0.075,51300000.0,25500000.0,14800000.0,1.13,1.13,1.13,566000000.0,,566000000.0,770701579.0,6.0,3.349,700000.0,0.086,1.0,120200000.0,0.176,445600000.0,10700000.0,1366100000.0,,409500000.0,0.0,0.0,0.0,1435300000.0,586500000.0,848800000.0,391501579.0,-8100000.0,-6700000.0,0.0,8600000.0,-1700000.0,-2000000.0,-22300000.0,0.0,16000000.0,200000.0,9200000.0,9200000.0,9200000.0,0.0,0.0,0.013,93400000.0,26800000.0,265400000.0,0.19,0.692,7.737,7.72,624100000.0,0.0,47.94,0.145,0.145,278700000.0,561900000.0,681900000.0,681900000.0,0.0,,,,,0.0,89400000.0,1.0,8166491.0,8166491.0,,83.5,1555700000.0,30900000.0,5600000.0,4800000.0,190.498,173800000.0
86,NC,MRQ,1999-12-31,1999-12-31,1999-12-31,2021-08-25,-3000000.0,2013000000.0,,772200000.0,1240800000.0,,68.932,-18200000.0,36200000.0,36200000.0,631000000.0,18100000.0,1.324,2.581,395400000.0,69100000.0,326300000.0,395400000.0,0.0,27500000.0,0.0,0.015,0.215,37300000.0,64800000.0,0.085,64800000.0,37300000.0,27100000.0,2.22,2.21,2.22,562200000.0,,562200000.0,840241693.0,7.0,3.62,33500000.0,4.107,1.0,132400000.0,0.173,449400000.0,10200000.0,1339700000.0,,390300000.0,0.0,0.0,0.0,1450800000.0,583100000.0,867700000.0,453141693.0,-4300000.0,400000.0,0.0,-22400000.0,-1800000.0,-27800000.0,-27500000.0,-11300000.0,51700000.0,-700000.0,18100000.0,18100000.0,18100000.0,0.0,0.0,0.024,94300000.0,38100000.0,254400000.0,0.097,0.806,8.534,8.521,625400000.0,0.0,55.56,0.172,0.172,292200000.0,554400000.0,763400000.0,763400000.0,0.0,,,,,0.0,89300000.0,1.0,8155898.0,8155898.0,,93.601,1563600000.0,29200000.0,9000000.0,0.0,191.714,189100000.0
87,NC,MRQ,1999-09-30,1999-09-30,1999-09-30,2021-08-25,-1200000.0,2022600000.0,,777900000.0,1244700000.0,,66.742,-24900000.0,40500000.0,40500000.0,501800000.0,7000000.0,1.229,2.716,427600000.0,131100000.0,296500000.0,427600000.0,0.0,28700000.0,0.0,0.012,0.215,23900000.0,52600000.0,0.086,52600000.0,23900000.0,11600000.0,0.86,0.86,0.86,544300000.0,,544300000.0,923690268.0,6.0,3.693,10500000.0,1.288,1.0,112500000.0,0.183,442800000.0,12300000.0,1334000000.0,,407200000.0,0.0,0.0,0.0,1478300000.0,632900000.0,845400000.0,569890268.0,16800000.0,-32200000.0,0.0,45000000.0,-1800000.0,35700000.0,-57100000.0,0.0,35400000.0,2800000.0,7000000.0,7000000.0,7000000.0,0.0,0.0,0.011,87900000.0,24600000.0,275400000.0,0.25,1.047,8.57,8.543,620800000.0,0.0,69.88,0.215,0.215,288400000.0,534700000.0,614300000.0,614300000.0,0.0,,,,,0.0,84100000.0,1.0,8155270.0,8155270.0,,75.326,1579800000.0,33300000.0,4600000.0,0.0,193.715,145000000.0
88,NC,MRQ,1999-06-30,1999-06-30,1999-06-30,2021-08-25,-6100000.0,1942700000.0,,719700000.0,1223000000.0,,65.484,-15400000.0,23700000.0,23700000.0,520600000.0,16300000.0,1.287,2.638,377500000.0,93800000.0,283700000.0,377500000.0,0.0,24300000.0,0.0,0.011,0.215,37100000.0,61400000.0,0.095,61400000.0,37100000.0,26500000.0,2.0,2.0,2.0,534000000.0,,534000000.0,931466187.0,6.0,3.576,8900000.0,1.091,1.0,124100000.0,0.192,443900000.0,10600000.0,1293400000.0,,365200000.0,0.0,0.0,0.0,1408700000.0,559200000.0,849500000.0,599366187.0,-16900000.0,-9300000.0,0.0,-7500000.0,-1700000.0,-14100000.0,-25000000.0,0.0,24300000.0,-2100000.0,16300000.0,16300000.0,16300000.0,0.0,0.0,0.025,86900000.0,37200000.0,248400000.0,0.107,1.122,7.501,7.485,616200000.0,0.0,73.5,0.229,0.229,292700000.0,529400000.0,644700000.0,644700000.0,0.0,,,,,0.0,83100000.0,1.0,8154642.0,8154642.0,,79.059,1498800000.0,34700000.0,10200000.0,5200000.0,183.797,160500000.0
89,NC,MRQ,1999-03-31,1999-03-31,1999-03-31,2021-08-25,-2100000.0,1929200000.0,,717300000.0,1211900000.0,,64.201,-16000000.0,40600000.0,40600000.0,497800000.0,11700000.0,1.341,2.685,372700000.0,69100000.0,303600000.0,372700000.0,0.0,23500000.0,0.0,0.011,0.205,29800000.0,53300000.0,0.087,53300000.0,29800000.0,19600000.0,1.44,1.44,1.44,523500000.0,,523500000.0,885189906.0,5.0,3.272,1700000.0,0.208,1.0,115700000.0,0.189,446400000.0,10200000.0,1280000000.0,,360200000.0,0.0,0.0,0.0,1405700000.0,534900000.0,870800000.0,603889906.0,5900000.0,-37200000.0,0.0,48800000.0,-1700000.0,41500000.0,-51800000.0,0.0,17700000.0,-1500000.0,11700000.0,11700000.0,11700000.0,0.0,0.0,0.019,84300000.0,31400000.0,244700000.0,0.142,1.154,6.717,6.708,593800000.0,0.0,74.06,0.234,0.234,278100000.0,514900000.0,613500000.0,613500000.0,0.0,,,,,0.0,80500000.0,1.0,8154063.0,8154063.0,,75.239,1482800000.0,32400000.0,7900000.0,10800000.0,181.848,182400000.0
90,NC,MRQ,1998-12-31,1998-12-31,1998-12-31,2021-08-25,5100000.0,1898300000.0,,703200000.0,1195100000.0,,63.846,-25700000.0,34700000.0,34700000.0,614100000.0,31500000.0,1.282,2.663,316000000.0,59600000.0,256400000.0,316000000.0,0.0,25100000.0,0.0,0.009,0.205,57700000.0,82800000.0,0.107,82800000.0,57700000.0,48300000.0,3.88,3.88,3.88,518300000.0,,518300000.0,1080847628.0,5.0,3.771,99800000.0,12.294,1.0,158000000.0,0.205,441000000.0,9400000.0,1190000000.0,,356200000.0,0.0,0.0,0.0,1380000000.0,548600000.0,831400000.0,746847628.0,17200000.0,-14100000.0,-4700000.0,-63500000.0,-1700000.0,-70200000.0,-38000000.0,0.0,125500000.0,-100000.0,31500000.0,31500000.0,31500000.0,0.0,0.0,0.041,99300000.0,58700000.0,252900000.0,0.053,1.441,7.301,7.325,593400000.0,0.0,92.0,0.291,0.291,275100000.0,504900000.0,772100000.0,772100000.0,0.0,,,,,0.0,94200000.0,1.0,8117909.0,8117909.0,,95.111,1457300000.0,31900000.0,16800000.0,10900000.0,179.517,154600000.0
91,NC,MRQ,1998-09-30,1998-09-30,1998-09-30,2021-08-25,8600000.0,1878300000.0,,720800000.0,1157500000.0,,60.24,-30500000.0,17500000.0,17500000.0,465500000.0,20400000.0,1.309,2.819,351500000.0,92200000.0,259300000.0,351500000.0,0.0,21500000.0,0.0,0.008,0.205,41500000.0,63000000.0,0.108,63000000.0,41500000.0,32600000.0,2.5,2.5,2.5,491800000.0,,491800000.0,1100402400.0,6.0,4.126,-36500000.0,-4.471,1.0,118200000.0,0.203,438300000.0,8900000.0,1223500000.0,,387200000.0,0.0,0.0,0.0,1386500000.0,550500000.0,836000000.0,816402400.0,-8100000.0,-5400000.0,0.0,43700000.0,-1600000.0,33900000.0,-36600000.0,0.0,-6000000.0,600000.0,20400000.0,20400000.0,20400000.0,0.0,0.0,0.035,74900000.0,43300000.0,244600000.0,0.082,1.66,8.131,8.137,559100000.0,0.0,100.0,0.331,0.331,279100000.0,475000000.0,583700000.0,583700000.0,0.0,,,,,0.0,71100000.0,1.0,8164024.0,8164024.0,,71.497,1440000000.0,26600000.0,12200000.0,1100000.0,176.384,170300000.0
92,NC,MRQ,1998-06-30,1998-06-30,1998-06-30,2021-08-25,2800000.0,1811600000.0,,677900000.0,1133700000.0,,57.805,-23200000.0,25600000.0,25600000.0,494000000.0,26300000.0,1.282,2.839,309600000.0,69900000.0,239700000.0,309600000.0,0.0,20800000.0,0.0,0.006,0.205,50600000.0,71400000.0,0.116,71400000.0,50600000.0,42400000.0,3.22,3.22,3.22,471900000.0,,471900000.0,1326362790.0,8.0,5.103,-7400000.0,-0.906,1.0,120200000.0,0.196,441700000.0,8200000.0,1125200000.0,,351700000.0,0.0,0.0,0.0,1339700000.0,528700000.0,811000000.0,1055562790.0,10400000.0,-5600000.0,0.0,18800000.0,-1700000.0,24100000.0,-29100000.0,0.0,15800000.0,-400000.0,26300000.0,26300000.0,26300000.0,0.0,0.0,0.043,73200000.0,47000000.0,248600000.0,0.064,2.237,11.17,11.175,544100000.0,0.0,129.3,0.433,0.433,263000000.0,460000000.0,614200000.0,614200000.0,0.0,,,,,0.0,69500000.0,1.0,8163672.0,8163672.0,,75.236,1369900000.0,21900000.0,16100000.0,3000000.0,167.804,149200000.0
93,NC,MRQ,1998-03-31,1998-03-31,1998-03-31,2021-08-25,2300000.0,1760500000.0,,639800000.0,1120700000.0,,54.733,-16100000.0,15200000.0,15200000.0,480300000.0,24100000.0,1.185,2.94,286000000.0,68700000.0,217300000.0,286000000.0,0.0,21600000.0,0.0,0.006,0.195,47700000.0,69300000.0,0.116,69300000.0,47700000.0,39700000.0,2.95,2.95,2.95,446800000.0,,446800000.0,1342371078.0,9.0,5.455,-7100000.0,-0.87,1.0,119000000.0,0.199,445400000.0,8000000.0,1046000000.0,,334400000.0,0.0,0.0,0.0,1313700000.0,539900000.0,773800000.0,1093871078.0,-8900000.0,-2000000.0,0.0,9200000.0,-1600000.0,100000.0,-18100000.0,0.0,9000000.0,100000.0,24100000.0,24100000.0,24100000.0,0.0,0.0,0.04,69900000.0,49100000.0,253200000.0,0.066,2.448,13.163,13.176,539700000.0,0.0,134.0,0.462,0.462,255400000.0,435400000.0,599300000.0,599300000.0,0.0,,,,,0.0,66200000.0,1.0,8163217.0,8163217.0,,73.415,1315100000.0,17200000.0,15600000.0,17700000.0,161.101,99900000.0
94,NC,MRQ,1997-12-31,1997-12-31,1997-12-31,2021-08-25,3900000.0,1729100000.0,,599600000.0,1129500000.0,,52.075,-23900000.0,24100000.0,24100000.0,536000000.0,29600000.0,1.184,3.068,272600000.0,42400000.0,230200000.0,272600000.0,0.0,22700000.0,0.0,0.007,0.195,40300000.0,63000000.0,0.094,63000000.0,40300000.0,31800000.0,3.62,3.63,3.62,425100000.0,,425100000.0,,,,69800000.0,8.551,1.0,132700000.0,0.198,449300000.0,8500000.0,1021800000.0,,302900000.0,0.0,0.0,0.0,1304000000.0,506500000.0,797500000.0,875096862.0,-13200000.0,100000.0,-2800000.0,-73600000.0,-1600000.0,-83000000.0,-24100000.0,0.0,93700000.0,200000.0,29600000.0,29600000.0,29600000.0,0.0,0.0,0.044,88000000.0,44700000.0,244700000.0,0.054,2.059,14.16,14.18,541700000.0,0.0,107.2,0.389,0.389,240800000.0,412900000.0,668700000.0,668700000.0,0.0,,,,,0.0,76100000.0,1.0,8163217.0,8163217.0,,81.916,1279800000.0,24100000.0,2200000.0,12800000.0,156.776,93100000.0
95,NC,MRQ,1997-09-30,1997-09-30,1997-09-30,2021-08-25,,,,,,,,-20100000.0,,,451600000.0,14500000.0,,,,,,,,22300000.0,,0.007,0.195,33900000.0,56200000.0,0.101,56200000.0,33900000.0,25100000.0,1.78,1.78,1.78,,,,,,,-7300000.0,,1.0,105800000.0,0.19,,8800000.0,,,,,,,,,,,6000000.0,-500000.0,0.0,13100000.0,-1600000.0,14100000.0,-19900000.0,0.0,12800000.0,-1000000.0,14500000.0,14500000.0,14500000.0,0.0,0.0,0.026,68300000.0,37500000.0,,0.11,,,,,0.0,117.6,,,,,557400000.0,557400000.0,0.0,,,,,0.0,64300000.0,1.0,,,,,,,10600000.0,,,
96,NC,MRQ,1997-06-30,1997-06-30,1997-06-30,2021-08-25,,,,,,,,-13100000.0,,,440700000.0,14900000.0,,,,,,,,22100000.0,,0.013,0.195,35500000.0,57600000.0,0.106,57600000.0,35500000.0,26200000.0,1.82,1.82,1.82,,,,,,,61000000.0,,1.0,100400000.0,0.186,,9300000.0,,,,,,,,,,,-2000000.0,-11100000.0,0.0,-42800000.0,-1600000.0,-53100000.0,-23600000.0,0.0,74100000.0,600000.0,14900000.0,14900000.0,14900000.0,0.0,0.0,0.028,66600000.0,33800000.0,,0.107,,,,,0.0,56.5,,,,,541100000.0,541100000.0,0.0,,,,,0.0,62600000.0,1.0,,,,,,,11300000.0,,,
97,NC,MRQ,1997-03-31,1997-03-31,1997-03-31,2021-08-25,,,,,,,,-7900000.0,,,397600000.0,2800000.0,,,,,,,,21500000.0,,0.015,0.188,15100000.0,36600000.0,0.076,36600000.0,15100000.0,5100000.0,0.35,0.35,0.35,,,,,,,21500000.0,,1.0,82100000.0,0.171,,10000000.0,,,,,,,,,,,-14500000.0,-2500000.0,0.0,-21100000.0,-1500000.0,-31800000.0,-10400000.0,0.0,29400000.0,-1700000.0,2800000.0,2800000.0,2800000.0,0.0,0.0,0.006,66100000.0,16000000.0,,0.537,,,,,0.0,49.25,,,,,479700000.0,479700000.0,0.0,,,,,0.0,62200000.0,1.0,,,,,,,2300000.0,,,
98,NC,MRQ,1996-12-31,1996-12-31,1996-12-31,2021-08-25,11800000.0,1708100000.0,,591800000.0,1116300000.0,,,,47800000.0,47800000.0,,,1.423,3.503,400500000.0,67200000.0,333300000.0,400500000.0,0.0,,0.0,0.014,0.188,,,,,,,,,,379300000.0,,379300000.0,,,,,,1.0,,,461000000.0,,1183800000.0,,309600000.0,0.0,0.0,0.0,1328800000.0,416000000.0,912800000.0,,,,,,,,,,,,,,,,,,,,186300000.0,,,,9.436,550300000.0,,53.5,,,212200000.0,359200000.0,,,,,,,,,,1.0,,,,,1247100000.0,7900000.0,,5900000.0,,175800000.0
0,NC,MRT,2021-06-30,2021-06-30,2021-06-30,2021-08-25,-11313000.0,474039000.0,473837250.0,189313000.0,284726000.0,0.309,44.139,-47616000.0,94346000.0,94346000.0,121709000.0,18043000.0,4.683,0.501,42452000.0,10168000.0,32284000.0,42452000.0,0.0,18114000.0,0.0,0.03,0.775,22014000.0,40128000.0,0.274,40128000.0,22014000.0,20678000.0,2.54,2.52,2.54,315727000.0,308052250.0,315727000.0,162249282.0,7.0,4.043,-8295000.0,-1.16,1.0,24725000.0,0.169,33437000.0,1336000.0,348283000.0,348574250.0,49716000.0,20927000.0,0.0,20927000.0,158312000.0,40425000.0,117887000.0,186179282.0,-10534000.0,0.0,0.0,2713000.0,-5471000.0,-2426000.0,-47429000.0,0.0,39321000.0,0.0,18043000.0,18043000.0,18043000.0,0.0,0.0,0.123,6339000.0,18386000.0,10406000.0,0.305,0.59,10.319,10.252,185147000.0,0.0,26.04,1.271,1.272,28210000.0,306950000.0,146434000.0,146434000.0,0.0,0.038,0.059,0.063,0.15,3078000.0,54385000.0,1.0,7149742.0,7153000.0,7153000.0,20.472,440602000.0,0.0,2635000.0,24197000.0,61.597,148888000.0
1,NC,MRT,2021-03-31,2021-03-31,2021-03-31,2021-08-25,-11456000.0,479229000.0,466066000.0,192781000.0,286448000.0,0.292,43.567,-43271000.0,79132000.0,79132000.0,116313000.0,17588000.0,4.198,0.549,55202000.0,20068000.0,35134000.0,55202000.0,0.0,18114000.0,0.0,0.031,0.77,18133000.0,36247000.0,0.267,36247000.0,18133000.0,16826000.0,2.49,2.47,2.49,309369000.0,303938250.0,309369000.0,145303734.0,8.0,4.009,-15545000.0,-2.189,1.0,19580000.0,0.144,34348000.0,1307000.0,375032000.0,339508250.0,45102000.0,29763000.0,0.0,29763000.0,169860000.0,45919000.0,123941000.0,176092734.0,-14594000.0,0.0,0.0,8247000.0,-5410000.0,3169000.0,-45489000.0,-2000000.0,27726000.0,0.0,17588000.0,17588000.0,17588000.0,0.0,0.0,0.129,5382000.0,14198000.0,8237000.0,0.309,0.569,10.012,10.02,179094000.0,0.0,24.95,1.296,1.304,29814000.0,301857000.0,135893000.0,135893000.0,0.0,0.038,0.058,0.053,0.133,3078000.0,54098000.0,1.0,7057825.0,7101000.0,7142000.0,19.137,444881000.0,14518000.0,-762000.0,27386000.0,62.65,146862000.0
2,NC,MRT,2020-12-31,2020-12-31,2020-12-31,2021-08-25,-11599000.0,476179000.0,455238750.0,188146000.0,288033000.0,0.282,42.787,-43797000.0,106065000.0,106065000.0,111463000.0,14793000.0,3.6,0.584,57661000.0,22112000.0,35549000.0,57661000.0,0.0,18114000.0,0.0,0.029,0.768,15612000.0,33726000.0,0.263,33726000.0,15612000.0,14258000.0,2.11,2.1,2.11,300624000.0,300055250.0,300624000.0,122367622.0,8.0,3.628,-46283000.0,-6.587,1.0,16969000.0,0.132,35330000.0,1354000.0,340188000.0,324165500.0,47551000.0,28978000.0,0.0,28978000.0,175555000.0,52257000.0,123298000.0,185298622.0,-34442000.0,0.0,-1002000.0,20073000.0,-5375000.0,14028000.0,-45984000.0,-2000000.0,-2486000.0,0.0,14793000.0,14793000.0,14793000.0,0.0,0.0,0.115,3521000.0,13448000.0,5647000.0,0.364,0.616,12.526,12.464,182741000.0,0.0,26.3,1.443,1.439,23658000.0,294270000.0,128432000.0,128432000.0,0.0,0.032,0.049,0.048,0.122,3078000.0,53062000.0,1.0,7045575.0,7026000.0,7057000.0,18.28,440849000.0,0.0,-535000.0,26963000.0,62.745,135889000.0
3,NC,MRT,2020-09-30,2020-09-30,2020-09-30,2021-08-25,-10982000.0,465902000.0,447387250.0,198604000.0,267298000.0,0.296,43.56,-30555000.0,97567000.0,97567000.0,113603000.0,26613000.0,5.43,0.52,34636000.0,960000.0,33676000.0,34636000.0,1693000.0,16240000.0,0.0,0.042,0.765,27494000.0,43734000.0,0.331,43734000.0,27494000.0,26236000.0,3.79,3.78,3.79,306489000.0,297247250.0,306489000.0,72717383.0,3.0,1.663,-22275000.0,-3.166,1.0,18629000.0,0.141,35599000.0,1258000.0,330794000.0,303969500.0,42433000.0,25545000.0,0.0,25545000.0,159413000.0,36578000.0,122835000.0,128058383.0,-17494000.0,0.0,-2602000.0,14833000.0,-5369000.0,6859000.0,-32633000.0,-2000000.0,8280000.0,0.0,26613000.0,26613000.0,26613000.0,0.0,0.0,0.201,-7454000.0,26083000.0,14289000.0,0.202,0.418,4.812,4.805,167046000.0,0.0,18.21,0.968,0.969,20229000.0,301045000.0,132232000.0,132232000.0,0.0,0.059,0.09,0.09,0.208,4924000.0,51152000.0,1.0,7032311.0,7036000.0,7036000.0,18.794,430303000.0,25379000.0,-377000.0,28513000.0,61.157,162026000.0
4,NC,MRT,2020-06-30,2020-06-30,2020-06-30,2021-08-25,-11081000.0,442954000.0,434104250.0,190703000.0,252251000.0,0.305,42.607,-26411000.0,95546000.0,95546000.0,114544000.0,28855000.0,4.857,0.48,40205000.0,5941000.0,34264000.0,40205000.0,1226000.0,16240000.0,0.0,0.033,0.762,29130000.0,45370000.0,0.342,45370000.0,29130000.0,27978000.0,4.12,4.11,4.12,299271000.0,291438750.0,299271000.0,116571247.0,4.0,2.569,-8204000.0,-1.168,1.0,17996000.0,0.136,36333000.0,1152000.0,312019000.0,278023000.0,35732000.0,25337000.0,0.0,25337000.0,143683000.0,39261000.0,104422000.0,163598247.0,-2877000.0,0.0,-2627000.0,15842000.0,-5342000.0,7870000.0,-28954000.0,-2000000.0,18207000.0,0.0,28855000.0,28855000.0,28855000.0,0.0,0.0,0.218,-7352000.0,25348000.0,11729000.0,0.185,0.547,5.67,5.655,153956000.0,0.0,23.3,1.234,1.235,25050000.0,294378000.0,132540000.0,132540000.0,0.0,0.066,0.099,0.105,0.22,4924000.0,53660000.0,1.0,7021384.0,7024000.0,7024000.0,18.87,406621000.0,15286000.0,-877000.0,18345000.0,57.89,151442000.0
5,NC,MRT,2020-03-31,2020-03-31,2020-03-31,2021-08-25,-11182000.0,435920000.0,423160750.0,188927000.0,246993000.0,0.327,41.977,-21216000.0,93726000.0,93726000.0,115713000.0,30780000.0,4.958,0.484,46699000.0,11933000.0,34766000.0,46699000.0,2203000.0,16240000.0,0.0,0.027,0.76,33201000.0,49441000.0,0.357,49441000.0,33201000.0,32157000.0,4.4,4.39,4.4,293837000.0,284658500.0,293837000.0,109411261.0,3.0,2.213,990000.0,0.141,1.0,22824000.0,0.165,37125000.0,1044000.0,313661000.0,258417000.0,35996000.0,27384000.0,0.0,27384000.0,142083000.0,38107000.0,103976000.0,194912261.0,14668000.0,0.0,-2712000.0,21852000.0,-5318000.0,13819000.0,-21357000.0,0.0,22206000.0,0.0,30780000.0,30780000.0,30780000.0,0.0,0.0,0.222,-7203000.0,30027000.0,8540000.0,0.173,0.663,6.332,6.359,150690000.0,0.0,27.98,1.407,1.414,27499000.0,289679000.0,138537000.0,138537000.0,0.0,0.073,0.108,0.128,0.24,4924000.0,53857000.0,1.0,6966128.0,7000000.0,7040000.0,19.791,398795000.0,14638000.0,1377000.0,18573000.0,56.971,150820000.0
6,NC,MRT,2019-12-31,2019-12-31,2019-12-31,2021-08-25,-11337000.0,444773000.0,412627500.0,200668000.0,244105000.0,0.342,41.496,-20092000.0,122892000.0,122892000.0,109862000.0,39632000.0,3.238,0.537,37391000.0,7795000.0,29596000.0,37391000.0,0.0,16240000.0,0.0,0.016,0.735,44271000.0,60511000.0,0.429,60511000.0,44271000.0,43399000.0,5.68,5.66,5.68,289392000.0,277266000.0,289392000.0,232830006.0,5.0,3.848,32692000.0,4.688,1.0,31128000.0,0.221,37902000.0,872000.0,259404000.0,242655750.0,40465000.0,24611000.0,0.0,24611000.0,155381000.0,61966000.0,93415000.0,327544006.0,37635000.0,0.0,-3010000.0,13258000.0,-5132000.0,5113000.0,-20262000.0,0.0,52784000.0,0.0,39632000.0,39632000.0,39632000.0,0.0,0.0,0.281,-7692000.0,38820000.0,9951000.0,0.129,1.132,8.265,8.245,149459000.0,0.0,46.83,2.323,2.316,21855000.0,284852000.0,140990000.0,140990000.0,0.0,0.096,0.143,0.182,0.314,4924000.0,53783000.0,1.0,6994320.0,6974000.0,7007000.0,20.217,406871000.0,8928000.0,3767000.0,14250000.0,58.341,138702000.0
7,NC,MRT,2019-09-30,2019-09-30,2019-09-30,2021-08-25,-13369000.0,412770000.0,395682000.0,180310000.0,232460000.0,0.387,40.517,-13973000.0,115061000.0,115061000.0,111263000.0,44273000.0,3.417,0.457,20347000.0,394000.0,19953000.0,20347000.0,0.0,14683000.0,0.0,0.011,0.71,54711000.0,69394000.0,0.453,69394000.0,54711000.0,53666000.0,6.36,6.33,6.36,283255000.0,267594000.0,283255000.0,373294404.0,7.0,5.379,49062000.0,7.018,1.0,41843000.0,0.273,38273000.0,1045000.0,227008000.0,232802500.0,33087000.0,23100000.0,0.0,23100000.0,129515000.0,52775000.0,76740000.0,446725404.0,32011000.0,0.0,-2365000.0,-9955000.0,-4953000.0,-17250000.0,-13774000.0,0.0,63035000.0,0.0,44273000.0,44273000.0,44273000.0,0.0,0.0,0.289,-7908000.0,49751000.0,9041000.0,0.112,1.577,10.09,10.049,141306000.0,0.0,63.91,2.918,2.918,19647000.0,279801000.0,153106000.0,153106000.0,0.0,0.112,0.165,0.235,0.357,3958000.0,54452000.0,1.0,6989914.0,6991000.0,6991000.0,21.9,374497000.0,0.0,9393000.0,7361000.0,53.568,127535000.0
8,NC,MRT,2019-06-30,2019-06-30,2019-06-30,2021-08-25,-13439000.0,399180000.0,384126000.0,175581000.0,223599000.0,0.396,38.956,-16498000.0,98423000.0,98423000.0,110192000.0,43209000.0,3.302,0.467,24992000.0,4499000.0,20493000.0,24992000.0,0.0,14683000.0,0.0,0.013,0.685,53939000.0,68622000.0,0.452,68622000.0,53939000.0,52703000.0,6.22,6.19,6.22,272150000.0,256830500.0,272150000.0,309158029.0,6.0,4.505,41516000.0,5.943,1.0,41751000.0,0.275,38987000.0,1236000.0,233595000.0,229916500.0,30876000.0,22373000.0,0.0,22373000.0,127030000.0,53167000.0,73863000.0,362890029.0,18471000.0,0.0,-2624000.0,-16114000.0,-4769000.0,-23484000.0,-16059000.0,0.0,58014000.0,0.0,43209000.0,43209000.0,43209000.0,0.0,0.0,0.284,-9884000.0,51635000.0,8047000.0,0.11,1.333,8.398,8.35,134422000.0,0.0,51.94,2.388,2.388,26275000.0,270865000.0,151943000.0,151943000.0,0.0,0.112,0.168,0.235,0.355,3958000.0,52143000.0,1.0,6986716.0,6986000.0,6986000.0,21.75,360193000.0,0.0,9494000.0,6241000.0,51.559,122414000.0
9,NC,MRT,2019-03-31,2019-03-31,2019-03-31,2021-08-25,-13510000.0,393787000.0,375835500.0,164031000.0,229756000.0,0.384,38.03,-21313000.0,79058000.0,79058000.0,106343000.0,41627000.0,3.309,0.49,25326000.0,4573000.0,20753000.0,25326000.0,0.0,14683000.0,0.0,0.017,0.66,52104000.0,66787000.0,0.463,66787000.0,52104000.0,50521000.0,6.0,5.97,6.0,264267000.0,246536000.0,264267000.0,193192359.0,4.0,2.893,40794000.0,5.87,1.0,37929000.0,0.263,39869000.0,1583000.0,250616000.0,228035750.0,32799000.0,23268000.0,0.0,23268000.0,129520000.0,49570000.0,79950000.0,267428359.0,-4345000.0,0.0,-2594000.0,-38748000.0,-4587000.0,-45906000.0,-20546000.0,0.0,62107000.0,0.0,41627000.0,41627000.0,41627000.0,0.0,0.0,0.289,-12347000.0,50276000.0,8861000.0,0.11,1.012,6.424,6.37,138321000.0,0.0,38.22,1.854,1.841,28146000.0,264217000.0,144272000.0,144272000.0,0.0,0.111,0.169,0.228,0.361,3958000.0,51218000.0,1.0,6997079.0,6949000.0,6998000.0,20.762,353918000.0,0.0,8894000.0,6026000.0,50.931,114461000.0
10,NC,MRT,2018-12-31,2018-12-31,2018-12-31,2021-08-25,-13611000.0,376991000.0,370932750.0,164174000.0,212817000.0,0.365,36.208,-19476000.0,85257000.0,85257000.0,105407000.0,34785000.0,3.886,0.504,11021000.0,4654000.0,6367000.0,11021000.0,0.0,14683000.0,0.0,0.019,0.66,44161000.0,58844000.0,0.435,58844000.0,44161000.0,42163000.0,5.02,5.0,5.02,250704000.0,236689750.0,250704000.0,169801971.0,4.0,2.886,35146000.0,5.076,1.0,29968000.0,0.221,40516000.0,1998000.0,219991000.0,229839750.0,31209000.0,20091000.0,0.0,20091000.0,126287000.0,42248000.0,84039000.0,235355971.0,-16343000.0,0.0,-1294000.0,-46729000.0,-4578000.0,-52578000.0,-18387000.0,0.0,54622000.0,0.0,34785000.0,34785000.0,34785000.0,0.0,0.0,0.257,-13656000.0,43624000.0,9399000.0,0.131,0.939,6.766,6.753,124554000.0,0.0,33.9,1.739,1.734,28816000.0,250352000.0,135375000.0,135375000.0,0.0,0.094,0.147,0.192,0.326,3958000.0,49192000.0,1.0,6942654.0,6924000.0,6960000.0,19.552,336475000.0,0.0,7378000.0,2846000.0,48.595,121926000.0
11,NC,MRT,2018-09-30,2018-09-30,2018-09-30,2021-08-25,-12899000.0,366546000.0,374073000.0,151466000.0,215080000.0,0.328,34.611,-18835000.0,83050000.0,83050000.0,101104000.0,33942000.0,3.428,0.526,17496000.0,10647000.0,6849000.0,17496000.0,0.0,3187000.0,0.0,0.02,0.66,35737000.0,38924000.0,0.317,38924000.0,35737000.0,33467000.0,4.93,4.9,4.93,240201000.0,228875750.0,240201000.0,175451716.0,5.0,4.508,34203000.0,4.928,1.0,21654000.0,0.176,41342000.0,2270000.0,215464000.0,236984000.0,33182000.0,19999000.0,0.0,19999000.0,126345000.0,44186000.0,82159000.0,227420716.0,-10888000.0,0.0,-339000.0,-41246000.0,-4563000.0,-46148000.0,-17778000.0,0.0,53038000.0,0.0,33942000.0,33942000.0,33942000.0,-493000.0,0.0,0.276,-12923000.0,34577000.0,10038000.0,0.134,0.947,6.7,6.643,126055000.0,0.0,32.75,1.853,1.851,24472000.0,239817000.0,122758000.0,122758000.0,0.0,0.091,0.148,0.151,0.291,4520000.0,50204000.0,1.0,6944144.0,6940000.0,6940000.0,17.688,325204000.0,548000.0,-475000.0,0.0,46.859,107280000.0
12,NC,MRT,2018-06-30,2018-06-30,2018-06-30,2021-08-25,-13002000.0,366018000.0,378673750.0,152386000.0,213632000.0,0.299,33.281,-16409000.0,79952000.0,79952000.0,95225000.0,33140000.0,3.318,0.585,27983000.0,13037000.0,14946000.0,27983000.0,0.0,6344000.0,0.0,0.023,0.768,36627000.0,42971000.0,0.379,42971000.0,36627000.0,33832000.0,4.83,4.8,4.83,230972000.0,220591250.0,230972000.0,201502385.0,6.0,4.689,45339000.0,6.533,1.0,18034000.0,0.159,42056000.0,2795000.0,226072000.0,248741250.0,29159000.0,18444000.0,0.0,18444000.0,135046000.0,45921000.0,89125000.0,234137385.0,22856000.0,0.0,-55000.0,-41146000.0,-5281000.0,-21621000.0,-17277000.0,0.0,61748000.0,6000.0,33140000.0,33140000.0,33140000.0,-5560000.0,0.0,0.293,-12985000.0,31019000.0,13729000.0,0.159,1.014,7.065,6.988,123632000.0,0.0,33.75,2.067,2.068,30572000.0,231761000.0,113259000.0,113259000.0,0.0,0.088,0.15,0.147,0.323,4520000.0,49895000.0,1.0,6937404.0,6940000.0,6940000.0,16.32,323962000.0,2663000.0,692000.0,0.0,46.68,106465000.0
13,NC,MRT,2018-03-31,2018-03-31,2018-03-31,2021-08-25,-13107000.0,374176000.0,442484250.0,162289000.0,211887000.0,0.243,32.62,-11331000.0,83403000.0,83403000.0,89893000.0,33535000.0,3.974,0.664,50768000.0,16081000.0,34687000.0,50768000.0,0.0,9587000.0,0.0,0.027,0.876,37533000.0,47120000.0,0.438,47120000.0,37533000.0,34379000.0,4.9,4.87,4.9,224882000.0,220588250.0,224882000.0,184292389.0,5.0,3.911,64149000.0,9.305,1.0,17785000.0,0.165,42870000.0,3154000.0,257832000.0,302496500.0,30115000.0,18679000.0,0.0,18679000.0,149294000.0,40839000.0,108455000.0,227746389.0,30090000.0,0.0,0.0,-46012000.0,-5999000.0,-31851000.0,-13257000.0,0.0,75480000.0,-282000.0,33535000.0,33535000.0,33535000.0,-5116000.0,0.0,0.311,-14944000.0,32729000.0,8411000.0,0.179,1.013,6.791,6.704,119811000.0,0.0,32.85,2.115,2.103,35697000.0,226513000.0,107678000.0,107678000.0,0.0,0.076,0.152,0.124,0.349,4520000.0,48598000.0,1.0,6932919.0,6894000.0,6939000.0,15.619,331306000.0,4465000.0,844000.0,0.0,48.057,121450000.0
14,NC,MRT,2017-12-31,2017-12-31,2017-12-31,2021-08-25,-8341000.0,389552000.0,504013000.0,176988000.0,212564000.0,0.208,32.13,-11748000.0,101600000.0,101600000.0,87859000.0,30337000.0,3.279,0.775,58146000.0,16125000.0,42021000.0,58146000.0,0.0,12767000.0,0.0,0.026,0.979,34416000.0,47183000.0,0.45,47183000.0,34416000.0,30976000.0,4.44,4.41,4.44,219448000.0,220499250.0,219448000.0,222562355.0,6.0,4.717,29557000.0,4.328,1.0,16919000.0,0.161,43554000.0,3440000.0,248568000.0,362146000.0,30015000.0,16335000.0,0.0,16335000.0,170104000.0,53976000.0,116128000.0,257759355.0,24065000.0,0.0,0.0,-36047000.0,-6682000.0,-2306000.0,-15005000.0,0.0,41305000.0,71000.0,30337000.0,30337000.0,30337000.0,-1874000.0,0.0,0.29,-15895000.0,32814000.0,9500000.0,0.22,1.175,8.497,8.48,120068000.0,0.0,37.65,2.46,2.454,34530000.0,216490000.0,104778000.0,104778000.0,0.0,0.06,0.138,0.095,0.328,4520000.0,47491000.0,1.0,6846198.0,6830000.0,6873000.0,15.341,345998000.0,5962000.0,639000.0,0.0,50.659,123012000.0
15,NC,MRT,2017-09-30,2017-09-30,2017-09-30,2021-08-25,-9449000.0,384949000.0,573630250.0,164248000.0,220701000.0,0.181,30.277,-6371000.0,93938000.0,93938000.0,89784000.0,44295000.0,3.8,0.859,58741000.0,1168000.0,57573000.0,58741000.0,0.0,12760000.0,0.0,0.013,1.082,57122000.0,69882000.0,0.674,69882000.0,57122000.0,53180000.0,6.49,6.47,6.49,207063000.0,220710500.0,207063000.0,649787233.0,11.0,9.298,68524000.0,10.02,1.0,13860000.0,0.134,44036000.0,3942000.0,262493000.0,406815500.0,30580000.0,27281000.0,0.0,27281000.0,177886000.0,43223000.0,134663000.0,586590233.0,52785000.0,0.0,0.0,-56183000.0,-7364000.0,-11489000.0,-10537000.0,0.0,74895000.0,-84000.0,44295000.0,44295000.0,44295000.0,-30128000.0,0.0,0.427,2713000.0,11147000.0,11694000.0,0.167,2.833,13.243,13.22,116336000.0,0.0,85.8,5.66,5.662,32034000.0,207447000.0,103644000.0,103644000.0,0.0,0.077,0.201,0.14,0.551,0.0,49886000.0,1.0,6836716.0,6839000.0,6866000.0,15.155,340913000.0,7145000.0,8885000.0,3442000.0,49.848,121025000.0
16,NC,MRT,2017-06-30,2017-06-30,2017-06-30,2021-08-25,-24115000.0,621260000.0,643420500.0,343959000.0,277301000.0,0.177,33.791,-365000.0,60209000.0,60209000.0,101073000.0,35456000.0,1.849,1.69,123406000.0,23488000.0,99918000.0,123406000.0,0.0,10765000.0,0.0,0.015,1.076,34159000.0,44924000.0,0.394,44924000.0,34159000.0,30127000.0,5.2,5.18,5.2,230960000.0,218021750.0,230960000.0,585798289.0,17.0,13.04,74854000.0,10.952,1.0,13032000.0,0.114,57315000.0,4032000.0,441093000.0,458072250.0,163759000.0,27254000.0,0.0,27254000.0,390300000.0,186049000.0,204251000.0,484176289.0,25952000.0,0.0,-2218000.0,-28355000.0,-7314000.0,-41963000.0,-7219000.0,0.0,75219000.0,-85000.0,35456000.0,35456000.0,35456000.0,-26752000.0,0.0,0.311,36755000.0,-23723000.0,104794000.0,0.207,2.096,13.656,13.625,132126000.0,0.0,70.85,4.243,4.244,96295000.0,248239000.0,114105000.0,114105000.0,0.0,0.055,0.163,0.075,0.299,0.0,48928000.0,1.0,6833822.0,6835000.0,6850000.0,16.694,563945000.0,23839000.0,-5329000.0,0.0,82.508,157910000.0
17,NC,MRT,2017-03-31,2017-03-31,2017-03-31,2021-08-25,-24687000.0,620291000.0,640486250.0,330895000.0,289396000.0,0.412,32.989,-637000.0,56426000.0,56426000.0,215048000.0,31784000.0,1.979,1.763,158048000.0,32735000.0,125313000.0,158048000.0,0.0,12038000.0,0.0,0.015,1.071,28250000.0,40288000.0,0.153,40288000.0,28250000.0,23676000.0,4.66,4.64,4.66,224526000.0,210024750.0,224526000.0,530899237.0,19.0,13.178,54913000.0,8.068,1.0,48964000.0,0.185,58279000.0,4574000.0,496430000.0,473660750.0,158982000.0,35906000.0,0.0,35906000.0,395765000.0,167204000.0,228561000.0,476794237.0,20708000.0,0.0,-6044000.0,-12705000.0,-7285000.0,-25611000.0,-9312000.0,0.0,55550000.0,81000.0,31784000.0,31784000.0,31784000.0,-27196000.0,0.0,0.12,90024000.0,-41060000.0,87119000.0,0.23,2.124,15.001,14.979,132158000.0,0.0,69.8,1.806,1.799,93187000.0,242379000.0,264012000.0,264012000.0,0.0,0.05,0.151,0.06,0.107,0.0,85232000.0,1.0,6830863.0,6806000.0,6843000.0,38.791,562012000.0,26333000.0,-8108000.0,0.0,82.576,163691000.0
18,NC,MRT,2016-12-31,2016-12-31,2016-12-31,2021-08-25,-25927000.0,668021000.0,637042000.0,381732000.0,286289000.0,0.174,32.311,-2182000.0,69308000.0,69308000.0,98999000.0,29607000.0,1.721,2.032,96039000.0,1744000.0,94295000.0,96039000.0,0.0,13050000.0,0.0,0.012,1.065,24276000.0,37326000.0,0.336,37326000.0,24276000.0,19958000.0,4.34,4.32,4.34,220293000.0,204398000.0,220293000.0,706652799.0,29.0,18.932,91753000.0,13.457,1.0,12082000.0,0.109,45678000.0,4318000.0,427246000.0,482313000.0,28927000.0,31054000.0,0.0,31054000.0,447728000.0,221828000.0,225900000.0,613612799.0,28149000.0,0.0,-6044000.0,-22564000.0,-7262000.0,-55710000.0,-9817000.0,0.0,93935000.0,-259000.0,29607000.0,29607000.0,29607000.0,-26651000.0,0.0,0.267,68979000.0,-56897000.0,10560000.0,0.245,2.785,20.725,20.864,115106000.0,0.0,90.55,5.524,5.558,20793000.0,239441000.0,111081000.0,111081000.0,0.0,0.046,0.145,0.05,0.219,0.0,48863000.0,1.0,6776508.0,6818000.0,6854000.0,16.292,622343000.0,10876000.0,-9649000.0,0.0,91.279,159904000.0
19,NC,MRT,2016-09-30,2016-09-30,2016-09-30,2021-08-25,-25134000.0,664110000.0,633888750.0,384249000.0,279861000.0,-0.154,28.928,1611000.0,44266000.0,44266000.0,-52677000.0,23568000.0,1.674,2.383,137306000.0,6782000.0,130524000.0,137306000.0,0.0,9905000.0,0.0,0.016,1.06,5141000.0,15046000.0,-0.154,15046000.0,5141000.0,1551000.0,3.39,3.38,3.39,196308000.0,199609250.0,196308000.0,579858568.0,113.0,38.539,95957000.0,14.14,1.0,-44836000.0,0.46,60124000.0,3590000.0,467520000.0,505013750.0,201309000.0,0.0,0.0,0.0,467802000.0,229506000.0,238296000.0,462963568.0,32419000.0,0.0,-6806000.0,-10322000.0,-7244000.0,-49935000.0,-11896000.0,0.0,94346000.0,-96000.0,23568000.0,23568000.0,23568000.0,-21402000.0,0.0,-0.242,23691000.0,-68527000.0,157253000.0,0.313,2.358,19.644,20.047,124626000.0,0.0,67.96,-4.748,-4.729,104973000.0,214666000.0,-97513000.0,-97513000.0,0.0,0.037,0.118,0.01,-0.053,0.0,4813000.0,1.0,6812295.0,6786000.0,6786000.0,-14.37,603986000.0,23812000.0,-22017000.0,0.0,89.005,154743000.0
20,NC,MRT,2016-06-30,2016-06-30,2016-06-30,2021-08-25,-25569000.0,609523000.0,643540500.0,320964000.0,288559000.0,0.17,29.022,-4405000.0,34257000.0,34257000.0,113460000.0,27150000.0,1.985,2.063,151152000.0,7681000.0,143471000.0,151152000.0,0.0,14521000.0,0.0,0.019,1.054,21007000.0,35528000.0,0.325,35528000.0,21007000.0,16856000.0,3.9,3.89,3.9,198972000.0,196718250.0,198972000.0,512672176.0,24.0,14.43,70685000.0,10.31,1.0,-4268000.0,-0.039,61287000.0,4151000.0,503447000.0,524376500.0,167589000.0,30643000.0,0.0,30643000.0,410551000.0,161684000.0,248867000.0,385239176.0,14934000.0,0.0,-11827000.0,-32825000.0,-7246000.0,-46224000.0,-13833000.0,0.0,75090000.0,-99000.0,27150000.0,27150000.0,27150000.0,-19711000.0,0.0,0.249,42852000.0,-47120000.0,100878000.0,0.27,1.936,14.189,14.359,132290000.0,0.0,56.0,3.528,3.516,81623000.0,217728000.0,109192000.0,109192000.0,0.0,0.042,0.138,0.04,0.192,0.0,41599000.0,1.0,6879271.0,6856000.0,6874000.0,15.926,548236000.0,29997000.0,-10294000.0,0.0,79.964,159280000.0
21,NC,MRT,2016-03-31,2016-03-31,2016-03-31,2021-08-25,-24315000.0,606514000.0,654009500.0,315766000.0,290748000.0,0.195,29.462,-2987000.0,35718000.0,35718000.0,137101000.0,23759000.0,2.243,2.002,163151000.0,5683000.0,157468000.0,163151000.0,0.0,15806000.0,0.0,0.018,1.05,19190000.0,34996000.0,0.274,34996000.0,19190000.0,14848000.0,3.41,3.4,3.41,202019000.0,194998750.0,202019000.0,512185878.0,27.0,14.636,63724000.0,9.293,1.0,-9416000.0,-0.074,62111000.0,4342000.0,531039000.0,536839250.0,164334000.0,29532000.0,0.0,29532000.0,404495000.0,140797000.0,263698000.0,394702878.0,6406000.0,0.0,-17099000.0,-30684000.0,-7250000.0,-49178000.0,-11110000.0,0.0,66711000.0,-17000.0,23759000.0,23759000.0,23759000.0,-19711000.0,0.0,0.186,40667000.0,-50083000.0,90247000.0,0.308,1.954,16.613,16.836,132345000.0,0.0,57.41,3.091,3.083,78441000.0,218743000.0,127685000.0,127685000.0,0.0,0.036,0.122,0.036,0.15,0.0,39948000.0,1.0,6875159.0,6857000.0,6885000.0,18.621,544403000.0,33588000.0,-8911000.0,0.0,79.394,174969000.0
22,NC,MRT,2015-12-31,2015-12-31,2015-12-31,2021-08-25,-23444000.0,655408000.0,665790250.0,361434000.0,293974000.0,0.222,28.73,-1014000.0,52499000.0,52499000.0,159230000.0,21984000.0,1.885,2.258,169982000.0,9869000.0,160113000.0,169982000.0,0.0,17372000.0,0.0,0.025,1.044,17436000.0,34808000.0,0.235,34808000.0,17436000.0,12474000.0,3.14,3.13,3.14,201138000.0,195231500.0,201138000.0,450510541.0,26.0,12.943,106988000.0,15.282,1.0,-11232000.0,-0.076,63096000.0,4962000.0,518049000.0,544589750.0,165016000.0,24643000.0,0.0,24643000.0,454270000.0,191746000.0,262524000.0,288354541.0,-8636000.0,0.0,-24010000.0,-82829000.0,-7296000.0,-108301000.0,-8291000.0,0.0,108002000.0,-46000.0,21984000.0,21984000.0,21984000.0,-19711000.0,0.0,0.149,40927000.0,-52159000.0,100300000.0,0.332,1.434,13.117,13.439,132539000.0,0.0,42.2,1.948,1.996,114105000.0,217745000.0,147998000.0,147998000.0,0.0,0.033,0.113,0.032,0.118,0.0,40105000.0,1.0,6833046.0,7001000.0,7022000.0,21.14,592312000.0,42013000.0,-9510000.0,0.0,84.604,169688000.0
23,NC,MRT,2015-09-30,2015-09-30,2015-09-30,2021-08-25,-22958000.0,702717000.0,694568250.0,388269000.0,314448000.0,1.334,26.682,-7344000.0,11847000.0,11847000.0,745006000.0,-36776000.0,1.517,2.804,174003000.0,15353000.0,158650000.0,174003000.0,0.0,25962000.0,0.0,0.022,1.038,-65404000.0,-39442000.0,-0.043,-39442000.0,-65404000.0,-72903000.0,-4.8,-4.8,-4.8,184744000.0,197815500.0,184744000.0,490331186.0,-7.0,-12.432,70051000.0,10.117,1.0,181620000.0,0.196,63903000.0,7499000.0,544971000.0,573959500.0,234214000.0,0.0,0.0,0.0,517973000.0,255999000.0,261974000.0,330590186.0,-38751000.0,-25000000.0,-31876000.0,-42647000.0,-7373000.0,-82057000.0,-33961000.0,0.0,77395000.0,-128000.0,-36776000.0,-36776000.0,-36776000.0,0.0,0.0,-0.04,293677000.0,-112057000.0,161040000.0,-0.216,1.789,-8.989,-9.906,151767000.0,0.0,47.55,0.357,0.355,120890000.0,200853000.0,926626000.0,926626000.0,0.0,-0.053,-0.186,-0.114,-0.071,0.0,192091000.0,1.0,6952475.0,6924000.0,6935000.0,133.828,638814000.0,39008000.0,-36127000.0,0.0,92.261,132270000.0
24,NC,MRT,2015-06-30,2015-06-30,2015-06-30,2021-08-25,-21286000.0,651399000.0,726179000.0,339899000.0,311500000.0,1.252,27.255,-10859000.0,19323000.0,19323000.0,723285000.0,-32218000.0,1.763,2.391,179064000.0,12825000.0,166239000.0,179064000.0,0.0,27032000.0,0.0,0.017,1.034,-59164000.0,-32132000.0,-0.035,-32132000.0,-59164000.0,-67112000.0,-4.23,-4.23,-4.23,192094000.0,218940000.0,192094000.0,588613907.0,-10.0,-18.319,80233000.0,11.384,1.0,185948000.0,0.205,65039000.0,7948000.0,553298000.0,600391500.0,203167000.0,0.0,0.0,0.0,459305000.0,192803000.0,266502000.0,429002907.0,-41584000.0,-25000000.0,-36837000.0,-50593000.0,-7486000.0,-95298000.0,-37198000.0,0.0,91092000.0,-180000.0,-32218000.0,-32218000.0,-32218000.0,0.0,0.0,-0.035,292272000.0,-106324000.0,116246000.0,-0.244,2.233,-13.316,-14.364,154020000.0,0.0,60.76,0.472,0.471,91432000.0,206400000.0,909233000.0,909233000.0,0.0,-0.044,-0.147,-0.099,-0.065,0.0,190913000.0,1.0,7060614.0,7048000.0,7048000.0,129.006,586360000.0,31480000.0,-34894000.0,0.0,83.195,147096000.0
25,NC,MRT,2015-03-31,2015-03-31,2015-03-31,2021-08-25,-21125000.0,653637000.0,760527500.0,337452000.0,316185000.0,1.201,28.231,-19907000.0,29312000.0,29312000.0,726013000.0,-35567000.0,1.822,2.221,188923000.0,23988000.0,164935000.0,188923000.0,0.0,27849000.0,0.0,0.019,1.029,-64840000.0,-36991000.0,-0.041,-36991000.0,-64840000.0,-73077000.0,-4.66,-4.66,-4.66,202950000.0,239613250.0,202950000.0,567431131.0,-9.0,-15.34,63380000.0,8.816,1.0,187090000.0,0.205,65990000.0,8237000.0,562041000.0,628364500.0,187096000.0,0.0,0.0,0.0,450687000.0,185217000.0,265470000.0,380668131.0,-40758000.0,-25000000.0,-37000000.0,-34379000.0,-7641000.0,-79379000.0,-44554000.0,0.0,83287000.0,-112000.0,-35567000.0,-35567000.0,-35567000.0,0.0,0.0,-0.039,298084000.0,-110994000.0,101011000.0,-0.221,1.876,-10.703,-11.371,156551000.0,0.0,52.99,0.417,0.417,94126000.0,216927000.0,913103000.0,913103000.0,0.0,-0.047,-0.148,-0.103,-0.071,0.0,196684000.0,1.0,7183773.0,7189000.0,7208000.0,127.014,587647000.0,29222000.0,-37510000.0,0.0,81.743,152235000.0
26,NC,MRT,2014-12-31,2014-12-31,2014-12-31,2021-08-25,-20189000.0,770520000.0,792118250.0,447147000.0,323373000.0,1.132,27.862,-49366000.0,61135000.0,61135000.0,711710000.0,-38118000.0,1.756,2.644,247898000.0,56467000.0,191431000.0,247898000.0,0.0,28070000.0,0.0,0.017,1.022,-69007000.0,-40937000.0,-0.046,-40937000.0,-69007000.0,-76573000.0,-5.02,-5.02,-5.02,211474000.0,261261500.0,211474000.0,599360183.0,-9.0,-14.641,-29567000.0,-3.896,1.0,185072000.0,0.206,67074000.0,7566000.0,635528000.0,655916750.0,190382000.0,0.0,0.0,0.0,559046000.0,254681000.0,304365000.0,433309183.0,-34255000.0,-25000000.0,-35075000.0,64147000.0,-7755000.0,20979000.0,-74934000.0,0.0,19799000.0,-99000.0,-38118000.0,-38118000.0,-38118000.0,0.0,0.0,-0.043,299777000.0,-114705000.0,133668000.0,-0.204,2.049,-11.368,-11.825,159644000.0,0.0,59.36,0.483,0.502,180887000.0,224428000.0,896782000.0,896782000.0,0.0,-0.048,-0.146,-0.105,-0.077,0.0,198697000.0,1.0,7299683.0,7590000.0,7590000.0,118.153,703446000.0,34372000.0,-38455000.0,4015000.0,92.681,192466000.0
27,NC,MRT,2014-09-30,2014-09-30,2014-09-30,2021-08-25,-12450000.0,829160000.0,801977250.0,450443000.0,378717000.0,1.137,35.827,-77703000.0,50598000.0,50598000.0,714062000.0,25107000.0,1.567,2.08,216649000.0,77691000.0,138958000.0,216649000.0,0.0,27640000.0,0.0,0.02,1.015,34566000.0,62206000.0,0.068,62206000.0,34566000.0,27837000.0,3.16,3.16,3.16,269242000.0,282838000.0,269242000.0,548033156.0,16.0,8.81,-29403000.0,-3.913,1.0,197418000.0,0.217,57017000.0,6729000.0,650699000.0,647162750.0,220607000.0,0.0,0.0,0.0,559918000.0,287495000.0,272423000.0,379282156.0,-28755000.0,0.0,-30398000.0,41864000.0,-7855000.0,2165000.0,-79181000.0,-5000000.0,48300000.0,-39000.0,25107000.0,25107000.0,25107000.0,0.0,0.0,0.028,210053000.0,-12635000.0,149343000.0,0.321,1.409,15.107,15.737,252039000.0,0.0,49.73,0.416,0.41,141978000.0,274297000.0,911480000.0,911480000.0,0.0,0.031,0.089,0.053,0.038,0.0,203069000.0,1.0,7626828.0,7515000.0,7533000.0,121.288,772143000.0,12661000.0,2730000.0,23304000.0,102.747,162948000.0
28,NC,MRT,2014-06-30,2014-06-30,2014-06-30,2021-08-25,-12762000.0,788793000.0,789209500.0,406342000.0,382451000.0,1.164,35.631,-82309000.0,60907000.0,60907000.0,718286000.0,29733000.0,1.733,1.871,229658000.0,82401000.0,147257000.0,229658000.0,0.0,26960000.0,0.0,0.02,1.008,39982000.0,66942000.0,0.073,66942000.0,39982000.0,34255000.0,3.68,3.68,3.68,274787000.0,284457750.0,274787000.0,547868445.0,14.0,8.184,-48098000.0,-6.237,1.0,200094000.0,0.218,57929000.0,5727000.0,665190000.0,624103750.0,188148000.0,0.0,0.0,0.0,514006000.0,234425000.0,279581000.0,394637445.0,-24151000.0,0.0,-23945000.0,63533000.0,-7927000.0,30456000.0,-88819000.0,-5000000.0,34211000.0,1000.0,29733000.0,29733000.0,29733000.0,0.0,0.0,0.032,207114000.0,-7020000.0,99319000.0,0.274,1.436,13.273,13.75,254362000.0,0.0,50.6,0.43,0.425,121352000.0,279922000.0,918380000.0,918380000.0,0.0,0.038,0.105,0.064,0.044,0.0,199965000.0,1.0,7799159.0,7712000.0,7712000.0,119.085,730864000.0,14064000.0,4522000.0,23026000.0,94.77,171917000.0
29,NC,MRT,2014-03-31,2014-03-31,2014-03-31,2021-08-25,-12439000.0,780000000.0,766540500.0,403237000.0,376763000.0,1.192,36.894,-79325000.0,70070000.0,70070000.0,702826000.0,38504000.0,1.996,1.694,223301000.0,55232000.0,168069000.0,223301000.0,0.0,25179000.0,0.0,0.018,1.0,52719000.0,77898000.0,0.085,77898000.0,52719000.0,47794000.0,4.78,4.78,4.78,289543000.0,282767500.0,289543000.0,514289759.0,10.0,6.602,-27250000.0,-3.472,1.0,211201000.0,0.231,58920000.0,4925000.0,672250000.0,592270750.0,193913000.0,0.0,0.0,0.0,490457000.0,202061000.0,288396000.0,425929759.0,-26800000.0,0.0,-31192000.0,47542000.0,-7966000.0,7164000.0,-86008000.0,-5000000.0,52075000.0,-31000.0,38504000.0,38504000.0,38504000.0,0.0,0.0,0.042,204241000.0,6960000.0,103642000.0,0.209,1.471,11.062,11.341,245858000.0,0.0,54.21,0.466,0.465,107035000.0,294183000.0,914027000.0,914027000.0,0.0,0.05,0.136,0.089,0.058,0.0,197464000.0,1.0,7857033.0,7848000.0,7848000.0,116.466,721080000.0,11457000.0,9290000.0,22918000.0,91.881,201176000.0
30,NC,MRT,2013-12-31,2013-12-31,2013-12-31,2021-08-25,-12259000.0,809956000.0,749972500.0,461290000.0,348666000.0,1.244,36.74,-54945000.0,95390000.0,95390000.0,711375000.0,44450000.0,1.937,1.72,183750000.0,31319000.0,152431000.0,183750000.0,0.0,24572000.0,0.0,0.016,1.0,60495000.0,85067000.0,0.091,85067000.0,60495000.0,55720000.0,5.48,5.47,5.48,297780000.0,280505000.0,297780000.0,587092023.0,10.0,6.902,-1880000.0,-0.232,1.0,221291000.0,0.237,59685000.0,4775000.0,600512000.0,559321750.0,184445000.0,0.0,0.0,0.0,512176000.0,238119000.0,274057000.0,491660023.0,-44465000.0,0.0,-31306000.0,3851000.0,-8104000.0,-36776000.0,-60734000.0,-5000000.0,53065000.0,-20000.0,44450000.0,44450000.0,44450000.0,0.0,0.0,0.048,206384000.0,14907000.0,133016000.0,0.182,1.651,11.061,11.349,219256000.0,0.0,62.19,0.527,0.54,153425000.0,302168000.0,932666000.0,932666000.0,0.0,0.059,0.158,0.108,0.065,0.0,199331000.0,1.0,7905773.0,8105000.0,8124000.0,115.073,750271000.0,15047000.0,11270000.0,33663000.0,92.569,223171000.0
31,NC,MRT,2013-09-30,2013-09-30,2013-09-30,2021-08-25,-17107000.0,778089000.0,741560000.0,454955000.0,323134000.0,1.266,34.517,-28564000.0,79353000.0,79353000.0,710857000.0,45526000.0,1.816,1.822,174785000.0,45662000.0,129123000.0,174785000.0,0.0,22966000.0,0.0,0.081,4.5,66201000.0,89167000.0,0.095,89167000.0,66201000.0,61337000.0,5.53,5.5,5.53,275721000.0,276392750.0,275721000.0,522157547.0,8.0,5.856,42070000.0,5.267,1.0,228009000.0,0.243,64590000.0,4864000.0,558463000.0,538500500.0,207349000.0,0.0,0.0,0.0,502368000.0,250468000.0,251900000.0,443295547.0,-76361000.0,-4490000.0,-29956000.0,-42233000.0,-37612000.0,-109855000.0,-37119000.0,-60000.0,70634000.0,-21000.0,45526000.0,45526000.0,45526000.0,0.0,0.0,0.048,203740000.0,24269000.0,141919000.0,0.814,1.608,9.737,10.022,193864000.0,0.0,55.42,0.472,0.472,138181000.0,284523000.0,938866000.0,938866000.0,0.0,0.061,0.165,0.123,0.071,0.0,201472000.0,1.0,7998837.0,7988000.0,7996000.0,117.535,713499000.0,14428000.0,15811000.0,23074000.0,89.321,204487000.0
32,NC,MRT,2013-06-30,2013-06-30,2013-06-30,2021-08-25,-19858000.0,698117000.0,752542000.0,392640000.0,305477000.0,1.223,32.77,-11711000.0,85058000.0,85058000.0,689302000.0,71305000.0,2.264,1.605,163920000.0,34233000.0,129687000.0,163920000.0,0.0,21427000.0,0.0,0.084,4.798,92585000.0,114012000.0,0.124,114012000.0,92585000.0,87256000.0,8.52,8.48,8.52,268026000.0,280249000.0,268026000.0,554325127.0,6.0,4.862,77063000.0,9.422,1.0,231017000.0,0.251,65666000.0,5329000.0,537858000.0,536494750.0,167470000.0,0.0,0.0,0.0,430091000.0,173455000.0,256636000.0,477637127.0,-73096000.0,-69287000.0,-24209000.0,-8473000.0,-40206000.0,-78039000.0,-84815000.0,14434000.0,88774000.0,984000.0,71305000.0,71305000.0,71305000.0,-27728000.0,0.0,0.077,208257000.0,22760000.0,90334000.0,0.563,1.782,6.699,6.723,185626000.0,0.0,57.28,0.519,0.509,110300000.0,275662000.0,920319000.0,920319000.0,0.0,0.095,0.254,0.173,0.101,0.0,209406000.0,1.0,8338637.0,8179000.0,8184000.0,112.522,632451000.0,13701000.0,15951000.0,22961000.0,77.326,219185000.0
33,NC,MRT,2013-03-31,2013-03-31,2013-03-31,2021-08-25,-20427000.0,713728000.0,1006439750.0,406862000.0,306866000.0,0.89,33.552,-32848000.0,96870000.0,96870000.0,669053000.0,87870000.0,2.245,1.545,173558000.0,49719000.0,123839000.0,173558000.0,0.0,19954000.0,0.0,0.095,5.095,108797000.0,128751000.0,0.144,128751000.0,108797000.0,103112000.0,10.49,10.45,10.49,280493000.0,367187750.0,280493000.0,486440048.0,4.0,3.778,82596000.0,9.88,1.0,226684000.0,0.253,68711000.0,5685000.0,540454000.0,644855750.0,162234000.0,0.0,0.0,0.0,433235000.0,181251000.0,251984000.0,448640048.0,-73038000.0,-69287000.0,-7701000.0,51969000.0,-42766000.0,-90355000.0,-95926000.0,14434000.0,115444000.0,-2201000.0,87870000.0,87870000.0,87870000.0,-45997000.0,0.0,0.098,205424000.0,21260000.0,90576000.0,0.486,1.599,5.106,5.087,184062000.0,0.0,53.36,0.501,0.498,117882000.0,272547000.0,895737000.0,895737000.0,0.0,0.087,0.239,0.169,0.121,0.0,209042000.0,1.0,8407797.0,8360000.0,8399000.0,107.146,645017000.0,10604000.0,15242000.0,24632000.0,77.155,225611000.0
34,NC,MRT,2012-12-31,2012-12-31,2012-12-31,2021-08-25,-21861000.0,776306000.0,1265457750.0,486842000.0,289464000.0,0.69,33.556,-8708000.0,139855000.0,139855000.0,647422000.0,108698000.0,2.143,1.759,177697000.0,42249000.0,135448000.0,177697000.0,0.0,17992000.0,0.0,0.089,5.378,130651000.0,148643000.0,0.17,148643000.0,130651000.0,124563000.0,12.97,12.92,12.97,281331000.0,449539500.0,281331000.0,561150674.0,4.0,3.775,134306000.0,16.019,1.0,225942000.0,0.259,69752000.0,6088000.0,517227000.0,721117250.0,169440000.0,0.0,0.0,0.0,494975000.0,227169000.0,267806000.0,509450674.0,-53794000.0,-69287000.0,-3178000.0,20209000.0,-45130000.0,-123433000.0,-74237000.0,14434000.0,143014000.0,862000.0,108698000.0,108698000.0,108698000.0,-66535000.0,0.0,0.124,203544000.0,22398000.0,127469000.0,0.415,1.811,4.687,4.679,182985000.0,0.0,60.69,0.583,0.583,149291000.0,270227000.0,873364000.0,873364000.0,0.0,0.086,0.242,0.181,0.15,0.0,207553000.0,1.0,8394310.0,8384000.0,8414000.0,104.17,706554000.0,15335000.0,15865000.0,29401000.0,84.274,259673000.0
35,NC,MRT,2012-09-30,2012-09-30,2012-09-30,2021-08-25,-63491000.0,822017000.0,1523556250.0,509141000.0,312876000.0,0.544,34.697,-7114000.0,155714000.0,155714000.0,607753000.0,139437000.0,2.088,1.823,207316000.0,48912000.0,158404000.0,207316000.0,0.0,15804000.0,0.0,0.017,2.16,163821000.0,179625000.0,0.217,179625000.0,163821000.0,157112000.0,16.63,16.59,16.63,291146000.0,523256750.0,291146000.0,1056435096.0,6.0,5.881,176128000.0,20.99,1.0,221383000.0,0.267,79340000.0,6709000.0,550440000.0,805335500.0,205355000.0,0.0,0.0,0.0,530871000.0,243839000.0,287032000.0,1052135096.0,83136000.0,-64797000.0,-2640000.0,93619000.0,-18146000.0,-23378000.0,-73369000.0,14494000.0,183242000.0,-3359000.0,139437000.0,139437000.0,139437000.0,-91036000.0,0.0,0.168,195445000.0,25938000.0,134401000.0,0.13,3.614,7.546,7.541,193544000.0,0.0,125.41,1.269,1.269,107731000.0,321297000.0,829136000.0,829136000.0,0.0,0.092,0.266,0.203,0.198,0.0,198380000.0,1.0,8389563.0,8391000.0,8409000.0,98.813,742677000.0,23930000.0,17675000.0,23995000.0,88.509,265302000.0
36,NC,MRT,2012-06-30,2012-06-30,2012-06-30,2021-08-25,-74490000.0,1713708000.0,1757427000.0,1274646000.0,439062000.0,0.463,73.412,-11878000.0,160098000.0,160098000.0,596013000.0,127033000.0,1.846,1.781,164919000.0,69668000.0,95251000.0,164919000.0,0.0,175000.0,0.0,0.018,2.145,151009000.0,151184000.0,0.186,151184000.0,151009000.0,143509000.0,15.16,15.12,15.16,615781000.0,587245250.0,615781000.0,998602094.0,7.0,6.605,139083000.0,16.581,1.0,217656000.0,0.267,56851000.0,7500000.0,971302000.0,911625500.0,173913000.0,0.0,0.0,0.0,1097000000.0,690376000.0,406624000.0,975102094.0,1676000.0,0.0,-2640000.0,-802000.0,-17953000.0,-121993000.0,-19038000.0,0.0,150961000.0,-8254000.0,127033000.0,127033000.0,127033000.0,-80808000.0,0.0,0.156,192883000.0,24773000.0,86859000.0,0.141,1.584,7.676,7.668,137012000.0,0.0,116.25,1.198,1.198,79979000.0,657518000.0,813669000.0,813669000.0,0.0,0.072,0.216,0.166,0.186,0.0,193577000.0,1.0,8387975.0,8388000.0,8400000.0,97.004,1656857000.0,17724000.0,16476000.0,12384000.0,197.527,584270000.0
37,NC,MRT,2012-03-31,2012-03-31,2012-03-31,2021-08-25,-62100000.0,1749800000.0,1767600000.0,1341400000.0,408400000.0,0.822,72.789,6010000.0,314900000.0,314900000.0,1140975000.0,124421000.0,1.541,1.868,338400000.0,274900000.0,63500000.0,338400000.0,11700000.0,8211000.0,0.0,0.018,2.13,158906000.0,167117000.0,0.115,167117000.0,158906000.0,146810000.0,14.85,14.8,14.85,609900000.0,568425000.0,609900000.0,1011512218.0,6.0,6.053,172533000.0,20.591,1.0,312259000.0,0.215,57300000.0,12096000.0,845500000.0,936900000.0,477900000.0,0.0,0.0,0.0,1139100000.0,870500000.0,268600000.0,975912218.0,65130000.0,0.0,-2640000.0,-51008000.0,-17861000.0,-85288000.0,-11840000.0,0.0,166523000.0,-4265000.0,124521000.0,124521000.0,124521000.0,-62539000.0,-100000.0,0.086,262908000.0,49351000.0,412000000.0,0.143,1.6,7.837,7.836,253300000.0,0.0,116.37,0.672,0.671,445400000.0,640400000.0,1453234000.0,1453234000.0,0.0,0.07,0.219,0.17,0.109,0.0,261852000.0,1.0,8386287.0,8379000.0,8394000.0,173.438,1692500000.0,32500000.0,22289000.0,17100000.0,201.993,470900000.0
38,NC,MRT,2011-12-31,2011-12-31,2011-12-31,2021-08-25,-74600000.0,1808700000.0,1761950000.0,1376100000.0,432600000.0,0.449,68.734,-16865000.0,153700000.0,153700000.0,580815000.0,162071000.0,1.544,2.138,148200000.0,73700000.0,74500000.0,148200000.0,0.0,16301000.0,0.0,0.024,2.12,203611000.0,219912000.0,0.278,219912000.0,203611000.0,194822000.0,19.34,19.28,19.34,576200000.0,544925000.0,576200000.0,868326451.0,4.0,3.949,138314000.0,16.499,1.0,209640000.0,0.265,57900000.0,8789000.0,854100000.0,1013250000.0,161300000.0,0.0,0.0,0.0,1231700000.0,891200000.0,340500000.0,749126451.0,76771000.0,0.0,-2063000.0,-11608000.0,-17795000.0,-41871000.0,-32701000.0,0.0,155179000.0,-3836000.0,162071000.0,162071000.0,162071000.0,-82601000.0,0.0,0.205,191051000.0,18589000.0,94200000.0,0.11,1.3,4.622,4.613,107200000.0,0.0,89.22,0.948,0.946,100700000.0,619700000.0,790455000.0,790455000.0,0.0,0.092,0.297,0.201,0.258,0.0,190036000.0,1.0,8396396.0,8383000.0,8408000.0,94.293,1750800000.0,24500000.0,32751000.0,20000000.0,208.851,484900000.0
39,NC,MRT,2011-09-30,2011-09-30,2011-09-30,2021-08-25,-55900000.0,1757500000.0,1724350000.0,1331000000.0,426500000.0,0.473,65.17,-13200000.0,217600000.0,217600000.0,604900000.0,146200000.0,1.58,2.211,336800000.0,148400000.0,188400000.0,336800000.0,13700000.0,-8400000.0,0.0,0.033,2.11,189500000.0,181100000.0,0.222,181100000.0,189500000.0,184800000.0,17.47,17.41,17.47,547100000.0,512725000.0,547100000.0,628795133.0,3.0,3.472,96800000.0,11.531,1.0,210500000.0,0.258,58500000.0,4700000.0,975600000.0,1065825000.0,540700000.0,0.0,0.0,0.0,1209700000.0,842600000.0,367100000.0,532195133.0,1700000.0,0.0,0.0,-31300000.0,-17700000.0,-74900000.0,-32200000.0,0.0,110000000.0,-1200000.0,146100000.0,146100000.0,146100000.0,-49900000.0,100000.0,0.179,165000000.0,45500000.0,474800000.0,0.121,0.973,3.643,3.629,257000000.0,0.0,63.4,0.653,0.653,483100000.0,569800000.0,815400000.0,815400000.0,0.0,0.085,0.285,0.178,0.232,0.0,168200000.0,1.0,8394245.0,8395000.0,,97.129,1699000000.0,21800000.0,38700000.0,3400000.0,202.382,488400000.0
40,NC,MRT,2011-06-30,2011-06-30,2011-06-30,2021-08-25,-40500000.0,1754400000.0,1689325000.0,1311400000.0,443000000.0,0.761,64.399,-5500000.0,301500000.0,301500000.0,993600000.0,133800000.0,1.823,2.245,398100000.0,97300000.0,300800000.0,398100000.0,10500000.0,15000000.0,0.0,0.022,2.1,186000000.0,201000000.0,0.156,201000000.0,186000000.0,176600000.0,16.03,15.98,16.03,540500000.0,478275000.0,540500000.0,957818199.0,5.0,4.765,74100000.0,8.829,1.0,292100000.0,0.227,59100000.0,9400000.0,1072400000.0,1095675000.0,491200000.0,0.0,0.0,0.0,1213200000.0,719500000.0,493700000.0,812618199.0,31500000.0,0.0,0.0,-5800000.0,-17600000.0,-40400000.0,-14300000.0,0.0,79600000.0,6600000.0,133900000.0,133900000.0,133900000.0,-32400000.0,-100000.0,0.104,228000000.0,64100000.0,414000000.0,0.131,1.503,6.069,6.04,270900000.0,0.0,96.82,0.632,0.632,437600000.0,548500000.0,1285700000.0,1285700000.0,0.0,0.079,0.28,0.17,0.145,0.0,227000000.0,1.0,8393082.0,8393000.0,,153.187,1695300000.0,20000000.0,42700000.0,7700000.0,201.99,591900000.0
41,NC,MRT,2011-03-31,2011-03-31,2011-03-31,2021-08-25,-49700000.0,1727200000.0,1621275000.0,1283400000.0,443800000.0,0.662,61.688,2600000.0,249800000.0,249800000.0,796200000.0,130700000.0,1.939,2.346,395000000.0,41000000.0,354000000.0,395000000.0,12600000.0,16900000.0,0.0,0.019,2.09,177200000.0,194100000.0,0.181,194100000.0,177200000.0,167000000.0,15.65,15.61,15.65,515900000.0,439850000.0,515900000.0,1058346956.0,6.0,5.453,72400000.0,8.657,1.0,277300000.0,0.258,59600000.0,10200000.0,1150900000.0,1088300000.0,485200000.0,0.0,0.0,0.0,1210500000.0,661900000.0,548600000.0,928746956.0,16500000.0,0.0,0.0,-9100000.0,-17500000.0,-46500000.0,-6500000.0,0.0,69800000.0,-300000.0,130600000.0,130600000.0,130600000.0,-32400000.0,100000.0,0.122,217000000.0,60300000.0,422800000.0,0.134,1.8,7.111,7.072,268200000.0,0.0,110.67,0.865,0.862,465700000.0,533800000.0,1073500000.0,1073500000.0,0.0,0.081,0.297,0.163,0.165,0.0,215400000.0,1.0,8392039.0,8363000.0,,128.363,1667600000.0,19800000.0,36400000.0,7500000.0,199.402,621500000.0
42,NC,MRT,2010-12-31,2010-12-31,2010-12-31,2021-08-25,-59000000.0,1658300000.0,1552000000.0,1214200000.0,444100000.0,0.571,53.693,4100000.0,261900000.0,261900000.0,639200000.0,79500000.0,1.83,2.705,391500000.0,36200000.0,355300000.0,391500000.0,11200000.0,18300000.0,0.0,0.019,2.085,105900000.0,124200000.0,0.14,124200000.0,105900000.0,95100000.0,9.55,9.53,9.55,447400000.0,407900000.0,447400000.0,1078095626.0,10.0,8.68,67200000.0,8.065,1.0,246400000.0,0.278,60000000.0,10800000.0,1064400000.0,1074900000.0,447400000.0,0.0,0.0,0.0,1210100000.0,663500000.0,546600000.0,902995626.0,5700000.0,0.0,0.0,-6100000.0,-17400000.0,-43300000.0,-5800000.0,0.0,63100000.0,-8300000.0,79500000.0,79500000.0,79500000.0,-32400000.0,0.0,0.09,195600000.0,50800000.0,414500000.0,0.218,2.018,11.358,11.348,270400000.0,0.0,108.37,1.02,1.02,425900000.0,475400000.0,885600000.0,885600000.0,0.0,0.051,0.195,0.099,0.12,0.0,195800000.0,1.0,8332524.0,8332524.0,,106.282,1598300000.0,27100000.0,15600000.0,0.0,191.815,550700000.0
43,NC,MRT,2010-09-30,2010-09-30,2010-09-30,2021-08-25,-58500000.0,1617400000.0,1509600000.0,1172300000.0,445100000.0,1.662,49.124,200000.0,215900000.0,215900000.0,2014700000.0,83600000.0,1.841,2.951,391000000.0,27500000.0,363500000.0,391000000.0,11700000.0,53500000.0,0.0,0.024,2.08,131800000.0,185300000.0,0.074,185300000.0,131800000.0,103200000.0,10.07,10.06,10.07,409300000.0,395200000.0,409300000.0,873000971.0,7.0,4.711,85200000.0,10.226,1.0,494200000.0,0.197,60600000.0,28600000.0,1095000000.0,989200000.0,454300000.0,0.0,0.0,0.0,1207800000.0,636900000.0,570900000.0,728100971.0,28500000.0,0.0,0.0,-63200000.0,-17200000.0,-84800000.0,38300000.0,0.0,85000000.0,-10000000.0,83600000.0,83600000.0,83600000.0,-21900000.0,0.0,0.033,412300000.0,81900000.0,415200000.0,0.207,1.779,8.709,8.678,274300000.0,0.0,87.39,0.29,0.29,411400000.0,441400000.0,2508900000.0,2508900000.0,0.0,0.055,0.212,0.133,0.053,0.0,411300000.0,1.0,8331628.0,8332000.0,,301.116,1556800000.0,33500000.0,19600000.0,0.0,186.846,535400000.0
44,NC,MRT,2010-06-30,2010-06-30,2010-06-30,2021-08-25,-71200000.0,1482200000.0,1484650000.0,1016700000.0,465500000.0,1.598,46.429,-15500000.0,270000000.0,270000000.0,1913600000.0,66300000.0,1.945,2.831,414900000.0,47200000.0,367700000.0,414900000.0,10200000.0,54300000.0,0.0,0.023,2.075,115300000.0,169600000.0,0.072,169600000.0,115300000.0,85400000.0,7.98,7.97,7.98,386800000.0,385150000.0,386800000.0,922431601.0,8.0,5.439,139000000.0,16.685,1.0,458200000.0,0.193,61400000.0,29900000.0,1042900000.0,1009125000.0,335900000.0,0.0,0.0,0.0,1094900000.0,522800000.0,572100000.0,739431601.0,91400000.0,0.0,0.0,-50600000.0,-17200000.0,-71400000.0,20800000.0,0.0,154500000.0,-12500000.0,66200000.0,66200000.0,66200000.0,-22300000.0,100000.0,0.028,398600000.0,59600000.0,305700000.0,0.26,1.912,11.17,11.123,277000000.0,0.0,88.76,0.312,0.312,314900000.0,432200000.0,2371800000.0,2371800000.0,0.0,0.045,0.172,0.114,0.049,0.0,400700000.0,1.0,8330685.0,8331000.0,,284.696,1420800000.0,35600000.0,19200000.0,0.0,170.544,493900000.0
45,NC,MRT,2010-03-31,2010-03-31,2010-03-31,2021-08-25,-57600000.0,1450100000.0,1481475000.0,968300000.0,481800000.0,1.562,46.641,-13400000.0,233300000.0,233300000.0,1885600000.0,51700000.0,2.047,2.735,416300000.0,43900000.0,372400000.0,416300000.0,11900000.0,53400000.0,0.0,0.028,2.07,106000000.0,159400000.0,0.069,159400000.0,106000000.0,75200000.0,6.26,6.25,6.26,388100000.0,381400000.0,388100000.0,770918262.0,7.0,4.836,149100000.0,17.919,1.0,427900000.0,0.185,62800000.0,30800000.0,1097300000.0,1049025000.0,330100000.0,0.0,0.0,0.0,1061600000.0,473000000.0,588600000.0,617618262.0,77700000.0,0.0,0.0,-87100000.0,-17100000.0,-105000000.0,22900000.0,0.0,162500000.0,-2700000.0,51900000.0,51900000.0,51900000.0,-22600000.0,-200000.0,0.022,382600000.0,45300000.0,268700000.0,0.331,1.591,11.9,11.845,288300000.0,0.0,74.15,0.267,0.267,317300000.0,420700000.0,2313500000.0,2313500000.0,0.0,0.035,0.136,0.101,0.046,0.0,384200000.0,1.0,8329309.0,8321000.0,,278.031,1387300000.0,34600000.0,23300000.0,0.0,166.723,495300000.0
46,NC,MRT,2009-12-31,2009-12-31,2009-12-31,2021-08-25,-41100000.0,1488700000.0,1506450000.0,990900000.0,497800000.0,1.534,47.827,-12800000.0,256200000.0,256200000.0,1902500000.0,31000000.0,2.067,2.752,31900000.0,31900000.0,0.0,31900000.0,12500000.0,53600000.0,0.0,0.042,2.067,83800000.0,137400000.0,0.059,137400000.0,83800000.0,51600000.0,3.75,3.75,3.75,396600000.0,369550000.0,396600000.0,676960175.0,8.0,4.927,144200000.0,17.389,1.0,408100000.0,0.177,63500000.0,32200000.0,721600000.0,1085050000.0,336700000.0,0.0,0.0,0.0,1091600000.0,479300000.0,612300000.0,412960175.0,118000000.0,0.0,0.0,-45900000.0,-17100000.0,-64100000.0,23100000.0,0.0,157000000.0,2000000.0,31100000.0,31100000.0,31100000.0,-22600000.0,-100000.0,0.013,387600000.0,20500000.0,271700000.0,0.551,1.041,13.278,13.28,303200000.0,0.0,49.8,0.179,0.179,315000000.0,413300000.0,2310600000.0,2310600000.0,0.0,0.021,0.084,0.077,0.036,0.0,388300000.0,1.0,8292373.0,8292373.0,,278.642,1425200000.0,35200000.0,20500000.0,0.0,171.869,511600000.0
47,NC,MRT,2009-09-30,2009-09-30,2009-09-30,2021-08-25,-28800000.0,1517600000.0,1556250000.0,969100000.0,548500000.0,1.643,44.518,-22400000.0,187600000.0,187600000.0,2151500000.0,-440000000.0,1.786,3.111,451600000.0,70900000.0,380700000.0,451600000.0,12900000.0,51700000.0,0.0,0.034,2.065,-392700000.0,-341000000.0,-0.133,-341000000.0,-392700000.0,-426000000.0,-53.08,-53.08,-53.08,369100000.0,359575000.0,369100000.0,782527575.0,-2.0,-2.295,103900000.0,12.532,1.0,405700000.0,0.159,64400000.0,33300000.0,1174700000.0,1218925000.0,393800000.0,0.0,0.0,0.0,1148200000.0,542500000.0,605700000.0,498027575.0,16100000.0,0.0,0.0,-74000000.0,-17200000.0,-91500000.0,-28900000.0,0.0,126300000.0,10200000.0,-439600000.0,-439600000.0,-439600000.0,-700000.0,-400000.0,-0.172,846200000.0,-440500000.0,279600000.0,-0.039,1.349,-1.133,-1.132,340300000.0,0.0,60.07,0.195,0.195,313600000.0,375000000.0,2557200000.0,2557200000.0,0.0,-0.282,-1.223,-0.322,-0.154,0.0,403100000.0,1.0,8290787.0,8291000.0,,308.431,1453200000.0,51600000.0,13600000.0,0.0,175.274,426600000.0
48,NC,MRT,2009-06-30,2009-06-30,2009-06-30,2021-08-25,-34100000.0,1469500000.0,1761100000.0,925000000.0,544500000.0,1.673,44.855,-32700000.0,178800000.0,178800000.0,2531600000.0,-453100000.0,1.902,2.951,463300000.0,81700000.0,381600000.0,463300000.0,12500000.0,53900000.0,0.0,0.072,2.062,-397000000.0,-343100000.0,-0.116,-343100000.0,-397000000.0,-431900000.0,-54.7,-54.7,-54.7,371800000.0,482500000.0,371800000.0,577547788.0,-1.0,-1.683,65500000.0,7.902,1.0,415600000.0,0.141,65200000.0,34900000.0,1202500000.0,1256900000.0,377500000.0,0.0,0.0,0.0,1097300000.0,486300000.0,611000000.0,238047788.0,-8700000.0,0.0,0.0,-59700000.0,-17100000.0,-77400000.0,-38200000.0,0.0,98200000.0,8700000.0,-453000000.0,-453000000.0,-453000000.0,-300000.0,-100000.0,-0.154,861200000.0,-445600000.0,216500000.0,-0.038,0.64,-0.525,-0.525,345200000.0,0.0,28.72,0.081,0.081,284700000.0,383200000.0,2947200000.0,2947200000.0,0.0,-0.257,-0.939,-0.316,-0.135,0.0,417700000.0,1.0,8288572.0,8289000.0,,355.556,1404300000.0,48300000.0,21100000.0,0.0,169.417,438700000.0
49,NC,MRT,2009-03-31,2009-03-31,2009-03-31,2021-08-25,-68100000.0,1550000000.0,1985675000.0,1001800000.0,548200000.0,1.69,41.113,-54200000.0,155800000.0,155800000.0,2910100000.0,-452100000.0,1.721,3.549,495300000.0,114700000.0,380600000.0,495300000.0,17900000.0,56600000.0,0.0,0.076,2.06,-397700000.0,-341100000.0,-0.102,-341100000.0,-397700000.0,-435500000.0,-54.61,-54.61,-54.61,340700000.0,617200000.0,340700000.0,536410164.0,-1.0,-1.573,15200000.0,1.834,1.0,444700000.0,0.133,65900000.0,37800000.0,1241400000.0,1297925000.0,452500000.0,0.0,0.0,0.0,1209100000.0,582200000.0,626900000.0,225210164.0,-66200000.0,0.0,0.0,-63000000.0,-17100000.0,-80700000.0,-60100000.0,0.0,69400000.0,5200000.0,-452300000.0,-452300000.0,-452300000.0,0.0,200000.0,-0.135,892400000.0,-447700000.0,265700000.0,-0.038,0.661,-0.498,-0.498,346500000.0,0.0,27.18,0.067,0.067,294900000.0,385900000.0,3354800000.0,3354800000.0,0.0,-0.228,-0.733,-0.306,-0.119,0.0,449100000.0,1.0,8285878.0,8287000.0,,404.827,1484100000.0,56900000.0,16800000.0,0.0,179.088,419600000.0
50,NC,MRT,2008-12-31,2008-12-31,2008-12-31,2021-08-25,-65300000.0,1687900000.0,2205050000.0,1141200000.0,546700000.0,1.662,43.061,-66300000.0,138200000.0,138200000.0,3174000000.0,-437400000.0,1.69,3.731,449100000.0,48800000.0,400300000.0,449100000.0,17700000.0,58900000.0,0.0,0.055,2.045,-378300000.0,-319400000.0,-0.087,-319400000.0,-378300000.0,-418900000.0,-52.84,-52.84,-52.84,356700000.0,756425000.0,356700000.0,654686334.0,-2.0,-2.05,-61400000.0,-7.412,1.0,491100000.0,0.134,66400000.0,40600000.0,1257100000.0,1330550000.0,479000000.0,0.0,0.0,0.0,1331000000.0,675300000.0,655700000.0,309886334.0,-143000000.0,0.0,0.0,-66000000.0,-16900000.0,-83200000.0,-71400000.0,0.0,4900000.0,6700000.0,-437600000.0,-437600000.0,-437600000.0,0.0,200000.0,-0.119,920000000.0,-428900000.0,375900000.0,-0.039,0.869,-0.708,-0.708,349200000.0,0.0,37.41,0.085,0.085,418100000.0,399300000.0,3665100000.0,3665100000.0,0.0,-0.198,-0.579,-0.284,-0.103,0.0,475300000.0,1.0,8283516.0,8283516.0,,442.457,1621500000.0,59500000.0,18700000.0,0.0,195.75,465900000.0
51,NC,MRT,2008-09-30,2008-09-30,2008-09-30,2021-08-25,8000000.0,2337000000.0,2389900000.0,1338600000.0,998400000.0,1.595,103.924,-77400000.0,171500000.0,171500000.0,3262700000.0,43600000.0,1.58,1.715,516300000.0,106500000.0,409800000.0,516300000.0,21800000.0,59200000.0,0.0,0.021,2.03,118000000.0,177200000.0,0.046,177200000.0,118000000.0,74800000.0,5.26,5.25,5.26,860800000.0,890100000.0,860800000.0,1112675416.0,9.0,6.279,-5100000.0,-0.616,1.0,548200000.0,0.144,507900000.0,43200000.0,1326600000.0,1337150000.0,595200000.0,0.0,0.0,0.0,1475900000.0,847300000.0,628600000.0,782875416.0,-68800000.0,1000000.0,0.0,-43300000.0,-16800000.0,-60300000.0,-81600000.0,0.0,72300000.0,800000.0,43400000.0,43400000.0,43400000.0,0.0,200000.0,0.011,482700000.0,65500000.0,500300000.0,0.386,0.909,18.039,17.97,381400000.0,0.0,94.52,0.205,0.205,462900000.0,829600000.0,3810900000.0,3810900000.0,0.0,0.018,0.049,0.088,0.031,0.0,479700000.0,1.0,8282643.0,8283000.0,,460.087,1829100000.0,57100000.0,31400000.0,13300000.0,220.826,491300000.0
52,NC,MRT,2008-06-30,2008-06-30,2008-06-30,2021-08-25,36100000.0,2367800000.0,2393525000.0,1358900000.0,1008900000.0,1.574,109.949,-70300000.0,187500000.0,187500000.0,3173500000.0,81800000.0,1.665,1.6,517300000.0,101600000.0,415700000.0,517300000.0,19600000.0,59700000.0,0.0,0.027,2.015,150000000.0,209700000.0,0.056,209700000.0,150000000.0,105400000.0,9.9,9.89,9.9,910600000.0,883200000.0,910600000.0,948738224.0,6.0,4.524,-13300000.0,-1.606,1.0,594800000.0,0.158,514600000.0,44600000.0,1366600000.0,1410225000.0,572500000.0,0.0,0.0,0.0,1457100000.0,816400000.0,640700000.0,615738224.0,-66500000.0,5400000.0,0.0,-38400000.0,-16700000.0,-55000000.0,-69100000.0,0.0,57000000.0,600000.0,81800000.0,81800000.0,81800000.0,0.0,0.0,0.022,498500000.0,96300000.0,460700000.0,0.204,0.676,7.527,7.51,385300000.0,0.0,74.35,0.163,0.163,474600000.0,851200000.0,3768300000.0,3768300000.0,0.0,0.034,0.093,0.106,0.04,0.0,493400000.0,1.0,8281617.0,8282000.0,,454.999,1853200000.0,73300000.0,23600000.0,10800000.0,223.762,542500000.0
53,NC,MRT,2008-03-31,2008-03-31,2008-03-31,2021-08-25,21600000.0,2427500000.0,2359600000.0,1428700000.0,998800000.0,1.547,108.471,-61500000.0,222300000.0,222300000.0,3048800000.0,89300000.0,1.634,1.704,555300000.0,136200000.0,419100000.0,555300000.0,16700000.0,59400000.0,0.0,0.025,2.0,157700000.0,217100000.0,0.059,217100000.0,157700000.0,114000000.0,10.82,10.81,10.82,897600000.0,857525000.0,897600000.0,895433868.0,6.0,4.125,3300000.0,0.399,1.0,602300000.0,0.165,514500000.0,43700000.0,1371900000.0,1466050000.0,613400000.0,0.0,0.0,0.0,1529900000.0,874100000.0,655800000.0,670233868.0,104600000.0,5700000.0,0.0,116900000.0,-16500000.0,97900000.0,-58900000.0,0.0,64800000.0,800000.0,89400000.0,89400000.0,89400000.0,0.0,-100000.0,0.024,498800000.0,103500000.0,498900000.0,0.185,0.747,7.497,7.481,378300000.0,0.0,80.94,0.184,0.183,476000000.0,853100000.0,3651100000.0,3651100000.0,0.0,0.038,0.104,0.108,0.043,0.0,493500000.0,1.0,8280626.0,8275000.0,,441.221,1913000000.0,65900000.0,24600000.0,7300000.0,231.178,554600000.0
54,NC,MRT,2007-12-31,2007-12-31,2007-12-31,2021-08-25,14100000.0,2427300000.0,2274725000.0,1433900000.0,993400000.0,1.578,107.818,-62500000.0,281200000.0,281200000.0,2989000000.0,90300000.0,1.675,1.723,506600000.0,67100000.0,439500000.0,506600000.0,18400000.0,59000000.0,0.0,0.02,1.98,155400000.0,214400000.0,0.06,214400000.0,155400000.0,114700000.0,10.94,10.93,10.94,891400000.0,830975000.0,891400000.0,1404004122.0,9.0,6.549,18900000.0,2.286,1.0,601000000.0,0.167,512900000.0,40700000.0,1283500000.0,1500475000.0,550400000.0,0.0,0.0,0.0,1535900000.0,856300000.0,679600000.0,824204122.0,84500000.0,5700000.0,0.0,83300000.0,-16400000.0,64400000.0,-59900000.0,0.0,81400000.0,-1400000.0,90400000.0,90400000.0,90400000.0,0.0,-100000.0,0.025,499500000.0,101500000.0,505000000.0,0.181,0.925,9.117,9.112,374200000.0,0.0,99.69,0.23,0.23,512500000.0,854900000.0,3590000000.0,3590000000.0,0.0,0.04,0.109,0.104,0.043,0.0,492200000.0,1.0,8267671.0,8267671.0,,434.221,1914400000.0,69100000.0,24300000.0,0.0,231.553,577600000.0
55,NC,MRT,2007-09-30,2007-09-30,2007-09-30,2021-08-25,2800000.0,2351500000.0,2206975000.0,1365800000.0,985700000.0,1.581,100.786,-38100000.0,240100000.0,240100000.0,2899800000.0,108200000.0,1.709,1.822,819900000.0,101000000.0,718900000.0,819900000.0,0.0,62500000.0,0.0,0.019,1.96,171500000.0,234000000.0,0.067,234000000.0,171500000.0,132800000.0,13.12,13.12,13.12,833200000.0,806400000.0,833200000.0,1420966159.0,8.0,6.073,70200000.0,8.492,1.0,588800000.0,0.169,513000000.0,38700000.0,1618900000.0,1457875000.0,580600000.0,0.0,0.0,0.0,1518300000.0,799400000.0,718900000.0,855466159.0,134500000.0,4700000.0,0.0,78900000.0,-16200000.0,60100000.0,-33500000.0,0.0,108300000.0,-400000.0,108200000.0,108200000.0,108200000.0,0.0,0.0,0.031,475800000.0,113000000.0,463500000.0,0.149,1.027,7.906,7.887,361500000.0,0.0,103.48,0.245,0.245,465800000.0,808100000.0,3488600000.0,3488600000.0,0.0,0.049,0.134,0.118,0.049,0.0,489400000.0,1.0,8266971.0,8267000.0,,421.991,1838500000.0,0.0,24600000.0,0.0,222.39,566400000.0
56,NC,MRT,2007-06-30,2007-06-30,2007-06-30,2021-08-25,-5000000.0,2232100000.0,2148225000.0,1232100000.0,1000000000.0,1.59,97.726,-38500000.0,253800000.0,253800000.0,2844400000.0,105900000.0,1.772,1.763,819300000.0,90500000.0,728800000.0,819300000.0,0.0,62600000.0,0.0,0.012,1.94,167900000.0,230500000.0,0.067,230500000.0,167900000.0,132600000.0,12.85,12.85,12.85,807900000.0,778025000.0,807900000.0,1872548134.0,11.0,8.124,90700000.0,10.971,1.0,572100000.0,0.167,512300000.0,35300000.0,1589900000.0,1425600000.0,510600000.0,0.0,0.0,0.0,1424200000.0,695400000.0,728800000.0,1285348134.0,141800000.0,-14400000.0,0.0,82200000.0,-16000000.0,63300000.0,-51400000.0,0.0,129200000.0,700000.0,105900000.0,105900000.0,105900000.0,0.0,0.0,0.031,461100000.0,111000000.0,390900000.0,0.151,1.591,12.137,12.1,371500000.0,0.0,155.49,0.376,0.376,390500000.0,791100000.0,3416500000.0,3416500000.0,0.0,0.049,0.136,0.118,0.049,0.0,478600000.0,1.0,8266436.0,8267000.0,,413.27,1719800000.0,0.0,26700000.0,0.0,208.032,536700000.0
57,NC,MRT,2007-03-31,2007-03-31,2007-03-31,2021-08-25,-15200000.0,2088000000.0,2095250000.0,1085700000.0,1002300000.0,1.614,95.904,-27500000.0,117200000.0,117200000.0,2809700000.0,100700000.0,1.661,1.638,704400000.0,61500000.0,642900000.0,704400000.0,0.0,62900000.0,0.0,0.014,1.92,164400000.0,227300000.0,0.067,227300000.0,164400000.0,128100000.0,12.22,12.22,12.22,791400000.0,752425000.0,791400000.0,1604083030.0,10.0,7.057,90100000.0,10.919,1.0,572800000.0,0.169,511900000.0,36300000.0,1509600000.0,1392375000.0,499300000.0,0.0,0.0,0.0,1296600000.0,653700000.0,642900000.0,1131983030.0,-11600000.0,-13500000.0,0.0,-70600000.0,-15900000.0,-87200000.0,-39300000.0,0.0,117600000.0,-2700000.0,100700000.0,100700000.0,100700000.0,0.0,0.0,0.03,445700000.0,127100000.0,391400000.0,0.157,1.43,11.241,11.245,372100000.0,0.0,137.41,0.335,0.335,394100000.0,785300000.0,3382500000.0,3382500000.0,0.0,0.048,0.134,0.118,0.049,0.0,464200000.0,1.0,8237996.0,8252000.0,,409.901,1576100000.0,0.0,27400000.0,0.0,190.996,432000000.0
58,NC,MRT,2006-12-31,2006-12-31,2006-12-31,2021-08-25,-20200000.0,2156300000.0,2082275000.0,1153800000.0,1002500000.0,1.608,96.281,-26800000.0,196700000.0,196700000.0,2785800000.0,106800000.0,1.536,1.719,416500000.0,56600000.0,359900000.0,416500000.0,20500000.0,62700000.0,0.0,0.014,1.905,176800000.0,239500000.0,0.072,239500000.0,176800000.0,135000000.0,12.97,12.96,12.97,793100000.0,727775000.0,793100000.0,1755024605.0,10.0,7.328,146700000.0,17.809,1.0,563200000.0,0.168,512000000.0,41800000.0,1113100000.0,1380750000.0,484900000.0,0.0,0.0,0.0,1363200000.0,751000000.0,612200000.0,1125224605.0,30200000.0,-10200000.0,0.0,-85700000.0,-15700000.0,-105800000.0,-35300000.0,0.0,173500000.0,-2200000.0,106800000.0,106800000.0,106800000.0,0.0,0.0,0.032,425600000.0,137600000.0,432100000.0,0.147,1.419,10.536,10.532,371400000.0,0.0,136.6,0.336,0.336,401500000.0,792500000.0,3349000000.0,3349000000.0,0.0,0.051,0.147,0.128,0.053,0.0,450400000.0,1.0,8237369.0,8237369.0,,406.562,1644300000.0,73400000.0,28200000.0,0.0,199.615,402800000.0
59,NC,MRT,2006-09-30,2006-09-30,2006-09-30,2021-08-25,-25300000.0,2116500000.0,2066700000.0,1118600000.0,997900000.0,1.586,87.374,-44700000.0,105600000.0,105600000.0,2735000000.0,68600000.0,1.498,1.941,735400000.0,85600000.0,649800000.0,735400000.0,0.0,62700000.0,0.0,0.014,1.89,133300000.0,196000000.0,0.06,196000000.0,133300000.0,89100000.0,8.33,8.33,8.33,719700000.0,705325000.0,719700000.0,1731444868.0,13.0,8.834,109100000.0,13.245,1.0,542200000.0,0.165,509600000.0,44200000.0,1489800000.0,1467400000.0,523000000.0,0.0,0.0,0.0,1396800000.0,746900000.0,649900000.0,1119444868.0,20600000.0,-10200000.0,0.0,-59200000.0,-15600000.0,-79500000.0,-52300000.0,0.0,153800000.0,-1400000.0,68600000.0,68600000.0,68600000.0,0.0,0.0,0.021,443600000.0,98600000.0,425400000.0,0.227,1.555,16.318,16.316,360500000.0,0.0,135.91,0.342,0.342,406100000.0,726500000.0,3277200000.0,3277200000.0,0.0,0.033,0.097,0.091,0.041,0.0,445300000.0,1.0,8236663.0,8237000.0,,397.863,1606900000.0,30100000.0,20500000.0,0.0,195.083,371700000.0
60,NC,MRT,2006-06-30,2006-06-30,2006-06-30,2021-08-25,-23900000.0,2020200000.0,2054100000.0,1010800000.0,1009400000.0,1.567,85.661,-50700000.0,112000000.0,112000000.0,2689000000.0,63400000.0,1.519,1.864,724000000.0,75000000.0,649000000.0,724000000.0,0.0,62200000.0,0.0,0.014,1.875,128200000.0,190400000.0,0.059,190400000.0,128200000.0,79700000.0,7.7,7.7,7.7,705500000.0,697225000.0,705500000.0,1751298866.0,14.0,9.198,87900000.0,10.673,1.0,529400000.0,0.164,509700000.0,48500000.0,1457000000.0,1477900000.0,456800000.0,0.0,0.0,0.0,1314700000.0,665500000.0,649200000.0,1131698866.0,28600000.0,4500000.0,0.0,-42000000.0,-15500000.0,-62200000.0,-46100000.0,0.0,138600000.0,-1700000.0,63400000.0,63400000.0,63400000.0,0.0,0.0,0.02,434400000.0,95000000.0,367300000.0,0.244,1.604,17.85,17.845,364500000.0,0.0,137.41,0.352,0.352,355900000.0,711600000.0,3218400000.0,3218400000.0,0.0,0.031,0.091,0.087,0.04,0.0,435700000.0,1.0,8235928.0,8236000.0,,390.772,1510500000.0,29400000.0,16300000.0,0.0,183.402,345300000.0
61,NC,MRT,2006-03-31,2006-03-31,2006-03-31,2021-08-25,-35000000.0,2036100000.0,2049750000.0,1030400000.0,1005700000.0,1.561,84.19,-64000000.0,128800000.0,128800000.0,2676000000.0,70000000.0,1.508,1.939,748400000.0,88700000.0,659700000.0,748400000.0,0.0,62300000.0,0.0,0.012,1.86,137400000.0,199700000.0,0.062,199700000.0,137400000.0,88000000.0,8.5,8.5,8.5,692800000.0,690225000.0,692800000.0,1847042241.0,13.0,9.249,31900000.0,3.877,1.0,524000000.0,0.164,509200000.0,49400000.0,1463100000.0,1485050000.0,461800000.0,0.0,0.0,0.0,1343300000.0,683400000.0,659900000.0,1266542241.0,16000000.0,7200000.0,0.0,-4100000.0,-15300000.0,-24000000.0,-56900000.0,0.0,95900000.0,1000000.0,70000000.0,70000000.0,70000000.0,0.0,0.0,0.022,435900000.0,88100000.0,377500000.0,0.219,1.828,18.093,18.113,362400000.0,0.0,153.96,0.396,0.396,342000000.0,710900000.0,3200000000.0,3200000000.0,0.0,0.034,0.101,0.093,0.043,0.0,439400000.0,1.0,8226437.0,8229000.0,,388.869,1526900000.0,35800000.0,18000000.0,0.0,185.551,347000000.0
62,NC,MRT,2005-12-31,2005-12-31,2005-12-31,2021-08-25,-41700000.0,2094000000.0,2051600000.0,1073700000.0,1020300000.0,1.539,85.502,-60100000.0,166500000.0,166500000.0,2644200000.0,62500000.0,1.524,1.977,747000000.0,61000000.0,686000000.0,747000000.0,0.0,63600000.0,0.0,0.016,1.848,123100000.0,186700000.0,0.059,186700000.0,123100000.0,75600000.0,7.6,7.6,7.6,703300000.0,687550000.0,703300000.0,1640225994.0,13.0,8.785,15100000.0,1.836,1.0,513200000.0,0.163,510100000.0,47500000.0,1459700000.0,1487000000.0,449200000.0,0.0,0.0,0.0,1390700000.0,704700000.0,686000000.0,963625994.0,16100000.0,3900000.0,0.0,15100000.0,-15200000.0,-1800000.0,-56300000.0,0.0,75200000.0,-1000000.0,62500000.0,62500000.0,62500000.0,0.0,0.0,0.02,439000000.0,74200000.0,394300000.0,0.243,1.37,15.418,15.414,399400000.0,0.0,117.15,0.305,0.305,366000000.0,729600000.0,3157400000.0,3157400000.0,0.0,0.03,0.091,0.083,0.039,0.0,436900000.0,1.0,8225574.0,8225574.0,,383.852,1583900000.0,0.0,13100000.0,0.0,192.558,369000000.0
63,NC,MRT,2005-09-30,2005-09-30,2005-09-30,2021-08-25,-29000000.0,2066100000.0,2037750000.0,1041900000.0,1024200000.0,1.525,83.562,-53100000.0,85000000.0,85000000.0,2595400000.0,62700000.0,1.491,2.006,761600000.0,81800000.0,679800000.0,761600000.0,0.0,62300000.0,0.0,0.016,1.835,121300000.0,183600000.0,0.059,183600000.0,121300000.0,74200000.0,7.62,7.62,7.62,687300000.0,683725000.0,687300000.0,1583917373.0,13.0,8.627,51700000.0,6.286,1.0,511300000.0,0.165,511900000.0,47100000.0,1531800000.0,1477250000.0,522900000.0,0.0,0.0,0.0,1378800000.0,699000000.0,679800000.0,941317373.0,52800000.0,3900000.0,0.0,14100000.0,-15100000.0,-2600000.0,-49500000.0,0.0,104800000.0,100000.0,62700000.0,62700000.0,62700000.0,0.0,0.0,0.02,430600000.0,80700000.0,383000000.0,0.241,1.37,15.013,15.02,409600000.0,0.0,114.45,0.303,0.303,351400000.0,701100000.0,3106700000.0,3106700000.0,0.0,0.031,0.092,0.082,0.039,0.0,431900000.0,1.0,8224704.0,8225000.0,,377.714,1554200000.0,37800000.0,11500000.0,0.0,188.96,342900000.0
64,NC,MRT,2005-06-30,2005-06-30,2005-06-30,2021-08-25,-28900000.0,2002800000.0,1998625000.0,979600000.0,1023200000.0,1.516,82.381,-48700000.0,83400000.0,83400000.0,2528000000.0,62500000.0,1.512,1.956,726000000.0,48400000.0,677600000.0,726000000.0,0.0,62400000.0,0.0,0.017,1.823,121000000.0,183400000.0,0.061,183400000.0,121000000.0,74400000.0,7.6,7.6,7.6,677500000.0,672925000.0,677500000.0,1502280389.0,12.0,8.191,30100000.0,3.66,1.0,502400000.0,0.166,512100000.0,46600000.0,1485600000.0,1459075000.0,477300000.0,0.0,0.0,0.0,1325300000.0,647700000.0,677600000.0,881780389.0,38600000.0,3900000.0,0.0,17600000.0,-15000000.0,1000000.0,-42200000.0,0.0,78800000.0,1000000.0,62500000.0,62500000.0,62500000.0,0.0,0.0,0.021,427900000.0,74500000.0,383700000.0,0.24,1.302,14.108,14.108,404500000.0,0.0,107.22,0.291,0.291,343800000.0,691300000.0,3030400000.0,3030400000.0,0.0,0.031,0.093,0.083,0.04,0.0,429500000.0,1.0,8224029.0,8224000.0,,368.482,1490700000.0,33300000.0,11900000.0,0.0,181.262,331900000.0
65,NC,MRT,2005-03-31,2005-03-31,2005-03-31,2021-08-25,-16700000.0,2043500000.0,1962200000.0,1009600000.0,1033900000.0,1.476,82.991,-48600000.0,112800000.0,112800000.0,2412300000.0,57600000.0,1.488,1.996,733300000.0,50400000.0,682900000.0,733300000.0,0.0,62900000.0,0.0,0.017,1.748,109800000.0,172700000.0,0.06,172700000.0,109800000.0,62900000.0,7.01,7.01,7.01,682100000.0,661050000.0,682100000.0,1408687483.0,13.0,8.157,30800000.0,3.747,1.0,483900000.0,0.167,514600000.0,46900000.0,1470900000.0,1438400000.0,483600000.0,0.0,0.0,0.0,1361400000.0,678500000.0,682900000.0,838287483.0,62900000.0,0.0,0.0,45600000.0,-14400000.0,28800000.0,-46000000.0,0.0,79400000.0,700000.0,57600000.0,57600000.0,57600000.0,0.0,0.0,0.02,420400000.0,63500000.0,409900000.0,0.249,1.229,14.554,14.542,408100000.0,0.0,101.94,0.289,0.289,333900000.0,683800000.0,2896200000.0,2896200000.0,0.0,0.029,0.087,0.076,0.038,0.0,420900000.0,1.0,8223342.0,8219000.0,,352.379,1528900000.0,33200000.0,5300000.0,0.0,186.02,331100000.0
66,NC,MRT,2004-12-31,2004-12-31,2004-12-31,2021-08-25,-8500000.0,2038600000.0,1909650000.0,996800000.0,1041800000.0,1.457,83.762,-42900000.0,150400000.0,150400000.0,2304900000.0,47900000.0,1.483,1.963,720800000.0,42300000.0,678500000.0,720800000.0,0.0,62900000.0,0.0,0.016,1.675,100600000.0,163500000.0,0.059,163500000.0,100600000.0,53200000.0,5.83,5.83,5.83,688000000.0,648000000.0,688000000.0,1556526826.0,15.0,9.52,83300000.0,10.142,1.0,477700000.0,0.172,516300000.0,47400000.0,1420700000.0,1406550000.0,426000000.0,0.0,0.0,0.0,1350600000.0,672000000.0,678600000.0,865726826.0,81500000.0,0.0,0.0,11200000.0,-13800000.0,-4100000.0,-40300000.0,0.0,126200000.0,-300000.0,47900000.0,47900000.0,47900000.0,0.0,0.0,0.017,421200000.0,56500000.0,399800000.0,0.287,1.258,18.074,18.079,415800000.0,0.0,105.4,0.311,0.311,351500000.0,682300000.0,2782600000.0,2782600000.0,0.0,0.025,0.074,0.072,0.036,0.0,413000000.0,1.0,8213727.0,8213727.0,,338.774,1522300000.0,33000000.0,5300000.0,0.0,185.336,324800000.0
67,NC,MRT,2004-09-30,2004-09-30,2004-09-30,2021-08-25,-23300000.0,1909600000.0,1859950000.0,904600000.0,1005000000.0,1.446,78.424,-42800000.0,32200000.0,32200000.0,2217900000.0,42700000.0,1.44,1.965,723000000.0,85700000.0,637300000.0,723000000.0,0.0,65200000.0,0.0,0.019,1.603,101000000.0,166200000.0,0.062,166200000.0,101000000.0,52100000.0,5.2,,5.2,644100000.0,635250000.0,644100000.0,1353340818.0,13.0,8.143,47100000.0,5.735,1.0,472200000.0,0.176,513100000.0,48900000.0,1459100000.0,1388625000.0,448700000.0,0.0,0.0,0.0,1265500000.0,628200000.0,637300000.0,707540818.0,6000000.0,0.0,0.0,-27000000.0,-13100000.0,-41600000.0,-41100000.0,0.0,89900000.0,-1200000.0,42700000.0,42700000.0,42700000.0,0.0,0.0,0.016,413000000.0,59200000.0,327900000.0,0.308,1.098,16.57,16.567,399200000.0,0.0,86.15,0.263,0.263,330000000.0,653500000.0,2690100000.0,2690100000.0,0.0,0.023,0.067,0.073,0.038,0.0,405900000.0,1.0,8212894.0,8213000.0,,327.542,1396500000.0,38300000.0,9400000.0,0.0,170.035,276400000.0
68,NC,MRT,2004-06-30,2004-06-30,2004-06-30,2021-08-25,-27700000.0,1857100000.0,1939675000.0,845600000.0,1011500000.0,1.343,76.717,-43300000.0,44800000.0,44800000.0,2132000000.0,41000000.0,1.441,1.948,690600000.0,50500000.0,640100000.0,690600000.0,0.0,66000000.0,0.0,0.016,1.53,96800000.0,162800000.0,0.063,162800000.0,96800000.0,47100000.0,5.0,5.0,5.0,630000000.0,623900000.0,630000000.0,1400150355.0,14.0,8.6,82400000.0,10.034,1.0,472100000.0,0.181,513100000.0,49700000.0,1402900000.0,1402025000.0,412700000.0,0.0,0.0,0.0,1227100000.0,586900000.0,640200000.0,780150355.0,12400000.0,0.0,0.0,-54500000.0,-12500000.0,-68400000.0,-43400000.0,0.0,125700000.0,-1500000.0,41000000.0,41000000.0,41000000.0,0.0,0.0,0.016,408700000.0,63400000.0,336600000.0,0.306,1.238,19.028,19.0,402600000.0,0.0,95.0,0.3,0.3,289500000.0,643800000.0,2604100000.0,2604100000.0,0.0,0.021,0.066,0.069,0.037,0.0,401600000.0,1.0,8212109.0,8212000.0,,317.109,1344000000.0,36600000.0,6100000.0,0.0,163.663,258700000.0
69,NC,MRT,2004-03-31,2004-03-31,2004-03-31,2021-08-25,-24600000.0,1833300000.0,2020625000.0,814200000.0,1019100000.0,1.251,76.742,-50600000.0,49900000.0,49900000.0,2057600000.0,44200000.0,1.37,1.91,669900000.0,60800000.0,609100000.0,669900000.0,0.0,67400000.0,0.0,0.017,1.395,107300000.0,174700000.0,0.069,174700000.0,107300000.0,56900000.0,5.39,,5.39,629900000.0,612800000.0,629900000.0,1291804064.0,12.0,7.394,84800000.0,10.331,1.0,471000000.0,0.186,515700000.0,50400000.0,1343500000.0,1427200000.0,376000000.0,0.0,0.0,0.0,1203400000.0,594100000.0,609300000.0,676204064.0,-200000.0,0.0,0.0,-73200000.0,-11400000.0,-84900000.0,-50700000.0,0.0,135400000.0,0.0,44200000.0,44200000.0,44200000.0,0.0,0.0,0.017,396600000.0,74400000.0,332900000.0,0.259,1.074,15.299,15.288,405900000.0,0.0,82.4,0.267,0.267,290200000.0,640600000.0,2528600000.0,2528600000.0,0.0,0.022,0.072,0.075,0.042,0.0,389000000.0,1.0,8206360.0,8208000.0,,308.065,1317600000.0,33600000.0,12700000.0,0.0,160.526,220100000.0
70,NC,MRT,2003-12-31,2003-12-31,2003-12-31,2021-08-25,-24700000.0,1839800000.0,2098625000.0,812900000.0,1026900000.0,1.178,77.631,-43000000.0,68900000.0,68900000.0,2005900000.0,52800000.0,1.378,1.888,684500000.0,72000000.0,612500000.0,684500000.0,0.0,68400000.0,0.0,0.014,1.26,119600000.0,188000000.0,0.076,188000000.0,119600000.0,68600000.0,6.44,6.44,6.44,637000000.0,596275000.0,637000000.0,1184728945.0,10.0,6.302,80600000.0,9.823,1.0,466700000.0,0.189,516600000.0,51000000.0,1349000000.0,1457950000.0,348200000.0,0.0,0.0,0.0,1202800000.0,589800000.0,613000000.0,734228945.0,11100000.0,0.0,0.0,-61000000.0,-10300000.0,-71900000.0,-43100000.0,0.0,123600000.0,2500000.0,52800000.0,52800000.0,52800000.0,0.0,0.0,0.021,381200000.0,85500000.0,295800000.0,0.196,1.153,13.906,13.894,418900000.0,0.0,89.48,0.297,0.297,320800000.0,648200000.0,2472600000.0,2472600000.0,0.0,0.025,0.089,0.082,0.048,0.0,382400000.0,1.0,8205509.0,8205509.0,,301.334,1323200000.0,38100000.0,15800000.0,0.0,161.258,223100000.0
71,NC,MRT,2003-09-30,2003-09-30,2003-09-30,2021-08-25,-38600000.0,2228500000.0,2083875000.0,875500000.0,1353000000.0,1.048,72.968,-36700000.0,32300000.0,32300000.0,1747800000.0,50700000.0,1.343,2.722,482800000.0,79300000.0,403500000.0,482800000.0,0.0,45100000.0,0.0,0.016,1.125,103500000.0,148600000.0,0.068,148600000.0,103500000.0,64000000.0,6.18,6.18,6.18,598700000.0,576875000.0,598700000.0,1023829544.0,10.0,6.89,38500000.0,4.692,1.0,436000000.0,0.2,514200000.0,39500000.0,1512700000.0,1472725000.0,432900000.0,0.0,0.0,0.0,1629800000.0,652100000.0,977700000.0,586629544.0,-5400000.0,-1000000.0,0.0,-65200000.0,-9300000.0,-50000000.0,-34200000.0,0.0,75200000.0,3600000.0,50700000.0,50700000.0,50700000.0,0.0,0.0,0.023,387000000.0,49000000.0,305500000.0,0.182,0.98,11.571,11.57,663300000.0,0.0,71.5,0.269,0.269,330500000.0,623900000.0,2183800000.0,2183800000.0,0.0,0.024,0.088,0.07,0.047,0.0,375600000.0,1.0,8204609.0,8205000.0,,266.155,1714300000.0,29400000.0,13300000.0,0.0,208.934,223400000.0
72,NC,MRT,2003-06-30,2003-06-30,2003-06-30,2021-08-25,-43000000.0,2180900000.0,2061025000.0,810900000.0,1370000000.0,1.08,71.38,-23700000.0,43600000.0,43600000.0,1780100000.0,47000000.0,1.351,2.724,480800000.0,69300000.0,411500000.0,480800000.0,0.0,57700000.0,0.0,0.017,0.99,109100000.0,166800000.0,0.075,166800000.0,109100000.0,62500000.0,5.73,5.73,5.73,585600000.0,564125000.0,585600000.0,893307040.0,8.0,5.356,54200000.0,6.607,1.0,445800000.0,0.2,514500000.0,46600000.0,1503600000.0,1452900000.0,396100000.0,0.0,0.0,0.0,1595300000.0,600000000.0,995300000.0,483507040.0,-28400000.0,-1000000.0,0.0,-82600000.0,-8200000.0,-87200000.0,-21300000.0,0.0,77900000.0,2200000.0,47000000.0,47000000.0,47000000.0,0.0,0.0,0.021,378100000.0,67700000.0,266800000.0,0.173,0.826,10.287,10.286,670700000.0,0.0,58.94,0.217,0.217,289400000.0,615300000.0,2225900000.0,2225900000.0,0.0,0.023,0.083,0.075,0.049,0.0,366400000.0,1.0,8203377.0,8204000.0,,271.319,1666400000.0,30600000.0,15500000.0,0.0,203.12,210900000.0
73,NC,MRT,2003-03-31,2003-03-31,2003-03-31,2021-08-25,-48200000.0,2145300000.0,2053625000.0,786800000.0,1358500000.0,1.104,68.739,-9800000.0,60000000.0,60000000.0,1812200000.0,40200000.0,1.366,2.805,469800000.0,56400000.0,413400000.0,469800000.0,0.0,62700000.0,0.0,0.021,0.98,103900000.0,166600000.0,0.073,166600000.0,103900000.0,52800000.0,4.9,4.9,4.9,563800000.0,554675000.0,563800000.0,787879948.0,8.0,4.729,93900000.0,11.448,1.0,454500000.0,0.201,512700000.0,51100000.0,1466500000.0,1429500000.0,366700000.0,0.0,0.0,0.0,1581500000.0,575900000.0,1005600000.0,377279948.0,-12400000.0,-900000.0,0.0,-91900000.0,-8100000.0,-111300000.0,-8600000.0,0.0,103700000.0,3800000.0,40200000.0,40200000.0,40200000.0,0.0,0.0,0.018,379000000.0,75500000.0,258400000.0,0.2,0.669,9.385,9.388,659700000.0,0.0,46.0,0.166,0.166,276100000.0,607800000.0,2266700000.0,2266700000.0,0.0,0.02,0.072,0.073,0.046,0.0,366700000.0,1.0,8201738.0,8202000.0,,276.359,1632600000.0,28400000.0,12600000.0,0.0,199.049,210900000.0
74,NC,MRT,2002-12-31,2002-12-31,2002-12-31,2021-08-25,-59400000.0,1780800000.0,2043900000.0,739500000.0,1041300000.0,1.118,68.228,-20500000.0,57800000.0,57800000.0,1830200000.0,42400000.0,1.356,2.183,743000000.0,68200000.0,674800000.0,743000000.0,0.0,70200000.0,0.0,0.022,0.97,106600000.0,176800000.0,0.077,176800000.0,106600000.0,53700000.0,5.17,5.17,5.17,559400000.0,547875000.0,559400000.0,866671499.0,8.0,4.902,129000000.0,15.734,1.0,454800000.0,0.199,512400000.0,52900000.0,1408100000.0,1367475000.0,328700000.0,0.0,0.0,0.0,1221400000.0,545500000.0,675900000.0,358871499.0,-11500000.0,-300000.0,0.0,-121600000.0,-8000000.0,-146800000.0,-18500000.0,0.0,149500000.0,4300000.0,42400000.0,42400000.0,42400000.0,0.0,0.0,0.019,368400000.0,86400000.0,252400000.0,0.188,0.642,8.464,8.466,400000000.0,0.0,43.77,0.157,0.157,270600000.0,605700000.0,2285000000.0,2285000000.0,0.0,0.021,0.077,0.078,0.047,0.0,356100000.0,1.0,8199029.0,8199029.0,,278.692,1268400000.0,29000000.0,11300000.0,0.0,154.701,194000000.0
75,NC,MRT,2002-09-30,2002-09-30,2002-09-30,2021-08-25,-47800000.0,2137100000.0,2139175000.0,784000000.0,1353100000.0,1.153,66.809,-34300000.0,34200000.0,34200000.0,2028600000.0,-10600000.0,1.122,2.902,542000000.0,173100000.0,368900000.0,542000000.0,0.0,105800000.0,0.0,0.024,0.96,46000000.0,151800000.0,0.062,151800000.0,46000000.0,-20800000.0,-1.3,-1.3,-1.3,547700000.0,540350000.0,547700000.0,819567306.0,18.0,5.399,142800000.0,17.419,1.0,436800000.0,0.177,512600000.0,66800000.0,1433400000.0,1346750000.0,394300000.0,0.0,0.0,0.0,1589400000.0,698900000.0,890500000.0,326267306.0,-3700000.0,400000.0,0.0,-102600000.0,-7800000.0,-147100000.0,-35000000.0,0.0,177100000.0,1300000.0,-10600000.0,-10600000.0,-10600000.0,0.0,0.0,-0.004,374700000.0,62100000.0,261600000.0,-0.738,0.596,-30.78,-30.615,682500000.0,0.0,39.8,0.132,0.132,290300000.0,582500000.0,2465400000.0,2465400000.0,0.0,-0.005,-0.02,0.034,0.019,0.0,357600000.0,1.0,8197671.0,8198000.0,,300.732,1624500000.0,31700000.0,-10200000.0,0.0,198.158,85100000.0
76,NC,MRT,2002-06-30,2002-06-30,2002-06-30,2021-08-25,-41700000.0,2151300000.0,2155525000.0,796900000.0,1354400000.0,1.131,66.829,-58100000.0,63400000.0,63400000.0,2036700000.0,-46100000.0,1.107,2.927,556700000.0,180900000.0,375800000.0,556700000.0,0.0,106400000.0,0.0,0.016,0.95,-4700000.0,101700000.0,0.042,101700000.0,-4700000.0,-67100000.0,-5.64,-5.64,-5.64,547800000.0,546075000.0,547800000.0,963529548.0,-205.0,9.474,90600000.0,11.053,1.0,402100000.0,0.165,514800000.0,62400000.0,1410000000.0,1331625000.0,372800000.0,0.0,0.0,0.0,1603500000.0,719800000.0,883700000.0,476229548.0,33600000.0,-3400000.0,0.0,-24700000.0,-7700000.0,-56100000.0,-62200000.0,0.0,148700000.0,3200000.0,-46100000.0,-46100000.0,-46100000.0,0.0,0.0,-0.019,392800000.0,9300000.0,264400000.0,-0.168,0.869,-10.33,-10.301,685700000.0,0.0,58.1,0.195,0.195,293900000.0,576500000.0,2438800000.0,2438800000.0,0.0,-0.021,-0.084,-0.004,-0.002,0.0,363400000.0,1.0,8196722.0,8197000.0,,297.523,1636500000.0,58900000.0,-21000000.0,0.0,199.646,77100000.0
77,NC,MRT,2002-03-31,2002-03-31,2002-03-31,2021-08-25,-52000000.0,2106400000.0,2154425000.0,757100000.0,1349300000.0,1.159,65.471,-78600000.0,65100000.0,65100000.0,2092600000.0,-42800000.0,0.878,2.925,552400000.0,349000000.0,203400000.0,552400000.0,0.0,113000000.0,0.0,0.014,0.94,-1700000.0,111300000.0,0.045,111300000.0,-1700000.0,-61700000.0,-5.24,-5.24,-5.24,536600000.0,559025000.0,536600000.0,1086089307.0,-639.0,9.758,78500000.0,9.578,1.0,404600000.0,0.162,513100000.0,60000000.0,1218400000.0,1372075000.0,352400000.0,0.0,0.0,0.0,1569800000.0,862200000.0,707600000.0,543289307.0,27200000.0,-3500000.0,0.0,-27500000.0,-7700000.0,-49500000.0,-81400000.0,0.0,157100000.0,1000000.0,-42800000.0,-42800000.0,-42800000.0,0.0,0.0,-0.017,402800000.0,1800000.0,254600000.0,-0.179,1.012,-12.694,-12.651,691800000.0,0.0,66.29,0.218,0.218,275000000.0,575700000.0,2497200000.0,2497200000.0,0.0,-0.02,-0.077,-0.001,-0.001,0.0,369400000.0,1.0,8195645.0,8196000.0,,304.685,1593300000.0,58100000.0,-18900000.0,0.0,194.4,-105100000.0
78,NC,MRT,2001-12-31,2001-12-31,2001-12-31,2021-08-25,-54800000.0,2161900000.0,2175800000.0,770000000.0,1391900000.0,1.212,64.592,-86900000.0,71900000.0,71900000.0,2203400000.0,-36000000.0,0.889,3.084,614700000.0,366600000.0,248100000.0,614700000.0,0.0,117600000.0,0.0,0.016,0.93,11000000.0,128600000.0,0.049,128600000.0,11000000.0,-45900000.0,-4.4,-4.4,-4.4,529300000.0,574400000.0,529300000.0,1066467870.0,97.0,8.293,49100000.0,5.992,1.0,434500000.0,0.165,513100000.0,56900000.0,1325200000.0,1461350000.0,360600000.0,0.0,0.0,0.0,1632600000.0,866400000.0,766200000.0,465367870.0,38200000.0,-4200000.0,0.0,25100000.0,-7600000.0,-1600000.0,-95100000.0,0.0,136000000.0,-1100000.0,-36000000.0,-36000000.0,-36000000.0,0.0,0.0,-0.014,418400000.0,16100000.0,235300000.0,-0.211,0.879,-12.927,-12.907,732000000.0,0.0,56.79,0.176,0.176,264500000.0,571300000.0,2637900000.0,2637900000.0,0.0,-0.017,-0.063,0.008,0.004,0.0,381000000.0,1.0,8194539.0,8194539.0,,321.91,1648800000.0,40200000.0,-9900000.0,0.0,201.207,-96400000.0
79,NC,MRT,2001-09-30,2001-09-30,2001-09-30,2021-08-25,-43100000.0,2202500000.0,2183800000.0,810400000.0,1392100000.0,1.267,69.636,-95600000.0,37900000.0,37900000.0,2287200000.0,27700000.0,0.889,2.86,639000000.0,405300000.0,233700000.0,639000000.0,0.0,116300000.0,0.0,0.017,0.92,88300000.0,204600000.0,0.074,204600000.0,88300000.0,33900000.0,3.39,3.39,3.39,570600000.0,593675000.0,570600000.0,994496210.0,11.0,4.861,25500000.0,3.112,1.0,478700000.0,0.173,518700000.0,54400000.0,1372900000.0,1515650000.0,445700000.0,0.0,0.0,0.0,1631900000.0,912000000.0,719900000.0,456796210.0,-11100000.0,-145100000.0,0.0,146400000.0,-7500000.0,111400000.0,-244900000.0,0.0,121100000.0,1300000.0,27700000.0,27700000.0,27700000.0,0.0,0.0,0.01,417200000.0,61500000.0,231600000.0,0.271,0.801,16.491,16.445,722100000.0,0.0,55.75,0.165,0.165,255900000.0,600900000.0,2765900000.0,2765900000.0,0.0,0.013,0.047,0.058,0.032,0.0,377800000.0,1.0,8193654.0,8194000.0,,337.552,1683800000.0,21300000.0,6200000.0,0.0,205.492,-101600000.0
80,NC,MRT,2001-06-30,2001-06-30,2001-06-30,2021-08-25,-43500000.0,2146900000.0,2156050000.0,775500000.0,1371400000.0,1.33,73.184,-91900000.0,29800000.0,29800000.0,2352300000.0,64100000.0,1.31,2.581,567500000.0,94000000.0,473500000.0,567500000.0,0.0,112700000.0,0.0,0.012,0.91,136200000.0,248900000.0,0.087,248900000.0,136200000.0,84900000.0,7.84,7.84,7.84,599600000.0,592700000.0,599600000.0,1173955068.0,9.0,4.717,63200000.0,7.714,1.0,515900000.0,0.18,521000000.0,51300000.0,1571800000.0,1528275000.0,434900000.0,0.0,0.0,0.0,1547300000.0,591800000.0,955500000.0,638955068.0,-3800000.0,-143200000.0,0.0,111500000.0,-7400000.0,82500000.0,-240300000.0,0.0,155100000.0,-1100000.0,64100000.0,64100000.0,64100000.0,0.0,0.0,0.022,406800000.0,109100000.0,238900000.0,0.116,1.066,9.968,9.948,707700000.0,0.0,77.99,0.223,0.223,248800000.0,630300000.0,2868200000.0,2868200000.0,0.0,0.03,0.108,0.089,0.047,0.0,375800000.0,1.0,8192782.0,8193000.0,,350.079,1625900000.0,15900000.0,20800000.0,0.0,198.45,183700000.0
81,NC,MRT,2001-03-31,2001-03-31,2001-03-31,2021-08-25,-40700000.0,2191900000.0,2129075000.0,815200000.0,1376700000.0,1.365,73.013,-81000000.0,37900000.0,37900000.0,2380300000.0,71600000.0,1.304,2.665,572900000.0,95200000.0,477700000.0,572900000.0,0.0,109500000.0,0.0,0.014,0.9,145000000.0,254500000.0,0.088,254500000.0,145000000.0,97200000.0,8.77,8.77,8.77,598100000.0,585250000.0,598100000.0,1038016425.0,7.0,4.079,62000000.0,7.569,1.0,526300000.0,0.181,526100000.0,47800000.0,1575500000.0,1493575000.0,432800000.0,0.0,0.0,0.0,1593800000.0,625300000.0,968500000.0,510016425.0,9800000.0,-149000000.0,0.0,131600000.0,-7300000.0,103500000.0,-234800000.0,0.0,143000000.0,-1900000.0,71600000.0,71600000.0,71600000.0,0.0,0.0,0.025,402100000.0,124200000.0,271100000.0,0.103,0.853,7.123,7.099,705900000.0,0.0,62.26,0.175,0.175,289000000.0,626200000.0,2906600000.0,2906600000.0,0.0,0.034,0.122,0.097,0.05,0.0,371300000.0,1.0,8191719.0,8191719.0,,354.822,1665800000.0,17800000.0,25600000.0,0.0,203.352,189900000.0
82,NC,MRT,2000-12-31,2000-12-31,2000-12-31,2021-08-25,-20200000.0,2193900000.0,2081425000.0,815700000.0,1378200000.0,1.379,74.223,-78000000.0,33700000.0,33700000.0,2355100000.0,67700000.0,1.255,2.618,561700000.0,111700000.0,450000000.0,561700000.0,0.0,106100000.0,0.0,0.02,0.89,137100000.0,243200000.0,0.085,243200000.0,137100000.0,90000000.0,8.29,8.29,8.29,606400000.0,577225000.0,606400000.0,799043936.0,6.0,3.286,55000000.0,6.732,1.0,516200000.0,0.18,529300000.0,47100000.0,1542400000.0,1441225000.0,411800000.0,0.0,0.0,0.0,1587500000.0,650200000.0,937300000.0,356943936.0,-2500000.0,-155600000.0,0.0,124300000.0,-7200000.0,98300000.0,-234200000.0,0.0,133000000.0,400000.0,67700000.0,67700000.0,67700000.0,0.0,0.0,0.024,398300000.0,117900000.0,263000000.0,0.107,0.589,5.272,5.27,710700000.0,0.0,43.69,0.124,0.124,315400000.0,614900000.0,2871300000.0,2871300000.0,0.0,0.033,0.117,0.095,0.048,0.0,367000000.0,1.0,8169923.0,8169923.0,,351.448,1664600000.0,47800000.0,22300000.0,0.0,203.747,165500000.0
83,NC,MRT,2000-09-30,2000-09-30,2000-09-30,2021-08-25,-25600000.0,2091500000.0,2036200000.0,846800000.0,1244700000.0,1.4,69.372,-70600000.0,49000000.0,49000000.0,2347800000.0,49800000.0,1.264,2.691,491100000.0,158200000.0,332900000.0,491100000.0,0.0,104800000.0,0.0,0.021,0.88,123200000.0,228000000.0,0.08,228000000.0,123200000.0,78900000.0,6.11,6.1,6.11,566700000.0,566175000.0,566700000.0,775092246.0,6.0,3.4,32000000.0,3.917,1.0,503700000.0,0.177,440400000.0,44300000.0,1423400000.0,1390550000.0,437700000.0,0.0,0.0,0.0,1524800000.0,669800000.0,855000000.0,343092246.0,8500000.0,-14000000.0,0.0,28800000.0,-7200000.0,2400000.0,-94700000.0,-11300000.0,102600000.0,-1800000.0,49800000.0,49800000.0,49800000.0,0.0,0.0,0.017,375500000.0,128200000.0,263300000.0,0.144,0.605,6.889,6.874,625300000.0,0.0,42.0,0.12,0.12,307700000.0,580700000.0,2851500000.0,2851500000.0,0.0,0.024,0.088,0.089,0.043,0.0,358800000.0,1.0,8168863.0,8169000.0,,349.064,1651100000.0,21900000.0,29100000.0,0.0,202.118,177000000.0
84,NC,MRT,2000-06-30,2000-06-30,2000-06-30,2021-08-25,-15400000.0,2039000000.0,2018975000.0,785700000.0,1253300000.0,1.37,69.763,-75700000.0,33600000.0,33600000.0,2274200000.0,47900000.0,1.319,2.578,465600000.0,113900000.0,351700000.0,465600000.0,0.0,107500000.0,0.0,0.025,0.87,119700000.0,227200000.0,0.082,227200000.0,119700000.0,75200000.0,5.88,5.87,5.88,569800000.0,560575000.0,569800000.0,683827893.0,6.0,3.01,47400000.0,5.803,1.0,491800000.0,0.178,442100000.0,44500000.0,1433000000.0,1368200000.0,417900000.0,0.0,0.0,0.0,1469200000.0,595900000.0,873300000.0,286927893.0,9900000.0,-44300000.0,0.0,46400000.0,-7200000.0,14500000.0,-129500000.0,-11300000.0,123100000.0,1800000.0,47900000.0,47900000.0,47900000.0,0.0,0.0,0.017,369100000.0,122700000.0,261100000.0,0.148,0.504,5.99,5.974,624200000.0,0.0,35.13,0.104,0.104,289700000.0,573600000.0,2766000000.0,2766000000.0,0.0,0.024,0.085,0.087,0.043,0.0,352500000.0,1.0,8167603.0,8167603.0,,338.655,1596900000.0,25800000.0,27300000.0,0.0,195.516,189800000.0
85,NC,MRT,2000-03-31,2000-03-31,2000-03-31,2021-08-25,-7500000.0,2001300000.0,1994900000.0,760300000.0,1241000000.0,1.356,69.308,-73800000.0,28100000.0,28100000.0,2215100000.0,50600000.0,1.296,2.536,425000000.0,105300000.0,319700000.0,425000000.0,0.0,106300000.0,0.0,0.018,0.86,123800000.0,230100000.0,0.085,230100000.0,123800000.0,80000000.0,6.21,6.2,6.21,566000000.0,551625000.0,566000000.0,770701579.0,6.0,3.349,53600000.0,6.563,1.0,489200000.0,0.181,445600000.0,43800000.0,1366100000.0,1333300000.0,409500000.0,0.0,0.0,0.0,1435300000.0,586500000.0,848800000.0,391501579.0,-12500000.0,-47800000.0,0.0,23700000.0,-7000000.0,-8200000.0,-131900000.0,-11300000.0,127400000.0,200000.0,50600000.0,50600000.0,50600000.0,0.0,0.0,0.019,362500000.0,126700000.0,265400000.0,0.138,0.692,7.737,7.72,624100000.0,0.0,47.94,0.145,0.145,278700000.0,561900000.0,2704300000.0,2704300000.0,0.0,0.025,0.092,0.093,0.046,0.0,345900000.0,1.0,8166491.0,8166491.0,,331.146,1555700000.0,30900000.0,29400000.0,4800000.0,190.498,173800000.0
86,NC,MRT,1999-12-31,1999-12-31,1999-12-31,2021-08-25,-3000000.0,2013000000.0,1976875000.0,772200000.0,1240800000.0,1.333,68.932,-74500000.0,36200000.0,36200000.0,2151200000.0,53100000.0,1.324,2.581,395400000.0,69100000.0,326300000.0,395400000.0,0.0,104000000.0,0.0,0.015,0.85,128100000.0,232100000.0,0.088,232100000.0,128100000.0,84800000.0,6.52,6.51,6.52,562200000.0,541000000.0,562200000.0,840241693.0,7.0,3.62,54600000.0,6.695,1.0,484700000.0,0.184,449400000.0,43300000.0,1339700000.0,1311775000.0,390300000.0,0.0,0.0,0.0,1450800000.0,583100000.0,867700000.0,453141693.0,1500000.0,-78300000.0,0.0,63900000.0,-7000000.0,35300000.0,-161400000.0,-11300000.0,129100000.0,-1500000.0,53100000.0,53100000.0,53100000.0,0.0,0.0,0.02,353400000.0,131300000.0,254400000.0,0.13,0.806,8.534,8.521,625400000.0,0.0,55.56,0.172,0.172,292200000.0,554400000.0,2635900000.0,2635900000.0,0.0,0.027,0.098,0.098,0.049,0.0,337000000.0,1.0,8155898.0,8155898.0,,323.189,1563600000.0,29200000.0,31700000.0,0.0,191.714,189100000.0
87,NC,MRT,1999-09-30,1999-09-30,1999-09-30,2021-08-25,-1200000.0,2022600000.0,1948200000.0,777900000.0,1244700000.0,1.357,66.742,-82000000.0,40500000.0,40500000.0,2134300000.0,66500000.0,1.229,2.716,427600000.0,131100000.0,296500000.0,427600000.0,0.0,101600000.0,0.0,0.012,0.84,148500000.0,250100000.0,0.095,250100000.0,148500000.0,106000000.0,8.18,8.18,8.18,544300000.0,530025000.0,544300000.0,923690268.0,6.0,3.693,120900000.0,14.825,1.0,510300000.0,0.193,442800000.0,42500000.0,1334000000.0,1274350000.0,407200000.0,0.0,0.0,0.0,1478300000.0,632900000.0,845400000.0,569890268.0,23000000.0,-92800000.0,-4700000.0,22800000.0,-6900000.0,-7100000.0,-171900000.0,0.0,202900000.0,-900000.0,66500000.0,66500000.0,66500000.0,0.0,0.0,0.025,358400000.0,151900000.0,275400000.0,0.103,1.047,8.57,8.543,620800000.0,0.0,69.88,0.215,0.215,288400000.0,534700000.0,2644600000.0,2644600000.0,0.0,0.034,0.125,0.117,0.056,0.0,341900000.0,1.0,8155270.0,8155270.0,,324.281,1579800000.0,33300000.0,39500000.0,0.0,193.715,145000000.0
88,NC,MRT,1999-06-30,1999-06-30,1999-06-30,2021-08-25,-6100000.0,1942700000.0,1912125000.0,719700000.0,1223000000.0,1.367,65.484,-87600000.0,23700000.0,23700000.0,2098000000.0,79900000.0,1.287,2.638,377500000.0,93800000.0,283700000.0,377500000.0,0.0,94400000.0,0.0,0.011,0.83,166100000.0,260500000.0,0.1,260500000.0,166100000.0,127000000.0,9.82,9.82,9.82,534000000.0,516900000.0,534000000.0,931466187.0,6.0,3.576,73900000.0,9.062,1.0,516000000.0,0.197,443900000.0,39100000.0,1293400000.0,1246725000.0,365200000.0,0.0,0.0,0.0,1408700000.0,559200000.0,849500000.0,599366187.0,-1900000.0,-66000000.0,-4700000.0,21500000.0,-6700000.0,-8900000.0,-151400000.0,0.0,161500000.0,-3100000.0,79900000.0,79900000.0,79900000.0,0.0,0.0,0.031,345400000.0,170600000.0,248400000.0,0.085,1.122,7.501,7.485,616200000.0,0.0,73.5,0.229,0.229,292700000.0,529400000.0,2614000000.0,2614000000.0,0.0,0.042,0.155,0.133,0.064,0.0,328900000.0,1.0,8154642.0,8154642.0,,320.554,1498800000.0,34700000.0,47100000.0,5200000.0,183.797,160500000.0
89,NC,MRT,1999-03-31,1999-03-31,1999-03-31,2021-08-25,-2100000.0,1929200000.0,1879350000.0,717300000.0,1211900000.0,1.375,64.201,-95400000.0,40600000.0,40600000.0,2071400000.0,89900000.0,1.341,2.685,372700000.0,69100000.0,303600000.0,372700000.0,0.0,90900000.0,0.0,0.011,0.82,179600000.0,270500000.0,0.105,270500000.0,179600000.0,142900000.0,11.04,11.04,11.04,523500000.0,501375000.0,523500000.0,885189906.0,5.0,3.272,57600000.0,7.064,1.0,512100000.0,0.198,446400000.0,36700000.0,1280000000.0,1204675000.0,360200000.0,0.0,0.0,0.0,1405700000.0,534900000.0,870800000.0,603889906.0,25400000.0,-62300000.0,-4700000.0,47800000.0,-6700000.0,29300000.0,-155500000.0,0.0,153000000.0,-1400000.0,89900000.0,89900000.0,89900000.0,0.0,0.0,0.035,331700000.0,180400000.0,244700000.0,0.074,1.154,6.717,6.708,593800000.0,0.0,74.06,0.234,0.234,278100000.0,514900000.0,2583500000.0,2583500000.0,0.0,0.048,0.179,0.149,0.07,0.0,315300000.0,1.0,8154063.0,8154063.0,,316.836,1482800000.0,32400000.0,53000000.0,10800000.0,181.848,182400000.0
90,NC,MRT,1998-12-31,1998-12-31,1998-12-31,2021-08-25,5100000.0,1898300000.0,1837175000.0,703200000.0,1195100000.0,1.399,63.846,-95500000.0,34700000.0,34700000.0,2053800000.0,102300000.0,1.282,2.663,316000000.0,59600000.0,256400000.0,316000000.0,0.0,89000000.0,0.0,0.009,0.81,197600000.0,286600000.0,0.112,286600000.0,197600000.0,163000000.0,12.56,12.56,12.56,518300000.0,482200000.0,518300000.0,1080847628.0,5.0,3.771,48800000.0,6.011,1.0,515500000.0,0.201,441000000.0,34600000.0,1190000000.0,1146175000.0,356200000.0,0.0,0.0,0.0,1380000000.0,548600000.0,831400000.0,746847628.0,10600000.0,-27100000.0,-4700000.0,8200000.0,-6600000.0,-12100000.0,-121800000.0,0.0,144300000.0,200000.0,102300000.0,102300000.0,102300000.0,0.0,0.0,0.04,317400000.0,198100000.0,252900000.0,0.064,1.441,7.301,7.325,593400000.0,0.0,92.0,0.291,0.291,275100000.0,504900000.0,2569300000.0,2569300000.0,0.0,0.056,0.212,0.172,0.077,0.0,301100000.0,1.0,8117909.0,8117909.0,,316.498,1457300000.0,31900000.0,60700000.0,10900000.0,179.517,154600000.0
91,NC,MRT,1998-09-30,1998-09-30,1998-09-30,2021-08-25,8600000.0,1878300000.0,1794875000.0,720800000.0,1157500000.0,1.374,60.24,-93700000.0,17500000.0,17500000.0,1975800000.0,100400000.0,1.309,2.819,351500000.0,92200000.0,259300000.0,351500000.0,0.0,86600000.0,0.0,0.008,0.8,180100000.0,266700000.0,0.108,266700000.0,180100000.0,146500000.0,12.29,12.3,12.29,491800000.0,458900000.0,491800000.0,1100402400.0,6.0,4.126,18800000.0,2.303,1.0,490100000.0,0.199,438300000.0,33600000.0,1223500000.0,1104125000.0,387200000.0,0.0,0.0,0.0,1386500000.0,550500000.0,836000000.0,816402400.0,-19800000.0,-12900000.0,-2800000.0,-1900000.0,-6500000.0,-24900000.0,-107900000.0,0.0,112500000.0,500000.0,100400000.0,100400000.0,100400000.0,0.0,0.0,0.041,306000000.0,184100000.0,244600000.0,0.065,1.66,8.131,8.137,559100000.0,0.0,100.0,0.331,0.331,279100000.0,475000000.0,2465900000.0,2465900000.0,0.0,0.056,0.219,0.163,0.073,0.0,282900000.0,1.0,8164024.0,8164024.0,,302.045,1440000000.0,26600000.0,46100000.0,1100000.0,176.384,170300000.0
92,NC,MRT,1998-06-30,1998-06-30,1998-06-30,2021-08-25,2800000.0,1811600000.0,,677900000.0,1133700000.0,,57.805,-83300000.0,25600000.0,25600000.0,1961900000.0,94500000.0,1.282,2.839,309600000.0,69900000.0,239700000.0,309600000.0,0.0,87400000.0,0.0,0.006,0.79,172500000.0,259900000.0,0.107,259900000.0,172500000.0,139000000.0,11.57,11.58,11.57,471900000.0,,471900000.0,1326362790.0,8.0,5.103,48000000.0,5.88,1.0,477700000.0,0.196,441700000.0,33500000.0,1125200000.0,,351700000.0,0.0,0.0,0.0,1339700000.0,528700000.0,811000000.0,1055562790.0,-5700000.0,-8000000.0,-2800000.0,-32500000.0,-6500000.0,-44700000.0,-91200000.0,0.0,131300000.0,-1100000.0,94500000.0,94500000.0,94500000.0,0.0,0.0,0.039,299400000.0,178300000.0,248600000.0,0.068,2.237,11.17,11.175,544100000.0,0.0,129.3,0.433,0.433,263000000.0,460000000.0,2439600000.0,2439600000.0,0.0,,,,0.071,0.0,276100000.0,1.0,8163672.0,8163672.0,,298.836,1369900000.0,21900000.0,44500000.0,3000000.0,167.804,149200000.0
93,NC,MRT,1998-03-31,1998-03-31,1998-03-31,2021-08-25,2300000.0,1760500000.0,,639800000.0,1120700000.0,,54.733,-73200000.0,15200000.0,15200000.0,1908600000.0,83100000.0,1.185,2.94,286000000.0,68700000.0,217300000.0,286000000.0,0.0,88700000.0,0.0,0.006,0.78,157400000.0,246100000.0,0.104,246100000.0,157400000.0,122800000.0,10.17,10.18,10.17,446800000.0,,446800000.0,1342371078.0,9.0,5.455,116400000.0,14.259,1.0,457900000.0,0.193,445400000.0,34600000.0,1046000000.0,,334400000.0,0.0,0.0,0.0,1313700000.0,539900000.0,773800000.0,1093871078.0,-18100000.0,-13500000.0,-2800000.0,-94100000.0,-6400000.0,-121900000.0,-85700000.0,0.0,189600000.0,-100000.0,83100000.0,83100000.0,83100000.0,0.0,0.0,0.035,292800000.0,165100000.0,253200000.0,0.077,2.448,13.163,13.176,539700000.0,0.0,134.0,0.462,0.462,255400000.0,435400000.0,2366500000.0,2366500000.0,0.0,,,,0.067,0.0,269200000.0,1.0,8163217.0,8163217.0,,289.898,1315100000.0,17200000.0,39700000.0,17700000.0,161.101,99900000.0
94,NC,MRT,1997-12-31,1997-12-31,1997-12-31,2021-08-25,3900000.0,1729100000.0,1718600000.0,599600000.0,1129500000.0,1.307,52.075,-65000000.0,24100000.0,24100000.0,1825900000.0,61800000.0,1.184,3.068,272600000.0,42400000.0,230200000.0,272600000.0,0.0,88600000.0,0.0,0.007,0.772,124800000.0,213400000.0,0.095,213400000.0,124800000.0,88200000.0,7.56,7.56,7.56,425100000.0,402200000.0,425100000.0,,,,145000000.0,17.763,1.0,421000000.0,0.187,449300000.0,36600000.0,1021800000.0,1102800000.0,302900000.0,0.0,0.0,0.0,1304000000.0,506500000.0,797500000.0,875096862.0,-23700000.0,-14000000.0,-2800000.0,-124400000.0,-6300000.0,-153800000.0,-78000000.0,0.0,210000000.0,-1900000.0,61800000.0,61800000.0,61800000.0,0.0,0.0,0.028,289000000.0,132000000.0,244700000.0,0.102,2.059,14.16,14.18,541700000.0,0.0,107.2,0.389,0.389,240800000.0,412900000.0,2246900000.0,2246900000.0,0.0,0.036,0.154,0.113,0.056,0.0,265200000.0,1.0,8163217.0,8163217.0,,275.247,1279800000.0,24100000.0,26400000.0,12800000.0,156.776,93100000.0
95,NC,MRT,1997-09-30,1997-09-30,1997-09-30,2021-08-25,,,,,,,,,,,,,,,,,,,,,,0.007,0.765,,,,,,,,,,,,,,,,,,1.0,,,,,,,,,,,,,,,,,,,,,,,,,,,,,,,,,,,,,,,,117.6,,,,,,,,,,,,,,1.0,,,,,,,,,,
96,NC,MRT,1997-06-30,1997-06-30,1997-06-30,2021-08-25,,,,,,,,,,,,,,,,,,,,,,0.013,0.758,,,,,,,,,,,,,,,,,,1.0,,,,,,,,,,,,,,,,,,,,,,,,,,,,,,,,,,,,,,,,56.5,,,,,,,,,,,,,,1.0,,,,,,,,,,
97,NC,MRT,1997-03-31,1997-03-31,1997-03-31,2021-08-25,,,,,,,,,,,,,,,,,,,,,,0.015,0.75,,,,,,,,,,,,,,,,,,1.0,,,,,,,,,,,,,,,,,,,,,,,,,,,,,,,,,,,,,,,,49.25,,,,,,,,,,,,,,1.0,,,,,,,,,,
98,NC,MRT,1996-12-31,1996-12-31,1996-12-31,2021-08-25,11800000.0,1708100000.0,,591800000.0,1116300000.0,,,-79400000.0,47800000.0,47800000.0,1874100000.0,50600000.0,1.423,3.503,400500000.0,67200000.0,333300000.0,400500000.0,0.0,85300000.0,0.0,0.014,0.742,130800000.0,216100000.0,0.095,216100000.0,130800000.0,84900000.0,5.67,5.67,5.67,379300000.0,,379300000.0,,,,163400000.0,,1.0,399100000.0,0.176,461000000.0,45900000.0,1183800000.0,,309600000.0,0.0,0.0,0.0,1328800000.0,416000000.0,912800000.0,,16900000.0,-45100000.0,-40400000.0,-52100000.0,-6700000.0,-104900000.0,-122800000.0,0.0,242800000.0,1800000.0,50600000.0,50600000.0,50600000.0,0.0,0.0,0.022,267900000.0,131200000.0,186300000.0,0.131,,,9.436,550300000.0,0.0,53.5,,,212200000.0,359200000.0,2273200000.0,2273200000.0,0.0,,,,0.058,0.0,252500000.0,1.0,,,,,1247100000.0,7900000.0,34300000.0,5900000.0,,175800000.0
99,NC,MRT,1995-12-31,1995-12-31,1995-12-31,2021-08-25,,,,,,,,-73100000.0,,,1809400000.0,94400000.0,,,,,,,,79300000.0,,0.013,0.71,176300000.0,255600000.0,0.116,255600000.0,176300000.0,129100000.0,10.54,10.54,10.54,,,,,,,-41000000.0,,1.0,395100000.0,0.179,,47200000.0,,,,,,,,,,,11400000.0,-7300000.0,0.0,62500000.0,-6400000.0,56600000.0,-78400000.0,0.0,32100000.0,1100000.0,94400000.0,94400000.0,94400000.0,0.0,0.0,0.043,246400000.0,148700000.0,,0.067,,,5.266,,0.0,55.5,,,,,2204500000.0,2204500000.0,0.0,,,,0.08,0.0,232700000.0,1.0,,,,,,,34700000.0,,,
