None,ticker,dimension,calendardate,datekey,reportperiod,lastupdated,accoci,assets,assetsavg,assetsc,assetsnc,assetturnover,bvps,capex,cashneq,cashnequsd,cor,consolinc,currentratio,de,debt,debtc,debtnc,debtusd,deferredrev,depamor,deposits,divyield,dps,ebit,ebitda,ebitdamargin,ebitdausd,ebitusd,ebt,eps,epsdil,epsusd,equity,equityavg,equityusd,ev,evebit,evebitda,fcf,fcfps,fxusd,gp,grossmargin,intangibles,intexp,invcap,invcapavg,inventory,investments,investmentsc,investmentsnc,liabilities,liabilitiesc,liabilitiesnc,marketcap,ncf,ncfbus,ncfcommon,ncfdebt,ncfdiv,ncff,ncfi,ncfinv,ncfo,ncfx,netinc,netinccmn,netinccmnusd,netincdis,netincnci,netmargin,opex,opinc,payables,payoutratio,pb,pe,pe1,ppnenet,prefdivis,price,ps,ps1,receivables,retearn,revenue,revenueusd,rnd,roa,roe,roic,ros,sbcomp,sgna,sharefactor,sharesbas,shareswa,shareswadil,sps,tangibles,taxassets,taxexp,taxliabilities,tbvps,workingcapital
0,EKDKQ,MRY,2012-12-31,2012-12-31,2012-12-31,2019-05-23,-2616000000.0,4286000000.0,4590000000.0,2843000000.0,1443000000.0,0.896,-13.509,-69000000.0,1135000000.0,1135000000.0,3523000000.0,-1379000000.0,0.779,-2.164,4147000000.0,699000000.0,3448000000.0,4147000000.0,0.0,242000000.0,0.0,0.0,0.0,-1478000000.0,-1236000000.0,-0.3,-1236000000.0,-1478000000.0,-1636000000.0,-5.07,-5.07,-5.07,-3679000000.0,-3143500000.0,-3679000000.0,3304020864.0,-2.0,-2.673,-331000000.0,-1.215,1.0,591000000.0,0.144,132000000.0,158000000.0,3517000000.0,5420250000.0,420000000.0,0.0,0.0,0.0,7963000000.0,3649000000.0,4314000000.0,49020864.0,274000000.0,63000000.0,0.0,549000000.0,0.0,508000000.0,25000000.0,4000000.0,-262000000.0,3000000.0,-1379000000.0,-1379000000.0,-1379000000.0,76000000.0,0.0,-0.335,2007000000.0,-1416000000.0,355000000.0,0.0,-0.013,-0.036,-0.036,607000000.0,0.0,0.18,0.012,0.012,633000000.0,2600000000.0,4114000000.0,4114000000.0,207000000.0,-0.3,0.439,-0.273,-0.359,0.0,824000000.0,1.0,272338132.0,272338132,,15.106,4154000000.0,470000000.0,-257000000.0,0.0,15.253,-806000000.0
1,EKDKQ,MRY,2011-12-31,2011-12-31,2011-12-31,2019-05-23,-2666000000.0,4678000000.0,5249000000.0,2727000000.0,1951000000.0,0.981,-8.713,-128000000.0,861000000.0,861000000.0,4350000000.0,-764000000.0,1.268,-2.988,1515000000.0,152000000.0,1363000000.0,1515000000.0,0.0,273000000.0,0.0,0.0,0.0,-601000000.0,-328000000.0,-0.064,-328000000.0,-601000000.0,-756000000.0,-2.84,-2.84,-2.84,-2352000000.0,-1675000000.0,-2352000000.0,879470614.0,-1.0,-2.681,-1126000000.0,-4.171,1.0,798000000.0,0.155,277000000.0,155000000.0,2905000000.0,3182250000.0,607000000.0,0.0,0.0,0.0,7028000000.0,2150000000.0,4878000000.0,175470614.0,-763000000.0,60000000.0,0.0,246000000.0,0.0,246000000.0,-25000000.0,-1000000.0,-998000000.0,14000000.0,-764000000.0,-764000000.0,-764000000.0,57000000.0,0.0,-0.148,1338000000.0,-540000000.0,706000000.0,0.0,-0.075,-0.23,-0.229,895000000.0,0.0,0.65,0.034,0.034,1103000000.0,4071000000.0,5148000000.0,5148000000.0,235000000.0,-0.146,0.456,-0.189,-0.117,0.0,1050000000.0,1.0,269954791.0,269954791,,19.07,4401000000.0,81000000.0,8000000.0,40000000.0,16.303,577000000.0
2,EKDKQ,MRY,2010-12-31,2010-12-31,2010-12-31,2019-05-23,-2135000000.0,6226000000.0,6781000000.0,3786000000.0,2440000000.0,0.884,-4.006,-149000000.0,1624000000.0,1624000000.0,4170000000.0,-687000000.0,1.343,-6.779,1245000000.0,50000000.0,1195000000.0,1245000000.0,0.0,345000000.0,0.0,0.0,0.0,-429000000.0,-84000000.0,-0.014,-84000000.0,-429000000.0,-577000000.0,-2.56,-2.56,-2.56,-1077000000.0,-389250000.0,-1077000000.0,1294178560.0,-3.0,-15.407,-368000000.0,-1.369,1.0,1823000000.0,0.304,294000000.0,148000000.0,2733000000.0,3402750000.0,746000000.0,0.0,0.0,0.0,7301000000.0,2820000000.0,4481000000.0,1441178560.0,-400000000.0,32000000.0,0.0,-74000000.0,0.0,-74000000.0,-112000000.0,4000000.0,-219000000.0,5000000.0,-687000000.0,-687000000.0,-687000000.0,152000000.0,0.0,-0.115,2021000000.0,-198000000.0,959000000.0,0.0,-1.338,-2.098,-2.094,1037000000.0,0.0,5.36,0.24,0.24,1196000000.0,4969000000.0,5993000000.0,5993000000.0,249000000.0,-0.101,1.765,-0.126,-0.072,0.0,1084000000.0,1.0,268876597.0,268876597,,22.289,5932000000.0,120000000.0,110000000.0,343000000.0,22.062,966000000.0
3,EKDKQ,MRY,2009-12-31,2009-12-31,2009-12-31,2019-05-23,-1760000000.0,7691000000.0,7552250000.0,4303000000.0,3388000000.0,1.008,-0.131,-152000000.0,2024000000.0,2024000000.0,5850000000.0,-209000000.0,1.486,-220.686,1191000000.0,62000000.0,1129000000.0,1191000000.0,0.0,427000000.0,0.0,0.0,0.0,24000000.0,451000000.0,0.059,451000000.0,24000000.0,-95000000.0,-0.78,-0.78,-0.78,-35000000.0,-40500000.0,-35000000.0,1157758681.0,48.0,2.567,-288000000.0,-1.074,1.0,1759000000.0,0.231,907000000.0,119000000.0,3055000000.0,3686500000.0,679000000.0,0.0,0.0,0.0,7724000000.0,2896000000.0,4828000000.0,1131758681.0,-121000000.0,139000000.0,0.0,33000000.0,0.0,33000000.0,-22000000.0,3000000.0,-136000000.0,4000000.0,-210000000.0,-210000000.0,-210000000.0,-17000000.0,1000000.0,-0.028,1787000000.0,-28000000.0,919000000.0,0.0,-32.336,-5.389,-5.41,1254000000.0,0.0,4.22,0.149,0.149,1395000000.0,5676000000.0,7609000000.0,7609000000.0,351000000.0,-0.028,5.185,0.007,0.003,0.0,1298000000.0,1.0,268189261.0,268189261,,28.372,6784000000.0,121000000.0,115000000.0,23000000.0,25.296,1407000000.0
4,EKDKQ,MRY,2008-12-31,2008-12-31,2008-12-31,2019-05-23,-749000000.0,9179000000.0,11747000000.0,5004000000.0,4175000000.0,0.802,3.669,-254000000.0,2145000000.0,2145000000.0,7247000000.0,-442000000.0,1.455,8.316,1303000000.0,51000000.0,1252000000.0,1303000000.0,0.0,500000000.0,0.0,0.076,0.5,-481000000.0,19000000.0,0.002,19000000.0,-481000000.0,-589000000.0,-1.57,-1.57,-1.57,985000000.0,2996250000.0,985000000.0,1227469004.0,-3.0,64.604,-86000000.0,-0.32,1.0,2169000000.0,0.23,896000000.0,108000000.0,4003000000.0,6047750000.0,948000000.0,0.0,0.0,0.0,8191000000.0,3438000000.0,4753000000.0,1766469004.0,-802000000.0,54000000.0,-301000000.0,-306000000.0,-139000000.0,-746000000.0,-188000000.0,12000000.0,168000000.0,-36000000.0,-442000000.0,-442000000.0,-442000000.0,-285000000.0,0.0,-0.047,2990000000.0,-821000000.0,3267000000.0,-0.318,1.793,-3.997,-4.191,1551000000.0,0.0,6.58,0.188,0.188,1716000000.0,5903000000.0,9416000000.0,9416000000.0,478000000.0,-0.038,-0.148,-0.08,-0.051,0.0,1606000000.0,1.0,268460335.0,268460335,,35.074,8283000000.0,0.0,-147000000.0,120000000.0,30.854,1566000000.0
5,EKDKQ,MRY,2007-12-31,2007-12-31,2007-12-31,2019-05-23,452000000.0,13659000000.0,13341250000.0,6053000000.0,7606000000.0,0.772,10.518,-259000000.0,2947000000.0,2947000000.0,7757000000.0,678000000.0,1.361,3.509,1597000000.0,308000000.0,1289000000.0,1597000000.0,0.0,785000000.0,0.0,0.023,0.5,738000000.0,1523000000.0,0.148,1523000000.0,738000000.0,625000000.0,2.35,2.35,2.35,3029000000.0,2438000000.0,3029000000.0,6077046164.0,8.0,3.99,69000000.0,0.24,1.0,2544000000.0,0.247,1657000000.0,113000000.0,6206000000.0,7546750000.0,943000000.0,0.0,0.0,0.0,10630000000.0,4446000000.0,6184000000.0,6298046164.0,1478000000.0,225000000.0,0.0,-1200000000.0,-144000000.0,-1294000000.0,2408000000.0,-7000000.0,328000000.0,36000000.0,676000000.0,676000000.0,676000000.0,-884000000.0,2000000.0,0.066,2774000000.0,-230000000.0,3794000000.0,0.213,2.079,9.317,9.306,1811000000.0,0.0,21.87,0.611,0.611,1939000000.0,6474000000.0,10301000000.0,10301000000.0,525000000.0,0.051,0.277,0.098,0.072,0.0,1802000000.0,1.0,287976505.0,287976505,,35.77,12002000000.0,0.0,-51000000.0,344000000.0,41.677,1607000000.0
6,EKDKQ,MRY,2006-12-31,2006-12-31,2006-12-31,2019-05-23,-635000000.0,14320000000.0,14270750000.0,5557000000.0,8763000000.0,0.741,4.831,-335000000.0,1469000000.0,1469000000.0,8122000000.0,-601000000.0,1.22,9.317,2778000000.0,64000000.0,2714000000.0,2778000000.0,0.0,1195000000.0,0.0,0.019,0.5,-208000000.0,987000000.0,0.093,987000000.0,-208000000.0,-380000000.0,-2.09,-2.09,-2.09,1388000000.0,1810750000.0,1388000000.0,9649200190.0,-46.0,9.776,621000000.0,2.162,1.0,2446000000.0,0.231,1584000000.0,172000000.0,9491000000.0,9662250000.0,1001000000.0,0.0,0.0,0.0,12932000000.0,4554000000.0,8378000000.0,7412200190.0,-196000000.0,156000000.0,0.0,-803000000.0,-144000000.0,-947000000.0,-225000000.0,-2000000.0,956000000.0,20000000.0,-601000000.0,-601000000.0,-601000000.0,-203000000.0,0.0,-0.057,2922000000.0,-476000000.0,3712000000.0,-0.239,5.34,-12.333,-12.344,2602000000.0,0.0,25.8,0.701,0.701,2072000000.0,5967000000.0,10568000000.0,10568000000.0,596000000.0,-0.042,-0.332,-0.022,-0.02,0.0,1969000000.0,1.0,287294581.0,287294581,,36.785,12736000000.0,108000000.0,221000000.0,347000000.0,44.331,1003000000.0
7,EKDKQ,MRY,2005-12-31,2005-12-31,2005-12-31,2019-05-23,-467000000.0,15236000000.0,14834250000.0,6096000000.0,9140000000.0,0.768,7.946,-432000000.0,1665000000.0,1665000000.0,8864000000.0,-1261000000.0,1.111,5.677,3583000000.0,819000000.0,2764000000.0,3583000000.0,0.0,1291000000.0,0.0,0.021,0.5,-673000000.0,618000000.0,0.054,618000000.0,-673000000.0,-812000000.0,-4.38,-4.38,-4.38,2282000000.0,2880750000.0,2282000000.0,9673495514.0,-14.0,15.653,776000000.0,2.702,1.0,2531000000.0,0.222,2141000000.0,139000000.0,9524000000.0,9948750000.0,1455000000.0,0.0,0.0,0.0,12954000000.0,5489000000.0,7465000000.0,6720495514.0,410000000.0,-820000000.0,0.0,665000000.0,-144000000.0,533000000.0,-1304000000.0,-12000000.0,1208000000.0,-27000000.0,-1261000000.0,-1261000000.0,-1261000000.0,-451000000.0,0.0,-0.111,3604000000.0,-1073000000.0,4187000000.0,-0.114,2.945,-5.329,-5.342,3778000000.0,0.0,23.4,0.59,0.59,2760000000.0,6717000000.0,11395000000.0,11395000000.0,739000000.0,-0.085,-0.438,-0.068,-0.059,0.0,2240000000.0,1.0,287200663.0,287200663,,39.676,13095000000.0,100000000.0,449000000.0,483000000.0,45.595,607000000.0
8,EKDKQ,MRY,2004-12-31,2004-12-31,2004-12-31,2019-05-23,-90000000.0,14737000000.0,14758750000.0,5648000000.0,9089000000.0,0.916,13.325,-460000000.0,1255000000.0,1255000000.0,9601000000.0,544000000.0,1.132,2.858,2321000000.0,469000000.0,1852000000.0,2321000000.0,0.0,1030000000.0,0.0,0.016,0.5,530000000.0,1560000000.0,0.115,1560000000.0,530000000.0,362000000.0,1.9,1.9,1.9,3820000000.0,3497750000.0,3820000000.0,10796406651.0,20.0,6.921,708000000.0,2.47,1.0,3916000000.0,0.29,1446000000.0,168000000.0,9367000000.0,10086500000.0,1158000000.0,0.0,0.0,0.0,10917000000.0,4990000000.0,5927000000.0,9245406651.0,5000000.0,-376000000.0,0.0,-928000000.0,-143000000.0,-1066000000.0,-120000000.0,8000000.0,1168000000.0,23000000.0,544000000.0,544000000.0,544000000.0,-475000000.0,0.0,0.04,4022000000.0,-106000000.0,3896000000.0,0.263,2.42,16.995,16.974,4512000000.0,0.0,32.25,0.684,0.684,2544000000.0,7922000000.0,13517000000.0,13517000000.0,836000000.0,0.037,0.156,0.053,0.039,0.0,2491000000.0,1.0,286679276.0,286679276,,47.15,13291000000.0,556000000.0,-182000000.0,625000000.0,46.362,658000000.0
9,EKDKQ,MRY,2003-12-31,2003-12-31,2003-12-31,2019-05-23,-238000000.0,14846000000.0,14068500000.0,5452000000.0,9394000000.0,0.918,11.323,-497000000.0,1250000000.0,1250000000.0,8751000000.0,253000000.0,1.037,3.575,3248000000.0,946000000.0,2302000000.0,3248000000.0,0.0,864000000.0,0.0,0.045,1.15,315000000.0,1179000000.0,0.091,1179000000.0,315000000.0,168000000.0,0.88,0.88,0.88,3245000000.0,2971750000.0,3245000000.0,9263351628.0,29.0,7.857,1148000000.0,4.006,1.0,4158000000.0,0.322,1349000000.0,147000000.0,10240000000.0,9578250000.0,1078000000.0,0.0,0.0,0.0,11601000000.0,5255000000.0,6346000000.0,7356351628.0,681000000.0,-673000000.0,0.0,588000000.0,-330000000.0,270000000.0,-1267000000.0,-1000000.0,1645000000.0,33000000.0,253000000.0,253000000.0,253000000.0,-64000000.0,0.0,0.02,3856000000.0,302000000.0,3630000000.0,1.307,2.267,29.076,29.17,5051000000.0,0.0,25.67,0.57,0.57,2327000000.0,7515000000.0,12909000000.0,12909000000.0,760000000.0,0.018,0.085,0.033,0.024,0.0,2617000000.0,1.0,286573885.0,286573885,,45.046,13497000000.0,596000000.0,-85000000.0,643000000.0,47.098,197000000.0
10,EKDKQ,MRY,2002-12-31,2002-12-31,2002-12-31,2019-05-23,-771000000.0,13494000000.0,13499250000.0,4534000000.0,8960000000.0,0.93,9.527,-571000000.0,569000000.0,569000000.0,8022000000.0,770000000.0,0.824,3.859,2606000000.0,1442000000.0,1164000000.0,2606000000.0,0.0,834000000.0,0.0,0.051,1.8,1076000000.0,1910000000.0,0.152,1910000000.0,1076000000.0,903000000.0,2.64,2.64,2.64,2777000000.0,3050000000.0,2777000000.0,12404589720.0,12.0,6.495,1633000000.0,5.602,1.0,4527000000.0,0.361,981000000.0,173000000.0,9048000000.0,9357000000.0,1062000000.0,0.0,0.0,0.0,10717000000.0,5502000000.0,5215000000.0,10223589720.0,121000000.0,-168000000.0,-260000000.0,-597000000.0,-525000000.0,-1331000000.0,-758000000.0,-13000000.0,2204000000.0,6000000.0,770000000.0,770000000.0,770000000.0,-9000000.0,0.0,0.061,3359000000.0,1168000000.0,3351000000.0,0.682,3.682,13.277,13.273,5420000000.0,0.0,35.04,0.815,0.814,2234000000.0,7611000000.0,12549000000.0,12549000000.0,757000000.0,0.057,0.252,0.115,0.086,0.0,2504000000.0,1.0,291769113.0,291500000,291700000.0,43.05,12513000000.0,512000000.0,133000000.0,709000000.0,42.926,-968000000.0
11,EKDKQ,MRY,2001-12-31,2001-12-31,2001-12-31,2019-05-23,-597000000.0,13362000000.0,13967500000.0,4617000000.0,8745000000.0,0.947,9.959,-743000000.0,448000000.0,448000000.0,8661000000.0,76000000.0,0.862,3.617,3200000000.0,1534000000.0,1666000000.0,3200000000.0,0.0,917000000.0,0.0,0.06,1.77,329000000.0,1246000000.0,0.094,1246000000.0,329000000.0,110000000.0,0.26,0.26,0.26,2894000000.0,3202000000.0,2894000000.0,11803049093.0,36.0,9.473,1463000000.0,5.034,1.0,4568000000.0,0.345,948000000.0,219000000.0,9812000000.0,10548750000.0,1071000000.0,0.0,0.0,0.0,10468000000.0,5354000000.0,5114000000.0,8562049093.0,202000000.0,-447000000.0,-44000000.0,-143000000.0,-643000000.0,-808000000.0,-1188000000.0,2000000.0,2206000000.0,-8000000.0,76000000.0,76000000.0,76000000.0,5000000.0,0.0,0.006,4234000000.0,334000000.0,3276000000.0,6.808,2.959,112.659,113.192,5659000000.0,0.0,29.43,0.647,0.646,2337000000.0,7431000000.0,13229000000.0,13229000000.0,779000000.0,0.005,0.024,0.031,0.025,0.0,2625000000.0,1.0,290929293.0,290600000,291000000.0,45.523,12414000000.0,521000000.0,34000000.0,544000000.0,42.719,-737000000.0
12,EKDKQ,MRY,2000-12-31,2000-12-31,2000-12-31,2019-05-23,-482000000.0,14212000000.0,14472750000.0,5491000000.0,8721000000.0,0.967,11.243,-945000000.0,246000000.0,246000000.0,8375000000.0,1407000000.0,0.884,3.146,3372000000.0,2206000000.0,1166000000.0,3372000000.0,0.0,889000000.0,0.0,0.045,1.76,2310000000.0,3199000000.0,0.229,3199000000.0,2310000000.0,2132000000.0,4.62,4.59,4.62,3428000000.0,3813250000.0,3428000000.0,14546164219.0,6.0,4.547,160000000.0,0.525,1.0,5619000000.0,0.402,947000000.0,178000000.0,10176000000.0,10255000000.0,1718000000.0,0.0,0.0,0.0,10784000000.0,6215000000.0,4569000000.0,11819164219.0,-127000000.0,24000000.0,-1125000000.0,1313000000.0,-545000000.0,-314000000.0,-906000000.0,15000000.0,1105000000.0,-12000000.0,1407000000.0,1407000000.0,1407000000.0,0.0,0.0,0.101,3405000000.0,2214000000.0,3403000000.0,0.381,3.448,8.4,8.523,5919000000.0,0.0,39.375,0.845,0.858,2653000000.0,7869000000.0,13994000000.0,13994000000.0,784000000.0,0.097,0.369,0.225,0.165,0.0,2514000000.0,1.0,300169250.0,304900000,306600000.0,45.897,13265000000.0,575000000.0,725000000.0,606000000.0,43.506,-724000000.0
13,EKDKQ,MRY,1999-12-31,1999-12-31,1999-12-31,2019-05-23,-145000000.0,14370000000.0,14734500000.0,5444000000.0,8926000000.0,0.956,12.302,-1127000000.0,373000000.0,373000000.0,8086000000.0,1392000000.0,0.944,2.673,2099000000.0,1163000000.0,936000000.0,2099000000.0,0.0,918000000.0,0.0,0.027,1.76,2251000000.0,3169000000.0,0.225,3169000000.0,2251000000.0,2109000000.0,4.38,4.33,4.38,3912000000.0,3873750000.0,3912000000.0,23127752479.0,10.0,7.298,806000000.0,2.535,1.0,6003000000.0,0.426,982000000.0,142000000.0,9345000000.0,9514500000.0,1519000000.0,20000000.0,20000000.0,0.0,10458000000.0,5769000000.0,4689000000.0,20908752479.0,-84000000.0,419000000.0,-897000000.0,89000000.0,-563000000.0,-1327000000.0,-685000000.0,23000000.0,1933000000.0,-5000000.0,1392000000.0,1392000000.0,1392000000.0,0.0,0.0,0.099,4013000000.0,1990000000.0,3832000000.0,0.402,5.345,15.021,15.126,5947000000.0,0.0,66.25,1.484,1.495,2537000000.0,6995000000.0,14089000000.0,14089000000.0,817000000.0,0.094,0.359,0.237,0.16,0.0,2701000000.0,1.0,315603811.0,318000000,321500000.0,44.305,13388000000.0,885000000.0,717000000.0,694000000.0,42.101,-325000000.0
14,EKDKQ,MRY,1998-12-31,1998-12-31,1998-12-31,2019-05-23,-111000000.0,14733000000.0,14072250000.0,5599000000.0,9134000000.0,0.953,12.335,-1108000000.0,457000000.0,457000000.0,7293000000.0,1390000000.0,0.906,2.694,2022000000.0,1518000000.0,504000000.0,2022000000.0,0.0,853000000.0,0.0,0.024,1.76,2216000000.0,3069000000.0,0.229,3069000000.0,2216000000.0,2106000000.0,4.3,4.24,4.3,3988000000.0,3666000000.0,3988000000.0,24654377032.0,11.0,8.033,375000000.0,1.16,1.0,6113000000.0,0.456,1232000000.0,110000000.0,8888000000.0,8707000000.0,1424000000.0,43000000.0,43000000.0,0.0,10745000000.0,6178000000.0,4567000000.0,23324377032.0,-271000000.0,-711000000.0,-258000000.0,776000000.0,-569000000.0,77000000.0,-1839000000.0,-20000000.0,1483000000.0,8000000.0,1390000000.0,1390000000.0,1390000000.0,0.0,0.0,0.104,4225000000.0,1888000000.0,3906000000.0,0.409,5.849,16.78,16.744,5914000000.0,0.0,72.0,1.74,1.736,2527000000.0,6163000000.0,13406000000.0,13406000000.0,922000000.0,0.099,0.379,0.255,0.165,0.0,3303000000.0,1.0,323949681.0,323300000,327800000.0,41.466,13501000000.0,1138000000.0,716000000.0,681000000.0,41.76,-579000000.0
15,EKDKQ,MRY,1997-12-31,1997-12-31,1997-12-31,2019-05-23,-202000000.0,13145000000.0,13791500000.0,5475000000.0,7670000000.0,1.054,9.655,-1485000000.0,728000000.0,728000000.0,7976000000.0,5000000.0,1.058,3.158,1196000000.0,611000000.0,585000000.0,1196000000.0,0.0,828000000.0,0.0,0.029,1.76,151000000.0,979000000.0,0.067,979000000.0,151000000.0,53000000.0,0.01,0.01,0.01,3161000000.0,3947500000.0,3161000000.0,,,,595000000.0,1.817,1.0,6562000000.0,0.451,548000000.0,98000000.0,7888000000.0,7825500000.0,1252000000.0,24000000.0,24000000.0,0.0,9984000000.0,5177000000.0,4807000000.0,19565741554.0,-1049000000.0,-535000000.0,-850000000.0,123000000.0,-567000000.0,-1198000000.0,-1896000000.0,15000000.0,2080000000.0,-35000000.0,5000000.0,5000000.0,5000000.0,0.0,0.0,0.0,6432000000.0,130000000.0,3832000000.0,176.0,6.19,3913.148,6056.25,5509000000.0,0.0,60.563,1.346,1.364,2271000000.0,5343000000.0,14538000000.0,14538000000.0,1044000000.0,0.0,0.001,0.019,0.01,0.0,3912000000.0,1.0,323066940.0,327400000,331900000.0,44.404,12597000000.0,1340000000.0,48000000.0,655000000.0,38.476,298000000.0
16,EKDKQ,MRY,1996-12-31,1996-12-31,1996-12-31,2019-05-23,75000000.0,14438000000.0,,6965000000.0,7473000000.0,,14.031,-1341000000.0,1777000000.0,1777000000.0,8327000000.0,1288000000.0,1.286,2.05,1100000000.0,541000000.0,559000000.0,1100000000.0,0.0,903000000.0,0.0,0.02,1.6,1916000000.0,2819000000.0,0.177,2819000000.0,1916000000.0,1833000000.0,3.82,3.76,3.82,4734000000.0,,4734000000.0,,,,1143000000.0,3.388,1.0,7641000000.0,0.479,581000000.0,83000000.0,7763000000.0,,1575000000.0,19000000.0,19000000.0,0.0,9704000000.0,5417000000.0,4287000000.0,,13000000.0,553000000.0,-1323000000.0,-97000000.0,-539000000.0,-1833000000.0,-636000000.0,28000000.0,2484000000.0,-2000000.0,1288000000.0,1288000000.0,1288000000.0,-277000000.0,0.0,0.081,5796000000.0,1845000000.0,4116000000.0,0.419,,,21.008,5422000000.0,0.0,80.25,,1.696,2738000000.0,5931000000.0,15968000000.0,15968000000.0,1028000000.0,,,,0.12,0.0,4410000000.0,1.0,,337400000,342700000.0,47.327,13857000000.0,876000000.0,545000000.0,729000000.0,41.07,1548000000.0
17,EKDKQ,MRY,1995-12-31,1995-12-31,1995-12-31,2019-05-23,,,,,,,,-913000000.0,,,7962000000.0,1252000000.0,,,,,,,,916000000.0,,0.024,1.6,2004000000.0,2920000000.0,0.191,2920000000.0,2004000000.0,1926000000.0,3.67,3.62,3.67,,,,,,,1717000000.0,5.028,1.0,7307000000.0,0.479,,78000000.0,,,,,,,,,,,-256000000.0,-1511000000.0,-300000000.0,220000000.0,-547000000.0,-512000000.0,-2380000000.0,44000000.0,2630000000.0,6000000.0,1252000000.0,1252000000.0,1252000000.0,0.0,0.0,0.082,5303000000.0,2004000000.0,,0.436,,,18.256,,0.0,67.0,,1.498,,,15269000000.0,15269000000.0,935000000.0,,,,0.131,0.0,4158000000.0,,,341500000,345600000.0,44.712,,,674000000.0,,,
0,EKDKQ,MRQ,2013-06-30,2013-06-30,2013-06-30,2019-05-23,-2153000000.0,3815000000.0,,2602000000.0,1213000000.0,,-11.565,-11000000.0,1015000000.0,1015000000.0,450000000.0,-224000000.0,0.768,-2.209,3712000000.0,871000000.0,2841000000.0,3712000000.0,0.0,29000000.0,0.0,0.0,0.0,-126000000.0,-97000000.0,-0.166,-97000000.0,-126000000.0,-173000000.0,-0.82,-0.82,-0.82,-3155000000.0,,-3155000000.0,2839459783.0,-5.0,-7.281,-156000000.0,-0.572,1.0,133000000.0,0.228,56000000.0,47000000.0,3069000000.0,,427000000.0,0.0,0.0,0.0,6968000000.0,3387000000.0,3581000000.0,35459783.0,-159000000.0,3000000.0,0.0,-4000000.0,0.0,-4000000.0,-10000000.0,3000000.0,-145000000.0,0.0,-224000000.0,-224000000.0,-224000000.0,16000000.0,0.0,-0.384,240000000.0,-107000000.0,334000000.0,0.0,-0.011,-0.054,-0.054,526000000.0,0.0,0.13,0.01,0.01,547000000.0,2628000000.0,583000000.0,583000000.0,25000000.0,,,,,0.0,115000000.0,1.0,272767562.0,272800000,272800000.0,2.137,3759000000.0,431000000.0,51000000.0,0.0,13.779,-785000000.0
1,EKDKQ,MRQ,2013-03-31,2013-03-31,2013-03-31,2019-05-23,-2544000000.0,4096000000.0,,2553000000.0,1543000000.0,,-12.194,-6000000.0,1174000000.0,1174000000.0,664000000.0,283000000.0,1.261,-2.232,3978000000.0,862000000.0,3116000000.0,3978000000.0,0.0,50000000.0,0.0,0.0,0.0,320000000.0,370000000.0,0.436,370000000.0,320000000.0,290000000.0,1.04,1.04,1.04,-3323000000.0,,-3323000000.0,3101700706.0,-4.0,-5.953,-279000000.0,-1.024,1.0,185000000.0,0.218,196000000.0,30000000.0,4679000000.0,,567000000.0,0.0,0.0,0.0,7417000000.0,2025000000.0,5392000000.0,81700706.0,39000000.0,534000000.0,0.0,-214000000.0,0.0,-214000000.0,526000000.0,-2000000.0,-273000000.0,0.0,283000000.0,283000000.0,283000000.0,12000000.0,0.0,0.333,-167000000.0,352000000.0,404000000.0,0.0,-0.025,-0.112,-0.112,631000000.0,0.0,0.3,0.022,0.022,701000000.0,2852000000.0,849000000.0,849000000.0,35000000.0,,,,,0.0,160000000.0,1.0,272335686.0,272500000,272500000.0,3.116,3900000000.0,468000000.0,7000000.0,0.0,14.312,528000000.0
2,EKDKQ,MRQ,2012-12-31,2012-12-31,2012-12-31,2019-05-23,-2616000000.0,4286000000.0,,2843000000.0,1443000000.0,,-13.509,-18000000.0,1135000000.0,1135000000.0,933000000.0,-402000000.0,0.779,-2.164,4147000000.0,699000000.0,3448000000.0,4147000000.0,0.0,59000000.0,0.0,0.0,0.0,-534000000.0,-475000000.0,-0.424,-475000000.0,-534000000.0,-575000000.0,-1.47,-1.47,-1.47,-3679000000.0,,-3679000000.0,3304020864.0,-2.0,-2.673,-19000000.0,-0.07,1.0,187000000.0,0.167,132000000.0,41000000.0,3517000000.0,,420000000.0,0.0,0.0,0.0,7963000000.0,3649000000.0,4314000000.0,49020864.0,3000000.0,28000000.0,0.0,-3000000.0,0.0,-4000000.0,8000000.0,-2000000.0,-1000000.0,0.0,-402000000.0,-402000000.0,-402000000.0,2000000.0,0.0,-0.359,735000000.0,-548000000.0,355000000.0,0.0,-0.013,-0.036,-0.036,607000000.0,0.0,0.18,0.012,0.012,633000000.0,2600000000.0,1120000000.0,1120000000.0,49000000.0,,,,,0.0,216000000.0,1.0,272338132.0,272338132,,4.113,4154000000.0,470000000.0,-173000000.0,0.0,15.253,-806000000.0
3,EKDKQ,MRQ,2012-09-30,2012-09-30,2012-09-30,2019-05-23,-2572000000.0,4403000000.0,,2693000000.0,1710000000.0,,-11.89,-25000000.0,1132000000.0,1132000000.0,858000000.0,-312000000.0,1.846,-2.361,4387000000.0,40000000.0,4347000000.0,4387000000.0,0.0,59000000.0,0.0,0.0,0.0,-247000000.0,-188000000.0,-0.185,-188000000.0,-247000000.0,-288000000.0,-1.15,-1.15,-1.15,-3233000000.0,,-3233000000.0,3238652742.0,-3.0,-4.245,-134000000.0,-0.493,1.0,160000000.0,0.157,279000000.0,41000000.0,5920000000.0,,638000000.0,0.0,0.0,0.0,7634000000.0,1459000000.0,6175000000.0,51652742.0,-125000000.0,9000000.0,0.0,-41000000.0,0.0,-41000000.0,15000000.0,4000000.0,-109000000.0,10000000.0,-312000000.0,-312000000.0,-312000000.0,4000000.0,0.0,-0.306,409000000.0,-249000000.0,440000000.0,0.0,-0.016,-0.047,-0.047,746000000.0,0.0,0.19,0.013,0.013,813000000.0,3015000000.0,1018000000.0,1018000000.0,44000000.0,,,,,0.0,196000000.0,1.0,271856537.0,271900000,271900000.0,3.744,4124000000.0,56000000.0,24000000.0,9000000.0,15.167,1234000000.0
4,EKDKQ,MRQ,2012-06-30,2012-06-30,2012-06-30,2019-05-23,-2605000000.0,4618000000.0,,2837000000.0,1781000000.0,,-10.875,-6000000.0,1257000000.0,1257000000.0,598000000.0,-299000000.0,2.021,-2.561,4444000000.0,42000000.0,4402000000.0,4444000000.0,0.0,44000000.0,0.0,0.0,0.0,-272000000.0,-228000000.0,-0.326,-228000000.0,-272000000.0,-308000000.0,-1.1,-1.1,-1.1,-2957000000.0,,-2957000000.0,3017807148.0,-3.0,-4.406,-90000000.0,-0.331,1.0,101000000.0,0.144,276000000.0,36000000.0,6125000000.0,,632000000.0,0.0,0.0,0.0,7573000000.0,1404000000.0,6169000000.0,59807148.0,-104000000.0,7000000.0,0.0,-15000000.0,0.0,-22000000.0,12000000.0,2000000.0,-84000000.0,-10000000.0,-299000000.0,-299000000.0,-299000000.0,2000000.0,0.0,-0.428,365000000.0,-264000000.0,423000000.0,0.0,-0.02,-0.06,-0.059,786000000.0,0.0,0.22,0.014,0.014,824000000.0,3346000000.0,699000000.0,699000000.0,42000000.0,,,,,0.0,158000000.0,1.0,271850671.0,271900000,271900000.0,2.571,4342000000.0,58000000.0,-9000000.0,5000000.0,15.969,1433000000.0
5,EKDKQ,MRQ,2012-03-31,2012-03-31,2012-03-31,2019-05-23,-2650000000.0,5053000000.0,,3153000000.0,1900000000.0,,-9.978,-10000000.0,1361000000.0,1361000000.0,868000000.0,-366000000.0,1.954,-2.867,4319000000.0,42000000.0,4277000000.0,4319000000.0,0.0,65000000.0,0.0,0.0,0.0,-435000000.0,-370000000.0,-0.399,-370000000.0,-435000000.0,-471000000.0,-1.35,-1.35,-1.35,-2705000000.0,,-2705000000.0,740853009.0,-1.0,-1.377,-78000000.0,-0.288,1.0,60000000.0,0.065,278000000.0,36000000.0,6119000000.0,,676000000.0,0.0,0.0,0.0,7756000000.0,1614000000.0,6142000000.0,86853009.0,500000000.0,0.0,0.0,608000000.0,0.0,575000000.0,-10000000.0,0.0,-68000000.0,3000000.0,-366000000.0,-366000000.0,-366000000.0,56000000.0,0.0,-0.394,435000000.0,-375000000.0,484000000.0,0.0,-0.032,-0.098,-0.098,844000000.0,0.0,0.32,0.017,0.017,968000000.0,3645000000.0,928000000.0,928000000.0,60000000.0,,,,,0.0,209000000.0,1.0,271415654.0,271100000,271100000.0,3.423,4775000000.0,66000000.0,-105000000.0,45000000.0,17.613,1539000000.0
6,EKDKQ,MRQ,2011-12-31,2011-12-31,2011-12-31,2019-05-23,-2666000000.0,4678000000.0,,2727000000.0,1951000000.0,,-8.713,-40000000.0,861000000.0,861000000.0,1156000000.0,-117000000.0,1.268,-2.988,1515000000.0,152000000.0,1363000000.0,1515000000.0,0.0,50000000.0,0.0,0.0,0.0,-27000000.0,23000000.0,0.016,23000000.0,-27000000.0,-66000000.0,-0.43,-0.43,-0.43,-2352000000.0,,-2352000000.0,879470614.0,-1.0,-2.681,0.0,0.0,1.0,315000000.0,0.214,277000000.0,39000000.0,2905000000.0,,607000000.0,0.0,0.0,0.0,7028000000.0,2150000000.0,4878000000.0,175470614.0,-1000000.0,-7000000.0,0.0,-55000000.0,0.0,-55000000.0,15000000.0,-4000000.0,40000000.0,-1000000.0,-117000000.0,-117000000.0,-117000000.0,0.0,0.0,-0.08,337000000.0,-22000000.0,706000000.0,0.0,-0.075,-0.23,-0.229,895000000.0,0.0,0.65,0.034,0.034,1103000000.0,4071000000.0,1471000000.0,1471000000.0,52000000.0,,,,,0.0,250000000.0,1.0,269954791.0,269954791,,5.449,4401000000.0,81000000.0,51000000.0,40000000.0,16.303,577000000.0
7,EKDKQ,MRQ,2011-09-30,2011-09-30,2011-09-30,2019-05-23,-2079000000.0,5102000000.0,,2950000000.0,2152000000.0,,-6.14,-32000000.0,862000000.0,862000000.0,1081000000.0,-222000000.0,1.273,-4.089,1566000000.0,210000000.0,1356000000.0,1566000000.0,0.0,72000000.0,0.0,0.0,0.0,-182000000.0,-110000000.0,-0.087,-110000000.0,-182000000.0,-223000000.0,-0.83,-0.83,-0.83,-1651000000.0,,-1651000000.0,703886489.0,-1.0,-0.726,-223000000.0,-0.829,1.0,180000000.0,0.143,285000000.0,41000000.0,3204000000.0,,892000000.0,0.0,0.0,0.0,6751000000.0,2317000000.0,4434000000.0,209886489.0,-95000000.0,18000000.0,0.0,110000000.0,0.0,110000000.0,-14000000.0,0.0,-191000000.0,0.0,-222000000.0,-222000000.0,-222000000.0,8000000.0,0.0,-0.176,347000000.0,-167000000.0,673000000.0,0.0,-0.127,-0.169,-0.168,948000000.0,0.0,0.78,0.043,0.043,1052000000.0,4273000000.0,1261000000.0,1261000000.0,59000000.0,,,,,0.0,259000000.0,1.0,269050749.0,268900000,268900000.0,4.689,4817000000.0,59000000.0,-1000000.0,37000000.0,17.914,633000000.0
8,EKDKQ,MRQ,2011-06-30,2011-06-30,2011-06-30,2019-05-23,-2065000000.0,5334000000.0,,3052000000.0,2282000000.0,,-5.284,-33000000.0,957000000.0,957000000.0,1274000000.0,-179000000.0,1.381,-4.752,1451000000.0,50000000.0,1401000000.0,1451000000.0,0.0,76000000.0,0.0,0.0,0.0,-157000000.0,-81000000.0,-0.055,-81000000.0,-157000000.0,-195000000.0,-0.67,-0.67,-0.67,-1421000000.0,,-1421000000.0,1109156656.0,-1.0,-1.591,-355000000.0,-1.32,1.0,211000000.0,0.142,293000000.0,38000000.0,3325000000.0,,837000000.0,0.0,0.0,0.0,6753000000.0,2210000000.0,4543000000.0,963156656.0,-343000000.0,4000000.0,0.0,0.0,0.0,0.0,-26000000.0,3000000.0,-322000000.0,5000000.0,-179000000.0,-179000000.0,-179000000.0,0.0,0.0,-0.121,385000000.0,-174000000.0,628000000.0,0.0,-0.678,-0.906,-0.904,997000000.0,0.0,3.58,0.181,0.181,1110000000.0,4536000000.0,1485000000.0,1485000000.0,68000000.0,,,,,0.0,289000000.0,1.0,269038172.0,268900000,268900000.0,5.522,5041000000.0,65000000.0,-16000000.0,121000000.0,18.747,842000000.0
9,EKDKQ,MRQ,2011-03-31,2011-03-31,2011-03-31,2019-05-23,-2092000000.0,5882000000.0,,3395000000.0,2487000000.0,,-4.745,-23000000.0,1300000000.0,1300000000.0,1197000000.0,-246000000.0,1.391,-5.608,1446000000.0,50000000.0,1396000000.0,1446000000.0,0.0,75000000.0,0.0,0.0,0.0,-232000000.0,-157000000.0,-0.119,-157000000.0,-232000000.0,-270000000.0,-0.91,-0.91,-0.91,-1276000000.0,,-1276000000.0,489491767.0,-1.0,-0.783,-548000000.0,-2.038,1.0,125000000.0,0.095,292000000.0,38000000.0,3295000000.0,,815000000.0,0.0,0.0,0.0,7156000000.0,2441000000.0,4715000000.0,868491767.0,-324000000.0,45000000.0,0.0,191000000.0,0.0,191000000.0,0.0,0.0,-525000000.0,10000000.0,-246000000.0,-246000000.0,-246000000.0,-3000000.0,0.0,-0.186,352000000.0,-227000000.0,678000000.0,0.0,-0.681,-0.826,-0.824,1026000000.0,0.0,3.23,0.161,0.161,1066000000.0,4716000000.0,1322000000.0,1322000000.0,78000000.0,,,,,0.0,311000000.0,1.0,268882900.0,268900000,268900000.0,4.916,5590000000.0,126000000.0,-24000000.0,314000000.0,20.788,954000000.0
10,EKDKQ,MRQ,2010-12-31,2010-12-31,2010-12-31,2019-05-23,-2135000000.0,6226000000.0,,3786000000.0,2440000000.0,,-4.006,-62000000.0,1624000000.0,1624000000.0,515000000.0,-595000000.0,1.343,-6.779,1245000000.0,50000000.0,1195000000.0,1245000000.0,0.0,56000000.0,0.0,0.0,0.0,-677000000.0,-621000000.0,-0.809,-621000000.0,-677000000.0,-708000000.0,-2.22,-2.22,-2.22,-1077000000.0,,-1077000000.0,1294178560.0,-3.0,-15.407,223000000.0,0.829,1.0,253000000.0,0.329,294000000.0,31000000.0,2733000000.0,,746000000.0,0.0,0.0,0.0,7301000000.0,2820000000.0,4481000000.0,1441178560.0,227000000.0,15000000.0,0.0,-11000000.0,0.0,-11000000.0,-48000000.0,-2000000.0,285000000.0,1000000.0,-595000000.0,-595000000.0,-595000000.0,151000000.0,0.0,-0.775,798000000.0,-545000000.0,959000000.0,0.0,-1.338,-2.098,-2.094,1037000000.0,0.0,5.36,0.24,0.24,1196000000.0,4969000000.0,768000000.0,768000000.0,8000000.0,,,,,0.0,149000000.0,1.0,268876597.0,268876597,,2.856,5932000000.0,120000000.0,-113000000.0,343000000.0,22.062,966000000.0
11,EKDKQ,MRQ,2010-09-30,2010-09-30,2010-09-30,2019-05-23,-1864000000.0,6929000000.0,,3771000000.0,3158000000.0,,-0.801,-29000000.0,1397000000.0,1397000000.0,1282000000.0,-43000000.0,1.595,-33.219,1250000000.0,61000000.0,1189000000.0,1250000000.0,0.0,96000000.0,0.0,0.0,0.0,66000000.0,162000000.0,0.092,162000000.0,66000000.0,28000000.0,-0.16,-0.16,-0.16,-215000000.0,,-215000000.0,1110342230.0,1.0,0.942,111000000.0,0.413,1.0,474000000.0,0.27,916000000.0,38000000.0,3501000000.0,,849000000.0,0.0,0.0,0.0,7142000000.0,2365000000.0,4777000000.0,1128342230.0,84000000.0,0.0,0.0,-50000000.0,0.0,-50000000.0,-29000000.0,0.0,140000000.0,23000000.0,-43000000.0,-43000000.0,-43000000.0,0.0,0.0,-0.024,416000000.0,58000000.0,726000000.0,0.0,-5.248,3.215,3.206,1069000000.0,0.0,4.2,0.144,0.144,1314000000.0,5565000000.0,1756000000.0,1756000000.0,82000000.0,,,,,0.0,313000000.0,1.0,268652912.0,268500000,268500000.0,6.54,6013000000.0,0.0,71000000.0,0.0,22.395,1406000000.0
12,EKDKQ,MRQ,2010-06-30,2010-06-30,2010-06-30,2019-05-23,-1897000000.0,6791000000.0,,3638000000.0,3153000000.0,,-0.782,-33000000.0,1313000000.0,1313000000.0,1252000000.0,-168000000.0,1.642,-33.329,1295000000.0,61000000.0,1234000000.0,1295000000.0,0.0,92000000.0,0.0,0.0,0.0,-101000000.0,-9000000.0,-0.006,-9000000.0,-101000000.0,-142000000.0,-0.63,-0.63,-0.63,-210000000.0,,-210000000.0,956018790.0,1.0,0.907,-206000000.0,-0.767,1.0,303000000.0,0.195,898000000.0,41000000.0,3660000000.0,,751000000.0,0.0,0.0,0.0,6999000000.0,2215000000.0,4784000000.0,1166018790.0,-187000000.0,14000000.0,0.0,0.0,0.0,0.0,3000000.0,22000000.0,-173000000.0,-17000000.0,-168000000.0,-168000000.0,-168000000.0,1000000.0,0.0,-0.108,403000000.0,-100000000.0,656000000.0,0.0,-5.552,4.12,4.094,1096000000.0,0.0,4.34,0.149,0.149,1375000000.0,5620000000.0,1555000000.0,1555000000.0,81000000.0,,,,,0.0,313000000.0,1.0,268667924.0,268500000,268500000.0,5.791,5893000000.0,0.0,26000000.0,52000000.0,21.948,1423000000.0
13,EKDKQ,MRQ,2010-03-31,2010-03-31,2010-03-31,2019-05-23,-1905000000.0,7178000000.0,,3936000000.0,3242000000.0,,-0.205,-25000000.0,1500000000.0,1500000000.0,1121000000.0,119000000.0,1.676,-131.473,1290000000.0,61000000.0,1229000000.0,1290000000.0,0.0,101000000.0,0.0,0.0,0.0,283000000.0,384000000.0,0.201,384000000.0,283000000.0,245000000.0,0.44,0.4,0.44,-55000000.0,,-55000000.0,722448002.0,1.0,0.678,-496000000.0,-1.849,1.0,793000000.0,0.414,903000000.0,38000000.0,3717000000.0,,756000000.0,0.0,0.0,0.0,7231000000.0,2348000000.0,4883000000.0,1555448002.0,-524000000.0,3000000.0,0.0,-13000000.0,0.0,-13000000.0,-38000000.0,-16000000.0,-471000000.0,-2000000.0,119000000.0,119000000.0,119000000.0,0.0,0.0,0.062,404000000.0,389000000.0,626000000.0,0.0,-28.281,5.937,5.848,1166000000.0,0.0,5.79,0.193,0.193,1465000000.0,5788000000.0,1914000000.0,1914000000.0,78000000.0,,,,,0.0,309000000.0,1.0,268643869.0,268300000,326200000.0,7.134,6275000000.0,0.0,126000000.0,99000000.0,23.388,1588000000.0
14,EKDKQ,MRQ,2009-12-31,2009-12-31,2009-12-31,2019-05-23,-1760000000.0,7691000000.0,,4303000000.0,3388000000.0,,-0.131,-56000000.0,2024000000.0,2024000000.0,1707000000.0,444000000.0,1.486,-220.686,1191000000.0,62000000.0,1129000000.0,1191000000.0,0.0,99000000.0,0.0,0.0,0.0,543000000.0,642000000.0,0.248,642000000.0,543000000.0,499000000.0,1.66,1.66,1.66,-35000000.0,,-35000000.0,1157758681.0,48.0,2.567,766000000.0,2.856,1.0,878000000.0,0.34,907000000.0,44000000.0,3055000000.0,,679000000.0,0.0,0.0,0.0,7724000000.0,2896000000.0,4828000000.0,1131758681.0,877000000.0,109000000.0,0.0,-593000000.0,0.0,-563000000.0,619000000.0,3000000.0,822000000.0,-1000000.0,443000000.0,443000000.0,443000000.0,-14000000.0,1000000.0,0.171,370000000.0,508000000.0,919000000.0,0.0,-32.336,-5.389,-5.41,1254000000.0,0.0,4.22,0.149,0.149,1395000000.0,5676000000.0,2585000000.0,2585000000.0,81000000.0,,,,,0.0,343000000.0,1.0,268189261.0,268189261,,9.639,6784000000.0,121000000.0,56000000.0,23000000.0,25.296,1407000000.0
15,EKDKQ,MRQ,2009-09-30,2009-09-30,2009-09-30,2019-05-23,-1905000000.0,7483000000.0,,4134000000.0,3349000000.0,,-2.438,-36000000.0,1722000000.0,1722000000.0,1420000000.0,-111000000.0,1.292,-12.437,1748000000.0,626000000.0,1122000000.0,1748000000.0,0.0,109000000.0,0.0,0.052,0.0,-72000000.0,37000000.0,0.021,37000000.0,-72000000.0,-99000000.0,-0.41,-0.41,-0.41,-654000000.0,,-654000000.0,1461003868.0,-1.0,-1.517,-52000000.0,-0.194,1.0,361000000.0,0.203,908000000.0,27000000.0,3402000000.0,,898000000.0,0.0,0.0,0.0,8134000000.0,3199000000.0,4935000000.0,1282003868.0,15000000.0,24000000.0,0.0,641000000.0,0.0,611000000.0,-588000000.0,-1000000.0,-16000000.0,8000000.0,-111000000.0,-111000000.0,-111000000.0,0.0,0.0,-0.062,442000000.0,-81000000.0,2484000000.0,0.0,-1.96,-0.816,-0.845,1341000000.0,0.0,4.78,0.172,0.172,1334000000.0,5222000000.0,1781000000.0,1781000000.0,81000000.0,,,,,0.0,318000000.0,1.0,268201646.0,268200000,268200000.0,6.641,6575000000.0,0.0,12000000.0,89000000.0,24.515,935000000.0
16,EKDKQ,MRQ,2009-06-30,2009-06-30,2009-06-30,2019-05-23,-1291000000.0,7106000000.0,,3599000000.0,3507000000.0,,-0.418,-34000000.0,1132000000.0,1132000000.0,1440000000.0,-189000000.0,1.441,-64.42,1311000000.0,52000000.0,1259000000.0,1311000000.0,0.0,106000000.0,0.0,0.084,0.0,-103000000.0,3000000.0,0.002,3000000.0,-103000000.0,-126000000.0,-0.7,-0.7,-0.7,-112000000.0,,-112000000.0,790846926.0,-1.0,-1.095,-195000000.0,-0.727,1.0,326000000.0,0.185,901000000.0,23000000.0,3886000000.0,,918000000.0,0.0,0.0,0.0,7215000000.0,2498000000.0,4717000000.0,793846926.0,-177000000.0,4000000.0,0.0,-2000000.0,0.0,-2000000.0,-28000000.0,2000000.0,-161000000.0,14000000.0,-189000000.0,-189000000.0,-189000000.0,4000000.0,0.0,-0.107,445000000.0,-119000000.0,2318000000.0,0.0,-7.088,-0.582,-0.603,1407000000.0,0.0,2.96,0.098,0.098,1333000000.0,5335000000.0,1766000000.0,1766000000.0,84000000.0,,,,,0.0,324000000.0,1.0,268191529.0,268200000,268200000.0,6.585,6205000000.0,0.0,63000000.0,128000000.0,23.136,1101000000.0
17,EKDKQ,MRQ,2009-03-31,2009-03-31,2009-03-31,2019-05-23,-725000000.0,7929000000.0,,3855000000.0,4074000000.0,,2.383,-26000000.0,1309000000.0,1309000000.0,1283000000.0,-353000000.0,1.462,11.404,1306000000.0,51000000.0,1255000000.0,1306000000.0,0.0,113000000.0,0.0,0.132,0.0,-344000000.0,-231000000.0,-0.156,-231000000.0,-344000000.0,-369000000.0,-1.32,-1.32,-1.32,639000000.0,,639000000.0,177146635.0,0.0,-0.609,-807000000.0,-3.009,1.0,194000000.0,0.131,886000000.0,25000000.0,4403000000.0,,1038000000.0,0.0,0.0,0.0,7287000000.0,2637000000.0,4650000000.0,1019146635.0,-836000000.0,2000000.0,0.0,-13000000.0,0.0,-13000000.0,-25000000.0,-1000000.0,-781000000.0,-17000000.0,-353000000.0,-353000000.0,-353000000.0,-7000000.0,0.0,-0.239,530000000.0,-336000000.0,2478000000.0,0.0,1.595,-1.499,-1.526,1458000000.0,0.0,3.8,0.116,0.116,1289000000.0,5525000000.0,1477000000.0,1477000000.0,105000000.0,,,,,0.0,313000000.0,1.0,268196483.0,268200000,268200000.0,5.507,7043000000.0,0.0,-16000000.0,108000000.0,26.26,1218000000.0
18,EKDKQ,MRQ,2008-12-31,2008-12-31,2008-12-31,2019-05-23,-749000000.0,9179000000.0,,5004000000.0,4175000000.0,,3.669,-76000000.0,2145000000.0,2145000000.0,1936000000.0,-918000000.0,1.455,8.316,1303000000.0,51000000.0,1252000000.0,1303000000.0,0.0,120000000.0,0.0,0.076,0.25,-892000000.0,-772000000.0,-0.317,-772000000.0,-892000000.0,-920000000.0,-3.23,-3.23,-3.23,985000000.0,,985000000.0,1227469004.0,-3.0,64.604,440000000.0,1.639,1.0,497000000.0,0.204,896000000.0,28000000.0,4003000000.0,,948000000.0,0.0,0.0,0.0,8191000000.0,3438000000.0,4753000000.0,1766469004.0,303000000.0,29000000.0,-82000000.0,-4000000.0,-67000000.0,-153000000.0,-39000000.0,8000000.0,516000000.0,-21000000.0,-918000000.0,-918000000.0,-918000000.0,4000000.0,0.0,-0.377,1402000000.0,-905000000.0,3267000000.0,-0.077,1.793,-3.997,-4.191,1551000000.0,0.0,6.58,0.188,0.188,1716000000.0,5903000000.0,2433000000.0,2433000000.0,114000000.0,,,,,0.0,408000000.0,1.0,268460335.0,268460335,,9.063,8283000000.0,0.0,-2000000.0,120000000.0,30.854,1566000000.0
19,EKDKQ,MRQ,2008-09-30,2008-09-30,2008-09-30,2019-05-23,1604000000.0,11913000000.0,,4983000000.0,6930000000.0,,15.461,-55000000.0,1842000000.0,1842000000.0,1743000000.0,96000000.0,1.506,1.722,1303000000.0,54000000.0,1249000000.0,1303000000.0,0.0,128000000.0,0.0,0.033,0.0,150000000.0,278000000.0,0.116,278000000.0,150000000.0,124000000.0,0.34,0.33,0.34,4377000000.0,,4377000000.0,3479415000.0,5.0,2.833,-101000000.0,-0.357,1.0,662000000.0,0.275,1700000000.0,26000000.0,6365000000.0,,1136000000.0,0.0,0.0,0.0,7536000000.0,3309000000.0,4227000000.0,4432415000.0,-466000000.0,3000000.0,-219000000.0,-57000000.0,-72000000.0,-348000000.0,-47000000.0,5000000.0,-46000000.0,-25000000.0,96000000.0,96000000.0,96000000.0,5000000.0,0.0,0.04,515000000.0,147000000.0,3006000000.0,0.0,1.013,6.414,6.382,1629000000.0,0.0,15.38,0.434,0.427,1833000000.0,6865000000.0,2405000000.0,2405000000.0,95000000.0,,,,,0.0,369000000.0,1.0,288193433.0,283100000,301900000.0,8.495,10213000000.0,0.0,28000000.0,249000000.0,36.076,1674000000.0
20,EKDKQ,MRQ,2008-06-30,2008-06-30,2008-06-30,2019-05-23,627000000.0,13032000000.0,,5509000000.0,7523000000.0,,12.224,-71000000.0,2308000000.0,2308000000.0,1899000000.0,495000000.0,1.602,2.699,1355000000.0,59000000.0,1296000000.0,1355000000.0,0.0,126000000.0,0.0,0.035,0.25,308000000.0,434000000.0,0.175,434000000.0,308000000.0,282000000.0,1.72,1.62,1.72,3523000000.0,,3523000000.0,3561923893.0,6.0,3.042,395000000.0,1.371,1.0,586000000.0,0.236,1726000000.0,26000000.0,6915000000.0,,1087000000.0,0.0,0.0,0.0,9509000000.0,3438000000.0,6071000000.0,4158923893.0,105000000.0,-33000000.0,0.0,-256000000.0,0.0,-256000000.0,-102000000.0,2000000.0,466000000.0,-3000000.0,495000000.0,495000000.0,495000000.0,-295000000.0,0.0,0.199,568000000.0,18000000.0,3137000000.0,0.145,1.181,6.581,6.559,1712000000.0,0.0,14.43,0.403,0.403,1892000000.0,6772000000.0,2485000000.0,2485000000.0,135000000.0,,,,,0.0,438000000.0,1.0,288213714.0,288200000,308300000.0,8.622,11306000000.0,0.0,-213000000.0,242000000.0,39.23,2071000000.0
21,EKDKQ,MRQ,2008-03-31,2008-03-31,2008-03-31,2019-05-23,632000000.0,12864000000.0,,5349000000.0,7515000000.0,,10.76,-52000000.0,2203000000.0,2203000000.0,1669000000.0,-115000000.0,1.458,3.15,1606000000.0,314000000.0,1292000000.0,1606000000.0,0.0,126000000.0,0.0,0.028,0.0,-47000000.0,79000000.0,0.038,79000000.0,-47000000.0,-75000000.0,-0.4,-0.4,-0.4,3100000000.0,,3100000000.0,3741537399.0,4.0,2.498,-820000000.0,-2.846,1.0,424000000.0,0.203,1691000000.0,28000000.0,6908000000.0,,1133000000.0,0.0,0.0,0.0,9764000000.0,3668000000.0,6096000000.0,5091537399.0,-744000000.0,55000000.0,0.0,11000000.0,0.0,11000000.0,0.0,-3000000.0,-768000000.0,13000000.0,-115000000.0,-115000000.0,-115000000.0,0.0,0.0,-0.055,505000000.0,-81000000.0,3031000000.0,0.0,1.642,7.151,7.125,1755000000.0,0.0,17.67,0.494,0.494,1760000000.0,6348000000.0,2093000000.0,2093000000.0,140000000.0,,,,,0.0,385000000.0,1.0,288145863.0,288100000,288100000.0,7.265,11173000000.0,124000000.0,40000000.0,323000000.0,38.782,1681000000.0
22,EKDKQ,MRQ,2007-12-31,2007-12-31,2007-12-31,2019-05-23,452000000.0,13659000000.0,,6053000000.0,7606000000.0,,10.518,-80000000.0,2947000000.0,2947000000.0,2425000000.0,217000000.0,1.361,3.509,1597000000.0,308000000.0,1289000000.0,1597000000.0,0.0,176000000.0,0.0,0.023,0.25,261000000.0,437000000.0,0.136,437000000.0,261000000.0,232000000.0,0.75,0.75,0.75,3029000000.0,,3029000000.0,6077046164.0,8.0,3.99,972000000.0,3.375,1.0,795000000.0,0.247,1657000000.0,29000000.0,6206000000.0,,943000000.0,0.0,0.0,0.0,10630000000.0,4446000000.0,6184000000.0,6298046164.0,1100000000.0,81000000.0,0.0,-52000000.0,-72000000.0,-79000000.0,116000000.0,1000000.0,1052000000.0,11000000.0,215000000.0,215000000.0,215000000.0,-126000000.0,2000000.0,0.067,665000000.0,130000000.0,3794000000.0,0.333,2.079,9.317,9.306,1811000000.0,0.0,21.87,0.611,0.611,1939000000.0,6474000000.0,3220000000.0,3220000000.0,116000000.0,,,,,0.0,549000000.0,1.0,287976505.0,287976505,,11.181,12002000000.0,0.0,17000000.0,344000000.0,41.677,1607000000.0
23,EKDKQ,MRQ,2007-09-30,2007-09-30,2007-09-30,2019-05-23,229000000.0,12931000000.0,,5444000000.0,7487000000.0,,9.236,-54000000.0,1847000000.0,1847000000.0,1856000000.0,37000000.0,1.354,3.865,1626000000.0,330000000.0,1296000000.0,1626000000.0,0.0,163000000.0,0.0,0.019,0.0,58000000.0,221000000.0,0.087,221000000.0,58000000.0,30000000.0,0.13,0.13,0.13,2658000000.0,,2658000000.0,7403919348.0,11.0,4.789,-53000000.0,-0.184,1.0,677000000.0,0.267,1636000000.0,28000000.0,7054000000.0,,1230000000.0,0.0,0.0,0.0,10273000000.0,4020000000.0,6253000000.0,7704919348.0,-78000000.0,30000000.0,0.0,2000000.0,-72000000.0,-70000000.0,-24000000.0,0.0,1000000.0,15000000.0,37000000.0,37000000.0,37000000.0,-5000000.0,0.0,0.015,662000000.0,15000000.0,3387000000.0,0.0,2.899,16.153,16.12,1906000000.0,0.0,26.76,0.765,0.764,2130000000.0,6333000000.0,2533000000.0,2533000000.0,132000000.0,,,,,0.0,424000000.0,1.0,287926732.0,287800000,288600000.0,8.801,11295000000.0,114000000.0,-7000000.0,303000000.0,39.246,1424000000.0
24,EKDKQ,MRQ,2007-06-30,2007-06-30,2007-06-30,2019-05-23,88000000.0,13074000000.0,,5365000000.0,7709000000.0,,8.606,-59000000.0,1925000000.0,1925000000.0,1824000000.0,575000000.0,1.328,4.282,1624000000.0,292000000.0,1332000000.0,1624000000.0,0.0,198000000.0,0.0,0.018,0.25,563000000.0,761000000.0,0.308,761000000.0,563000000.0,532000000.0,2.0,2.0,2.0,2475000000.0,,2475000000.0,9734431096.0,15.0,5.928,-430000000.0,-1.495,1.0,644000000.0,0.261,1621000000.0,31000000.0,7111000000.0,,1188000000.0,0.0,0.0,0.0,10599000000.0,4041000000.0,6558000000.0,8006431096.0,899000000.0,106000000.0,0.0,-1131000000.0,0.0,-1126000000.0,2390000000.0,-3000000.0,-371000000.0,6000000.0,575000000.0,575000000.0,575000000.0,-729000000.0,0.0,0.233,833000000.0,-189000000.0,3355000000.0,0.125,3.235,19.867,19.879,1993000000.0,0.0,27.83,0.79,0.79,2021000000.0,6305000000.0,2468000000.0,2468000000.0,136000000.0,,,,,0.0,435000000.0,1.0,287690661.0,287600000,287600000.0,8.581,11453000000.0,109000000.0,-43000000.0,394000000.0,39.823,1324000000.0
25,EKDKQ,MRQ,2007-03-31,2007-03-31,2007-03-31,2019-05-23,-284000000.0,13701000000.0,,4987000000.0,8714000000.0,,5.534,-66000000.0,1026000000.0,1026000000.0,1652000000.0,-151000000.0,1.239,7.617,2754000000.0,44000000.0,2710000000.0,2754000000.0,0.0,248000000.0,0.0,0.022,0.0,-144000000.0,104000000.0,0.05,104000000.0,-144000000.0,-169000000.0,-0.53,-0.53,-0.53,1590000000.0,,1590000000.0,7795310268.0,-76.0,7.764,-420000000.0,-1.462,1.0,428000000.0,0.206,1589000000.0,25000000.0,9816000000.0,,1157000000.0,0.0,0.0,0.0,12111000000.0,4024000000.0,8087000000.0,6486310268.0,-443000000.0,8000000.0,0.0,-19000000.0,0.0,-19000000.0,-74000000.0,-5000000.0,-354000000.0,4000000.0,-151000000.0,-151000000.0,-151000000.0,-24000000.0,0.0,-0.073,614000000.0,-186000000.0,3263000000.0,0.0,4.079,-14.287,-14.278,2404000000.0,0.0,22.56,0.626,0.626,1801000000.0,5810000000.0,2080000000.0,2080000000.0,141000000.0,,,,,0.0,394000000.0,1.0,287513753.0,287300000,287300000.0,7.24,12112000000.0,121000000.0,-18000000.0,307000000.0,42.158,963000000.0
26,EKDKQ,MRQ,2006-12-31,2006-12-31,2006-12-31,2019-05-23,-635000000.0,14320000000.0,,5557000000.0,8763000000.0,,4.831,-82000000.0,1469000000.0,1469000000.0,2242000000.0,16000000.0,1.22,9.317,2778000000.0,64000000.0,2714000000.0,2778000000.0,0.0,285000000.0,0.0,0.019,0.25,175000000.0,460000000.0,0.154,460000000.0,175000000.0,138000000.0,0.06,0.06,0.06,1388000000.0,,1388000000.0,9649200190.0,-46.0,9.776,946000000.0,3.293,1.0,751000000.0,0.251,1584000000.0,37000000.0,9491000000.0,,1001000000.0,0.0,0.0,0.0,12932000000.0,4554000000.0,8378000000.0,7412200190.0,367000000.0,57000000.0,0.0,-556000000.0,-72000000.0,-628000000.0,-43000000.0,-3000000.0,1028000000.0,10000000.0,16000000.0,16000000.0,16000000.0,-36000000.0,0.0,0.005,630000000.0,121000000.0,3712000000.0,4.167,5.34,-12.333,-12.344,2602000000.0,0.0,25.8,0.701,0.701,2072000000.0,5967000000.0,2993000000.0,2993000000.0,158000000.0,,,,,0.0,480000000.0,1.0,287294581.0,287294581,,10.418,12736000000.0,108000000.0,122000000.0,347000000.0,44.331,1003000000.0
27,EKDKQ,MRQ,2006-09-30,2006-09-30,2006-09-30,2019-05-23,-260000000.0,14060000000.0,,5368000000.0,8692000000.0,,6.316,-92000000.0,1102000000.0,1102000000.0,1944000000.0,-37000000.0,1.193,6.751,3339000000.0,92000000.0,3247000000.0,3339000000.0,0.0,273000000.0,0.0,0.022,0.0,44000000.0,317000000.0,0.122,317000000.0,44000000.0,-7000000.0,-0.13,-0.13,-0.13,1814000000.0,,1814000000.0,8910477773.0,-15.0,13.142,237000000.0,0.825,1.0,651000000.0,0.251,2187000000.0,51000000.0,9609000000.0,,1478000000.0,0.0,0.0,0.0,12246000000.0,4501000000.0,7745000000.0,6434477773.0,47000000.0,75000000.0,0.0,-195000000.0,-72000000.0,-267000000.0,-19000000.0,4000000.0,329000000.0,4000000.0,-37000000.0,-37000000.0,-37000000.0,-46000000.0,0.0,-0.014,662000000.0,-11000000.0,3740000000.0,0.0,3.547,-9.705,-9.697,3018000000.0,0.0,22.4,0.723,0.723,2541000000.0,6022000000.0,2595000000.0,2595000000.0,138000000.0,,,,,0.0,464000000.0,1.0,287253472.0,287200000,287200000.0,9.036,11873000000.0,114000000.0,30000000.0,669000000.0,41.341,867000000.0
28,EKDKQ,MRQ,2006-06-30,2006-06-30,2006-06-30,2019-05-23,-234000000.0,14251000000.0,,5317000000.0,8934000000.0,,6.526,-83000000.0,1055000000.0,1055000000.0,2113000000.0,-282000000.0,1.129,6.601,3531000000.0,284000000.0,3247000000.0,3531000000.0,0.0,301000000.0,0.0,0.021,0.25,-178000000.0,123000000.0,0.046,123000000.0,-178000000.0,-221000000.0,-0.98,-0.98,-0.98,1875000000.0,,1875000000.0,9318551909.0,-12.0,14.886,-3000000.0,-0.01,1.0,575000000.0,0.214,2174000000.0,43000000.0,9845000000.0,,1439000000.0,0.0,0.0,0.0,12376000000.0,4708000000.0,7668000000.0,6830551909.0,-22000000.0,26000000.0,0.0,-33000000.0,0.0,-33000000.0,-67000000.0,-2000000.0,80000000.0,-2000000.0,-282000000.0,-282000000.0,-282000000.0,-73000000.0,0.0,-0.105,832000000.0,-257000000.0,3655000000.0,-0.255,3.643,-4.435,-4.437,3250000000.0,0.0,23.78,0.693,0.693,2580000000.0,6062000000.0,2688000000.0,2688000000.0,152000000.0,,,,,0.0,518000000.0,1.0,287239357.0,287300000,287300000.0,9.356,12077000000.0,111000000.0,61000000.0,769000000.0,42.036,609000000.0
29,EKDKQ,MRQ,2006-03-31,2006-03-31,2006-03-31,2019-05-23,-292000000.0,14452000000.0,,5554000000.0,8898000000.0,,7.542,-78000000.0,1077000000.0,1077000000.0,1823000000.0,-298000000.0,1.099,5.672,3565000000.0,815000000.0,2750000000.0,3565000000.0,0.0,336000000.0,0.0,0.018,0.0,-249000000.0,87000000.0,0.038,87000000.0,-249000000.0,-290000000.0,-1.04,-1.04,-1.04,2166000000.0,,2166000000.0,10086360017.0,-13.0,16.727,-559000000.0,-1.946,1.0,469000000.0,0.205,2184000000.0,41000000.0,9704000000.0,,1672000000.0,0.0,0.0,0.0,12286000000.0,5052000000.0,7234000000.0,8168360017.0,-588000000.0,-2000000.0,0.0,-19000000.0,0.0,-19000000.0,-96000000.0,-1000000.0,-481000000.0,8000000.0,-298000000.0,-298000000.0,-298000000.0,-48000000.0,0.0,-0.13,793000000.0,-324000000.0,3656000000.0,0.0,3.771,-5.781,-5.78,3497000000.0,0.0,28.44,0.752,0.752,2482000000.0,6417000000.0,2292000000.0,2292000000.0,148000000.0,,,,,0.0,507000000.0,1.0,287213784.0,287200000,287200000.0,7.981,12268000000.0,196000000.0,8000000.0,581000000.0,42.716,502000000.0
30,EKDKQ,MRQ,2005-12-31,2005-12-31,2005-12-31,2019-05-23,-467000000.0,15236000000.0,,6096000000.0,9140000000.0,,7.946,-100000000.0,1665000000.0,1665000000.0,1444000000.0,-46000000.0,1.111,5.677,3583000000.0,819000000.0,2764000000.0,3583000000.0,0.0,354000000.0,0.0,0.021,0.25,-203000000.0,151000000.0,0.114,151000000.0,-203000000.0,-198000000.0,-0.16,-0.16,-0.16,2282000000.0,,2282000000.0,9673495514.0,-14.0,15.653,1168000000.0,4.067,1.0,-120000000.0,-0.091,2141000000.0,-5000000.0,9524000000.0,,1455000000.0,0.0,0.0,0.0,12954000000.0,5489000000.0,7465000000.0,6720495514.0,1055000000.0,42000000.0,0.0,-34000000.0,-72000000.0,-106000000.0,-101000000.0,-3000000.0,1268000000.0,-6000000.0,-46000000.0,-46000000.0,-46000000.0,-449000000.0,0.0,-0.035,492000000.0,-612000000.0,4187000000.0,-1.563,2.945,-5.329,-5.342,3778000000.0,0.0,23.4,0.59,0.59,2760000000.0,6717000000.0,1324000000.0,1324000000.0,59000000.0,,,,,0.0,339000000.0,1.0,287200663.0,287200663,,4.61,13095000000.0,100000000.0,-152000000.0,483000000.0,45.595,607000000.0
31,EKDKQ,MRQ,2005-09-30,2005-09-30,2005-09-30,2019-05-23,-213000000.0,14378000000.0,,5425000000.0,8953000000.0,,8.12,-122000000.0,610000000.0,610000000.0,2631000000.0,-914000000.0,0.987,5.166,3563000000.0,1004000000.0,2559000000.0,3563000000.0,0.0,396000000.0,0.0,0.021,0.0,-131000000.0,265000000.0,0.075,265000000.0,-131000000.0,-188000000.0,-3.18,-3.18,-3.18,2332000000.0,,2332000000.0,10155604782.0,-17.0,15.411,248000000.0,0.864,1.0,922000000.0,0.259,2125000000.0,57000000.0,9710000000.0,,1657000000.0,0.0,0.0,0.0,12046000000.0,5496000000.0,6550000000.0,6987604782.0,57000000.0,40000000.0,0.0,-160000000.0,-72000000.0,-232000000.0,-81000000.0,1000000.0,370000000.0,0.0,-914000000.0,-914000000.0,-914000000.0,-1000000.0,0.0,-0.257,1045000000.0,-123000000.0,3932000000.0,0.0,2.996,-5.434,-5.431,4137000000.0,0.0,24.33,0.505,0.505,2867000000.0,6516000000.0,3553000000.0,3553000000.0,212000000.0,,,,,0.0,670000000.0,1.0,287201183.0,287200000,287200000.0,12.371,12253000000.0,122000000.0,726000000.0,560000000.0,42.664,-71000000.0
32,EKDKQ,MRQ,2005-06-30,2005-06-30,2005-06-30,2019-05-23,-326000000.0,15586000000.0,,5800000000.0,9786000000.0,,11.317,-111000000.0,553000000.0,553000000.0,2648000000.0,-155000000.0,1.047,3.797,3721000000.0,966000000.0,2755000000.0,3721000000.0,0.0,274000000.0,0.0,0.019,0.25,-174000000.0,100000000.0,0.027,100000000.0,-174000000.0,-223000000.0,-0.54,-0.54,-0.54,3249000000.0,,3249000000.0,9086797443.0,1010.0,8.179,-318000000.0,-1.108,1.0,1038000000.0,0.282,2004000000.0,49000000.0,11213000000.0,,1523000000.0,0.0,0.0,0.0,12337000000.0,5537000000.0,6800000000.0,7708797443.0,-478000000.0,-919000000.0,0.0,771000000.0,0.0,772000000.0,-1032000000.0,-2000000.0,-207000000.0,-11000000.0,-155000000.0,-155000000.0,-155000000.0,0.0,0.0,-0.042,1175000000.0,-137000000.0,3864000000.0,-0.463,2.373,89.637,89.5,4462000000.0,0.0,26.85,0.565,0.565,2976000000.0,7555000000.0,3686000000.0,3686000000.0,272000000.0,,,,,0.0,650000000.0,1.0,287106050.0,287100000,287100000.0,12.839,13582000000.0,582000000.0,-68000000.0,707000000.0,47.308,263000000.0
33,EKDKQ,MRQ,2005-03-31,2005-03-31,2005-03-31,2019-05-23,-115000000.0,14137000000.0,,5403000000.0,8734000000.0,,12.757,-99000000.0,1031000000.0,1031000000.0,2141000000.0,-146000000.0,1.147,2.863,2409000000.0,553000000.0,1856000000.0,2409000000.0,0.0,267000000.0,0.0,0.015,0.0,-165000000.0,102000000.0,0.036,102000000.0,-165000000.0,-203000000.0,-0.51,-0.51,-0.51,3660000000.0,,3660000000.0,10882410434.0,31.0,7.723,-322000000.0,-1.122,1.0,691000000.0,0.244,1457000000.0,38000000.0,9348000000.0,,1330000000.0,0.0,0.0,0.0,10477000000.0,4710000000.0,5767000000.0,9331410434.0,-224000000.0,17000000.0,0.0,88000000.0,0.0,99000000.0,-90000000.0,-8000000.0,-223000000.0,-10000000.0,-146000000.0,-146000000.0,-146000000.0,-1000000.0,0.0,-0.052,892000000.0,-201000000.0,3584000000.0,0.0,2.55,24.752,24.659,4276000000.0,0.0,32.55,0.695,0.695,2281000000.0,7770000000.0,2832000000.0,2832000000.0,196000000.0,,,,,0.0,581000000.0,1.0,286679276.0,286900000,286900000.0,9.871,12680000000.0,582000000.0,-57000000.0,573000000.0,44.197,693000000.0
34,EKDKQ,MRQ,2004-12-31,2004-12-31,2004-12-31,2019-05-23,-90000000.0,14737000000.0,,5648000000.0,9089000000.0,,13.325,-177000000.0,1255000000.0,1255000000.0,2829000000.0,-71000000.0,1.132,2.858,2321000000.0,469000000.0,1852000000.0,2321000000.0,0.0,317000000.0,0.0,0.016,0.25,-125000000.0,192000000.0,0.051,192000000.0,-125000000.0,-163000000.0,-0.25,-0.15,-0.25,3820000000.0,,3820000000.0,10796406651.0,20.0,6.921,525000000.0,1.831,1.0,930000000.0,0.247,1446000000.0,38000000.0,9367000000.0,,1158000000.0,0.0,0.0,0.0,10917000000.0,4990000000.0,5927000000.0,9245406651.0,142000000.0,-38000000.0,0.0,-345000000.0,-71000000.0,-411000000.0,533000000.0,9000000.0,702000000.0,26000000.0,-71000000.0,-71000000.0,-71000000.0,1000000.0,0.0,-0.019,1185000000.0,-255000000.0,3896000000.0,-1.0,2.42,16.995,16.974,4512000000.0,0.0,32.25,0.684,0.684,2544000000.0,7922000000.0,3759000000.0,3759000000.0,207000000.0,,,,,0.0,698000000.0,1.0,286679276.0,286679276,,13.112,13291000000.0,556000000.0,-92000000.0,625000000.0,46.362,658000000.0
35,EKDKQ,MRQ,2004-09-30,2004-09-30,2004-09-30,2019-05-23,-294000000.0,15099000000.0,,5926000000.0,9173000000.0,,13.025,-101000000.0,1113000000.0,1113000000.0,2296000000.0,458000000.0,1.107,3.045,2664000000.0,711000000.0,1953000000.0,2664000000.0,0.0,244000000.0,0.0,0.016,0.0,473000000.0,717000000.0,0.213,717000000.0,473000000.0,430000000.0,1.6,1.6,1.6,3733000000.0,,3733000000.0,11755420124.0,19.0,7.492,328000000.0,1.144,1.0,1078000000.0,0.32,1427000000.0,43000000.0,9869000000.0,,1427000000.0,0.0,0.0,0.0,11366000000.0,5354000000.0,6012000000.0,9234420124.0,594000000.0,-4000000.0,0.0,-375000000.0,-72000000.0,-447000000.0,-100000000.0,5000000.0,429000000.0,2000000.0,458000000.0,458000000.0,458000000.0,-446000000.0,0.0,0.136,1075000000.0,3000000.0,3816000000.0,0.0,2.474,15.416,15.416,4683000000.0,0.0,32.22,0.689,0.689,2500000000.0,8057000000.0,3374000000.0,3374000000.0,219000000.0,,,,,0.0,629000000.0,1.0,286605218.0,286600000,286700000.0,11.773,13672000000.0,710000000.0,-28000000.0,827000000.0,47.704,572000000.0
36,EKDKQ,MRQ,2004-06-30,2004-06-30,2004-06-30,2019-05-23,-331000000.0,14738000000.0,,5271000000.0,9467000000.0,,11.301,-91000000.0,519000000.0,519000000.0,2363000000.0,136000000.0,0.983,3.55,3040000000.0,1043000000.0,1997000000.0,3040000000.0,0.0,234000000.0,0.0,0.019,0.25,164000000.0,398000000.0,0.115,398000000.0,164000000.0,121000000.0,0.48,0.46,0.48,3239000000.0,,3239000000.0,10188769529.0,32.0,8.184,-23000000.0,-0.08,1.0,1101000000.0,0.318,1418000000.0,43000000.0,10477000000.0,,1260000000.0,0.0,0.0,0.0,11499000000.0,5364000000.0,6135000000.0,7732769528.0,9000000.0,-29000000.0,0.0,74000000.0,0.0,74000000.0,-127000000.0,2000000.0,68000000.0,-4000000.0,136000000.0,136000000.0,136000000.0,-17000000.0,0.0,0.039,962000000.0,139000000.0,3642000000.0,0.521,2.387,26.943,26.98,4795000000.0,0.0,26.98,0.577,0.577,2605000000.0,7599000000.0,3464000000.0,3464000000.0,213000000.0,,,,,0.0,615000000.0,1.0,286611176.0,286600000,305200000.0,12.087,13320000000.0,654000000.0,-15000000.0,642000000.0,46.476,-93000000.0
37,EKDKQ,MRQ,2004-03-31,2004-03-31,2004-03-31,2019-05-23,-306000000.0,14461000000.0,,4861000000.0,9600000000.0,,11.162,-91000000.0,510000000.0,510000000.0,2113000000.0,21000000.0,0.996,3.52,2966000000.0,710000000.0,2256000000.0,2966000000.0,0.0,235000000.0,0.0,0.044,0.0,18000000.0,253000000.0,0.087,253000000.0,18000000.0,-26000000.0,0.07,0.07,0.07,3199000000.0,,3199000000.0,9498620704.0,30.0,7.837,-122000000.0,-0.426,1.0,807000000.0,0.276,1404000000.0,44000000.0,10633000000.0,,1213000000.0,0.0,0.0,0.0,11262000000.0,4880000000.0,6382000000.0,7500620704.0,-740000000.0,-305000000.0,0.0,-282000000.0,0.0,-282000000.0,-426000000.0,-8000000.0,-31000000.0,-1000000.0,21000000.0,21000000.0,21000000.0,-13000000.0,0.0,0.007,800000000.0,7000000.0,3522000000.0,0.0,2.345,27.883,28.14,4954000000.0,0.0,26.17,0.569,0.569,2259000000.0,7536000000.0,2920000000.0,2920000000.0,197000000.0,,,,,0.0,549000000.0,1.0,286611414.0,286600000,286700000.0,10.188,13057000000.0,617000000.0,-47000000.0,604000000.0,45.558,-19000000.0
38,EKDKQ,MRQ,2003-12-31,2003-12-31,2003-12-31,2019-05-23,-238000000.0,14846000000.0,,5452000000.0,9394000000.0,,11.323,-151000000.0,1250000000.0,1250000000.0,2509000000.0,-16000000.0,1.037,3.575,3248000000.0,946000000.0,2302000000.0,3248000000.0,0.0,221000000.0,0.0,0.045,0.25,-20000000.0,201000000.0,0.055,201000000.0,-20000000.0,-63000000.0,-0.06,-0.06,-0.06,3245000000.0,,3245000000.0,9263351628.0,29.0,7.857,629000000.0,2.195,1.0,1136000000.0,0.312,1349000000.0,43000000.0,10240000000.0,,1078000000.0,0.0,0.0,0.0,11601000000.0,5255000000.0,6346000000.0,7356351628.0,267000000.0,-528000000.0,0.0,312000000.0,-72000000.0,240000000.0,-771000000.0,-1000000.0,780000000.0,18000000.0,-16000000.0,-16000000.0,-16000000.0,-30000000.0,0.0,-0.004,1174000000.0,-38000000.0,3630000000.0,-4.167,2.267,29.076,29.17,5051000000.0,0.0,25.67,0.57,0.57,2327000000.0,7515000000.0,3645000000.0,3645000000.0,201000000.0,,,,,0.0,722000000.0,1.0,286573885.0,286573885,,12.719,13497000000.0,596000000.0,-47000000.0,643000000.0,47.098,197000000.0
39,EKDKQ,MRQ,2003-09-30,2003-09-30,2003-09-30,2019-05-23,-552000000.0,14037000000.0,,5233000000.0,8804000000.0,,10.206,-114000000.0,983000000.0,983000000.0,2239000000.0,146000000.0,0.941,3.801,2890000000.0,1410000000.0,1480000000.0,2890000000.0,0.0,237000000.0,0.0,0.086,0.0,156000000.0,393000000.0,0.117,393000000.0,156000000.0,123000000.0,0.51,0.51,0.51,2924000000.0,,2924000000.0,8151732988.0,17.0,6.047,497000000.0,1.735,1.0,1128000000.0,0.335,1021000000.0,33000000.0,9363000000.0,,1202000000.0,0.0,0.0,0.0,11113000000.0,5560000000.0,5553000000.0,5999732988.0,145000000.0,5000000.0,0.0,-102000000.0,-258000000.0,-360000000.0,-109000000.0,1000000.0,611000000.0,3000000.0,146000000.0,146000000.0,146000000.0,-7000000.0,0.0,0.043,970000000.0,158000000.0,3531000000.0,0.0,2.052,15.706,15.744,5157000000.0,0.0,20.94,0.483,0.483,2340000000.0,7509000000.0,3367000000.0,3367000000.0,190000000.0,,,,,0.0,628000000.0,1.0,286520200.0,286500000,286600000.0,11.752,13016000000.0,524000000.0,-23000000.0,619000000.0,45.431,-327000000.0
40,EKDKQ,MRQ,2003-06-30,2003-06-30,2003-06-30,2019-05-23,-572000000.0,14076000000.0,,5159000000.0,8917000000.0,,9.962,-123000000.0,838000000.0,838000000.0,2164000000.0,118000000.0,0.919,3.932,2990000000.0,1474000000.0,1516000000.0,2990000000.0,0.0,202000000.0,0.0,0.066,0.9,163000000.0,365000000.0,0.112,365000000.0,163000000.0,129000000.0,0.41,0.41,0.41,2854000000.0,,2854000000.0,9942420161.0,13.0,6.111,4000000.0,0.014,1.0,1094000000.0,0.336,992000000.0,34000000.0,9620000000.0,,1190000000.0,0.0,0.0,0.0,11222000000.0,5616000000.0,5606000000.0,7835420161.0,241000000.0,-55000000.0,0.0,286000000.0,0.0,286000000.0,-179000000.0,1000000.0,127000000.0,7000000.0,118000000.0,118000000.0,118000000.0,-4000000.0,0.0,0.036,926000000.0,168000000.0,3538000000.0,2.195,2.745,13.746,13.883,5289000000.0,0.0,27.35,0.632,0.632,2462000000.0,7462000000.0,3258000000.0,3258000000.0,177000000.0,,,,,0.0,708000000.0,1.0,286487026.0,286500000,286600000.0,11.372,13084000000.0,512000000.0,11000000.0,604000000.0,45.668,-457000000.0
41,EKDKQ,MRQ,2003-03-31,2003-03-31,2003-03-31,2019-05-23,-709000000.0,13315000000.0,,4565000000.0,8750000000.0,,10.003,-109000000.0,597000000.0,597000000.0,1839000000.0,5000000.0,0.853,3.649,2704000000.0,1659000000.0,1045000000.0,2704000000.0,0.0,204000000.0,0.0,0.061,0.0,16000000.0,220000000.0,0.083,220000000.0,16000000.0,-21000000.0,0.02,0.02,0.02,2864000000.0,,2864000000.0,10500622098.0,11.0,5.691,18000000.0,0.063,1.0,800000000.0,0.303,981000000.0,37000000.0,9090000000.0,,1197000000.0,0.0,0.0,0.0,10451000000.0,5351000000.0,5100000000.0,8463622098.0,28000000.0,-95000000.0,0.0,92000000.0,0.0,104000000.0,-208000000.0,-2000000.0,127000000.0,5000000.0,5000000.0,5000000.0,5000000.0,-23000000.0,0.0,0.002,807000000.0,-7000000.0,3179000000.0,0.0,2.955,11.499,11.7,5336000000.0,0.0,29.6,0.678,0.679,2073000000.0,7609000000.0,2639000000.0,2639000000.0,192000000.0,,,,,0.0,559000000.0,1.0,285933179.0,286300000,286600000.0,9.218,12334000000.0,534000000.0,-26000000.0,513000000.0,43.081,-786000000.0
42,EKDKQ,MRQ,2002-12-31,2002-12-31,2002-12-31,2019-05-23,-771000000.0,13494000000.0,,4534000000.0,8960000000.0,,9.536,-209000000.0,569000000.0,569000000.0,2032000000.0,113000000.0,0.824,3.859,2606000000.0,1442000000.0,1164000000.0,2606000000.0,0.0,233000000.0,0.0,0.051,0.9,137000000.0,370000000.0,0.117,370000000.0,137000000.0,92000000.0,0.39,0.39,0.39,2777000000.0,,2777000000.0,12404589720.0,12.0,6.495,695000000.0,2.387,1.0,1123000000.0,0.356,981000000.0,45000000.0,9048000000.0,,1062000000.0,0.0,0.0,0.0,10717000000.0,5502000000.0,5215000000.0,10223589720.0,8000000.0,-84000000.0,-260000000.0,-138000000.0,-263000000.0,-612000000.0,-295000000.0,4000000.0,904000000.0,11000000.0,113000000.0,113000000.0,113000000.0,-15000000.0,0.0,0.036,900000000.0,223000000.0,3351000000.0,2.308,3.682,13.277,13.273,5420000000.0,0.0,35.04,0.815,0.814,2234000000.0,7611000000.0,3155000000.0,3155000000.0,190000000.0,,,,,0.0,677000000.0,1.0,291769113.0,291200000,292000000.0,10.834,12513000000.0,512000000.0,-21000000.0,709000000.0,42.97,-968000000.0
43,EKDKQ,MRQ,2002-09-30,2002-09-30,2002-09-30,2019-05-23,-518000000.0,13466000000.0,,4856000000.0,8610000000.0,,11.618,-158000000.0,561000000.0,561000000.0,2062000000.0,334000000.0,0.908,2.972,2742000000.0,1515000000.0,1227000000.0,2742000000.0,0.0,215000000.0,0.0,0.05,0.0,457000000.0,672000000.0,0.2,672000000.0,457000000.0,417000000.0,1.15,1.15,1.15,3390000000.0,,3390000000.0,10476262918.0,16.0,7.04,614000000.0,2.104,1.0,1290000000.0,0.385,975000000.0,40000000.0,9322000000.0,,1238000000.0,0.0,0.0,0.0,10076000000.0,5350000000.0,4726000000.0,7947262918.0,37000000.0,-10000000.0,0.0,-309000000.0,-262000000.0,-571000000.0,-159000000.0,9000000.0,772000000.0,-5000000.0,334000000.0,334000000.0,334000000.0,2000000.0,0.0,0.1,831000000.0,459000000.0,3284000000.0,0.0,2.344,17.621,17.688,5443000000.0,0.0,27.24,0.623,0.624,2301000000.0,7801000000.0,3352000000.0,3352000000.0,188000000.0,,,,,0.0,631000000.0,1.0,291749740.0,291800000,291800000.0,11.487,12491000000.0,516000000.0,83000000.0,551000000.0,42.807,-494000000.0
44,EKDKQ,MRQ,2002-06-30,2002-06-30,2002-06-30,2019-05-23,-472000000.0,13717000000.0,,5056000000.0,8661000000.0,,10.631,-112000000.0,524000000.0,524000000.0,2082000000.0,284000000.0,0.858,3.423,3053000000.0,1813000000.0,1240000000.0,3053000000.0,0.0,201000000.0,0.0,0.061,0.9,382000000.0,583000000.0,0.175,583000000.0,382000000.0,338000000.0,0.97,0.97,0.97,3101000000.0,,3101000000.0,11323080624.0,30.0,9.251,334000000.0,1.145,1.0,1254000000.0,0.376,986000000.0,44000000.0,9367000000.0,,1218000000.0,0.0,0.0,0.0,10616000000.0,5893000000.0,4723000000.0,8510080624.0,13000000.0,-36000000.0,0.0,-274000000.0,0.0,-275000000.0,-160000000.0,-12000000.0,446000000.0,2000000.0,284000000.0,284000000.0,284000000.0,2000000.0,0.0,0.085,870000000.0,384000000.0,3559000000.0,0.928,2.744,39.953,40.514,5538000000.0,0.0,29.17,0.67,0.67,2551000000.0,7467000000.0,3336000000.0,3336000000.0,192000000.0,,,,,0.0,656000000.0,1.0,291740851.0,291700000,291800000.0,11.436,12731000000.0,515000000.0,54000000.0,521000000.0,43.644,-837000000.0
45,EKDKQ,MRQ,2002-03-31,2002-03-31,2002-03-31,2019-05-23,-619000000.0,13320000000.0,,4689000000.0,8631000000.0,,10.065,-92000000.0,511000000.0,511000000.0,1846000000.0,39000000.0,0.857,3.543,3324000000.0,1865000000.0,1459000000.0,3324000000.0,0.0,185000000.0,0.0,0.043,0.0,100000000.0,285000000.0,0.105,285000000.0,100000000.0,56000000.0,0.13,0.13,0.13,2932000000.0,,2932000000.0,11820278780.0,82.0,11.634,-10000000.0,-0.034,1.0,860000000.0,0.318,971000000.0,44000000.0,9691000000.0,,1205000000.0,0.0,0.0,0.0,10388000000.0,5471000000.0,4917000000.0,9068278780.0,63000000.0,-38000000.0,0.0,124000000.0,0.0,127000000.0,-144000000.0,-14000000.0,82000000.0,-2000000.0,39000000.0,39000000.0,39000000.0,2000000.0,0.0,0.014,758000000.0,102000000.0,3101000000.0,0.0,3.093,-259.094,-239.769,5563000000.0,0.0,31.17,0.7,0.701,2202000000.0,7445000000.0,2706000000.0,2706000000.0,187000000.0,,,,,0.0,540000000.0,1.0,290929701.0,291300000,291300000.0,9.289,12349000000.0,517000000.0,17000000.0,505000000.0,42.393,-782000000.0
46,EKDKQ,MRQ,2001-12-31,2001-12-31,2001-12-31,2019-05-23,-597000000.0,13362000000.0,,4617000000.0,8745000000.0,,9.948,-212000000.0,448000000.0,448000000.0,2323000000.0,-206000000.0,0.862,3.617,3200000000.0,1534000000.0,1666000000.0,3200000000.0,0.0,231000000.0,0.0,0.06,0.45,-283000000.0,-52000000.0,-0.016,-52000000.0,-283000000.0,-331000000.0,-0.71,-0.71,-0.71,2894000000.0,,2894000000.0,11803049093.0,36.0,9.473,829000000.0,2.85,1.0,1031000000.0,0.307,948000000.0,48000000.0,9812000000.0,,1071000000.0,0.0,0.0,0.0,10468000000.0,5354000000.0,5114000000.0,8562049093.0,196000000.0,-102000000.0,0.0,-275000000.0,-259000000.0,-533000000.0,-307000000.0,7000000.0,1041000000.0,-5000000.0,-206000000.0,-206000000.0,-206000000.0,5000000.0,0.0,-0.061,1309000000.0,-278000000.0,3276000000.0,-0.634,2.959,112.659,113.192,5659000000.0,0.0,29.43,0.647,0.646,2337000000.0,7431000000.0,3354000000.0,3354000000.0,207000000.0,,,,,0.0,761000000.0,1.0,290929293.0,290900000,291000000.0,11.53,12414000000.0,521000000.0,-125000000.0,544000000.0,42.674,-737000000.0
47,EKDKQ,MRQ,2001-09-30,2001-09-30,2001-09-30,2019-05-23,-508000000.0,13910000000.0,,5253000000.0,8657000000.0,,11.396,-156000000.0,252000000.0,252000000.0,2176000000.0,96000000.0,0.975,3.196,3493000000.0,1701000000.0,1792000000.0,3493000000.0,0.0,224000000.0,0.0,0.054,0.44,184000000.0,408000000.0,0.123,408000000.0,184000000.0,132000000.0,0.33,0.33,0.33,3315000000.0,,3315000000.0,13015707893.0,14.0,6.927,554000000.0,1.904,1.0,1132000000.0,0.342,954000000.0,52000000.0,10808000000.0,,1462000000.0,0.0,0.0,0.0,10595000000.0,5389000000.0,5206000000.0,9458707893.0,-40000000.0,-110000000.0,0.0,-363000000.0,-128000000.0,-485000000.0,-270000000.0,-4000000.0,710000000.0,5000000.0,96000000.0,96000000.0,96000000.0,0.0,0.0,0.029,948000000.0,184000000.0,3011000000.0,1.333,2.853,19.871,19.596,5734000000.0,0.0,32.53,0.704,0.704,2724000000.0,7767000000.0,3308000000.0,3308000000.0,197000000.0,,,,,0.0,661000000.0,1.0,290768764.0,290900000,291300000.0,11.372,12956000000.0,601000000.0,36000000.0,624000000.0,44.538,-136000000.0
48,EKDKQ,MRQ,2001-06-30,2001-06-30,2001-06-30,2019-05-23,-589000000.0,14268000000.0,,5507000000.0,8761000000.0,,11.225,-179000000.0,292000000.0,292000000.0,2254000000.0,36000000.0,0.95,3.375,3849000000.0,2026000000.0,1823000000.0,3849000000.0,0.0,232000000.0,0.0,0.038,0.44,143000000.0,375000000.0,0.104,375000000.0,143000000.0,85000000.0,0.12,0.12,0.12,3261000000.0,,3261000000.0,17260419634.0,12.0,7.277,324000000.0,1.115,1.0,1338000000.0,0.372,984000000.0,58000000.0,11044000000.0,,1566000000.0,0.0,0.0,0.0,11007000000.0,5797000000.0,5210000000.0,13539419634.0,61000000.0,-55000000.0,0.0,-100000000.0,-128000000.0,-220000000.0,-220000000.0,14000000.0,503000000.0,-2000000.0,36000000.0,36000000.0,36000000.0,0.0,0.0,0.01,1188000000.0,150000000.0,3073000000.0,3.667,4.152,16.967,17.289,5778000000.0,0.0,46.68,0.987,0.989,2818000000.0,7799000000.0,3592000000.0,3592000000.0,186000000.0,,,,,0.0,629000000.0,1.0,290047550.0,290500000,291300000.0,12.365,13284000000.0,619000000.0,49000000.0,642000000.0,45.728,-290000000.0
49,EKDKQ,MRQ,2001-03-31,2001-03-31,2001-03-31,2019-05-23,-572000000.0,14330000000.0,,5463000000.0,8867000000.0,,11.506,-196000000.0,231000000.0,231000000.0,1908000000.0,150000000.0,0.839,3.293,3952000000.0,2827000000.0,1125000000.0,3952000000.0,0.0,230000000.0,0.0,0.044,0.44,285000000.0,515000000.0,0.173,515000000.0,285000000.0,224000000.0,0.52,0.52,0.52,3338000000.0,,3338000000.0,13548417371.0,6.0,4.482,-244000000.0,-0.841,1.0,1067000000.0,0.359,1005000000.0,61000000.0,10531000000.0,,1833000000.0,20000000.0,20000000.0,0.0,10992000000.0,6515000000.0,4477000000.0,11587417371.0,-15000000.0,-180000000.0,-44000000.0,595000000.0,-128000000.0,430000000.0,-391000000.0,-15000000.0,-48000000.0,-6000000.0,150000000.0,150000000.0,150000000.0,0.0,0.0,0.05,805000000.0,262000000.0,2920000000.0,0.846,3.471,9.138,9.475,5874000000.0,0.0,39.89,0.835,0.834,2549000000.0,7891000000.0,2975000000.0,2975000000.0,189000000.0,,,,,0.0,574000000.0,1.0,290484266.0,290100000,290500000.0,10.255,13325000000.0,647000000.0,74000000.0,713000000.0,45.932,-1052000000.0
50,EKDKQ,MRQ,2000-12-31,2000-12-31,2000-12-31,2019-05-23,-482000000.0,14212000000.0,,5491000000.0,8721000000.0,,11.656,-355000000.0,246000000.0,246000000.0,2344000000.0,194000000.0,0.884,3.146,3372000000.0,2206000000.0,1166000000.0,3372000000.0,0.0,236000000.0,0.0,0.045,0.44,345000000.0,581000000.0,0.163,581000000.0,345000000.0,294000000.0,0.69,0.68,0.69,3428000000.0,,3428000000.0,14546164219.0,6.0,4.547,327000000.0,1.112,1.0,1216000000.0,0.342,947000000.0,51000000.0,10176000000.0,,1718000000.0,0.0,0.0,0.0,10784000000.0,6215000000.0,4569000000.0,11819164219.0,29000000.0,86000000.0,-491000000.0,441000000.0,-134000000.0,-174000000.0,-481000000.0,4000000.0,682000000.0,2000000.0,194000000.0,194000000.0,194000000.0,0.0,0.0,0.054,864000000.0,352000000.0,3403000000.0,0.638,3.448,8.4,8.523,5919000000.0,0.0,39.375,0.845,0.858,2653000000.0,7869000000.0,3560000000.0,3560000000.0,178000000.0,,,,,0.0,692000000.0,1.0,300169250.0,294100000,294600000.0,12.105,13265000000.0,575000000.0,100000000.0,606000000.0,45.104,-724000000.0
51,EKDKQ,MRQ,2000-09-30,2000-09-30,2000-09-30,2019-05-23,-458000000.0,14318000000.0,,5746000000.0,8572000000.0,,12.4,-225000000.0,217000000.0,217000000.0,2074000000.0,418000000.0,0.983,2.781,2944000000.0,1878000000.0,1066000000.0,2944000000.0,0.0,219000000.0,0.0,0.043,0.44,682000000.0,901000000.0,0.251,901000000.0,682000000.0,634000000.0,1.37,1.36,1.37,3787000000.0,,3787000000.0,15280195413.0,6.0,4.22,427000000.0,1.398,1.0,1516000000.0,0.422,940000000.0,48000000.0,10257000000.0,,1897000000.0,9000000.0,9000000.0,0.0,10531000000.0,5848000000.0,4683000000.0,12585195413.0,-41000000.0,4000000.0,-441000000.0,0.0,-136000000.0,-567000000.0,-118000000.0,9000000.0,652000000.0,-8000000.0,418000000.0,418000000.0,418000000.0,0.0,0.0,0.116,856000000.0,660000000.0,3219000000.0,0.321,3.323,7.456,7.514,5776000000.0,0.0,40.875,0.884,0.877,2718000000.0,7802000000.0,3590000000.0,3590000000.0,197000000.0,,,,,0.0,621000000.0,1.0,307894689.0,305400000,307700000.0,11.755,13378000000.0,695000000.0,216000000.0,696000000.0,43.805,-102000000.0
52,EKDKQ,MRQ,2000-06-30,2000-06-30,2000-06-30,2019-05-23,-311000000.0,14859000000.0,,6014000000.0,8845000000.0,,13.239,-225000000.0,258000000.0,258000000.0,2123000000.0,506000000.0,1.012,2.624,2953000000.0,1798000000.0,1155000000.0,2953000000.0,0.0,218000000.0,0.0,0.03,0.44,808000000.0,1026000000.0,0.274,1026000000.0,808000000.0,766000000.0,1.63,1.62,1.63,4100000000.0,,4100000000.0,20763126342.0,9.0,6.213,-127000000.0,-0.41,1.0,1626000000.0,0.434,968000000.0,42000000.0,10642000000.0,,1739000000.0,18000000.0,18000000.0,0.0,10759000000.0,5944000000.0,4815000000.0,18432126342.0,-136000000.0,-59000000.0,-147000000.0,230000000.0,-136000000.0,-35000000.0,-198000000.0,8000000.0,98000000.0,-1000000.0,506000000.0,506000000.0,506000000.0,0.0,0.0,0.135,880000000.0,746000000.0,3317000000.0,0.27,4.496,12.247,12.37,5808000000.0,0.0,59.5,1.296,1.296,2988000000.0,7517000000.0,3749000000.0,3749000000.0,208000000.0,,,,,0.0,633000000.0,1.0,309783636.0,309700000,311800000.0,12.105,13891000000.0,855000000.0,260000000.0,754000000.0,44.853,70000000.0
53,EKDKQ,MRQ,2000-03-31,2000-03-31,2000-03-31,2019-05-23,-232000000.0,14502000000.0,,5616000000.0,8886000000.0,,12.695,-140000000.0,394000000.0,394000000.0,1834000000.0,289000000.0,0.946,2.683,2725000000.0,1807000000.0,918000000.0,2725000000.0,0.0,216000000.0,0.0,0.032,0.44,475000000.0,691000000.0,0.223,691000000.0,475000000.0,438000000.0,0.93,0.93,0.93,3938000000.0,,3938000000.0,18585736761.0,8.0,6.489,-467000000.0,-1.505,1.0,1261000000.0,0.407,949000000.0,37000000.0,9945000000.0,,1721000000.0,27000000.0,27000000.0,0.0,10564000000.0,5939000000.0,4625000000.0,16859736761.0,21000000.0,-7000000.0,-46000000.0,642000000.0,-139000000.0,462000000.0,-109000000.0,-6000000.0,-327000000.0,-5000000.0,289000000.0,289000000.0,289000000.0,0.0,0.0,0.093,805000000.0,456000000.0,3220000000.0,0.473,4.281,11.315,11.507,5855000000.0,0.0,54.313,1.197,1.196,2431000000.0,7148000000.0,3095000000.0,3095000000.0,201000000.0,,,,,0.0,568000000.0,1.0,310420930.0,310200000,312300000.0,9.977,13553000000.0,876000000.0,149000000.0,834000000.0,43.691,-323000000.0
54,EKDKQ,MRQ,1999-12-31,1999-12-31,1999-12-31,2019-05-23,-145000000.0,14370000000.0,,5444000000.0,8926000000.0,,12.431,-378000000.0,373000000.0,373000000.0,2244000000.0,475000000.0,0.944,2.673,2099000000.0,1163000000.0,936000000.0,2099000000.0,0.0,248000000.0,0.0,0.027,0.44,755000000.0,1003000000.0,0.264,1003000000.0,755000000.0,720000000.0,1.51,1.49,1.51,3912000000.0,,3912000000.0,23127752479.0,10.0,7.298,676000000.0,2.148,1.0,1555000000.0,0.409,982000000.0,35000000.0,9345000000.0,,1519000000.0,20000000.0,20000000.0,0.0,10458000000.0,5769000000.0,4689000000.0,20908752479.0,-207000000.0,378000000.0,-314000000.0,-702000000.0,-139000000.0,-1146000000.0,-111000000.0,3000000.0,1054000000.0,-4000000.0,475000000.0,475000000.0,475000000.0,0.0,0.0,0.125,936000000.0,619000000.0,3832000000.0,0.291,5.345,15.021,15.126,5947000000.0,0.0,66.25,1.484,1.495,2537000000.0,6995000000.0,3799000000.0,3799000000.0,219000000.0,,,,,0.0,222000000.0,1.0,315603811.0,314700000,317600000.0,12.072,13388000000.0,885000000.0,245000000.0,694000000.0,42.542,-325000000.0
55,EKDKQ,MRQ,1999-09-30,1999-09-30,1999-09-30,2019-05-23,-151000000.0,15241000000.0,,6220000000.0,9021000000.0,,12.309,-271000000.0,580000000.0,580000000.0,2087000000.0,235000000.0,0.947,2.916,2799000000.0,1879000000.0,920000000.0,2799000000.0,0.0,228000000.0,0.0,0.023,0.44,394000000.0,622000000.0,0.174,622000000.0,394000000.0,355000000.0,0.74,0.73,0.74,3892000000.0,,3892000000.0,26407945114.0,14.0,11.105,465000000.0,1.471,1.0,1493000000.0,0.417,1029000000.0,39000000.0,9861000000.0,,1563000000.0,24000000.0,24000000.0,0.0,11349000000.0,6570000000.0,4779000000.0,23934945114.0,288000000.0,-7000000.0,-92000000.0,11000000.0,-140000000.0,-203000000.0,-252000000.0,-10000000.0,736000000.0,7000000.0,235000000.0,235000000.0,235000000.0,0.0,0.0,0.066,1116000000.0,377000000.0,3698000000.0,0.595,6.15,20.13,20.384,5882000000.0,0.0,75.625,1.728,1.726,2787000000.0,6659000000.0,3580000000.0,3580000000.0,193000000.0,,,,,0.0,923000000.0,1.0,316495142.0,316200000,320300000.0,11.322,14212000000.0,1208000000.0,120000000.0,936000000.0,44.946,-350000000.0
56,EKDKQ,MRQ,1999-06-30,1999-06-30,1999-06-30,2019-05-23,-209000000.0,14822000000.0,,5814000000.0,9008000000.0,,11.959,392000000.0,292000000.0,292000000.0,1886000000.0,491000000.0,0.877,2.884,2765000000.0,2278000000.0,487000000.0,2765000000.0,0.0,-235000000.0,0.0,0.026,0.44,783000000.0,548000000.0,0.152,548000000.0,783000000.0,745000000.0,1.54,1.52,1.54,3816000000.0,,3816000000.0,23801851823.0,11.0,9.137,-927000000.0,-2.905,1.0,1724000000.0,0.478,1053000000.0,38000000.0,9612000000.0,,1398000000.0,13000000.0,13000000.0,0.0,11006000000.0,6630000000.0,4376000000.0,21795851823.0,-87000000.0,829000000.0,-248000000.0,314000000.0,141000000.0,135000000.0,1111000000.0,21000000.0,-1319000000.0,-14000000.0,491000000.0,491000000.0,491000000.0,0.0,0.0,0.136,1008000000.0,716000000.0,3479000000.0,0.286,5.712,16.121,16.131,5845000000.0,0.0,67.75,1.595,1.582,2945000000.0,6563000000.0,3610000000.0,3610000000.0,198000000.0,,,,,0.0,810000000.0,1.0,321709990.0,319100000,323000000.0,11.313,13769000000.0,1109000000.0,254000000.0,807000000.0,43.149,-816000000.0
57,EKDKQ,MRQ,1999-03-31,1999-03-31,1999-03-31,2019-05-23,-193000000.0,14505000000.0,,5554000000.0,8951000000.0,,12.027,-135000000.0,338000000.0,338000000.0,1869000000.0,191000000.0,0.9,2.743,2344000000.0,1863000000.0,481000000.0,2344000000.0,0.0,229000000.0,0.0,0.028,0.44,319000000.0,548000000.0,0.177,548000000.0,319000000.0,289000000.0,0.59,0.59,0.59,3875000000.0,,3875000000.0,22183745117.0,10.0,7.254,-245000000.0,-0.76,1.0,1231000000.0,0.397,1103000000.0,30000000.0,9240000000.0,,1453000000.0,46000000.0,46000000.0,0.0,10630000000.0,6168000000.0,4462000000.0,20618745117.0,-119000000.0,-12000000.0,-86000000.0,354000000.0,-142000000.0,132000000.0,-135000000.0,-1000000.0,-110000000.0,-6000000.0,191000000.0,191000000.0,191000000.0,0.0,0.0,0.062,953000000.0,278000000.0,3448000000.0,0.746,5.321,15.206,15.245,5778000000.0,0.0,63.875,1.517,1.514,2497000000.0,6212000000.0,3100000000.0,3100000000.0,207000000.0,,,,,0.0,746000000.0,1.0,322798358.0,322200000,325200000.0,9.621,13402000000.0,1150000000.0,98000000.0,786000000.0,41.595,-614000000.0
58,EKDKQ,MRQ,1998-12-31,1998-12-31,1998-12-31,2019-05-23,-111000000.0,14733000000.0,,5599000000.0,9134000000.0,,12.335,-489000000.0,457000000.0,457000000.0,2103000000.0,272000000.0,0.906,2.694,2022000000.0,1518000000.0,504000000.0,2022000000.0,0.0,234000000.0,0.0,0.024,0.44,426000000.0,660000000.0,0.185,660000000.0,426000000.0,412000000.0,0.84,0.83,0.84,3988000000.0,,3988000000.0,24654377032.0,11.0,8.033,556000000.0,1.72,1.0,1460000000.0,0.41,1232000000.0,14000000.0,8888000000.0,,1424000000.0,43000000.0,43000000.0,0.0,10745000000.0,6178000000.0,4567000000.0,23324377032.0,76000000.0,-296000000.0,-100000000.0,260000000.0,-142000000.0,-17000000.0,-956000000.0,10000000.0,1045000000.0,4000000.0,272000000.0,272000000.0,272000000.0,0.0,0.0,0.076,1206000000.0,254000000.0,3906000000.0,0.524,5.849,16.78,16.744,5914000000.0,0.0,72.0,1.74,1.736,2527000000.0,6163000000.0,3563000000.0,3563000000.0,251000000.0,,,,,0.0,955000000.0,1.0,323949681.0,323300000,327800000.0,11.021,13501000000.0,1138000000.0,140000000.0,681000000.0,41.76,-579000000.0
59,EKDKQ,MRQ,1998-09-30,1998-09-30,1998-09-30,2019-05-23,-182000000.0,14079000000.0,,5756000000.0,8323000000.0,,12.084,-246000000.0,381000000.0,381000000.0,1777000000.0,398000000.0,1.046,2.597,1711000000.0,1252000000.0,459000000.0,1711000000.0,0.0,214000000.0,0.0,0.023,0.44,635000000.0,849000000.0,0.25,849000000.0,635000000.0,603000000.0,1.23,1.21,1.23,3914000000.0,,3914000000.0,26242560595.0,36.0,16.567,281000000.0,0.868,1.0,1614000000.0,0.476,1014000000.0,32000000.0,8893000000.0,,1597000000.0,53000000.0,53000000.0,0.0,10165000000.0,5502000000.0,4663000000.0,24813560595.0,-35000000.0,-277000000.0,-57000000.0,-148000000.0,-141000000.0,-228000000.0,-342000000.0,0.0,527000000.0,8000000.0,398000000.0,398000000.0,398000000.0,0.0,0.0,0.117,985000000.0,629000000.0,3554000000.0,0.358,6.34,66.346,64.601,5511000000.0,0.0,76.875,1.838,1.844,2519000000.0,6068000000.0,3391000000.0,3391000000.0,224000000.0,,,,,0.0,761000000.0,1.0,322778024.0,323900000,329900000.0,10.469,13065000000.0,1242000000.0,205000000.0,629000000.0,40.337,254000000.0
60,EKDKQ,MRQ,1998-06-30,1998-06-30,1998-06-30,2019-05-23,-232000000.0,14013000000.0,,5875000000.0,8138000000.0,,11.031,-220000000.0,416000000.0,416000000.0,1828000000.0,495000000.0,1.023,2.933,1845000000.0,1386000000.0,459000000.0,1845000000.0,0.0,211000000.0,0.0,0.024,0.44,790000000.0,1001000000.0,0.283,1001000000.0,790000000.0,750000000.0,1.53,1.51,1.53,3563000000.0,,3563000000.0,24739276488.0,52.0,,-171000000.0,-0.529,1.0,1713000000.0,0.484,884000000.0,40000000.0,8815000000.0,,1488000000.0,130000000.0,130000000.0,0.0,10450000000.0,5743000000.0,4707000000.0,23576276488.0,-73000000.0,84000000.0,-54000000.0,211000000.0,-143000000.0,46000000.0,-166000000.0,-30000000.0,49000000.0,-2000000.0,495000000.0,495000000.0,495000000.0,0.0,0.0,0.14,1058000000.0,655000000.0,3581000000.0,0.288,6.617,113.347,109.049,5467000000.0,0.0,73.063,1.696,1.698,2644000000.0,5829000000.0,3541000000.0,3541000000.0,224000000.0,,,,,0.0,834000000.0,1.0,322686419.0,323000000,327200000.0,10.963,13129000000.0,1275000000.0,255000000.0,700000000.0,40.647,132000000.0
61,EKDKQ,MRQ,1998-03-31,1998-03-31,1998-03-31,2019-05-23,-222000000.0,13464000000.0,,5455000000.0,8009000000.0,,9.904,-153000000.0,489000000.0,489000000.0,1585000000.0,225000000.0,0.984,3.209,1652000000.0,1158000000.0,494000000.0,1652000000.0,0.0,194000000.0,0.0,0.027,0.44,365000000.0,559000000.0,0.192,559000000.0,365000000.0,341000000.0,0.7,0.69,0.7,3199000000.0,,3199000000.0,21426967733.0,80.0,,-291000000.0,-0.901,1.0,1326000000.0,0.456,852000000.0,24000000.0,8232000000.0,,1455000000.0,50000000.0,50000000.0,0.0,10265000000.0,5543000000.0,4722000000.0,20958967733.0,-239000000.0,-228000000.0,-47000000.0,453000000.0,-143000000.0,276000000.0,-375000000.0,0.0,-138000000.0,-2000000.0,225000000.0,225000000.0,225000000.0,0.0,0.0,0.077,976000000.0,350000000.0,3637000000.0,0.629,6.552,258.753,249.519,5480000000.0,0.0,64.875,1.471,1.471,2221000000.0,5435000000.0,2911000000.0,2911000000.0,223000000.0,,,,,0.0,753000000.0,1.0,323066940.0,323000000,326400000.0,9.012,12612000000.0,1325000000.0,116000000.0,672000000.0,39.046,-88000000.0
62,EKDKQ,MRQ,1997-12-31,1997-12-31,1997-12-31,2019-05-23,-202000000.0,13145000000.0,,5475000000.0,7670000000.0,,9.735,-461000000.0,728000000.0,728000000.0,2273000000.0,-744000000.0,1.058,3.158,1196000000.0,611000000.0,585000000.0,1196000000.0,0.0,228000000.0,0.0,0.029,0.44,-1053000000.0,-825000000.0,-0.225,-825000000.0,-1053000000.0,-1082000000.0,-2.27,-2.24,-2.27,3161000000.0,,3161000000.0,,,,754000000.0,2.322,1.0,1386000000.0,0.379,548000000.0,29000000.0,7888000000.0,,1252000000.0,24000000.0,24000000.0,0.0,9984000000.0,5177000000.0,4807000000.0,19565741554.0,418000000.0,-87000000.0,-118000000.0,-99000000.0,-143000000.0,-353000000.0,-435000000.0,4000000.0,1215000000.0,-9000000.0,-744000000.0,-744000000.0,-744000000.0,0.0,0.0,-0.203,2460000000.0,-1074000000.0,3832000000.0,-0.194,6.19,3913.148,6056.25,5509000000.0,0.0,60.563,1.346,1.364,2271000000.0,5343000000.0,3659000000.0,3659000000.0,262000000.0,,,,,0.0,1007000000.0,1.0,323066940.0,324700000,327700000.0,11.269,12597000000.0,1340000000.0,-338000000.0,655000000.0,38.796,298000000.0
63,EKDKQ,MRQ,1997-09-30,1997-09-30,1997-09-30,2019-05-23,,,,,,,,,,,2045000000.0,232000000.0,,,,,,,,,,0.026,0.44,378000000.0,,,,378000000.0,352000000.0,0.71,0.71,0.71,,,,,,,,,1.0,1742000000.0,0.46,,26000000.0,,,,,,,,,,,,,,,,,,,,,232000000.0,232000000.0,232000000.0,0.0,0.0,0.061,1364000000.0,378000000.0,,0.62,,,,,0.0,64.938,,,,,3787000000.0,3787000000.0,259000000.0,,,,,,1035000000.0,1.0,,325200000,329100000.0,11.645,,,120000000.0,,,
64,EKDKQ,MRQ,1997-06-30,1997-06-30,1997-06-30,2019-05-23,,,,,,,,,,,2015000000.0,368000000.0,,,,,,,,,,0.022,0.44,579000000.0,,,,579000000.0,558000000.0,1.12,1.11,1.12,,,,,,,,,1.0,1875000000.0,0.482,,21000000.0,,,,,,,,,,,,,,,,,,,,,368000000.0,368000000.0,368000000.0,0.0,0.0,0.095,1296000000.0,579000000.0,,0.393,,,,,0.0,76.75,,,,,3890000000.0,3890000000.0,266000000.0,,,,,,1021000000.0,1.0,,327400000,332600000.0,11.881,,,190000000.0,,,
65,EKDKQ,MRQ,1997-03-31,1997-03-31,1997-03-31,2019-05-23,,,,,,,,-309000000.0,,,1643000000.0,149000000.0,,,,,,,,193000000.0,,0.022,0.44,247000000.0,440000000.0,0.137,440000000.0,247000000.0,225000000.0,0.45,0.44,0.45,,,,,,,-314000000.0,-0.945,1.0,1559000000.0,0.487,,22000000.0,,,,,,,,,,,-934000000.0,-233000000.0,-348000000.0,51000000.0,-133000000.0,-378000000.0,-532000000.0,10000000.0,-5000000.0,-19000000.0,149000000.0,149000000.0,149000000.0,0.0,0.0,0.047,1312000000.0,247000000.0,,0.978,,,,,0.0,76.0,,,,,3202000000.0,3202000000.0,257000000.0,,,,,0.0,849000000.0,1.0,,332400000,338200000.0,9.633,,,76000000.0,,,
66,EKDKQ,MRQ,1996-12-31,1996-12-31,1996-12-31,2019-05-23,75000000.0,14438000000.0,,6965000000.0,7473000000.0,,14.031,,1777000000.0,1777000000.0,,,1.286,2.05,1100000000.0,541000000.0,559000000.0,1100000000.0,0.0,,0.0,0.02,0.4,,,,,,,,,,4734000000.0,,4734000000.0,,,,,,1.0,,,581000000.0,,7763000000.0,,1575000000.0,19000000.0,19000000.0,0.0,9704000000.0,5417000000.0,4287000000.0,,,,,,,,,,,,,,,,,,,,4116000000.0,,,,21.008,5422000000.0,,80.25,,1.696,2738000000.0,5931000000.0,,,,,,,,,,1.0,,337400000,,,13857000000.0,876000000.0,,729000000.0,41.07,1548000000.0
0,EKDKQ,MRT,2013-06-30,2013-06-30,2013-06-30,2019-05-23,-2153000000.0,3815000000.0,4150000000.0,2602000000.0,1213000000.0,0.86,-11.565,-60000000.0,1015000000.0,1015000000.0,2905000000.0,-655000000.0,0.768,-2.209,3712000000.0,871000000.0,2841000000.0,3712000000.0,0.0,197000000.0,0.0,0.0,0.0,-587000000.0,-390000000.0,-0.109,-390000000.0,-587000000.0,-746000000.0,-2.4,-2.4,-2.4,-3155000000.0,-3347500000.0,-3155000000.0,2839459783.0,-5.0,-7.281,-588000000.0,-2.155,1.0,665000000.0,0.186,56000000.0,159000000.0,3069000000.0,4296250000.0,427000000.0,0.0,0.0,0.0,6968000000.0,3387000000.0,3581000000.0,35459783.0,-242000000.0,574000000.0,0.0,-262000000.0,0.0,-263000000.0,539000000.0,3000000.0,-528000000.0,10000000.0,-655000000.0,-655000000.0,-655000000.0,34000000.0,0.0,-0.183,1217000000.0,-552000000.0,334000000.0,0.0,-0.011,-0.054,-0.054,526000000.0,0.0,0.13,0.01,0.01,547000000.0,2628000000.0,3570000000.0,3570000000.0,153000000.0,-0.158,0.196,-0.137,-0.164,0.0,687000000.0,1.0,272767562.0,272800000,,13.087,3759000000.0,431000000.0,-91000000.0,0.0,13.779,-785000000.0
1,EKDKQ,MRT,2013-03-31,2013-03-31,2013-03-31,2019-05-23,-2544000000.0,4096000000.0,4350750000.0,2553000000.0,1543000000.0,0.847,-12.194,-55000000.0,1174000000.0,1174000000.0,3053000000.0,-730000000.0,1.261,-2.232,3978000000.0,862000000.0,3116000000.0,3978000000.0,0.0,212000000.0,0.0,0.0,0.0,-733000000.0,-521000000.0,-0.141,-521000000.0,-733000000.0,-881000000.0,-2.68,-2.68,-2.68,-3323000000.0,-3298000000.0,-3323000000.0,3101700706.0,-4.0,-5.953,-522000000.0,-1.916,1.0,633000000.0,0.172,196000000.0,148000000.0,4679000000.0,5060250000.0,567000000.0,0.0,0.0,0.0,7417000000.0,2025000000.0,5392000000.0,81700706.0,-187000000.0,578000000.0,0.0,-273000000.0,0.0,-281000000.0,561000000.0,2000000.0,-467000000.0,0.0,-730000000.0,-730000000.0,-730000000.0,20000000.0,0.0,-0.198,1342000000.0,-709000000.0,404000000.0,0.0,-0.025,-0.112,-0.112,631000000.0,0.0,0.3,0.022,0.022,701000000.0,2852000000.0,3686000000.0,3686000000.0,170000000.0,-0.168,0.221,-0.145,-0.199,0.0,730000000.0,1.0,272335686.0,272500000,,13.527,3900000000.0,468000000.0,-151000000.0,0.0,14.312,528000000.0
2,EKDKQ,MRT,2012-12-31,2012-12-31,2012-12-31,2019-05-23,-2616000000.0,4286000000.0,4590000000.0,2843000000.0,1443000000.0,0.896,-13.509,-69000000.0,1135000000.0,1135000000.0,3523000000.0,-1379000000.0,0.779,-2.164,4147000000.0,699000000.0,3448000000.0,4147000000.0,0.0,242000000.0,0.0,0.0,0.0,-1478000000.0,-1236000000.0,-0.3,-1236000000.0,-1478000000.0,-1636000000.0,-5.07,-5.07,-5.07,-3679000000.0,-3143500000.0,-3679000000.0,3304020864.0,-2.0,-2.673,-331000000.0,-1.215,1.0,591000000.0,0.144,132000000.0,158000000.0,3517000000.0,5420250000.0,420000000.0,0.0,0.0,0.0,7963000000.0,3649000000.0,4314000000.0,49020864.0,274000000.0,63000000.0,0.0,549000000.0,0.0,508000000.0,25000000.0,4000000.0,-262000000.0,3000000.0,-1379000000.0,-1379000000.0,-1379000000.0,76000000.0,0.0,-0.335,2007000000.0,-1416000000.0,355000000.0,0.0,-0.013,-0.036,-0.036,607000000.0,0.0,0.18,0.012,0.012,633000000.0,2600000000.0,4114000000.0,4114000000.0,207000000.0,-0.3,0.439,-0.273,-0.359,0.0,824000000.0,1.0,272338132.0,272338132,,15.106,4154000000.0,470000000.0,-257000000.0,0.0,15.253,-806000000.0
3,EKDKQ,MRT,2012-09-30,2012-09-30,2012-09-30,2019-05-23,-2572000000.0,4403000000.0,4688000000.0,2693000000.0,1710000000.0,0.878,-11.89,-81000000.0,1132000000.0,1132000000.0,3480000000.0,-1094000000.0,1.846,-2.361,4387000000.0,40000000.0,4347000000.0,4387000000.0,0.0,218000000.0,0.0,0.0,0.0,-981000000.0,-763000000.0,-0.185,-763000000.0,-981000000.0,-1133000000.0,-4.03,-4.03,-4.03,-3233000000.0,-2811750000.0,-3233000000.0,3238652742.0,-3.0,-4.245,-302000000.0,-1.111,1.0,636000000.0,0.155,279000000.0,152000000.0,5920000000.0,5267250000.0,638000000.0,0.0,0.0,0.0,7634000000.0,1459000000.0,6175000000.0,51652742.0,270000000.0,9000000.0,0.0,497000000.0,0.0,457000000.0,32000000.0,2000000.0,-221000000.0,2000000.0,-1094000000.0,-1094000000.0,-1094000000.0,62000000.0,0.0,-0.266,1546000000.0,-910000000.0,440000000.0,0.0,-0.016,-0.047,-0.047,746000000.0,0.0,0.19,0.013,0.013,813000000.0,3015000000.0,4116000000.0,4116000000.0,198000000.0,-0.233,0.389,-0.186,-0.238,0.0,813000000.0,1.0,271856537.0,271900000,,15.138,4124000000.0,56000000.0,-39000000.0,9000000.0,15.167,1234000000.0
4,EKDKQ,MRT,2012-06-30,2012-06-30,2012-06-30,2019-05-23,-2605000000.0,4618000000.0,4862750000.0,2837000000.0,1781000000.0,0.896,-10.875,-88000000.0,1257000000.0,1257000000.0,3703000000.0,-1004000000.0,2.021,-2.561,4444000000.0,42000000.0,4402000000.0,4444000000.0,0.0,231000000.0,0.0,0.0,0.0,-916000000.0,-685000000.0,-0.157,-685000000.0,-916000000.0,-1068000000.0,-3.71,-3.71,-3.71,-2957000000.0,-2416250000.0,-2957000000.0,3017807148.0,-3.0,-4.406,-391000000.0,-1.438,1.0,656000000.0,0.15,276000000.0,152000000.0,6125000000.0,4588250000.0,632000000.0,0.0,0.0,0.0,7573000000.0,1404000000.0,6169000000.0,59807148.0,300000000.0,18000000.0,0.0,648000000.0,0.0,608000000.0,3000000.0,-2000000.0,-303000000.0,-8000000.0,-1004000000.0,-1004000000.0,-1004000000.0,66000000.0,0.0,-0.23,1484000000.0,-828000000.0,423000000.0,0.0,-0.02,-0.06,-0.059,786000000.0,0.0,0.22,0.014,0.014,824000000.0,3346000000.0,4359000000.0,4359000000.0,213000000.0,-0.206,0.416,-0.2,-0.21,0.0,876000000.0,1.0,271850671.0,271900000,,16.032,4342000000.0,58000000.0,-64000000.0,5000000.0,15.969,1433000000.0
5,EKDKQ,MRT,2012-03-31,2012-03-31,2012-03-31,2019-05-23,-2650000000.0,5053000000.0,5041750000.0,3153000000.0,1900000000.0,1.02,-9.978,-115000000.0,1361000000.0,1361000000.0,4379000000.0,-884000000.0,1.954,-2.867,4319000000.0,42000000.0,4277000000.0,4319000000.0,0.0,263000000.0,0.0,0.0,0.0,-801000000.0,-538000000.0,-0.105,-538000000.0,-801000000.0,-955000000.0,-3.28,-3.28,-3.28,-2705000000.0,-2032250000.0,-2705000000.0,740853009.0,-1.0,-1.377,-656000000.0,-2.42,1.0,766000000.0,0.149,278000000.0,154000000.0,6119000000.0,3888250000.0,676000000.0,0.0,0.0,0.0,7756000000.0,1614000000.0,6142000000.0,86853009.0,61000000.0,15000000.0,0.0,663000000.0,0.0,630000000.0,-35000000.0,-1000000.0,-541000000.0,7000000.0,-884000000.0,-884000000.0,-884000000.0,64000000.0,0.0,-0.172,1504000000.0,-738000000.0,484000000.0,0.0,-0.032,-0.098,-0.098,844000000.0,0.0,0.32,0.017,0.017,968000000.0,3645000000.0,5145000000.0,5145000000.0,239000000.0,-0.175,0.435,-0.206,-0.156,0.0,1007000000.0,1.0,271415654.0,271100000,,18.978,4775000000.0,66000000.0,-71000000.0,45000000.0,17.613,1539000000.0
6,EKDKQ,MRT,2011-12-31,2011-12-31,2011-12-31,2019-05-23,-2666000000.0,4678000000.0,5249000000.0,2727000000.0,1951000000.0,0.981,-8.713,-128000000.0,861000000.0,861000000.0,4350000000.0,-764000000.0,1.268,-2.988,1515000000.0,152000000.0,1363000000.0,1515000000.0,0.0,273000000.0,0.0,0.0,0.0,-601000000.0,-328000000.0,-0.064,-328000000.0,-601000000.0,-756000000.0,-2.84,-2.84,-2.84,-2352000000.0,-1675000000.0,-2352000000.0,879470614.0,-1.0,-2.681,-1126000000.0,-4.171,1.0,798000000.0,0.155,277000000.0,155000000.0,2905000000.0,3182250000.0,607000000.0,0.0,0.0,0.0,7028000000.0,2150000000.0,4878000000.0,175470614.0,-763000000.0,60000000.0,0.0,246000000.0,0.0,246000000.0,-25000000.0,-1000000.0,-998000000.0,14000000.0,-764000000.0,-764000000.0,-764000000.0,57000000.0,0.0,-0.148,1338000000.0,-540000000.0,706000000.0,0.0,-0.075,-0.23,-0.229,895000000.0,0.0,0.65,0.034,0.034,1103000000.0,4071000000.0,5148000000.0,5148000000.0,235000000.0,-0.146,0.456,-0.189,-0.117,0.0,1050000000.0,1.0,269954791.0,269954791,,19.07,4401000000.0,81000000.0,8000000.0,40000000.0,16.303,577000000.0
7,EKDKQ,MRT,2011-09-30,2011-09-30,2011-09-30,2019-05-23,-2079000000.0,5102000000.0,5636000000.0,2950000000.0,2152000000.0,0.858,-6.14,-150000000.0,862000000.0,862000000.0,4067000000.0,-1242000000.0,1.273,-4.089,1566000000.0,210000000.0,1356000000.0,1566000000.0,0.0,279000000.0,0.0,0.0,0.0,-1248000000.0,-969000000.0,-0.2,-969000000.0,-1248000000.0,-1396000000.0,-4.63,-4.63,-4.63,-1651000000.0,-1356250000.0,-1651000000.0,703886489.0,-1.0,-0.726,-903000000.0,-3.358,1.0,769000000.0,0.159,285000000.0,148000000.0,3204000000.0,3139250000.0,892000000.0,0.0,0.0,0.0,6751000000.0,2317000000.0,4434000000.0,209886489.0,-535000000.0,82000000.0,0.0,290000000.0,0.0,290000000.0,-88000000.0,1000000.0,-753000000.0,16000000.0,-1242000000.0,-1242000000.0,-1242000000.0,156000000.0,0.0,-0.257,1882000000.0,-1113000000.0,673000000.0,0.0,-0.127,-0.169,-0.168,948000000.0,0.0,0.78,0.043,0.043,1052000000.0,4273000000.0,4836000000.0,4836000000.0,213000000.0,-0.22,0.916,-0.398,-0.258,0.0,1008000000.0,1.0,269050749.0,268900000,,17.984,4817000000.0,59000000.0,-154000000.0,37000000.0,17.914,633000000.0
8,EKDKQ,MRT,2011-06-30,2011-06-30,2011-06-30,2019-05-23,-2065000000.0,5334000000.0,6092750000.0,3052000000.0,2282000000.0,0.875,-5.284,-147000000.0,957000000.0,957000000.0,4268000000.0,-1063000000.0,1.381,-4.752,1451000000.0,50000000.0,1401000000.0,1451000000.0,0.0,303000000.0,0.0,0.0,0.0,-1000000000.0,-697000000.0,-0.131,-697000000.0,-1000000000.0,-1145000000.0,-3.96,-3.96,-3.96,-1421000000.0,-997250000.0,-1421000000.0,1109156656.0,-1.0,-1.591,-569000000.0,-2.116,1.0,1063000000.0,0.199,293000000.0,145000000.0,3325000000.0,3213500000.0,837000000.0,0.0,0.0,0.0,6753000000.0,2210000000.0,4543000000.0,963156656.0,-356000000.0,64000000.0,0.0,130000000.0,0.0,130000000.0,-103000000.0,1000000.0,-422000000.0,39000000.0,-1063000000.0,-1063000000.0,-1063000000.0,148000000.0,0.0,-0.199,1951000000.0,-888000000.0,628000000.0,0.0,-0.678,-0.906,-0.904,997000000.0,0.0,3.58,0.181,0.181,1110000000.0,4536000000.0,5331000000.0,5331000000.0,236000000.0,-0.174,1.066,-0.311,-0.188,0.0,1062000000.0,1.0,269038172.0,268900000,,19.825,5041000000.0,65000000.0,-82000000.0,121000000.0,18.747,842000000.0
9,EKDKQ,MRT,2011-03-31,2011-03-31,2011-03-31,2019-05-23,-2092000000.0,5882000000.0,6457000000.0,3395000000.0,2487000000.0,0.836,-4.745,-147000000.0,1300000000.0,1300000000.0,4246000000.0,-1052000000.0,1.391,-5.608,1446000000.0,50000000.0,1396000000.0,1446000000.0,0.0,319000000.0,0.0,0.0,0.0,-944000000.0,-625000000.0,-0.116,-625000000.0,-944000000.0,-1092000000.0,-3.92,-3.92,-3.92,-1276000000.0,-694500000.0,-1276000000.0,489491767.0,-1.0,-0.783,-420000000.0,-1.562,1.0,1155000000.0,0.214,292000000.0,148000000.0,3295000000.0,3297250000.0,815000000.0,0.0,0.0,0.0,7156000000.0,2441000000.0,4715000000.0,868491767.0,-200000000.0,74000000.0,0.0,130000000.0,0.0,130000000.0,-74000000.0,20000000.0,-273000000.0,17000000.0,-1052000000.0,-1052000000.0,-1052000000.0,149000000.0,0.0,-0.195,1969000000.0,-814000000.0,678000000.0,0.0,-0.681,-0.826,-0.824,1026000000.0,0.0,3.23,0.161,0.161,1066000000.0,4716000000.0,5401000000.0,5401000000.0,249000000.0,-0.163,1.515,-0.286,-0.175,0.0,1086000000.0,1.0,268882900.0,268900000,,20.086,5590000000.0,126000000.0,-40000000.0,314000000.0,20.788,954000000.0
10,EKDKQ,MRT,2010-12-31,2010-12-31,2010-12-31,2019-05-23,-2135000000.0,6226000000.0,6781000000.0,3786000000.0,2440000000.0,0.884,-4.006,-149000000.0,1624000000.0,1624000000.0,4170000000.0,-687000000.0,1.343,-6.779,1245000000.0,50000000.0,1195000000.0,1245000000.0,0.0,345000000.0,0.0,0.0,0.0,-429000000.0,-84000000.0,-0.014,-84000000.0,-429000000.0,-577000000.0,-2.56,-2.56,-2.56,-1077000000.0,-389250000.0,-1077000000.0,1294178560.0,-3.0,-15.407,-368000000.0,-1.369,1.0,1823000000.0,0.304,294000000.0,148000000.0,2733000000.0,3402750000.0,746000000.0,0.0,0.0,0.0,7301000000.0,2820000000.0,4481000000.0,1441178560.0,-400000000.0,32000000.0,0.0,-74000000.0,0.0,-74000000.0,-112000000.0,4000000.0,-219000000.0,5000000.0,-687000000.0,-687000000.0,-687000000.0,152000000.0,0.0,-0.115,2021000000.0,-198000000.0,959000000.0,0.0,-1.338,-2.098,-2.094,1037000000.0,0.0,5.36,0.24,0.24,1196000000.0,4969000000.0,5993000000.0,5993000000.0,249000000.0,-0.101,1.765,-0.126,-0.072,0.0,1084000000.0,1.0,268876597.0,268876597,,22.289,5932000000.0,120000000.0,110000000.0,343000000.0,22.062,966000000.0
11,EKDKQ,MRT,2010-09-30,2010-09-30,2010-09-30,2019-05-23,-1864000000.0,6929000000.0,7147250000.0,3771000000.0,3158000000.0,1.093,-0.801,-143000000.0,1397000000.0,1397000000.0,5362000000.0,352000000.0,1.595,-33.219,1250000000.0,61000000.0,1189000000.0,1250000000.0,0.0,388000000.0,0.0,0.0,0.0,791000000.0,1179000000.0,0.151,1179000000.0,791000000.0,630000000.0,1.31,1.27,1.31,-215000000.0,-128750000.0,-215000000.0,1110342230.0,1.0,0.942,175000000.0,0.652,1.0,2448000000.0,0.313,916000000.0,161000000.0,3501000000.0,3483250000.0,849000000.0,0.0,0.0,0.0,7142000000.0,2365000000.0,4777000000.0,1128342230.0,250000000.0,126000000.0,0.0,-656000000.0,0.0,-626000000.0,555000000.0,9000000.0,318000000.0,3000000.0,351000000.0,351000000.0,351000000.0,-13000000.0,1000000.0,0.045,1593000000.0,855000000.0,726000000.0,0.0,-5.248,3.215,3.206,1069000000.0,0.0,4.2,0.144,0.144,1314000000.0,5565000000.0,7810000000.0,7810000000.0,322000000.0,0.049,-2.726,0.227,0.101,0.0,1278000000.0,1.0,268652912.0,268500000,,29.088,6013000000.0,0.0,279000000.0,0.0,22.395,1406000000.0
12,EKDKQ,MRT,2010-06-30,2010-06-30,2010-06-30,2019-05-23,-1897000000.0,6791000000.0,7285750000.0,3638000000.0,3153000000.0,1.075,-0.782,-150000000.0,1313000000.0,1313000000.0,5500000000.0,284000000.0,1.642,-33.329,1295000000.0,61000000.0,1234000000.0,1295000000.0,0.0,401000000.0,0.0,0.0,0.0,653000000.0,1054000000.0,0.135,1054000000.0,653000000.0,503000000.0,1.06,1.02,1.06,-210000000.0,-238500000.0,-210000000.0,956018790.0,1.0,0.907,12000000.0,0.045,1.0,2335000000.0,0.298,898000000.0,150000000.0,3660000000.0,3458500000.0,751000000.0,0.0,0.0,0.0,6999000000.0,2215000000.0,4784000000.0,1166018790.0,181000000.0,150000000.0,0.0,35000000.0,0.0,35000000.0,-4000000.0,8000000.0,162000000.0,-12000000.0,283000000.0,283000000.0,283000000.0,-13000000.0,1000000.0,0.036,1619000000.0,716000000.0,656000000.0,0.0,-5.552,4.12,4.094,1096000000.0,0.0,4.34,0.149,0.149,1375000000.0,5620000000.0,7835000000.0,7835000000.0,321000000.0,0.039,-1.187,0.189,0.083,0.0,1283000000.0,1.0,268667924.0,268500000,,29.181,5893000000.0,0.0,220000000.0,52000000.0,21.948,1423000000.0
13,EKDKQ,MRT,2010-03-31,2010-03-31,2010-03-31,2019-05-23,-1905000000.0,7178000000.0,7364500000.0,3936000000.0,3242000000.0,1.093,-0.205,-151000000.0,1500000000.0,1500000000.0,5688000000.0,263000000.0,1.676,-131.473,1290000000.0,61000000.0,1229000000.0,1290000000.0,0.0,415000000.0,0.0,0.0,0.0,651000000.0,1066000000.0,0.132,1066000000.0,651000000.0,519000000.0,0.99,0.95,0.99,-55000000.0,-214000000.0,-55000000.0,722448002.0,1.0,0.678,23000000.0,0.086,1.0,2358000000.0,0.293,903000000.0,132000000.0,3717000000.0,3515000000.0,756000000.0,0.0,0.0,0.0,7231000000.0,2348000000.0,4883000000.0,1555448002.0,191000000.0,140000000.0,0.0,33000000.0,0.0,33000000.0,-35000000.0,-12000000.0,174000000.0,19000000.0,262000000.0,262000000.0,262000000.0,-10000000.0,1000000.0,0.033,1661000000.0,697000000.0,626000000.0,0.0,-28.281,5.937,5.848,1166000000.0,0.0,5.79,0.193,0.193,1465000000.0,5788000000.0,8046000000.0,8046000000.0,324000000.0,0.036,-1.224,0.185,0.081,0.0,1294000000.0,1.0,268643869.0,268300000,,29.989,6275000000.0,0.0,257000000.0,99000000.0,23.388,1588000000.0
14,EKDKQ,MRT,2009-12-31,2009-12-31,2009-12-31,2019-05-23,-1760000000.0,7691000000.0,7552250000.0,4303000000.0,3388000000.0,1.008,-0.131,-152000000.0,2024000000.0,2024000000.0,5850000000.0,-209000000.0,1.486,-220.686,1191000000.0,62000000.0,1129000000.0,1191000000.0,0.0,427000000.0,0.0,0.0,0.0,24000000.0,451000000.0,0.059,451000000.0,24000000.0,-95000000.0,-0.78,-0.78,-0.78,-35000000.0,-40500000.0,-35000000.0,1157758681.0,48.0,2.567,-288000000.0,-1.074,1.0,1759000000.0,0.231,907000000.0,119000000.0,3055000000.0,3686500000.0,679000000.0,0.0,0.0,0.0,7724000000.0,2896000000.0,4828000000.0,1131758681.0,-121000000.0,139000000.0,0.0,33000000.0,0.0,33000000.0,-22000000.0,3000000.0,-136000000.0,4000000.0,-210000000.0,-210000000.0,-210000000.0,-17000000.0,1000000.0,-0.028,1787000000.0,-28000000.0,919000000.0,0.0,-32.336,-5.389,-5.41,1254000000.0,0.0,4.22,0.149,0.149,1395000000.0,5676000000.0,7609000000.0,7609000000.0,351000000.0,-0.028,5.185,0.007,0.003,0.0,1298000000.0,1.0,268189261.0,268189261,,28.372,6784000000.0,121000000.0,115000000.0,23000000.0,25.296,1407000000.0
15,EKDKQ,MRT,2009-09-30,2009-09-30,2009-09-30,2019-05-23,-1905000000.0,7483000000.0,7924250000.0,4134000000.0,3349000000.0,0.941,-2.438,-172000000.0,1722000000.0,1722000000.0,6079000000.0,-1571000000.0,1.292,-12.437,1748000000.0,626000000.0,1122000000.0,1748000000.0,0.0,448000000.0,0.0,0.052,0.25,-1411000000.0,-963000000.0,-0.129,-963000000.0,-1411000000.0,-1514000000.0,-5.66,-5.66,-5.66,-654000000.0,214500000.0,-654000000.0,1461003868.0,-1.0,-1.517,-614000000.0,-2.289,1.0,1378000000.0,0.185,908000000.0,103000000.0,3402000000.0,3923500000.0,898000000.0,0.0,0.0,0.0,8134000000.0,3199000000.0,4935000000.0,1282003868.0,-695000000.0,59000000.0,-82000000.0,622000000.0,-67000000.0,443000000.0,-680000000.0,8000000.0,-442000000.0,-16000000.0,-1571000000.0,-1571000000.0,-1571000000.0,1000000.0,0.0,-0.211,2819000000.0,-1441000000.0,2484000000.0,-0.044,-1.96,-0.816,-0.845,1341000000.0,0.0,4.78,0.172,0.172,1334000000.0,5222000000.0,7457000000.0,7457000000.0,384000000.0,-0.198,-7.324,-0.36,-0.189,0.0,1363000000.0,1.0,268201646.0,268200000,,27.804,6575000000.0,0.0,57000000.0,89000000.0,24.515,935000000.0
16,EKDKQ,MRT,2009-06-30,2009-06-30,2009-06-30,2019-05-23,-1291000000.0,7106000000.0,9031750000.0,3599000000.0,3507000000.0,0.895,-0.418,-191000000.0,1132000000.0,1132000000.0,6402000000.0,-1364000000.0,1.441,-64.42,1311000000.0,52000000.0,1259000000.0,1311000000.0,0.0,467000000.0,0.0,0.084,0.25,-1189000000.0,-722000000.0,-0.089,-722000000.0,-1189000000.0,-1291000000.0,-4.91,-4.92,-4.91,-112000000.0,1472250000.0,-112000000.0,790846926.0,-1.0,-1.095,-663000000.0,-2.472,1.0,1679000000.0,0.208,901000000.0,102000000.0,3886000000.0,4664250000.0,918000000.0,0.0,0.0,0.0,7215000000.0,2498000000.0,4717000000.0,793846926.0,-1176000000.0,38000000.0,-301000000.0,-76000000.0,-139000000.0,-516000000.0,-139000000.0,14000000.0,-472000000.0,-49000000.0,-1364000000.0,-1364000000.0,-1364000000.0,6000000.0,0.0,-0.169,2892000000.0,-1213000000.0,2318000000.0,-0.051,-7.088,-0.582,-0.603,1407000000.0,0.0,2.96,0.098,0.098,1333000000.0,5335000000.0,8081000000.0,8081000000.0,398000000.0,-0.151,-0.926,-0.255,-0.147,0.0,1414000000.0,1.0,268191529.0,268200000,,30.13,6205000000.0,0.0,73000000.0,128000000.0,23.136,1101000000.0
17,EKDKQ,MRT,2009-03-31,2009-03-31,2009-03-31,2019-05-23,-725000000.0,7929000000.0,10513250000.0,3855000000.0,4074000000.0,0.837,2.383,-228000000.0,1309000000.0,1309000000.0,6861000000.0,-680000000.0,1.462,11.404,1306000000.0,51000000.0,1255000000.0,1306000000.0,0.0,487000000.0,0.0,0.132,0.5,-778000000.0,-291000000.0,-0.033,-291000000.0,-778000000.0,-883000000.0,-2.49,-2.6,-2.49,639000000.0,2381000000.0,639000000.0,177146635.0,0.0,-0.609,-73000000.0,-0.272,1.0,1939000000.0,0.22,886000000.0,105000000.0,4403000000.0,5421500000.0,1038000000.0,0.0,0.0,0.0,7287000000.0,2637000000.0,4650000000.0,1019146635.0,-894000000.0,1000000.0,-301000000.0,-330000000.0,-139000000.0,-770000000.0,-213000000.0,14000000.0,155000000.0,-66000000.0,-680000000.0,-680000000.0,-680000000.0,-293000000.0,0.0,-0.077,3015000000.0,-1076000000.0,2478000000.0,-0.201,1.595,-1.499,-1.526,1458000000.0,0.0,3.8,0.116,0.116,1289000000.0,5525000000.0,8800000000.0,8800000000.0,449000000.0,-0.065,-0.286,-0.144,-0.088,0.0,1528000000.0,1.0,268196483.0,268200000,,32.811,7043000000.0,0.0,-203000000.0,108000000.0,26.26,1218000000.0
18,EKDKQ,MRT,2008-12-31,2008-12-31,2008-12-31,2019-05-23,-749000000.0,9179000000.0,11747000000.0,5004000000.0,4175000000.0,0.802,3.669,-254000000.0,2145000000.0,2145000000.0,7247000000.0,-442000000.0,1.455,8.316,1303000000.0,51000000.0,1252000000.0,1303000000.0,0.0,500000000.0,0.0,0.076,0.5,-481000000.0,19000000.0,0.002,19000000.0,-481000000.0,-589000000.0,-1.57,-1.57,-1.57,985000000.0,2996250000.0,985000000.0,1227469004.0,-3.0,64.604,-86000000.0,-0.32,1.0,2169000000.0,0.23,896000000.0,108000000.0,4003000000.0,6047750000.0,948000000.0,0.0,0.0,0.0,8191000000.0,3438000000.0,4753000000.0,1766469004.0,-802000000.0,54000000.0,-301000000.0,-306000000.0,-139000000.0,-746000000.0,-188000000.0,12000000.0,168000000.0,-36000000.0,-442000000.0,-442000000.0,-442000000.0,-285000000.0,0.0,-0.047,2990000000.0,-821000000.0,3267000000.0,-0.318,1.793,-3.997,-4.191,1551000000.0,0.0,6.58,0.188,0.188,1716000000.0,5903000000.0,9416000000.0,9416000000.0,478000000.0,-0.038,-0.148,-0.08,-0.051,0.0,1606000000.0,1.0,268460335.0,268460335,,35.074,8283000000.0,0.0,-147000000.0,120000000.0,30.854,1566000000.0
19,EKDKQ,MRT,2008-09-30,2008-09-30,2008-09-30,2019-05-23,1604000000.0,11913000000.0,12867000000.0,4983000000.0,6930000000.0,0.793,15.461,-258000000.0,1842000000.0,1842000000.0,7736000000.0,693000000.0,1.506,1.722,1303000000.0,54000000.0,1249000000.0,1303000000.0,0.0,556000000.0,0.0,0.033,0.5,672000000.0,1228000000.0,0.12,1228000000.0,672000000.0,563000000.0,2.41,2.3,2.41,4377000000.0,3507250000.0,4377000000.0,3479415000.0,5.0,2.833,446000000.0,1.575,1.0,2467000000.0,0.242,1700000000.0,109000000.0,6365000000.0,6598500000.0,1136000000.0,0.0,0.0,0.0,7536000000.0,3309000000.0,4227000000.0,4432415000.0,-5000000.0,106000000.0,-219000000.0,-354000000.0,-144000000.0,-672000000.0,-33000000.0,5000000.0,704000000.0,-4000000.0,691000000.0,691000000.0,691000000.0,-416000000.0,2000000.0,0.068,2253000000.0,214000000.0,3006000000.0,0.207,1.013,6.414,6.382,1629000000.0,0.0,15.38,0.434,0.427,1833000000.0,6865000000.0,10203000000.0,10203000000.0,486000000.0,0.054,0.197,0.102,0.066,0.0,1741000000.0,1.0,288193433.0,283100000,,36.04,10213000000.0,0.0,-128000000.0,249000000.0,36.076,1674000000.0
20,EKDKQ,MRT,2008-06-30,2008-06-30,2008-06-30,2019-05-23,627000000.0,13032000000.0,13121500000.0,5509000000.0,7523000000.0,0.787,12.224,-257000000.0,2308000000.0,2308000000.0,7849000000.0,634000000.0,1.602,2.699,1355000000.0,59000000.0,1296000000.0,1355000000.0,0.0,591000000.0,0.0,0.035,0.5,580000000.0,1171000000.0,0.113,1171000000.0,580000000.0,469000000.0,2.2,2.1,2.2,3523000000.0,3077500000.0,3523000000.0,3561923893.0,6.0,3.042,494000000.0,1.714,1.0,2482000000.0,0.24,1726000000.0,111000000.0,6915000000.0,6770750000.0,1087000000.0,0.0,0.0,0.0,9509000000.0,3438000000.0,6071000000.0,4158923893.0,383000000.0,133000000.0,0.0,-295000000.0,-144000000.0,-394000000.0,-10000000.0,0.0,751000000.0,36000000.0,632000000.0,632000000.0,632000000.0,-426000000.0,2000000.0,0.061,2400000000.0,82000000.0,3137000000.0,0.227,1.181,6.581,6.559,1712000000.0,0.0,14.43,0.403,0.403,1892000000.0,6772000000.0,10331000000.0,10331000000.0,523000000.0,0.048,0.205,0.086,0.056,0.0,1796000000.0,1.0,288213714.0,288200000,,35.847,11306000000.0,0.0,-163000000.0,242000000.0,39.23,2071000000.0
21,EKDKQ,MRT,2008-03-31,2008-03-31,2008-03-31,2019-05-23,632000000.0,12864000000.0,13132000000.0,5349000000.0,7515000000.0,0.785,10.76,-245000000.0,2203000000.0,2203000000.0,7774000000.0,714000000.0,1.458,3.15,1606000000.0,314000000.0,1292000000.0,1606000000.0,0.0,663000000.0,0.0,0.028,0.5,835000000.0,1498000000.0,0.145,1498000000.0,835000000.0,719000000.0,2.48,2.48,2.48,3100000000.0,2815500000.0,3100000000.0,3741537399.0,4.0,2.498,-331000000.0,-1.149,1.0,2540000000.0,0.246,1691000000.0,116000000.0,6908000000.0,6819750000.0,1133000000.0,0.0,0.0,0.0,9764000000.0,3668000000.0,6096000000.0,5091537399.0,1177000000.0,272000000.0,0.0,-1170000000.0,-144000000.0,-1264000000.0,2482000000.0,-5000000.0,-86000000.0,45000000.0,712000000.0,712000000.0,712000000.0,-860000000.0,2000000.0,0.069,2665000000.0,-125000000.0,3031000000.0,0.202,1.642,7.151,7.125,1755000000.0,0.0,17.67,0.494,0.494,1760000000.0,6348000000.0,10314000000.0,10314000000.0,524000000.0,0.054,0.253,0.122,0.081,0.0,1793000000.0,1.0,288145863.0,288100000,,35.8,11173000000.0,124000000.0,7000000.0,323000000.0,38.782,1681000000.0
22,EKDKQ,MRT,2007-12-31,2007-12-31,2007-12-31,2019-05-23,452000000.0,13659000000.0,13341250000.0,6053000000.0,7606000000.0,0.772,10.518,-259000000.0,2947000000.0,2947000000.0,7757000000.0,678000000.0,1.361,3.509,1597000000.0,308000000.0,1289000000.0,1597000000.0,0.0,785000000.0,0.0,0.023,0.5,738000000.0,1523000000.0,0.148,1523000000.0,738000000.0,625000000.0,2.35,2.35,2.35,3029000000.0,2438000000.0,3029000000.0,6077046164.0,8.0,3.99,69000000.0,0.24,1.0,2544000000.0,0.247,1657000000.0,113000000.0,6206000000.0,7546750000.0,943000000.0,0.0,0.0,0.0,10630000000.0,4446000000.0,6184000000.0,6298046164.0,1478000000.0,225000000.0,0.0,-1200000000.0,-144000000.0,-1294000000.0,2408000000.0,-7000000.0,328000000.0,36000000.0,676000000.0,676000000.0,676000000.0,-884000000.0,2000000.0,0.066,2774000000.0,-230000000.0,3794000000.0,0.213,2.079,9.317,9.306,1811000000.0,0.0,21.87,0.611,0.611,1939000000.0,6474000000.0,10301000000.0,10301000000.0,525000000.0,0.051,0.277,0.098,0.072,0.0,1802000000.0,1.0,287976505.0,287976505,,35.77,12002000000.0,0.0,-51000000.0,344000000.0,41.677,1607000000.0
23,EKDKQ,MRT,2007-09-30,2007-09-30,2007-09-30,2019-05-23,229000000.0,12931000000.0,13506500000.0,5444000000.0,7487000000.0,0.746,9.236,-261000000.0,1847000000.0,1847000000.0,7574000000.0,477000000.0,1.354,3.865,1626000000.0,330000000.0,1296000000.0,1626000000.0,0.0,894000000.0,0.0,0.019,0.5,652000000.0,1546000000.0,0.153,1546000000.0,652000000.0,531000000.0,1.66,1.66,1.66,2658000000.0,2027750000.0,2658000000.0,7403919348.0,11.0,4.789,43000000.0,0.149,1.0,2500000000.0,0.248,1636000000.0,121000000.0,7054000000.0,8368000000.0,1230000000.0,0.0,0.0,0.0,10273000000.0,4020000000.0,6253000000.0,7704919348.0,745000000.0,201000000.0,0.0,-1704000000.0,-144000000.0,-1843000000.0,2249000000.0,-11000000.0,304000000.0,35000000.0,477000000.0,477000000.0,477000000.0,-794000000.0,0.0,0.047,2739000000.0,-239000000.0,3387000000.0,0.301,2.899,16.153,16.12,1906000000.0,0.0,26.76,0.765,0.764,2130000000.0,6333000000.0,10074000000.0,10074000000.0,567000000.0,0.035,0.235,0.078,0.065,0.0,1733000000.0,1.0,287926732.0,287800000,,35.003,11295000000.0,114000000.0,54000000.0,303000000.0,39.246,1424000000.0
24,EKDKQ,MRT,2007-06-30,2007-06-30,2007-06-30,2019-05-23,88000000.0,13074000000.0,13788750000.0,5365000000.0,7709000000.0,0.735,8.606,-299000000.0,1925000000.0,1925000000.0,7662000000.0,403000000.0,1.328,4.282,1624000000.0,292000000.0,1332000000.0,1624000000.0,0.0,1004000000.0,0.0,0.018,0.5,638000000.0,1642000000.0,0.162,1642000000.0,638000000.0,494000000.0,1.4,1.4,1.4,2475000000.0,1816750000.0,2475000000.0,9734431096.0,15.0,5.928,333000000.0,1.158,1.0,2474000000.0,0.244,1621000000.0,144000000.0,7111000000.0,9006750000.0,1188000000.0,0.0,0.0,0.0,10599000000.0,4041000000.0,6558000000.0,8006431096.0,870000000.0,246000000.0,0.0,-1901000000.0,-144000000.0,-2040000000.0,2254000000.0,-7000000.0,632000000.0,24000000.0,403000000.0,403000000.0,403000000.0,-835000000.0,0.0,0.04,2739000000.0,-265000000.0,3355000000.0,0.357,3.235,19.867,19.879,1993000000.0,0.0,27.83,0.79,0.79,2021000000.0,6305000000.0,10136000000.0,10136000000.0,573000000.0,0.029,0.222,0.071,0.063,0.0,1773000000.0,1.0,287690661.0,287600000,,35.243,11453000000.0,109000000.0,91000000.0,394000000.0,39.823,1324000000.0
25,EKDKQ,MRT,2007-03-31,2007-03-31,2007-03-31,2019-05-23,-284000000.0,13701000000.0,14083000000.0,4987000000.0,8714000000.0,0.735,5.534,-323000000.0,1026000000.0,1026000000.0,7951000000.0,-454000000.0,1.239,7.617,2754000000.0,44000000.0,2710000000.0,2754000000.0,0.0,1107000000.0,0.0,0.022,0.5,-103000000.0,1004000000.0,0.097,1004000000.0,-103000000.0,-259000000.0,-1.58,-1.58,-1.58,1590000000.0,1666750000.0,1590000000.0,7795310268.0,-76.0,7.764,760000000.0,2.645,1.0,2405000000.0,0.232,1589000000.0,156000000.0,9816000000.0,9690250000.0,1157000000.0,0.0,0.0,0.0,12111000000.0,4024000000.0,8087000000.0,6486310268.0,-51000000.0,166000000.0,0.0,-803000000.0,-144000000.0,-947000000.0,-203000000.0,-6000000.0,1083000000.0,16000000.0,-454000000.0,-454000000.0,-454000000.0,-179000000.0,0.0,-0.044,2738000000.0,-333000000.0,3263000000.0,-0.316,4.079,-14.287,-14.278,2404000000.0,0.0,22.56,0.626,0.626,1801000000.0,5810000000.0,10356000000.0,10356000000.0,589000000.0,-0.032,-0.272,-0.011,-0.01,0.0,1856000000.0,1.0,287513753.0,287300000,,36.046,12112000000.0,121000000.0,195000000.0,307000000.0,42.158,963000000.0
26,EKDKQ,MRT,2006-12-31,2006-12-31,2006-12-31,2019-05-23,-635000000.0,14320000000.0,14270750000.0,5557000000.0,8763000000.0,0.741,4.831,-335000000.0,1469000000.0,1469000000.0,8122000000.0,-601000000.0,1.22,9.317,2778000000.0,64000000.0,2714000000.0,2778000000.0,0.0,1195000000.0,0.0,0.019,0.5,-208000000.0,987000000.0,0.093,987000000.0,-208000000.0,-380000000.0,-2.09,-2.09,-2.09,1388000000.0,1810750000.0,1388000000.0,9649200190.0,-46.0,9.776,621000000.0,2.162,1.0,2446000000.0,0.231,1584000000.0,172000000.0,9491000000.0,9662250000.0,1001000000.0,0.0,0.0,0.0,12932000000.0,4554000000.0,8378000000.0,7412200190.0,-196000000.0,156000000.0,0.0,-803000000.0,-144000000.0,-947000000.0,-225000000.0,-2000000.0,956000000.0,20000000.0,-601000000.0,-601000000.0,-601000000.0,-203000000.0,0.0,-0.057,2922000000.0,-476000000.0,3712000000.0,-0.239,5.34,-12.333,-12.344,2602000000.0,0.0,25.8,0.701,0.701,2072000000.0,5967000000.0,10568000000.0,10568000000.0,596000000.0,-0.042,-0.332,-0.022,-0.02,0.0,1969000000.0,1.0,287294581.0,287294581,,36.785,12736000000.0,108000000.0,221000000.0,347000000.0,44.331,1003000000.0
27,EKDKQ,MRT,2006-09-30,2006-09-30,2006-09-30,2019-05-23,-260000000.0,14060000000.0,14499750000.0,5368000000.0,8692000000.0,0.614,6.316,-353000000.0,1102000000.0,1102000000.0,7324000000.0,-663000000.0,1.193,6.751,3339000000.0,92000000.0,3247000000.0,3339000000.0,0.0,1264000000.0,0.0,0.022,0.5,-586000000.0,678000000.0,0.076,678000000.0,-586000000.0,-716000000.0,-2.31,-2.31,-2.31,1814000000.0,2034250000.0,1814000000.0,8910477773.0,-15.0,13.142,843000000.0,2.935,1.0,1575000000.0,0.177,2187000000.0,130000000.0,9609000000.0,9670500000.0,1478000000.0,0.0,0.0,0.0,12246000000.0,4501000000.0,7745000000.0,6434477773.0,492000000.0,141000000.0,0.0,-281000000.0,-144000000.0,-425000000.0,-283000000.0,-2000000.0,1196000000.0,4000000.0,-663000000.0,-663000000.0,-663000000.0,-616000000.0,0.0,-0.075,2779000000.0,-1204000000.0,3740000000.0,-0.216,3.547,-9.705,-9.697,3018000000.0,0.0,22.4,0.723,0.723,2541000000.0,6022000000.0,8899000000.0,8899000000.0,497000000.0,-0.046,-0.326,-0.061,-0.066,0.0,1828000000.0,1.0,287253472.0,287200000,,30.985,11873000000.0,114000000.0,-53000000.0,669000000.0,41.341,867000000.0
28,EKDKQ,MRT,2006-06-30,2006-06-30,2006-06-30,2019-05-23,-234000000.0,14251000000.0,14579250000.0,5317000000.0,8934000000.0,0.676,6.526,-383000000.0,1055000000.0,1055000000.0,8011000000.0,-1540000000.0,1.129,6.601,3531000000.0,284000000.0,3247000000.0,3531000000.0,0.0,1387000000.0,0.0,0.021,0.5,-761000000.0,626000000.0,0.064,626000000.0,-761000000.0,-897000000.0,-5.36,-5.36,-5.36,1875000000.0,2163750000.0,1875000000.0,9318551909.0,-12.0,14.886,854000000.0,2.973,1.0,1846000000.0,0.187,2174000000.0,136000000.0,9845000000.0,9695750000.0,1439000000.0,0.0,0.0,0.0,12376000000.0,4708000000.0,7668000000.0,6830551909.0,502000000.0,106000000.0,0.0,-246000000.0,-144000000.0,-390000000.0,-345000000.0,-5000000.0,1237000000.0,0.0,-1540000000.0,-1540000000.0,-1540000000.0,-571000000.0,0.0,-0.156,3162000000.0,-1316000000.0,3655000000.0,-0.093,3.643,-4.435,-4.437,3250000000.0,0.0,23.78,0.693,0.693,2580000000.0,6062000000.0,9857000000.0,9857000000.0,571000000.0,-0.106,-0.712,-0.078,-0.077,0.0,2034000000.0,1.0,287239357.0,287300000,,34.309,12077000000.0,111000000.0,643000000.0,769000000.0,42.036,609000000.0
29,EKDKQ,MRT,2006-03-31,2006-03-31,2006-03-31,2019-05-23,-292000000.0,14452000000.0,14913000000.0,5554000000.0,8898000000.0,0.728,7.542,-411000000.0,1077000000.0,1077000000.0,8546000000.0,-1413000000.0,1.099,5.672,3565000000.0,815000000.0,2750000000.0,3565000000.0,0.0,1360000000.0,0.0,0.018,0.5,-757000000.0,603000000.0,0.056,603000000.0,-757000000.0,-899000000.0,-4.92,-4.92,-4.92,2166000000.0,2507250000.0,2166000000.0,10086360017.0,-13.0,16.727,539000000.0,1.877,1.0,2309000000.0,0.213,2184000000.0,142000000.0,9704000000.0,10037750000.0,1672000000.0,0.0,0.0,0.0,12286000000.0,5052000000.0,7234000000.0,8168360017.0,46000000.0,-839000000.0,0.0,558000000.0,-144000000.0,415000000.0,-1310000000.0,-5000000.0,950000000.0,-9000000.0,-1413000000.0,-1413000000.0,-1413000000.0,-498000000.0,0.0,-0.13,3505000000.0,-1196000000.0,3656000000.0,-0.102,3.771,-5.781,-5.78,3497000000.0,0.0,28.44,0.752,0.752,2482000000.0,6417000000.0,10855000000.0,10855000000.0,691000000.0,-0.095,-0.564,-0.075,-0.07,0.0,2166000000.0,1.0,287213784.0,287200000,,37.796,12268000000.0,196000000.0,514000000.0,581000000.0,42.716,502000000.0
30,EKDKQ,MRT,2005-12-31,2005-12-31,2005-12-31,2019-05-23,-467000000.0,15236000000.0,14834250000.0,6096000000.0,9140000000.0,0.768,7.946,-432000000.0,1665000000.0,1665000000.0,8864000000.0,-1261000000.0,1.111,5.677,3583000000.0,819000000.0,2764000000.0,3583000000.0,0.0,1291000000.0,0.0,0.021,0.5,-673000000.0,618000000.0,0.054,618000000.0,-673000000.0,-812000000.0,-4.38,-4.38,-4.38,2282000000.0,2880750000.0,2282000000.0,9673495514.0,-14.0,15.653,776000000.0,2.702,1.0,2531000000.0,0.222,2141000000.0,139000000.0,9524000000.0,9948750000.0,1455000000.0,0.0,0.0,0.0,12954000000.0,5489000000.0,7465000000.0,6720495514.0,410000000.0,-820000000.0,0.0,665000000.0,-144000000.0,533000000.0,-1304000000.0,-12000000.0,1208000000.0,-27000000.0,-1261000000.0,-1261000000.0,-1261000000.0,-451000000.0,0.0,-0.111,3604000000.0,-1073000000.0,4187000000.0,-0.114,2.945,-5.329,-5.342,3778000000.0,0.0,23.4,0.59,0.59,2760000000.0,6717000000.0,11395000000.0,11395000000.0,739000000.0,-0.085,-0.438,-0.068,-0.059,0.0,2240000000.0,1.0,287200663.0,287200663,,39.676,13095000000.0,100000000.0,449000000.0,483000000.0,45.595,607000000.0
31,EKDKQ,MRT,2005-09-30,2005-09-30,2005-09-30,2019-05-23,-213000000.0,14378000000.0,14709500000.0,5425000000.0,8953000000.0,0.94,8.12,-509000000.0,610000000.0,610000000.0,10249000000.0,-1286000000.0,0.987,5.166,3563000000.0,1004000000.0,2559000000.0,3563000000.0,0.0,1254000000.0,0.0,0.021,0.5,-595000000.0,659000000.0,0.048,659000000.0,-595000000.0,-777000000.0,-4.48,-4.38,-4.48,2332000000.0,3265250000.0,2332000000.0,10155604782.0,-17.0,15.411,133000000.0,0.463,1.0,3581000000.0,0.259,2125000000.0,182000000.0,9710000000.0,9909500000.0,1657000000.0,0.0,0.0,0.0,12046000000.0,5496000000.0,6550000000.0,6987604782.0,-503000000.0,-900000000.0,0.0,354000000.0,-143000000.0,228000000.0,-670000000.0,0.0,642000000.0,5000000.0,-1286000000.0,-1286000000.0,-1286000000.0,-1000000.0,0.0,-0.093,4297000000.0,-716000000.0,3932000000.0,-0.112,2.996,-5.434,-5.431,4137000000.0,0.0,24.33,0.505,0.505,2867000000.0,6516000000.0,13830000000.0,13830000000.0,887000000.0,-0.087,-0.394,-0.06,-0.043,0.0,2599000000.0,1.0,287201183.0,287200000,,48.155,12253000000.0,122000000.0,509000000.0,560000000.0,42.664,-71000000.0
32,EKDKQ,MRT,2005-06-30,2005-06-30,2005-06-30,2019-05-23,-326000000.0,15586000000.0,14889750000.0,5800000000.0,9786000000.0,0.917,11.317,-488000000.0,553000000.0,553000000.0,9914000000.0,86000000.0,1.047,3.797,3721000000.0,966000000.0,2755000000.0,3721000000.0,0.0,1102000000.0,0.0,0.019,0.5,9000000.0,1111000000.0,0.081,1111000000.0,9000000.0,-159000000.0,0.3,0.4,0.3,3249000000.0,3615500000.0,3249000000.0,9086797443.0,1010.0,8.179,213000000.0,0.742,1.0,3737000000.0,0.274,2004000000.0,168000000.0,11213000000.0,9949250000.0,1523000000.0,0.0,0.0,0.0,12337000000.0,5537000000.0,6800000000.0,7708797443.0,34000000.0,-944000000.0,0.0,139000000.0,-143000000.0,13000000.0,-689000000.0,4000000.0,701000000.0,7000000.0,86000000.0,86000000.0,86000000.0,-446000000.0,0.0,0.006,4327000000.0,-590000000.0,3864000000.0,1.667,2.373,89.637,89.5,4462000000.0,0.0,26.85,0.565,0.565,2976000000.0,7555000000.0,13651000000.0,13651000000.0,894000000.0,0.006,0.024,0.001,0.001,0.0,2558000000.0,1.0,287106050.0,287100000,,47.548,13582000000.0,582000000.0,-245000000.0,707000000.0,47.308,263000000.0
33,EKDKQ,MRT,2005-03-31,2005-03-31,2005-03-31,2019-05-23,-115000000.0,14137000000.0,14677750000.0,5403000000.0,8734000000.0,0.915,12.757,-468000000.0,1031000000.0,1031000000.0,9629000000.0,377000000.0,1.147,2.863,2409000000.0,553000000.0,1856000000.0,2409000000.0,0.0,1062000000.0,0.0,0.015,0.5,347000000.0,1409000000.0,0.105,1409000000.0,347000000.0,185000000.0,1.32,1.4,1.32,3660000000.0,3613000000.0,3660000000.0,10882410434.0,31.0,7.723,508000000.0,1.771,1.0,3800000000.0,0.283,1457000000.0,162000000.0,9348000000.0,9765250000.0,1330000000.0,0.0,0.0,0.0,10477000000.0,4710000000.0,5767000000.0,9331410434.0,521000000.0,-54000000.0,0.0,-558000000.0,-143000000.0,-685000000.0,216000000.0,8000000.0,976000000.0,14000000.0,377000000.0,377000000.0,377000000.0,-463000000.0,0.0,0.028,4114000000.0,-314000000.0,3584000000.0,0.379,2.55,24.752,24.659,4276000000.0,0.0,32.55,0.695,0.695,2281000000.0,7770000000.0,13429000000.0,13429000000.0,835000000.0,0.026,0.104,0.036,0.026,0.0,2523000000.0,1.0,286679276.0,286900000,,46.807,12680000000.0,582000000.0,-192000000.0,573000000.0,44.197,693000000.0
34,EKDKQ,MRT,2004-12-31,2004-12-31,2004-12-31,2019-05-23,-90000000.0,14737000000.0,14758750000.0,5648000000.0,9089000000.0,0.916,13.325,-460000000.0,1255000000.0,1255000000.0,9601000000.0,544000000.0,1.132,2.858,2321000000.0,469000000.0,1852000000.0,2321000000.0,0.0,1030000000.0,0.0,0.016,0.5,530000000.0,1560000000.0,0.115,1560000000.0,530000000.0,362000000.0,1.9,1.9,1.9,3820000000.0,3497750000.0,3820000000.0,10796406651.0,20.0,6.921,708000000.0,2.47,1.0,3916000000.0,0.29,1446000000.0,168000000.0,9367000000.0,10086500000.0,1158000000.0,0.0,0.0,0.0,10917000000.0,4990000000.0,5927000000.0,9245406651.0,5000000.0,-376000000.0,0.0,-928000000.0,-143000000.0,-1066000000.0,-120000000.0,8000000.0,1168000000.0,23000000.0,544000000.0,544000000.0,544000000.0,-475000000.0,0.0,0.04,4022000000.0,-106000000.0,3896000000.0,0.263,2.42,16.995,16.974,4512000000.0,0.0,32.25,0.684,0.684,2544000000.0,7922000000.0,13517000000.0,13517000000.0,836000000.0,0.037,0.156,0.053,0.039,0.0,2491000000.0,1.0,286679276.0,286679276,,47.15,13291000000.0,556000000.0,-182000000.0,625000000.0,46.362,658000000.0
35,EKDKQ,MRT,2004-09-30,2004-09-30,2004-09-30,2019-05-23,-294000000.0,15099000000.0,14786000000.0,5926000000.0,9173000000.0,0.906,13.025,-434000000.0,1113000000.0,1113000000.0,9281000000.0,599000000.0,1.107,3.045,2664000000.0,711000000.0,1953000000.0,2664000000.0,0.0,934000000.0,0.0,0.016,0.5,635000000.0,1569000000.0,0.117,1569000000.0,635000000.0,462000000.0,2.09,2.07,2.09,3733000000.0,3354000000.0,3733000000.0,11755420124.0,19.0,7.492,812000000.0,2.833,1.0,4122000000.0,0.308,1427000000.0,173000000.0,9869000000.0,10304750000.0,1427000000.0,0.0,0.0,0.0,11366000000.0,5354000000.0,6012000000.0,9234420124.0,130000000.0,-866000000.0,0.0,-271000000.0,-144000000.0,-415000000.0,-1424000000.0,-2000000.0,1246000000.0,15000000.0,599000000.0,599000000.0,599000000.0,-506000000.0,0.0,0.045,4011000000.0,111000000.0,3816000000.0,0.239,2.474,15.416,15.416,4683000000.0,0.0,32.22,0.689,0.689,2500000000.0,8057000000.0,13403000000.0,13403000000.0,830000000.0,0.041,0.179,0.062,0.047,0.0,2515000000.0,1.0,286605218.0,286600000,,46.766,13672000000.0,710000000.0,-137000000.0,827000000.0,47.704,572000000.0
36,EKDKQ,MRT,2004-06-30,2004-06-30,2004-06-30,2019-05-23,-331000000.0,14738000000.0,14520500000.0,5271000000.0,9467000000.0,0.923,11.301,-447000000.0,519000000.0,519000000.0,9224000000.0,287000000.0,0.983,3.55,3040000000.0,1043000000.0,1997000000.0,3040000000.0,0.0,927000000.0,0.0,0.019,0.5,318000000.0,1245000000.0,0.093,1245000000.0,318000000.0,155000000.0,1.0,0.98,1.0,3239000000.0,3151750000.0,3239000000.0,10188769529.0,32.0,8.184,981000000.0,3.423,1.0,4172000000.0,0.311,1418000000.0,163000000.0,10477000000.0,10178250000.0,1260000000.0,0.0,0.0,0.0,11499000000.0,5364000000.0,6135000000.0,7732769528.0,-319000000.0,-857000000.0,0.0,2000000.0,-330000000.0,-328000000.0,-1433000000.0,-6000000.0,1428000000.0,16000000.0,287000000.0,287000000.0,287000000.0,-67000000.0,0.0,0.021,3906000000.0,266000000.0,3642000000.0,0.5,2.387,26.943,26.98,4795000000.0,0.0,26.98,0.577,0.577,2605000000.0,7599000000.0,13396000000.0,13396000000.0,801000000.0,0.02,0.091,0.031,0.024,0.0,2514000000.0,1.0,286611176.0,286600000,,46.741,13320000000.0,654000000.0,-132000000.0,642000000.0,46.476,-93000000.0
37,EKDKQ,MRT,2004-03-31,2004-03-31,2004-03-31,2019-05-23,-306000000.0,14461000000.0,14355000000.0,4861000000.0,9600000000.0,0.919,11.162,-479000000.0,510000000.0,510000000.0,9025000000.0,269000000.0,0.996,3.52,2966000000.0,710000000.0,2256000000.0,2966000000.0,0.0,895000000.0,0.0,0.044,1.15,317000000.0,1212000000.0,0.092,1212000000.0,317000000.0,163000000.0,0.93,0.93,0.93,3199000000.0,3055500000.0,3199000000.0,9498620704.0,30.0,7.837,1008000000.0,3.517,1.0,4165000000.0,0.316,1404000000.0,154000000.0,10633000000.0,9964000000.0,1213000000.0,0.0,0.0,0.0,11262000000.0,4880000000.0,6382000000.0,7500620704.0,-87000000.0,-883000000.0,0.0,214000000.0,-330000000.0,-116000000.0,-1485000000.0,-7000000.0,1487000000.0,27000000.0,269000000.0,269000000.0,269000000.0,-54000000.0,0.0,0.02,3870000000.0,295000000.0,3522000000.0,1.237,2.345,27.883,28.14,4954000000.0,0.0,26.17,0.569,0.569,2259000000.0,7536000000.0,13190000000.0,13190000000.0,765000000.0,0.019,0.088,0.032,0.024,0.0,2607000000.0,1.0,286611414.0,286600000,,46.022,13057000000.0,617000000.0,-106000000.0,604000000.0,45.558,-19000000.0
38,EKDKQ,MRT,2003-12-31,2003-12-31,2003-12-31,2019-05-23,-238000000.0,14846000000.0,14068500000.0,5452000000.0,9394000000.0,0.918,11.323,-497000000.0,1250000000.0,1250000000.0,8751000000.0,253000000.0,1.037,3.575,3248000000.0,946000000.0,2302000000.0,3248000000.0,0.0,864000000.0,0.0,0.045,1.15,315000000.0,1179000000.0,0.091,1179000000.0,315000000.0,168000000.0,0.88,0.88,0.88,3245000000.0,2971750000.0,3245000000.0,9263351628.0,29.0,7.857,1148000000.0,4.006,1.0,4158000000.0,0.322,1349000000.0,147000000.0,10240000000.0,9578250000.0,1078000000.0,0.0,0.0,0.0,11601000000.0,5255000000.0,6346000000.0,7356351628.0,681000000.0,-673000000.0,0.0,588000000.0,-330000000.0,270000000.0,-1267000000.0,-1000000.0,1645000000.0,33000000.0,253000000.0,253000000.0,253000000.0,-64000000.0,0.0,0.02,3856000000.0,302000000.0,3630000000.0,1.307,2.267,29.076,29.17,5051000000.0,0.0,25.67,0.57,0.57,2327000000.0,7515000000.0,12909000000.0,12909000000.0,760000000.0,0.018,0.085,0.033,0.024,0.0,2617000000.0,1.0,286573885.0,286573885,,45.046,13497000000.0,596000000.0,-85000000.0,643000000.0,47.098,197000000.0
39,EKDKQ,MRT,2003-09-30,2003-09-30,2003-09-30,2019-05-23,-552000000.0,14037000000.0,13730500000.0,5233000000.0,8804000000.0,0.904,10.206,-555000000.0,983000000.0,983000000.0,8274000000.0,382000000.0,0.941,3.801,2890000000.0,1410000000.0,1480000000.0,2890000000.0,0.0,876000000.0,0.0,0.086,1.8,472000000.0,1348000000.0,0.109,1348000000.0,472000000.0,323000000.0,1.33,1.33,1.33,2924000000.0,2854750000.0,2924000000.0,8151732988.0,17.0,6.047,1214000000.0,4.237,1.0,4145000000.0,0.334,1021000000.0,149000000.0,9363000000.0,9280250000.0,1202000000.0,0.0,0.0,0.0,11113000000.0,5560000000.0,5553000000.0,5999732988.0,422000000.0,-229000000.0,-260000000.0,138000000.0,-521000000.0,-582000000.0,-791000000.0,4000000.0,1769000000.0,26000000.0,382000000.0,382000000.0,382000000.0,-49000000.0,0.0,0.031,3603000000.0,542000000.0,3531000000.0,1.353,2.052,15.706,15.744,5157000000.0,0.0,20.94,0.483,0.483,2340000000.0,7509000000.0,12419000000.0,12419000000.0,749000000.0,0.028,0.134,0.051,0.038,0.0,2572000000.0,1.0,286520200.0,286500000,286600000.0,43.347,13016000000.0,524000000.0,-59000000.0,619000000.0,45.431,-327000000.0
40,EKDKQ,MRT,2003-06-30,2003-06-30,2003-06-30,2019-05-23,-572000000.0,14076000000.0,13587750000.0,5159000000.0,8917000000.0,0.913,9.962,-599000000.0,838000000.0,838000000.0,8097000000.0,570000000.0,0.919,3.932,2990000000.0,1474000000.0,1516000000.0,2990000000.0,0.0,854000000.0,0.0,0.066,1.8,773000000.0,1627000000.0,0.131,1627000000.0,773000000.0,617000000.0,1.97,1.97,1.97,2854000000.0,2971250000.0,2854000000.0,9942420161.0,13.0,6.111,1331000000.0,4.646,1.0,4307000000.0,0.347,992000000.0,156000000.0,9620000000.0,9270000000.0,1190000000.0,0.0,0.0,0.0,11222000000.0,5616000000.0,5606000000.0,7835420161.0,314000000.0,-244000000.0,-260000000.0,-69000000.0,-525000000.0,-793000000.0,-841000000.0,12000000.0,1930000000.0,18000000.0,570000000.0,570000000.0,570000000.0,-40000000.0,0.0,0.046,3464000000.0,843000000.0,3538000000.0,0.914,2.745,13.746,13.883,5289000000.0,0.0,27.35,0.632,0.632,2462000000.0,7462000000.0,12404000000.0,12404000000.0,747000000.0,0.042,0.192,0.083,0.062,0.0,2575000000.0,1.0,286487026.0,286500000,286600000.0,43.295,13084000000.0,512000000.0,47000000.0,604000000.0,45.668,-457000000.0
41,EKDKQ,MRT,2003-03-31,2003-03-31,2003-03-31,2019-05-23,-709000000.0,13315000000.0,13498000000.0,4565000000.0,8750000000.0,0.925,10.003,-588000000.0,597000000.0,597000000.0,8015000000.0,736000000.0,0.853,3.649,2704000000.0,1659000000.0,1045000000.0,2704000000.0,0.0,853000000.0,0.0,0.061,1.8,992000000.0,1845000000.0,0.148,1845000000.0,992000000.0,826000000.0,2.53,2.53,2.53,2864000000.0,3033000000.0,2864000000.0,10500622098.0,11.0,5.691,1661000000.0,5.802,1.0,4467000000.0,0.358,981000000.0,166000000.0,9090000000.0,9206750000.0,1197000000.0,0.0,0.0,0.0,10451000000.0,5351000000.0,5100000000.0,8463622098.0,86000000.0,-225000000.0,-260000000.0,-629000000.0,-525000000.0,-1354000000.0,-822000000.0,-1000000.0,2249000000.0,13000000.0,736000000.0,736000000.0,736000000.0,-34000000.0,0.0,0.059,3408000000.0,1059000000.0,3179000000.0,0.711,2.955,11.499,11.7,5336000000.0,0.0,29.6,0.678,0.679,2073000000.0,7609000000.0,12482000000.0,12482000000.0,762000000.0,0.055,0.243,0.108,0.079,0.0,2523000000.0,1.0,285933179.0,286300000,286600000.0,43.598,12334000000.0,534000000.0,90000000.0,513000000.0,43.081,-786000000.0
42,EKDKQ,MRT,2002-12-31,2002-12-31,2002-12-31,2019-05-23,-771000000.0,13494000000.0,13499250000.0,4534000000.0,8960000000.0,0.93,9.527,-571000000.0,569000000.0,569000000.0,8022000000.0,770000000.0,0.824,3.859,2606000000.0,1442000000.0,1164000000.0,2606000000.0,0.0,834000000.0,0.0,0.051,1.8,1076000000.0,1910000000.0,0.152,1910000000.0,1076000000.0,903000000.0,2.64,2.64,2.64,2777000000.0,3050000000.0,2777000000.0,12404589720.0,12.0,6.495,1633000000.0,5.602,1.0,4527000000.0,0.361,981000000.0,173000000.0,9048000000.0,9357000000.0,1062000000.0,0.0,0.0,0.0,10717000000.0,5502000000.0,5215000000.0,10223589720.0,121000000.0,-168000000.0,-260000000.0,-597000000.0,-525000000.0,-1331000000.0,-758000000.0,-13000000.0,2204000000.0,6000000.0,770000000.0,770000000.0,770000000.0,-9000000.0,0.0,0.061,3359000000.0,1168000000.0,3351000000.0,0.682,3.682,13.277,13.273,5420000000.0,0.0,35.04,0.815,0.814,2234000000.0,7611000000.0,12549000000.0,12549000000.0,757000000.0,0.057,0.252,0.115,0.086,0.0,2504000000.0,1.0,291769113.0,291500000,291700000.0,43.05,12513000000.0,512000000.0,133000000.0,709000000.0,42.926,-968000000.0
43,EKDKQ,MRT,2002-09-30,2002-09-30,2002-09-30,2019-05-23,-518000000.0,13466000000.0,13466250000.0,4856000000.0,8610000000.0,0.947,11.618,-574000000.0,561000000.0,561000000.0,8313000000.0,451000000.0,0.908,2.972,2742000000.0,1515000000.0,1227000000.0,2742000000.0,0.0,832000000.0,0.0,0.05,1.35,656000000.0,1488000000.0,0.117,1488000000.0,656000000.0,480000000.0,1.54,1.54,1.54,3390000000.0,3079250000.0,3390000000.0,10476262918.0,16.0,7.04,1767000000.0,6.056,1.0,4435000000.0,0.348,975000000.0,176000000.0,9322000000.0,9548000000.0,1238000000.0,0.0,0.0,0.0,10076000000.0,5350000000.0,4726000000.0,7947262918.0,309000000.0,-186000000.0,0.0,-734000000.0,-521000000.0,-1252000000.0,-770000000.0,-10000000.0,2341000000.0,-10000000.0,451000000.0,451000000.0,451000000.0,11000000.0,0.0,0.035,3768000000.0,667000000.0,3284000000.0,0.877,2.344,17.621,17.688,5443000000.0,0.0,27.24,0.623,0.624,2301000000.0,7801000000.0,12748000000.0,12748000000.0,774000000.0,0.033,0.146,0.069,0.051,0.0,2588000000.0,1.0,291749740.0,291800000,291800000.0,43.687,12491000000.0,516000000.0,29000000.0,551000000.0,42.807,-494000000.0
44,EKDKQ,MRT,2002-06-30,2002-06-30,2002-06-30,2019-05-23,-472000000.0,13717000000.0,13577250000.0,5056000000.0,8661000000.0,0.936,10.631,-572000000.0,524000000.0,524000000.0,8427000000.0,213000000.0,0.858,3.423,3053000000.0,1813000000.0,1240000000.0,3053000000.0,0.0,841000000.0,0.0,0.061,1.79,383000000.0,1224000000.0,0.096,1224000000.0,383000000.0,195000000.0,0.72,0.72,0.72,3101000000.0,3060500000.0,3101000000.0,11323080624.0,30.0,9.251,1707000000.0,5.852,1.0,4277000000.0,0.337,986000000.0,188000000.0,9367000000.0,9919500000.0,1218000000.0,0.0,0.0,0.0,10616000000.0,5893000000.0,4723000000.0,8510080624.0,232000000.0,-286000000.0,0.0,-788000000.0,-387000000.0,-1166000000.0,-881000000.0,-23000000.0,2279000000.0,0.0,213000000.0,213000000.0,213000000.0,9000000.0,0.0,0.017,3885000000.0,392000000.0,3559000000.0,2.486,2.744,39.953,40.514,5538000000.0,0.0,29.17,0.67,0.67,2551000000.0,7467000000.0,12704000000.0,12704000000.0,783000000.0,0.016,0.07,0.039,0.03,0.0,2618000000.0,1.0,291740851.0,291700000,291800000.0,43.552,12731000000.0,515000000.0,-18000000.0,521000000.0,43.644,-837000000.0
45,EKDKQ,MRT,2002-03-31,2002-03-31,2002-03-31,2019-05-23,-619000000.0,13320000000.0,13715000000.0,4689000000.0,8631000000.0,0.945,10.065,-639000000.0,511000000.0,511000000.0,8599000000.0,-35000000.0,0.857,3.543,3324000000.0,1865000000.0,1459000000.0,3324000000.0,0.0,872000000.0,0.0,0.043,1.33,144000000.0,1016000000.0,0.078,1016000000.0,144000000.0,-58000000.0,-0.13,-0.13,-0.13,2932000000.0,3100500000.0,2932000000.0,11820278780.0,82.0,11.634,1697000000.0,5.826,1.0,4361000000.0,0.336,971000000.0,202000000.0,9691000000.0,10338750000.0,1205000000.0,0.0,0.0,0.0,10388000000.0,5471000000.0,4917000000.0,9068278780.0,280000000.0,-305000000.0,0.0,-614000000.0,-515000000.0,-1111000000.0,-941000000.0,3000000.0,2336000000.0,-4000000.0,-35000000.0,-35000000.0,-35000000.0,7000000.0,0.0,-0.003,4203000000.0,158000000.0,3101000000.0,-10.231,3.093,-259.094,-239.769,5563000000.0,0.0,31.17,0.7,0.701,2202000000.0,7445000000.0,12960000000.0,12960000000.0,777000000.0,-0.003,-0.011,0.014,0.011,0.0,2591000000.0,1.0,290929701.0,291300000,291300000.0,44.49,12349000000.0,517000000.0,-23000000.0,505000000.0,42.393,-782000000.0
46,EKDKQ,MRT,2001-12-31,2001-12-31,2001-12-31,2019-05-23,-597000000.0,13362000000.0,13967500000.0,4617000000.0,8745000000.0,0.947,9.959,-743000000.0,448000000.0,448000000.0,8661000000.0,76000000.0,0.862,3.617,3200000000.0,1534000000.0,1666000000.0,3200000000.0,0.0,917000000.0,0.0,0.06,1.77,329000000.0,1246000000.0,0.094,1246000000.0,329000000.0,110000000.0,0.26,0.26,0.26,2894000000.0,3202000000.0,2894000000.0,11803049093.0,36.0,9.473,1463000000.0,5.034,1.0,4568000000.0,0.345,948000000.0,219000000.0,9812000000.0,10548750000.0,1071000000.0,0.0,0.0,0.0,10468000000.0,5354000000.0,5114000000.0,8562049093.0,202000000.0,-447000000.0,-44000000.0,-143000000.0,-643000000.0,-808000000.0,-1188000000.0,2000000.0,2206000000.0,-8000000.0,76000000.0,76000000.0,76000000.0,5000000.0,0.0,0.006,4234000000.0,334000000.0,3276000000.0,6.808,2.959,112.659,113.192,5659000000.0,0.0,29.43,0.647,0.646,2337000000.0,7431000000.0,13229000000.0,13229000000.0,779000000.0,0.005,0.024,0.031,0.025,0.0,2625000000.0,1.0,290929293.0,290600000,291000000.0,45.523,12414000000.0,521000000.0,34000000.0,544000000.0,42.719,-737000000.0
47,EKDKQ,MRT,2001-09-30,2001-09-30,2001-09-30,2019-05-23,-508000000.0,13910000000.0,14180000000.0,5253000000.0,8657000000.0,0.947,11.396,-886000000.0,252000000.0,252000000.0,8682000000.0,476000000.0,0.975,3.196,3493000000.0,1701000000.0,1792000000.0,3493000000.0,0.0,922000000.0,0.0,0.054,1.76,957000000.0,1879000000.0,0.14,1879000000.0,957000000.0,735000000.0,1.66,1.65,1.66,3315000000.0,3335500000.0,3315000000.0,13015707893.0,14.0,6.927,961000000.0,3.304,1.0,4753000000.0,0.354,954000000.0,222000000.0,10808000000.0,10639750000.0,1462000000.0,0.0,0.0,0.0,10595000000.0,5389000000.0,5206000000.0,9458707893.0,35000000.0,-259000000.0,-535000000.0,573000000.0,-518000000.0,-449000000.0,-1362000000.0,-1000000.0,1847000000.0,-1000000.0,476000000.0,476000000.0,476000000.0,0.0,0.0,0.035,3805000000.0,948000000.0,3011000000.0,1.06,2.853,19.871,19.596,5734000000.0,0.0,32.53,0.704,0.704,2724000000.0,7767000000.0,13435000000.0,13435000000.0,750000000.0,0.034,0.143,0.09,0.071,0.0,2556000000.0,1.0,290768764.0,290900000,291300000.0,46.184,12956000000.0,601000000.0,259000000.0,624000000.0,44.538,-136000000.0
48,EKDKQ,MRT,2001-06-30,2001-06-30,2001-06-30,2019-05-23,-589000000.0,14268000000.0,14282000000.0,5507000000.0,8761000000.0,0.96,11.225,-955000000.0,292000000.0,292000000.0,8580000000.0,798000000.0,0.95,3.375,3849000000.0,2026000000.0,1823000000.0,3849000000.0,0.0,917000000.0,0.0,0.038,1.76,1455000000.0,2372000000.0,0.173,2372000000.0,1455000000.0,1237000000.0,2.7,2.68,2.7,3261000000.0,3453500000.0,3261000000.0,17260419634.0,12.0,7.277,834000000.0,2.871,1.0,5137000000.0,0.374,984000000.0,218000000.0,11044000000.0,10502000000.0,1566000000.0,0.0,0.0,0.0,11007000000.0,5797000000.0,5210000000.0,13539419634.0,34000000.0,-145000000.0,-976000000.0,936000000.0,-526000000.0,-531000000.0,-1210000000.0,12000000.0,1789000000.0,-14000000.0,798000000.0,798000000.0,798000000.0,0.0,0.0,0.058,3713000000.0,1424000000.0,3073000000.0,0.652,4.152,16.967,17.289,5778000000.0,0.0,46.68,0.987,0.989,2818000000.0,7799000000.0,13717000000.0,13717000000.0,750000000.0,0.056,0.231,0.139,0.106,0.0,2516000000.0,1.0,290047550.0,290500000,291300000.0,47.219,13284000000.0,619000000.0,439000000.0,642000000.0,45.728,-290000000.0
49,EKDKQ,MRT,2001-03-31,2001-03-31,2001-03-31,2019-05-23,-572000000.0,14330000000.0,14429750000.0,5463000000.0,8867000000.0,0.961,11.506,-1001000000.0,231000000.0,231000000.0,8449000000.0,1268000000.0,0.839,3.293,3952000000.0,2827000000.0,1125000000.0,3952000000.0,0.0,903000000.0,0.0,0.044,1.76,2120000000.0,3023000000.0,0.218,3023000000.0,2120000000.0,1918000000.0,4.21,4.18,4.21,3338000000.0,3663250000.0,3338000000.0,13548417371.0,6.0,4.482,383000000.0,1.32,1.0,5425000000.0,0.391,1005000000.0,202000000.0,10531000000.0,10401500000.0,1833000000.0,20000000.0,20000000.0,0.0,10992000000.0,6515000000.0,4477000000.0,11587417371.0,-163000000.0,-149000000.0,-1123000000.0,1266000000.0,-534000000.0,-346000000.0,-1188000000.0,6000000.0,1384000000.0,-13000000.0,1268000000.0,1268000000.0,1268000000.0,0.0,0.0,0.091,3405000000.0,2020000000.0,2920000000.0,0.418,3.471,9.138,9.475,5874000000.0,0.0,39.89,0.835,0.834,2549000000.0,7891000000.0,13874000000.0,13874000000.0,772000000.0,0.088,0.346,0.204,0.153,0.0,2520000000.0,1.0,290484266.0,290100000,290500000.0,47.825,13325000000.0,647000000.0,650000000.0,713000000.0,45.932,-1052000000.0
50,EKDKQ,MRT,2000-12-31,2000-12-31,2000-12-31,2019-05-23,-482000000.0,14212000000.0,14472750000.0,5491000000.0,8721000000.0,0.967,11.243,-945000000.0,246000000.0,246000000.0,8375000000.0,1407000000.0,0.884,3.146,3372000000.0,2206000000.0,1166000000.0,3372000000.0,0.0,889000000.0,0.0,0.045,1.76,2310000000.0,3199000000.0,0.229,3199000000.0,2310000000.0,2132000000.0,4.62,4.59,4.62,3428000000.0,3813250000.0,3428000000.0,14546164219.0,6.0,4.547,160000000.0,0.525,1.0,5619000000.0,0.402,947000000.0,178000000.0,10176000000.0,10255000000.0,1718000000.0,0.0,0.0,0.0,10784000000.0,6215000000.0,4569000000.0,11819164219.0,-127000000.0,24000000.0,-1125000000.0,1313000000.0,-545000000.0,-314000000.0,-906000000.0,15000000.0,1105000000.0,-12000000.0,1407000000.0,1407000000.0,1407000000.0,0.0,0.0,0.101,3405000000.0,2214000000.0,3403000000.0,0.381,3.448,8.4,8.523,5919000000.0,0.0,39.375,0.845,0.858,2653000000.0,7869000000.0,13994000000.0,13994000000.0,784000000.0,0.097,0.369,0.225,0.165,0.0,2514000000.0,1.0,300169250.0,304900000,306600000.0,45.897,13265000000.0,575000000.0,725000000.0,606000000.0,43.506,-724000000.0
51,EKDKQ,MRT,2000-09-30,2000-09-30,2000-09-30,2019-05-23,-458000000.0,14318000000.0,14512250000.0,5746000000.0,8572000000.0,0.981,12.4,-968000000.0,217000000.0,217000000.0,8275000000.0,1688000000.0,0.983,2.781,2944000000.0,1878000000.0,1066000000.0,2944000000.0,0.0,901000000.0,0.0,0.043,1.76,2720000000.0,3621000000.0,0.254,3621000000.0,2720000000.0,2558000000.0,5.44,5.4,5.44,3787000000.0,3934250000.0,3787000000.0,15280195413.0,6.0,4.22,509000000.0,1.667,1.0,5958000000.0,0.419,940000000.0,162000000.0,10257000000.0,10047250000.0,1897000000.0,9000000.0,9000000.0,0.0,10531000000.0,5848000000.0,4683000000.0,12585195413.0,-363000000.0,316000000.0,-948000000.0,170000000.0,-550000000.0,-1286000000.0,-536000000.0,14000000.0,1477000000.0,-18000000.0,1688000000.0,1688000000.0,1688000000.0,0.0,0.0,0.119,3477000000.0,2481000000.0,3219000000.0,0.324,3.323,7.456,7.514,5776000000.0,0.0,40.875,0.884,0.877,2718000000.0,7802000000.0,14233000000.0,14233000000.0,825000000.0,0.116,0.429,0.271,0.191,0.0,2044000000.0,1.0,307894689.0,305400000,307700000.0,46.604,13378000000.0,695000000.0,870000000.0,696000000.0,43.805,-102000000.0
52,EKDKQ,MRT,2000-06-30,2000-06-30,2000-06-30,2019-05-23,-311000000.0,14859000000.0,14743000000.0,6014000000.0,8845000000.0,0.965,13.239,-1014000000.0,258000000.0,258000000.0,8288000000.0,1505000000.0,1.012,2.624,2953000000.0,1798000000.0,1155000000.0,2953000000.0,0.0,910000000.0,0.0,0.03,1.76,2432000000.0,3342000000.0,0.235,3342000000.0,2432000000.0,2279000000.0,4.81,4.77,4.81,4100000000.0,3960500000.0,4100000000.0,20763126342.0,9.0,6.213,547000000.0,1.766,1.0,5935000000.0,0.417,968000000.0,153000000.0,10642000000.0,9948250000.0,1739000000.0,18000000.0,18000000.0,0.0,10759000000.0,5944000000.0,4815000000.0,18432126342.0,-34000000.0,305000000.0,-599000000.0,181000000.0,-554000000.0,-922000000.0,-670000000.0,-5000000.0,1561000000.0,-3000000.0,1505000000.0,1505000000.0,1505000000.0,0.0,0.0,0.106,3737000000.0,2198000000.0,3317000000.0,0.366,4.496,12.247,12.37,5808000000.0,0.0,59.5,1.296,1.296,2988000000.0,7517000000.0,14223000000.0,14223000000.0,821000000.0,0.102,0.38,0.244,0.171,0.0,2346000000.0,1.0,309783636.0,309700000,311800000.0,45.925,13891000000.0,855000000.0,774000000.0,754000000.0,44.853,70000000.0
53,EKDKQ,MRT,2000-03-31,2000-03-31,2000-03-31,2019-05-23,-232000000.0,14502000000.0,14733750000.0,5616000000.0,8886000000.0,0.956,12.695,-397000000.0,394000000.0,394000000.0,8051000000.0,1490000000.0,0.946,2.683,2725000000.0,1807000000.0,918000000.0,2725000000.0,0.0,457000000.0,0.0,0.032,1.76,2407000000.0,2864000000.0,0.203,2864000000.0,2407000000.0,2258000000.0,4.72,4.67,4.72,3938000000.0,3889500000.0,3938000000.0,18585736761.0,8.0,6.489,-253000000.0,-0.816,1.0,6033000000.0,0.428,949000000.0,149000000.0,9945000000.0,9690750000.0,1721000000.0,27000000.0,27000000.0,0.0,10564000000.0,5939000000.0,4625000000.0,16859736761.0,15000000.0,1193000000.0,-700000000.0,265000000.0,-277000000.0,-752000000.0,639000000.0,8000000.0,144000000.0,-16000000.0,1490000000.0,1490000000.0,1490000000.0,0.0,0.0,0.106,3865000000.0,2168000000.0,3220000000.0,0.373,4.281,11.315,11.507,5855000000.0,0.0,54.313,1.197,1.196,2431000000.0,7148000000.0,14084000000.0,14084000000.0,811000000.0,0.101,0.383,0.248,0.171,0.0,2523000000.0,1.0,310420930.0,310200000,312300000.0,45.403,13553000000.0,876000000.0,768000000.0,834000000.0,43.691,-323000000.0
54,EKDKQ,MRT,1999-12-31,1999-12-31,1999-12-31,2019-05-23,-145000000.0,14370000000.0,14734500000.0,5444000000.0,8926000000.0,0.956,12.302,-1127000000.0,373000000.0,373000000.0,8086000000.0,1392000000.0,0.944,2.673,2099000000.0,1163000000.0,936000000.0,2099000000.0,0.0,918000000.0,0.0,0.027,1.76,2251000000.0,3169000000.0,0.225,3169000000.0,2251000000.0,2109000000.0,4.38,4.33,4.38,3912000000.0,3873750000.0,3912000000.0,23127752479.0,10.0,7.298,806000000.0,2.535,1.0,6003000000.0,0.426,982000000.0,142000000.0,9345000000.0,9514500000.0,1519000000.0,20000000.0,20000000.0,0.0,10458000000.0,5769000000.0,4689000000.0,20908752479.0,-84000000.0,419000000.0,-897000000.0,89000000.0,-563000000.0,-1327000000.0,-685000000.0,23000000.0,1933000000.0,-5000000.0,1392000000.0,1392000000.0,1392000000.0,0.0,0.0,0.099,4013000000.0,1990000000.0,3832000000.0,0.402,5.345,15.021,15.126,5947000000.0,0.0,66.25,1.484,1.495,2537000000.0,6995000000.0,14089000000.0,14089000000.0,817000000.0,0.094,0.359,0.237,0.16,0.0,2701000000.0,1.0,315603811.0,318000000,321500000.0,44.305,13388000000.0,885000000.0,717000000.0,694000000.0,42.101,-325000000.0
55,EKDKQ,MRT,1999-09-30,1999-09-30,1999-09-30,2019-05-23,-151000000.0,15241000000.0,14825250000.0,6220000000.0,9021000000.0,0.934,12.309,-503000000.0,580000000.0,580000000.0,7945000000.0,1189000000.0,0.947,2.916,2799000000.0,1879000000.0,920000000.0,2799000000.0,0.0,456000000.0,0.0,0.023,1.76,1922000000.0,2378000000.0,0.172,2378000000.0,1922000000.0,1801000000.0,3.71,3.67,3.71,3892000000.0,3892750000.0,3892000000.0,26407945114.0,14.0,11.105,-151000000.0,-0.478,1.0,5908000000.0,0.426,1029000000.0,121000000.0,9861000000.0,9400250000.0,1563000000.0,24000000.0,24000000.0,0.0,11349000000.0,6570000000.0,4779000000.0,23934945114.0,158000000.0,514000000.0,-526000000.0,939000000.0,-283000000.0,47000000.0,-232000000.0,20000000.0,352000000.0,-9000000.0,1189000000.0,1189000000.0,1189000000.0,0.0,0.0,0.086,4283000000.0,1625000000.0,3698000000.0,0.474,6.15,20.13,20.384,5882000000.0,0.0,75.625,1.728,1.726,2787000000.0,6659000000.0,13853000000.0,13853000000.0,849000000.0,0.08,0.305,0.204,0.139,0.0,3434000000.0,1.0,316495142.0,316200000,320300000.0,43.811,14212000000.0,1208000000.0,612000000.0,936000000.0,44.946,-350000000.0
56,EKDKQ,MRT,1999-06-30,1999-06-30,1999-06-30,2019-05-23,-209000000.0,14822000000.0,14534750000.0,5814000000.0,9008000000.0,0.94,11.959,-478000000.0,292000000.0,292000000.0,7635000000.0,1352000000.0,0.877,2.884,2765000000.0,2278000000.0,487000000.0,2765000000.0,0.0,442000000.0,0.0,0.026,1.76,2163000000.0,2605000000.0,0.191,2605000000.0,2163000000.0,2049000000.0,4.2,4.15,4.2,3816000000.0,3898250000.0,3816000000.0,23801851823.0,11.0,9.137,-335000000.0,-1.05,1.0,6029000000.0,0.441,1053000000.0,114000000.0,9612000000.0,9158250000.0,1398000000.0,13000000.0,13000000.0,0.0,11006000000.0,6630000000.0,4376000000.0,21795851823.0,-165000000.0,244000000.0,-491000000.0,780000000.0,-284000000.0,22000000.0,-322000000.0,30000000.0,143000000.0,-8000000.0,1352000000.0,1352000000.0,1352000000.0,0.0,0.0,0.099,4152000000.0,1877000000.0,3479000000.0,0.419,5.712,16.121,16.131,5845000000.0,0.0,67.75,1.595,1.582,2945000000.0,6563000000.0,13664000000.0,13664000000.0,880000000.0,0.093,0.347,0.236,0.158,0.0,3272000000.0,1.0,321709990.0,319100000,323000000.0,42.82,13769000000.0,1109000000.0,697000000.0,807000000.0,43.149,-816000000.0
57,EKDKQ,MRT,1999-03-31,1999-03-31,1999-03-31,2019-05-23,-193000000.0,14505000000.0,14332500000.0,5554000000.0,8951000000.0,0.949,12.027,-1090000000.0,338000000.0,338000000.0,7577000000.0,1356000000.0,0.9,2.743,2344000000.0,1863000000.0,481000000.0,2344000000.0,0.0,888000000.0,0.0,0.028,1.76,2170000000.0,3058000000.0,0.225,3058000000.0,2170000000.0,2054000000.0,4.19,4.14,4.19,3875000000.0,3835000000.0,3875000000.0,22183745117.0,10.0,7.254,421000000.0,1.307,1.0,6018000000.0,0.443,1103000000.0,116000000.0,9240000000.0,8959000000.0,1453000000.0,46000000.0,46000000.0,0.0,10630000000.0,6168000000.0,4462000000.0,20618745117.0,-151000000.0,-501000000.0,-297000000.0,677000000.0,-568000000.0,-67000000.0,-1599000000.0,-21000000.0,1511000000.0,4000000.0,1356000000.0,1356000000.0,1356000000.0,0.0,0.0,0.1,4202000000.0,1816000000.0,3448000000.0,0.42,5.321,15.206,15.245,5778000000.0,0.0,63.875,1.517,1.514,2497000000.0,6212000000.0,13595000000.0,13595000000.0,906000000.0,0.095,0.354,0.242,0.16,0.0,3296000000.0,1.0,322798358.0,322200000,325200000.0,42.194,13402000000.0,1150000000.0,698000000.0,786000000.0,41.595,-614000000.0
58,EKDKQ,MRT,1998-12-31,1998-12-31,1998-12-31,2019-05-23,-111000000.0,14733000000.0,14072250000.0,5599000000.0,9134000000.0,0.953,12.335,-1108000000.0,457000000.0,457000000.0,7293000000.0,1390000000.0,0.906,2.694,2022000000.0,1518000000.0,504000000.0,2022000000.0,0.0,853000000.0,0.0,0.024,1.76,2216000000.0,3069000000.0,0.229,3069000000.0,2216000000.0,2106000000.0,4.3,4.24,4.3,3988000000.0,3666000000.0,3988000000.0,24654377032.0,11.0,8.033,375000000.0,1.16,1.0,6113000000.0,0.456,1232000000.0,110000000.0,8888000000.0,8707000000.0,1424000000.0,43000000.0,43000000.0,0.0,10745000000.0,6178000000.0,4567000000.0,23324377032.0,-271000000.0,-711000000.0,-258000000.0,776000000.0,-569000000.0,77000000.0,-1839000000.0,-20000000.0,1483000000.0,8000000.0,1390000000.0,1390000000.0,1390000000.0,0.0,0.0,0.104,4225000000.0,1888000000.0,3906000000.0,0.409,5.849,16.78,16.744,5914000000.0,0.0,72.0,1.74,1.736,2527000000.0,6163000000.0,13406000000.0,13406000000.0,922000000.0,0.099,0.379,0.255,0.165,0.0,3303000000.0,1.0,323949681.0,323300000,327800000.0,41.466,13501000000.0,1138000000.0,716000000.0,681000000.0,41.76,-579000000.0
59,EKDKQ,MRT,1998-09-30,1998-09-30,1998-09-30,2019-05-23,-182000000.0,14079000000.0,13675250000.0,5756000000.0,8323000000.0,0.987,12.084,-1080000000.0,381000000.0,381000000.0,7463000000.0,374000000.0,1.046,2.597,1711000000.0,1252000000.0,459000000.0,1711000000.0,0.0,847000000.0,0.0,0.023,1.76,737000000.0,1584000000.0,0.117,1584000000.0,737000000.0,612000000.0,1.19,1.17,1.19,3914000000.0,3459250000.0,3914000000.0,26242560595.0,36.0,16.567,573000000.0,1.769,1.0,6039000000.0,0.447,1014000000.0,125000000.0,8893000000.0,8457000000.0,1597000000.0,53000000.0,53000000.0,0.0,10165000000.0,5502000000.0,4663000000.0,24813560595.0,71000000.0,-508000000.0,-276000000.0,417000000.0,-570000000.0,-259000000.0,-1318000000.0,-26000000.0,1653000000.0,-5000000.0,374000000.0,374000000.0,374000000.0,0.0,0.0,0.028,5479000000.0,560000000.0,3554000000.0,1.479,6.34,66.346,64.601,5511000000.0,0.0,76.875,1.838,1.844,2519000000.0,6068000000.0,13502000000.0,13502000000.0,933000000.0,0.027,0.108,0.087,0.055,0.0,3355000000.0,1.0,322778024.0,323900000,329900000.0,41.686,13065000000.0,1242000000.0,238000000.0,629000000.0,40.337,254000000.0
60,EKDKQ,MRT,1998-06-30,1998-06-30,1998-06-30,2019-05-23,-232000000.0,14013000000.0,,5875000000.0,8138000000.0,,11.031,,416000000.0,416000000.0,7731000000.0,208000000.0,1.023,2.933,1845000000.0,1386000000.0,459000000.0,1845000000.0,0.0,,0.0,0.024,1.76,480000000.0,,,,480000000.0,361000000.0,0.67,0.67,0.67,3563000000.0,,3563000000.0,24739276488.0,52.0,,,,1.0,6167000000.0,0.444,884000000.0,119000000.0,8815000000.0,,1488000000.0,130000000.0,130000000.0,0.0,10450000000.0,5743000000.0,4707000000.0,23576276488.0,,,,,,,,,,,208000000.0,208000000.0,208000000.0,0.0,0.0,0.015,5858000000.0,309000000.0,3581000000.0,2.627,6.617,113.347,109.049,5467000000.0,0.0,73.063,1.696,1.698,2644000000.0,5829000000.0,13898000000.0,13898000000.0,968000000.0,,,,0.035,,3629000000.0,1.0,322686419.0,323000000,327200000.0,43.028,13129000000.0,1275000000.0,153000000.0,700000000.0,40.647,132000000.0
61,EKDKQ,MRT,1998-03-31,1998-03-31,1998-03-31,2019-05-23,-222000000.0,13464000000.0,,5455000000.0,8009000000.0,,9.904,,489000000.0,489000000.0,7918000000.0,81000000.0,0.984,3.209,1652000000.0,1158000000.0,494000000.0,1652000000.0,0.0,,0.0,0.027,1.76,269000000.0,,,,269000000.0,169000000.0,0.26,0.27,0.26,3199000000.0,,3199000000.0,21426967733.0,80.0,,,,1.0,6329000000.0,0.444,852000000.0,100000000.0,8232000000.0,,1455000000.0,50000000.0,50000000.0,0.0,10265000000.0,5543000000.0,4722000000.0,20958967733.0,,,,,,,,,,,81000000.0,81000000.0,81000000.0,0.0,0.0,0.006,6096000000.0,233000000.0,3637000000.0,6.769,6.552,258.753,249.519,5480000000.0,0.0,64.875,1.471,1.471,2221000000.0,5435000000.0,14247000000.0,14247000000.0,1010000000.0,,,,0.019,,3816000000.0,1.0,323066940.0,323000000,326400000.0,44.108,12612000000.0,1325000000.0,88000000.0,672000000.0,39.046,-88000000.0
62,EKDKQ,MRT,1997-12-31,1997-12-31,1997-12-31,2019-05-23,-202000000.0,13145000000.0,13791500000.0,5475000000.0,7670000000.0,1.054,9.655,-1485000000.0,728000000.0,728000000.0,7976000000.0,5000000.0,1.058,3.158,1196000000.0,611000000.0,585000000.0,1196000000.0,0.0,828000000.0,0.0,0.029,1.76,151000000.0,979000000.0,0.067,979000000.0,151000000.0,53000000.0,0.01,0.01,0.01,3161000000.0,3947500000.0,3161000000.0,,,,595000000.0,1.817,1.0,6562000000.0,0.451,548000000.0,98000000.0,7888000000.0,7825500000.0,1252000000.0,24000000.0,24000000.0,0.0,9984000000.0,5177000000.0,4807000000.0,19565741554.0,-1049000000.0,-535000000.0,-850000000.0,123000000.0,-567000000.0,-1198000000.0,-1896000000.0,15000000.0,2080000000.0,-35000000.0,5000000.0,5000000.0,5000000.0,0.0,0.0,0.0,6432000000.0,130000000.0,3832000000.0,176.0,6.19,3913.148,6056.25,5509000000.0,0.0,60.563,1.346,1.364,2271000000.0,5343000000.0,14538000000.0,14538000000.0,1044000000.0,0.0,0.001,0.019,0.01,0.0,3912000000.0,1.0,323066940.0,327400000,331900000.0,44.404,12597000000.0,1340000000.0,48000000.0,655000000.0,38.476,298000000.0
63,EKDKQ,MRT,1997-09-30,1997-09-30,1997-09-30,2019-05-23,,,,,,,,,,,,,,,,,,,,,,0.026,1.72,,,,,,,,,,,,,,,,,,1.0,,,,,,,,,,,,,,,,,,,,,,,,,,,,,,,,,,,,,,,,64.938,,,,,,,,,,,,,,1.0,,325200000,,,,,,,,
64,EKDKQ,MRT,1997-06-30,1997-06-30,1997-06-30,2019-05-23,,,,,,,,,,,,,,,,,,,,,,0.022,1.68,,,,,,,,,,,,,,,,,,1.0,,,,,,,,,,,,,,,,,,,,,,,,,,,,,,,,,,,,,,,,76.75,,,,,,,,,,,,,,1.0,,327400000,,,,,,,,
65,EKDKQ,MRT,1997-03-31,1997-03-31,1997-03-31,2019-05-23,,,,,,,,,,,,,,,,,,,,,,0.022,1.64,,,,,,,,,,,,,,,,,,1.0,,,,,,,,,,,,,,,,,,,,,,,,,,,,,,,,,,,,,,,,76.0,,,,,,,,,,,,,,1.0,,332400000,,,,,,,,
66,EKDKQ,MRT,1996-12-31,1996-12-31,1996-12-31,2019-05-23,75000000.0,14438000000.0,,6965000000.0,7473000000.0,,14.031,-1341000000.0,1777000000.0,1777000000.0,8327000000.0,1288000000.0,1.286,2.05,1100000000.0,541000000.0,559000000.0,1100000000.0,0.0,903000000.0,0.0,0.02,1.6,1916000000.0,2819000000.0,0.177,2819000000.0,1916000000.0,1833000000.0,3.82,3.76,3.82,4734000000.0,,4734000000.0,,,,1143000000.0,3.388,1.0,7641000000.0,0.479,581000000.0,83000000.0,7763000000.0,,1575000000.0,19000000.0,19000000.0,0.0,9704000000.0,5417000000.0,4287000000.0,,13000000.0,553000000.0,-1323000000.0,-97000000.0,-539000000.0,-1833000000.0,-636000000.0,28000000.0,2484000000.0,-2000000.0,1288000000.0,1288000000.0,1288000000.0,-277000000.0,0.0,0.081,5796000000.0,1845000000.0,4116000000.0,0.419,,,21.008,5422000000.0,0.0,80.25,,1.696,2738000000.0,5931000000.0,15968000000.0,15968000000.0,1028000000.0,,,,0.12,0.0,4410000000.0,1.0,,337400000,342700000.0,47.327,13857000000.0,876000000.0,545000000.0,729000000.0,41.07,1548000000.0
67,EKDKQ,MRT,1995-12-31,1995-12-31,1995-12-31,2019-05-23,,,,,,,,-913000000.0,,,7962000000.0,1252000000.0,,,,,,,,916000000.0,,0.024,1.6,2004000000.0,2920000000.0,0.191,2920000000.0,2004000000.0,1926000000.0,3.67,3.62,3.67,,,,,,,1717000000.0,5.028,1.0,7307000000.0,0.479,,78000000.0,,,,,,,,,,,-256000000.0,-1511000000.0,-300000000.0,220000000.0,-547000000.0,-512000000.0,-2380000000.0,44000000.0,2630000000.0,6000000.0,1252000000.0,1252000000.0,1252000000.0,0.0,0.0,0.082,5303000000.0,2004000000.0,,0.436,,,18.256,,0.0,67.0,,1.498,,,15269000000.0,15269000000.0,935000000.0,,,,0.131,0.0,4158000000.0,,,341500000,345600000.0,44.712,,,674000000.0,,,
