None,ticker,dimension,calendardate,datekey,reportperiod,lastupdated,accoci,assets,assetsavg,assetsc,assetsnc,assetturnover,bvps,capex,cashneq,cashnequsd,cor,consolinc,currentratio,de,debt,debtc,debtnc,debtusd,deferredrev,depamor,deposits,divyield,dps,ebit,ebitda,ebitdamargin,ebitdausd,ebitusd,ebt,eps,epsdil,epsusd,equity,equityavg,equityusd,ev,evebit,evebitda,fcf,fcfps,fxusd,gp,grossmargin,intangibles,intexp,invcap,invcapavg,inventory,investments,investmentsc,investmentsnc,liabilities,liabilitiesc,liabilitiesnc,marketcap,ncf,ncfbus,ncfcommon,ncfdebt,ncfdiv,ncff,ncfi,ncfinv,ncfo,ncfx,netinc,netinccmn,netinccmnusd,netincdis,netincnci,netmargin,opex,opinc,payables,payoutratio,pb,pe,pe1,ppnenet,prefdivis,price,ps,ps1,receivables,retearn,revenue,revenueusd,rnd,roa,roe,roic,ros,sbcomp,sgna,sharefactor,sharesbas,shareswa,shareswadil,sps,tangibles,taxassets,taxexp,taxliabilities,tbvps,workingcapital
0,KSU,MRY,2020-12-31,2020-12-31,2020-12-31,2021-10-19,400000.0,9964000000.0,10095850000.0,625800000.0,9338200000.0,0.261,43.242,-477200000.0,188200000.0,188200000.0,764600000.0,619100000.0,1.314,1.375,3816200000.0,6400000.0,3809800000.0,3816200000.0,0.0,357900000.0,0.0,0.008,1.64,972000000.0,1329900000.0,0.505,1329900000.0,972000000.0,821100000.0,6.57,6.54,6.57,4057200000.0,4345975000.0,4057200000.0,22286884197.0,23.0,16.758,602800000.0,6.425,1.0,1868000000.0,0.71,0.0,150900000.0,13115600000.0,12932400000.0,127200000.0,42600000.0,0.0,42600000.0,5580400000.0,476400000.0,5104000000.0,19106884197.0,39400000.0,-32200000.0,-879000000.0,521000000.0,-152300000.0,-510300000.0,-526000000.0,0.0,1080000000.0,-4300000.0,617000000.0,616800000.0,616800000.0,0.0,2100000.0,0.234,865000000.0,1003000000.0,470000000.0,0.25,4.709,30.977,31.07,9068700000.0,200000.0,204.13,7.258,7.275,247100000.0,3219600000.0,2632600000.0,2632600000.0,0.0,0.061,0.142,0.075,0.369,22900000.0,476500000.0,1.0,93601549.0,93826000,94315000.0,28.058,9964000000.0,0.0,204100000.0,1185400000.0,106.197,149400000.0
1,KSU,MRY,2019-12-31,2019-12-31,2019-12-31,2021-10-19,-29100000.0,9786800000.0,9690250000.0,728600000.0,9058200000.0,0.296,44.53,-604100000.0,148800000.0,148800000.0,931100000.0,540800000.0,1.483,1.14,3331700000.0,18000000.0,3313700000.0,3331700000.0,0.0,350700000.0,0.0,0.01,1.48,902400000.0,1253100000.0,0.437,1253100000.0,902400000.0,786500000.0,5.42,5.4,5.42,4422500000.0,4738575000.0,4422500000.0,17896259161.0,20.0,14.282,499900000.0,5.033,1.0,1934900000.0,0.675,0.0,115900000.0,12478400000.0,11893825000.0,150600000.0,47600000.0,0.0,47600000.0,5040900000.0,491300000.0,4549600000.0,15181159161.0,48300000.0,-64200000.0,-785500000.0,550900000.0,-144300000.0,-378900000.0,-676300000.0,0.0,1104000000.0,-500000.0,538900000.0,538700000.0,538700000.0,0.0,1900000.0,0.188,1048600000.0,886300000.0,473300000.0,0.273,3.433,28.181,28.258,8964700000.0,200000.0,153.16,5.297,5.307,274200000.0,3601300000.0,2866000000.0,2866000000.0,0.0,0.056,0.114,0.076,0.315,23100000.0,529100000.0,1.0,99119608.0,99316000,99747000.0,28.857,9786800000.0,0.0,247600000.0,1128000000.0,98.542,237300000.0
2,KSU,MRY,2018-12-31,2018-12-31,2018-12-31,2021-10-19,-10900000.0,9469800000.0,9317525000.0,635400000.0,8834400000.0,0.291,47.255,-610500000.0,100500000.0,100500000.0,940900000.0,629400000.0,1.421,0.901,2689400000.0,10100000.0,2679300000.0,2689400000.0,0.0,346700000.0,0.0,0.015,1.44,994900000.0,1341600000.0,0.494,1341600000.0,994900000.0,884900000.0,6.16,6.13,6.16,4813000000.0,4719225000.0,4813000000.0,12291120743.0,12.0,9.162,339400000.0,3.332,1.0,1773100000.0,0.653,0.0,110000000.0,11611700000.0,11364875000.0,160300000.0,44900000.0,0.0,44900000.0,4337100000.0,447000000.0,3890100000.0,9707020743.0,-33600000.0,-45300000.0,-241700000.0,61800000.0,-147500000.0,-327400000.0,-651900000.0,0.0,949900000.0,-4200000.0,627400000.0,627200000.0,627200000.0,0.0,2000000.0,0.231,786800000.0,986300000.0,436900000.0,0.234,2.017,15.477,15.495,8691100000.0,200000.0,95.45,3.577,3.582,301200000.0,3870600000.0,2714000000.0,2714000000.0,0.0,0.067,0.133,0.088,0.367,20400000.0,495700000.0,1.0,101697441.0,101852000,102270000.0,26.647,9469800000.0,0.0,257500000.0,1079900000.0,92.976,188400000.0
3,KSU,MRY,2017-12-31,2017-12-31,2017-12-31,2021-10-19,-12900000.0,9198700000.0,9061200000.0,680100000.0,8518600000.0,0.285,43.435,-619200000.0,134100000.0,134100000.0,890700000.0,963900000.0,0.7,0.953,2619400000.0,383900000.0,2235500000.0,2619400000.0,0.0,320900000.0,0.0,0.013,1.38,972600000.0,1293500000.0,0.501,1293500000.0,972600000.0,872400000.0,9.18,9.16,9.18,4548900000.0,4246525000.0,4548900000.0,13441207192.0,14.0,10.391,409200000.0,3.907,1.0,1692200000.0,0.655,0.0,100200000.0,10712300000.0,10676425000.0,150800000.0,44600000.0,0.0,44600000.0,4333300000.0,971700000.0,3361600000.0,10894807192.0,-36500000.0,-46400000.0,-374900000.0,133600000.0,-142500000.0,-383800000.0,-681100000.0,0.0,1028400000.0,0.0,962000000.0,961800000.0,961800000.0,0.0,1900000.0,0.372,770600000.0,921600000.0,587800000.0,0.15,2.395,11.328,11.462,8403800000.0,200000.0,105.22,4.218,4.266,237800000.0,3611400000.0,2582900000.0,2582900000.0,0.0,0.106,0.226,0.091,0.377,18200000.0,493800000.0,1.0,103543121.0,104728000,105040000.0,24.663,9198700000.0,0.0,-89600000.0,987200000.0,87.834,-291600000.0
4,KSU,MRY,2016-12-31,2016-12-31,2016-12-31,2021-10-19,-6200000.0,8817500000.0,8660100000.0,648000000.0,8169500000.0,0.27,38.024,-585200000.0,170600000.0,170600000.0,811100000.0,479900000.0,0.87,1.079,2478200000.0,206700000.0,2271500000.0,2478200000.0,0.0,305000000.0,0.0,0.016,1.32,758600000.0,1063600000.0,0.456,1063600000.0,758600000.0,660900000.0,4.44,4.43,4.44,4089900000.0,4030950000.0,4089900000.0,11385782986.0,15.0,10.705,333800000.0,3.103,1.0,1523100000.0,0.653,0.0,97700000.0,10380700000.0,10235225000.0,152600000.0,32900000.0,0.0,32900000.0,4413000000.0,744400000.0,3668600000.0,9128082986.0,34000000.0,-34000000.0,-184500000.0,70500000.0,-142800000.0,-256800000.0,-628200000.0,0.0,919000000.0,0.0,478100000.0,477900000.0,477900000.0,0.0,1800000.0,0.205,704600000.0,818500000.0,537700000.0,0.297,2.232,19.1,19.11,8069700000.0,200000.0,84.85,3.911,3.91,191000000.0,3134100000.0,2334200000.0,2334200000.0,0.0,0.055,0.119,0.074,0.325,19200000.0,462400000.0,1.0,107579057.0,107560000,107761000.0,21.701,8817500000.0,0.0,182800000.0,1289300000.0,81.978,-96400000.0
5,KSU,MRY,2015-12-31,2015-12-31,2015-12-31,2021-10-19,-4700000.0,8341000000.0,8164100000.0,537000000.0,7804000000.0,0.296,35.679,-827600000.0,136600000.0,136600000.0,878600000.0,485300000.0,0.709,1.052,2401100000.0,356100000.0,2045000000.0,2401100000.0,0.0,284600000.0,0.0,0.018,1.32,752700000.0,1037300000.0,0.429,1037300000.0,752700000.0,670800000.0,4.41,4.4,4.41,3914300000.0,3876625000.0,3914300000.0,10377418946.0,14.0,10.004,81600000.0,0.744,1.0,1540200000.0,0.637,0.0,81900000.0,9847900000.0,9681125000.0,137900000.0,34700000.0,0.0,34700000.0,4116300000.0,757600000.0,3358700000.0,8149218946.0,-211400000.0,-18100000.0,-190000000.0,102800000.0,-140100000.0,-247600000.0,-873000000.0,0.0,909200000.0,0.0,483500000.0,483300000.0,483300000.0,0.0,1800000.0,0.2,736400000.0,803800000.0,401500000.0,0.299,2.082,16.862,16.932,7705400000.0,200000.0,74.67,3.369,3.387,171900000.0,2964700000.0,2418800000.0,2418800000.0,0.0,0.059,0.125,0.078,0.311,11400000.0,442200000.0,1.0,109136453.0,109709000,109915000.0,22.047,8341000000.0,0.0,187300000.0,1191100000.0,76.028,-220600000.0
6,KSU,MRY,2014-12-31,2014-12-31,2014-12-31,2021-10-19,-3200000.0,7976400000.0,7701275000.0,718200000.0,7258200000.0,0.335,34.09,-970300000.0,348000000.0,348000000.0,997100000.0,504300000.0,0.799,1.042,2301400000.0,474900000.0,1826500000.0,2301400000.0,0.0,258100000.0,0.0,0.009,1.12,784200000.0,1042300000.0,0.404,1042300000.0,784200000.0,711400000.0,4.56,4.55,4.56,3755500000.0,3592425000.0,3755500000.0,15364374487.0,20.0,14.741,-64300000.0,-0.584,1.0,1580000000.0,0.613,0.0,72800000.0,9031000000.0,8897575000.0,111000000.0,36400000.0,0.0,36400000.0,3912300000.0,898800000.0,3013500000.0,13467274487.0,-81500000.0,-26700000.0,2000000.0,115600000.0,-116600000.0,-4600000.0,-982900000.0,0.0,906000000.0,0.0,502600000.0,502400000.0,502400000.0,0.0,1700000.0,0.195,770900000.0,809100000.0,423900000.0,0.246,3.586,26.806,26.761,7154700000.0,200000.0,122.03,5.226,5.216,181600000.0,2801700000.0,2577100000.0,2577100000.0,0.0,0.065,0.14,0.088,0.304,10700000.0,474500000.0,1.0,110360358.0,110163000,110433000.0,23.394,7976400000.0,0.0,208800000.0,1056200000.0,72.405,-180600000.0
7,KSU,MRY,2013-12-31,2013-12-31,2013-12-31,2021-10-19,-2000000.0,7435400000.0,6879950000.0,942400000.0,6493000000.0,0.344,30.649,-798400000.0,429500000.0,429500000.0,965800000.0,353300000.0,1.29,1.115,2188900000.0,332000000.0,1856900000.0,2188900000.0,0.0,223300000.0,0.0,0.007,0.86,630300000.0,853600000.0,0.36,853600000.0,630300000.0,549700000.0,3.19,3.18,3.19,3370600000.0,3252250000.0,3370600000.0,15331714647.0,24.0,17.961,-100000.0,-0.001,1.0,1403500000.0,0.592,0.0,80600000.0,8464200000.0,8042050000.0,121300000.0,41100000.0,0.0,41100000.0,3758800000.0,730600000.0,3028200000.0,13647214647.0,356900000.0,-31600000.0,1500000.0,575200000.0,-71200000.0,391900000.0,-833300000.0,0.0,798300000.0,0.0,351400000.0,351200000.0,351200000.0,0.0,1900000.0,0.148,664900000.0,738600000.0,398600000.0,0.27,4.049,38.859,38.818,6356300000.0,200000.0,123.83,5.76,5.748,198300000.0,2422900000.0,2369300000.0,2369300000.0,0.0,0.051,0.108,0.078,0.266,9400000.0,441600000.0,1.0,110209276.0,109973000,110340000.0,21.544,7435400000.0,131600000.0,198300000.0,1044600000.0,67.611,211800000.0
8,KSU,MRY,2012-12-31,2012-12-31,2012-12-31,2021-10-19,-2400000.0,6395900000.0,6341225000.0,522300000.0,5873600000.0,0.353,28.225,-525300000.0,72600000.0,72600000.0,936400000.0,379400000.0,1.23,0.967,1607800000.0,60200000.0,1547600000.0,1607800000.0,0.0,198800000.0,0.0,0.009,0.78,714700000.0,913500000.0,0.408,913500000.0,714700000.0,614300000.0,3.44,3.43,3.44,3096600000.0,2971825000.0,3096600000.0,10608302755.0,15.0,11.613,147900000.0,1.348,1.0,1302200000.0,0.582,0.0,100400000.0,7506300000.0,7391150000.0,125600000.0,51500000.0,0.0,51500000.0,2995200000.0,424800000.0,2570400000.0,9186502755.0,200000.0,-35200000.0,1900000.0,-46300000.0,-86100000.0,-121100000.0,-551900000.0,0.0,673200000.0,0.0,377300000.0,377100000.0,377100000.0,0.0,2100000.0,0.168,586300000.0,715900000.0,364600000.0,0.227,2.967,24.361,24.267,5684800000.0,200000.0,83.48,4.104,4.091,183600000.0,2166500000.0,2238600000.0,2238600000.0,0.0,0.059,0.127,0.097,0.319,-20800000.0,430500000.0,1.0,110044355.0,109712000,110080000.0,20.404,6395900000.0,92100000.0,237000000.0,894200000.0,58.297,97500000.0
9,KSU,MRY,2011-12-31,2011-12-31,2011-12-31,2021-10-19,-2200000.0,6145100000.0,5934275000.0,642500000.0,5502600000.0,0.354,25.548,-485000000.0,72400000.0,72400000.0,902300000.0,331900000.0,1.469,1.116,1639100000.0,36300000.0,1602800000.0,1639100000.0,0.0,186200000.0,0.0,0.0,0.0,582500000.0,768700000.0,0.366,768700000.0,582500000.0,453400000.0,3.04,3.0,3.04,2764500000.0,2624300000.0,2764500000.0,8965872825.0,15.0,11.664,153000000.0,1.414,1.0,1196000000.0,0.57,0.0,129100000.0,7274400000.0,7035100000.0,109600000.0,50400000.0,0.0,50400000.0,3086400000.0,437400000.0,2649000000.0,7470472825.0,-13000000.0,-33300000.0,2100000.0,-103300000.0,-3000000.0,-140600000.0,-510400000.0,10000000.0,638000000.0,0.0,330300000.0,328700000.0,328700000.0,0.0,1600000.0,0.157,584400000.0,611600000.0,401100000.0,0.0,2.702,22.727,22.372,5321600000.0,1600000.0,68.01,3.56,3.507,166000000.0,1875300000.0,2098300000.0,2098300000.0,0.0,0.055,0.125,0.083,0.278,8300000.0,423800000.0,1.0,109843741.0,108208000,109830000.0,19.391,6145100000.0,225000000.0,123100000.0,861400000.0,56.79,205100000.0
10,KSU,MRY,2010-12-31,2010-12-31,2010-12-31,2021-10-19,-1400000.0,5640900000.0,5591275000.0,576200000.0,5064700000.0,0.325,24.298,-279000000.0,85400000.0,85400000.0,774100000.0,180000000.0,1.368,1.204,1639700000.0,18100000.0,1621600000.0,1639700000.0,0.0,184900000.0,0.0,0.0,0.0,447500000.0,632400000.0,0.348,632400000.0,447500000.0,289400000.0,1.69,1.67,1.69,2431100000.0,2310025000.0,2431100000.0,6475350208.0,14.0,10.239,217300000.0,2.172,1.0,1040700000.0,0.573,0.0,158100000.0,6774100000.0,6792550000.0,101400000.0,46400000.0,0.0,46400000.0,2927200000.0,421100000.0,2506100000.0,4910950208.0,-32100000.0,-50200000.0,217000000.0,-359000000.0,-11000000.0,-216900000.0,-311500000.0,0.0,496300000.0,0.0,180200000.0,169200000.0,169200000.0,0.0,-200000.0,0.093,554200000.0,486500000.0,403000000.0,0.0,2.02,29.025,28.32,4902400000.0,11000000.0,47.86,2.706,2.639,160000000.0,1548000000.0,1814800000.0,1814800000.0,0.0,0.03,0.073,0.066,0.247,7600000.0,369300000.0,1.0,102610744.0,100054000,107534000.0,18.138,5640900000.0,138200000.0,109200000.0,654500000.0,56.379,155100000.0
11,KSU,MRY,2009-12-31,2009-12-31,2009-12-31,2021-10-19,-4400000.0,5454300000.0,5411400000.0,613800000.0,4840500000.0,0.274,21.934,-332900000.0,117500000.0,117500000.0,703100000.0,68100000.0,1.494,1.531,1980000000.0,68100000.0,1911900000.0,1980000000.0,0.0,181600000.0,0.0,0.0,0.0,274900000.0,456500000.0,0.308,456500000.0,274900000.0,101200000.0,0.6,0.6,0.6,2043000000.0,1984875000.0,2043000000.0,5108280717.0,19.0,11.19,-42400000.0,-0.455,1.0,777100000.0,0.525,0.0,173700000.0,6906000000.0,6023175000.0,106400000.0,46800000.0,0.0,46800000.0,3128500000.0,410800000.0,2717700000.0,3195980717.0,-112400000.0,-22000000.0,76900000.0,-117000000.0,0.0,-58900000.0,-344000000.0,0.0,290500000.0,0.0,67100000.0,56100000.0,56100000.0,0.0,1000000.0,0.038,510300000.0,266800000.0,342700000.0,0.0,1.564,56.969,55.483,4722400000.0,11000000.0,33.29,2.159,2.095,139400000.0,1378800000.0,1480200000.0,1480200000.0,0.0,0.01,0.028,0.046,0.186,8400000.0,328700000.0,1.0,96004227.0,93145000,93649000.0,15.891,5454300000.0,151700000.0,34100000.0,558600000.0,58.557,203000000.0
12,KSU,MRY,2008-12-31,2008-12-31,2008-12-31,2021-10-19,-5600000.0,5439200000.0,5271550000.0,685600000.0,4753600000.0,0.351,22.845,-509300000.0,229900000.0,229900000.0,927000000.0,182100000.0,0.627,1.702,2086100000.0,637400000.0,1448700000.0,2086100000.0,0.0,167800000.0,0.0,0.0,0.0,384500000.0,552300000.0,0.298,552300000.0,384500000.0,245600000.0,1.99,1.84,1.99,1911500000.0,1843050000.0,1911500000.0,3552326106.0,9.0,6.432,-99900000.0,-1.194,1.0,925100000.0,0.499,0.0,138900000.0,6202600000.0,5094925000.0,96300000.0,60500000.0,0.0,60500000.0,3254000000.0,1092800000.0,2161200000.0,1739126106.0,174400000.0,-3400000.0,8600000.0,317300000.0,0.0,299400000.0,-534400000.0,0.0,409400000.0,0.0,181800000.0,166600000.0,166600000.0,0.0,300000.0,0.09,537700000.0,387400000.0,455400000.0,0.0,0.91,10.439,9.573,4598400000.0,15200000.0,19.05,0.939,0.861,163800000.0,1337600000.0,1852100000.0,1852100000.0,0.0,0.032,0.09,0.075,0.208,1800000.0,369900000.0,1.0,91292709.0,83674000,98602000.0,22.135,5439200000.0,99200000.0,63800000.0,492400000.0,65.005,-407200000.0
13,KSU,MRY,2007-12-31,2007-12-31,2007-12-31,2021-10-19,400000.0,4928200000.0,4766675000.0,645700000.0,4282500000.0,0.366,22.765,-380200000.0,55500000.0,55500000.0,837400000.0,154200000.0,0.588,1.855,1755900000.0,650900000.0,1105000000.0,1755900000.0,0.0,159000000.0,0.0,0.0,0.0,377600000.0,536600000.0,0.308,536600000.0,377600000.0,220900000.0,1.77,1.57,1.77,1726300000.0,1656275000.0,1726300000.0,4170171934.0,11.0,7.771,-12400000.0,-0.164,1.0,905400000.0,0.52,1215500000.0,156700000.0,4314400000.0,4324725000.0,90300000.0,79300000.0,0.0,79300000.0,3201900000.0,1098700000.0,2103200000.0,2639371934.0,-23500000.0,25400000.0,700000.0,15300000.0,0.0,-24500000.0,-366800000.0,14400000.0,367800000.0,0.0,153800000.0,134000000.0,134000000.0,0.0,400000.0,0.077,543000000.0,362400000.0,447800000.0,0.0,1.529,19.697,19.395,2917800000.0,19800000.0,34.33,1.514,1.494,243400000.0,1168900000.0,1742800000.0,1742800000.0,0.0,0.028,0.081,0.087,0.217,8700000.0,384000000.0,1.0,76882375.0,75832000,97616000.0,22.982,3712700000.0,177800000.0,67100000.0,499100000.0,48.96,-453000000.0
14,KSU,MRY,2006-12-31,2006-12-31,2006-12-31,2021-10-19,1300000.0,4637300000.0,4510675000.0,606000000.0,4031300000.0,0.368,21.214,-211800000.0,79000000.0,79000000.0,806800000.0,108900000.0,0.951,1.931,1673700000.0,41900000.0,1631800000.0,1673700000.0,0.0,155000000.0,0.0,0.0,0.0,321500000.0,476500000.0,0.287,476500000.0,321500000.0,154300000.0,1.2,1.08,1.2,1582400000.0,1520625000.0,1582400000.0,3810182941.0,12.0,7.996,55700000.0,0.747,1.0,852900000.0,0.514,1303300000.0,167200000.0,4291300000.0,4173550000.0,72500000.0,64900000.0,0.0,64900000.0,3054900000.0,637400000.0,2417500000.0,2197682941.0,47900000.0,38700000.0,8600000.0,-42200000.0,-4300000.0,-53600000.0,-166000000.0,-1100000.0,267500000.0,0.0,108900000.0,89400000.0,89400000.0,0.0,0.0,0.054,548600000.0,304300000.0,189900000.0,0.0,1.389,24.583,24.15,2452200000.0,19500000.0,28.98,1.324,1.302,334300000.0,1050700000.0,1659700000.0,1659700000.0,0.0,0.02,0.059,0.077,0.194,10000000.0,393600000.0,1.0,75834470.0,74593000,92386000.0,22.25,3334000000.0,136300000.0,45400000.0,417300000.0,44.696,-31400000.0
15,KSU,MRY,2005-12-31,2005-12-31,2005-12-31,2021-10-19,-400000.0,4423600000.0,3876925000.0,466800000.0,3956800000.0,0.349,18.883,-269400000.0,31100000.0,31100000.0,780500000.0,100900000.0,0.814,2.102,1701900000.0,38000000.0,1663900000.0,1701900000.0,0.0,127700000.0,0.0,0.0,0.0,227300000.0,355000000.0,0.263,355000000.0,227300000.0,93800000.0,1.21,1.1,1.21,1426200000.0,1299600000.0,1426200000.0,3538686364.0,16.0,9.968,-90600000.0,-1.2,1.0,571500000.0,0.423,1360400000.0,133500000.0,4160300000.0,3680725000.0,73900000.0,60300000.0,0.0,60300000.0,2997400000.0,573700000.0,2423700000.0,2012386364.0,-7500000.0,0.0,-198700000.0,123200000.0,-8700000.0,103200000.0,-289500000.0,-10500000.0,178800000.0,0.0,100900000.0,91400000.0,91400000.0,0.0,0.0,0.068,509200000.0,62300000.0,124300000.0,0.0,1.411,22.017,20.19,2298300000.0,9500000.0,24.43,1.488,1.365,315700000.0,946100000.0,1352000000.0,1352000000.0,0.0,0.024,0.07,0.062,0.168,42600000.0,381500000.0,1.0,82373572.0,75527000,92747000.0,17.901,3063200000.0,152200000.0,-7100000.0,409200000.0,40.558,-106900000.0
16,KSU,MRY,2004-12-31,2004-12-31,2004-12-31,2021-10-19,200000.0,2440600000.0,2301275000.0,253600000.0,2187000000.0,0.278,16.208,-112300000.0,38600000.0,38600000.0,221500000.0,24400000.0,1.032,1.401,665700000.0,9900000.0,655800000.0,665700000.0,0.0,53500000.0,0.0,0.0,0.0,92400000.0,145900000.0,0.228,145900000.0,92400000.0,48000000.0,0.25,0.25,0.25,1016500000.0,987775000.0,1016500000.0,1513455404.0,16.0,10.373,30400000.0,0.485,1.0,418000000.0,0.654,10600000.0,44400000.0,2811300000.0,2537250000.0,48200000.0,484900000.0,0.0,484900000.0,1424100000.0,245800000.0,1178300000.0,1112055404.0,-96800000.0,-55000000.0,7400000.0,138600000.0,-8700000.0,137300000.0,-376800000.0,500000.0,142700000.0,0.0,24400000.0,15700000.0,15700000.0,0.0,0.0,0.025,334500000.0,83500000.0,87500000.0,0.0,1.094,70.832,70.92,1424000000.0,8700000.0,17.73,1.739,1.739,139600000.0,853900000.0,639500000.0,639500000.0,0.0,0.007,0.016,0.036,0.144,0.0,213000000.0,1.0,62721681.0,62715000,63983000.0,10.197,2430000000.0,0.0,23600000.0,438900000.0,38.747,7800000.0
17,KSU,MRY,2003-12-31,2003-12-31,2003-12-31,2021-10-19,-500000.0,2152900000.0,2153725000.0,308100000.0,1844800000.0,0.27,15.613,-69000000.0,135400000.0,135400000.0,224700000.0,12200000.0,1.763,1.234,523400000.0,9900000.0,513500000.0,523400000.0,0.0,64300000.0,0.0,0.0,0.0,55800000.0,120100000.0,0.207,120100000.0,55800000.0,9400000.0,0.1,0.1,0.1,963700000.0,916625000.0,963700000.0,1237407971.0,22.0,10.303,-1000000.0,-0.016,1.0,356600000.0,0.613,10600000.0,46400000.0,2355500000.0,2367175000.0,36800000.0,442700000.0,0.0,442700000.0,1189200000.0,174800000.0,1014400000.0,888907971.0,116400000.0,-40400000.0,5300000.0,-59200000.0,-4700000.0,134400000.0,-86000000.0,32700000.0,68000000.0,0.0,12200000.0,6300000.0,6300000.0,0.0,0.0,0.011,327500000.0,29100000.0,45500000.0,0.0,0.922,141.097,143.2,1362500000.0,5900000.0,14.32,1.529,1.521,114600000.0,846200000.0,581300000.0,581300000.0,0.0,0.003,0.007,0.024,0.096,2500000.0,197800000.0,1.0,62074579.0,61725000,61725000.0,9.418,2142300000.0,0.0,-2800000.0,391500000.0,34.707,133300000.0
18,KSU,MRY,2002-12-31,2002-12-31,2002-12-31,2021-10-19,-2300000.0,2008800000.0,1995975000.0,216200000.0,1792600000.0,0.284,12.478,-59800000.0,19000000.0,19000000.0,197900000.0,57200000.0,1.16,1.668,582600000.0,10000000.0,572600000.0,582600000.0,0.0,61400000.0,0.0,0.0,0.0,109100000.0,170500000.0,0.301,170500000.0,109100000.0,64100000.0,0.94,0.91,0.94,752900000.0,723475000.0,752900000.0,1284656400.0,12.0,7.535,34000000.0,0.564,1.0,368300000.0,0.65,10600000.0,45000000.0,2375500000.0,2335375000.0,34200000.0,423100000.0,0.0,423100000.0,1255900000.0,186300000.0,1069600000.0,731456400.0,-5700000.0,-4400000.0,10300000.0,-76600000.0,-200000.0,-66500000.0,-33000000.0,31700000.0,93800000.0,0.0,57200000.0,57000000.0,57000000.0,0.0,0.0,0.101,320300000.0,48000000.0,47700000.0,0.0,0.972,12.833,12.766,1337400000.0,200000.0,12.0,1.292,1.279,118500000.0,748500000.0,566200000.0,566200000.0,0.0,0.029,0.079,0.047,0.193,4500000.0,197800000.0,1.0,60954700.0,60336000,62318000.0,9.384,1998200000.0,0.0,6900000.0,392800000.0,33.118,29900000.0
19,KSU,MRY,2001-12-31,2001-12-31,2001-12-31,2021-10-19,-2900000.0,2010900000.0,1968975000.0,254400000.0,1756500000.0,0.296,11.61,-47900000.0,24700000.0,24700000.0,199800000.0,30700000.0,1.03,1.956,658400000.0,46700000.0,611700000.0,658400000.0,0.0,58000000.0,0.0,0.0,0.0,86300000.0,144300000.0,0.247,144300000.0,86300000.0,33500000.0,0.52,0.5,0.52,680300000.0,662550000.0,680300000.0,1490709737.0,17.0,10.331,20800000.0,0.355,1.0,383400000.0,0.657,19300000.0,52800000.0,2378200000.0,2351950000.0,27900000.0,386800000.0,0.0,386800000.0,1330600000.0,247100000.0,1083500000.0,832809737.0,3200000.0,-8200000.0,8900000.0,-16700000.0,-200000.0,-9800000.0,-55700000.0,600000.0,68700000.0,0.0,30700000.0,30500000.0,30500000.0,0.0,0.0,0.052,328000000.0,55400000.0,50400000.0,0.0,1.224,27.305,27.173,1327400000.0,200000.0,14.13,1.428,1.42,130000000.0,676500000.0,583200000.0,583200000.0,0.0,0.015,0.046,0.037,0.148,5600000.0,192900000.0,1.0,58939118.0,58598000,60984000.0,9.953,1991600000.0,0.0,2800000.0,370200000.0,33.988,7300000.0
20,KSU,MRY,2000-12-31,2000-12-31,2000-12-31,2021-10-19,0.0,1944500000.0,2536525000.0,216400000.0,1728100000.0,0.228,11.357,-99000000.0,21500000.0,21500000.0,196000000.0,380500000.0,0.878,2.022,674600000.0,36200000.0,638400000.0,674600000.0,0.0,56100000.0,0.0,0.0,0.0,438800000.0,494900000.0,0.855,494900000.0,438800000.0,373000000.0,6.71,6.42,6.71,643400000.0,1118650000.0,643400000.0,1244148090.0,3.0,2.514,-24300000.0,-0.429,1.0,382700000.0,0.661,19900000.0,65800000.0,2331200000.0,2707175000.0,34000000.0,358200000.0,0.0,358200000.0,1301100000.0,246500000.0,1054600000.0,588948090.0,9600000.0,-4200000.0,17900000.0,19000000.0,-4800000.0,36700000.0,-101800000.0,0.0,74700000.0,0.0,380500000.0,380500000.0,380500000.0,-363800000.0,0.0,0.658,324900000.0,57800000.0,52900000.0,0.0,0.915,1.548,1.51,1327800000.0,0.0,10.13,1.018,0.992,135000000.0,636700000.0,578700000.0,578700000.0,0.0,0.15,0.34,0.162,0.758,9300000.0,197800000.0,1.0,58139002.0,56650000,58390000.0,10.215,1924600000.0,0.0,-7500000.0,332200000.0,33.974,-30100000.0
21,KSU,MRY,1999-12-31,1999-12-31,1999-12-31,2021-10-19,108900000.0,2672000000.0,2774350000.0,208500000.0,2463500000.0,0.217,23.269,-103400000.0,11900000.0,11900000.0,170200000.0,323300000.0,0.82,1.082,760900000.0,10900000.0,750000000.0,760900000.0,0.0,56900000.0,0.0,0.002,0.32,387700000.0,444600000.0,0.739,444600000.0,387700000.0,330300000.0,5.86,5.57,5.86,1283100000.0,1130075000.0,1283100000.0,8867214461.0,23.0,19.944,74600000.0,1.353,1.0,431200000.0,0.717,34400000.0,57400000.0,3132400000.0,3022300000.0,40500000.0,337100000.0,0.0,337100000.0,1388900000.0,254200000.0,1134700000.0,8247314461.0,6300000.0,12700000.0,12400000.0,-79900000.0,-17600000.0,-74500000.0,-97200000.0,0.0,178000000.0,0.0,323300000.0,323300000.0,323300000.0,-313100000.0,0.0,0.538,367100000.0,64100000.0,74800000.0,0.055,6.428,25.51,25.468,1277400000.0,0.0,149.24,13.714,13.684,132200000.0,1167000000.0,601400000.0,601400000.0,0.0,0.117,0.286,0.128,0.645,6400000.0,206000000.0,1.0,55262091.0,55142000,57025000.0,10.906,2637600000.0,0.0,7000000.0,297400000.0,47.833,-45700000.0
22,KSU,MRY,1998-12-31,1998-12-31,1998-12-31,2021-10-19,74900000.0,2337000000.0,2491075000.0,210200000.0,2126800000.0,0.246,17.052,-61500000.0,5600000.0,5600000.0,139900000.0,190200000.0,1.008,1.51,836300000.0,10700000.0,825600000.0,836300000.0,0.0,56700000.0,0.0,0.003,0.32,276900000.0,333600000.0,0.544,333600000.0,276900000.0,217300000.0,3.47,3.32,3.47,931200000.0,869050000.0,931200000.0,6218987213.0,22.0,18.642,80100000.0,1.467,1.0,473600000.0,0.772,29400000.0,59600000.0,2929800000.0,2876175000.0,47000000.0,327900000.0,0.0,327900000.0,1405800000.0,208500000.0,1197300000.0,5389887213.0,700000.0,-700000.0,17900000.0,-80300000.0,-17800000.0,-79400000.0,-61500000.0,0.0,141600000.0,0.0,190200000.0,190200000.0,190200000.0,-152200000.0,0.0,0.31,355400000.0,118200000.0,64100000.0,0.092,5.788,28.338,28.352,1229300000.0,0.0,98.38,8.785,8.757,131800000.0,849100000.0,613500000.0,613500000.0,0.0,0.076,0.219,0.096,0.451,12200000.0,190700000.0,1.0,54786412.0,54610000,56530000.0,11.234,2307600000.0,0.0,27100000.0,285200000.0,42.256,1700000.0
23,KSU,MRY,1997-12-31,1997-12-31,1997-12-31,2021-10-19,50800000.0,2434200000.0,2436050000.0,373100000.0,2061100000.0,0.434,12.455,-75200000.0,109400000.0,109400000.0,0.0,-14100000.0,0.853,2.591,916600000.0,110700000.0,805900000.0,916600000.0,0.0,75200000.0,0.0,0.005,0.293,118000000.0,193200000.0,0.183,193200000.0,118000000.0,54300000.0,-0.26,-0.26,-0.26,670100000.0,728600000.0,670100000.0,4315269029.0,37.0,22.336,171500000.0,3.188,1.0,1058300000.0,1.0,150400000.0,63700000.0,2653500000.0,2770850000.0,38400000.0,707900000.0,24400000.0,683500000.0,1735900000.0,437500000.0,1298400000.0,3417169029.0,40500000.0,-303500000.0,-23600000.0,229400000.0,-15200000.0,173200000.0,-379400000.0,-4700000.0,246700000.0,0.0,-14100000.0,-14100000.0,-14100000.0,0.0,0.0,-0.013,927500000.0,130800000.0,109000000.0,-1.127,5.099,-242.352,-244.231,1227200000.0,0.0,63.5,3.229,3.228,177000000.0,839300000.0,1058300000.0,1058300000.0,0.0,-0.006,-0.019,0.043,0.111,0.0,0.0,1.0,53813686.0,53801000,53801000.0,19.671,2283800000.0,0.0,68400000.0,332200000.0,42.449,-64400000.0
24,KSU,MRY,1996-12-31,1996-12-31,1996-12-31,2021-10-19,24900000.0,2084100000.0,2061850000.0,292100000.0,1792000000.0,0.411,12.316,43000000.0,22900000.0,22900000.0,0.0,150900000.0,1.194,1.964,645100000.0,7600000.0,637500000.0,645100000.0,0.0,76100000.0,0.0,0.009,0.267,281100000.0,357200000.0,0.422,357200000.0,281100000.0,221500000.0,2.66,2.62,2.66,696900000.0,689300000.0,696900000.0,,,,164000000.0,2.898,1.0,847300000.0,1.0,237500000.0,59600000.0,2224200000.0,2175700000.0,39300000.0,403000000.0,67800000.0,335200000.0,1368400000.0,244600000.0,1123800000.0,1621446120.0,-8900000.0,-41900000.0,-136700000.0,600000.0,-14800000.0,-150800000.0,20900000.0,16500000.0,121000000.0,0.0,150900000.0,150900000.0,150900000.0,0.0,0.0,0.178,575300000.0,272000000.0,102600000.0,0.1,2.327,10.745,11.278,1219300000.0,0.0,30.0,1.914,2.003,138100000.0,883300000.0,847300000.0,847300000.0,0.0,0.073,0.219,0.129,0.332,0.0,0.0,1.0,54048204.0,56584500,57640500.0,14.974,1846600000.0,0.0,70600000.0,337700000.0,32.634,47500000.0
25,KSU,MRY,1995-12-31,1995-12-31,1995-12-31,2021-10-19,6400000.0,2039600000.0,2135200000.0,281200000.0,1758400000.0,0.363,10.721,-111200000.0,31800000.0,31800000.0,0.0,236700000.0,0.878,1.972,644200000.0,10400000.0,633800000.0,644200000.0,0.0,75000000.0,0.0,0.007,0.2,495100000.0,570100000.0,0.735,570100000.0,495100000.0,429600000.0,3.72,3.6,3.72,681700000.0,669200000.0,681700000.0,,,,240700000.0,3.786,1.0,775200000.0,1.0,204400000.0,65500000.0,2127200000.0,2385050000.0,39800000.0,272100000.0,0.0,272100000.0,1344400000.0,320400000.0,1024000000.0,,19100000.0,181700000.0,-119900000.0,-273100000.0,-9900000.0,-402100000.0,69300000.0,-800000.0,351900000.0,0.0,236700000.0,236500000.0,236500000.0,0.0,0.0,0.305,591400000.0,183800000.0,96900000.0,0.054,,,8.199,1281900000.0,200000.0,30.5,,2.502,135600000.0,753800000.0,775200000.0,775200000.0,0.0,0.111,0.353,0.208,0.639,0.0,0.0,1.0,,63583500,65605500.0,12.192,1835200000.0,0.0,192900000.0,303600000.0,28.863,-39200000.0
26,KSU,MRY,1994-12-31,1994-12-31,1994-12-31,2021-10-19,-1800000.0,2230800000.0,,380100000.0,1850700000.0,,9.716,-268500000.0,12700000.0,12700000.0,0.0,104900000.0,1.119,2.381,985200000.0,56400000.0,928800000.0,985200000.0,0.0,119100000.0,0.0,0.008,0.158,222000000.0,341100000.0,0.313,341100000.0,222000000.0,168400000.0,1.547,1.547,1.547,656700000.0,,656700000.0,,,,-31100000.0,-0.46,1.0,1088400000.0,1.0,220800000.0,53600000.0,2642900000.0,,46600000.0,214600000.0,0.0,214600000.0,1563600000.0,339600000.0,1224000000.0,,6100000.0,-67200000.0,-5400000.0,134300000.0,-13300000.0,104400000.0,-335700000.0,5400000.0,237400000.0,0.0,104900000.0,104900000.0,104900000.0,0.0,0.0,0.096,901200000.0,187200000.0,140800000.0,0.102,,,13.307,1415300000.0,0.0,20.587,,1.278,232300000.0,530100000.0,1088400000.0,1088400000.0,0.0,,,,0.204,0.0,0.0,1.0,,67591500,67591500.0,16.103,2010000000.0,0.0,63500000.0,204200000.0,29.737,40500000.0
0,KSU,MRQ,2021-09-30,2021-09-30,2021-09-30,2021-10-19,45300000.0,10542800000.0,,921900000.0,9620900000.0,,43.006,-124500000.0,470000000.0,470000000.0,231800000.0,156500000.0,0.723,1.616,3824900000.0,8700000.0,3816200000.0,3824900000.0,0.0,90500000.0,0.0,0.008,0.54,255400000.0,345900000.0,0.465,345900000.0,255400000.0,216400000.0,1.72,1.71,1.72,3905200000.0,,3905200000.0,28120676665.0,78.0,38.894,198300000.0,2.184,1.0,512200000.0,0.688,0.0,39000000.0,12622600000.0,,128700000.0,54600000.0,0.0,54600000.0,6310000000.0,1275100000.0,5034900000.0,24618676665.0,144200000.0,-3500000.0,1700000.0,-2200000.0,-49100000.0,-49600000.0,-128300000.0,0.0,322800000.0,-700000.0,156200000.0,156100000.0,156100000.0,0.0,300000.0,0.21,260300000.0,251900000.0,1266400000.0,0.314,6.304,255.911,257.752,9247700000.0,100000.0,270.64,8.51,8.495,267300000.0,2929900000.0,744000000.0,744000000.0,0.0,,,,,6100000.0,133300000.0,1.0,90964664.0,90806000,91372000.0,8.193,10542800000.0,0.0,60200000.0,1067800000.0,116.102,-353200000.0
1,KSU,MRQ,2021-06-30,2021-06-30,2021-06-30,2021-10-19,46700000.0,10393700000.0,,812000000.0,9581700000.0,,41.745,-143200000.0,325800000.0,325800000.0,240800000.0,-378000000.0,0.653,1.657,3827800000.0,8500000.0,3819300000.0,3827800000.0,0.0,91200000.0,0.0,0.007,0.54,-421000000.0,-329800000.0,-0.44,-329800000.0,-421000000.0,-460100000.0,-4.17,-4.17,-4.17,3789100000.0,,3789100000.0,29332494187.0,77.0,39.42,137900000.0,1.519,1.0,508700000.0,0.679,0.0,39100000.0,12652900000.0,,135300000.0,50600000.0,0.0,50600000.0,6277300000.0,1242800000.0,5034500000.0,25767894187.0,65900000.0,-19800000.0,200000.0,-1900000.0,-49100000.0,-50800000.0,-165000000.0,0.0,281100000.0,600000.0,-378500000.0,-378600000.0,-378600000.0,0.0,500000.0,-0.505,940400000.0,-431700000.0,1234300000.0,-0.129,6.801,198.52,209.904,9210800000.0,100000.0,283.37,9.175,9.158,298900000.0,2822900000.0,749500000.0,749500000.0,0.0,,,,,6200000.0,128400000.0,1.0,90933741.0,90767000,90767000.0,8.257,10393700000.0,0.0,-81600000.0,1062200000.0,114.51,-430800000.0
2,KSU,MRQ,2021-03-31,2021-03-31,2021-03-31,2021-10-19,79800000.0,10207000000.0,,723300000.0,9483700000.0,,46.781,-104500000.0,259900000.0,259900000.0,212200000.0,153400000.0,1.498,1.327,3824500000.0,6500000.0,3818000000.0,3824500000.0,0.0,92000000.0,0.0,0.007,0.54,250500000.0,342500000.0,0.485,342500000.0,250500000.0,211500000.0,1.69,1.68,1.69,4245700000.0,,4245700000.0,27604563780.0,28.0,20.421,121700000.0,1.341,1.0,493800000.0,0.699,0.0,39000000.0,13288900000.0,,131600000.0,48000000.0,0.0,48000000.0,5634500000.0,482700000.0,5151800000.0,23976563780.0,71700000.0,-6800000.0,2300000.0,-1600000.0,-40200000.0,-39500000.0,-114000000.0,0.0,226200000.0,-1000000.0,153000000.0,153000000.0,153000000.0,0.0,400000.0,0.217,240800000.0,253000000.0,476200000.0,0.32,5.647,38.791,39.509,9093800000.0,0.0,263.92,9.197,9.188,271100000.0,3250600000.0,706000000.0,706000000.0,0.0,,,,,8200000.0,129500000.0,1.0,90847847.0,90757000,91286000.0,7.779,10207000000.0,0.0,58500000.0,1212700000.0,112.465,240600000.0
3,KSU,MRQ,2020-12-31,2020-12-31,2020-12-31,2021-10-19,400000.0,9964000000.0,,625800000.0,9338200000.0,,44.444,-106700000.0,188200000.0,188200000.0,205600000.0,166300000.0,1.314,1.375,3816200000.0,6400000.0,3809800000.0,3816200000.0,0.0,90000000.0,0.0,0.008,0.44,274400000.0,364400000.0,0.526,364400000.0,274400000.0,235300000.0,1.81,1.8,1.81,4057200000.0,,4057200000.0,22286884197.0,23.0,16.758,153400000.0,1.68,1.0,487800000.0,0.703,0.0,39100000.0,13115600000.0,,127200000.0,42600000.0,0.0,42600000.0,5580400000.0,476400000.0,5104000000.0,19106884197.0,-457800000.0,-1900000.0,-562700000.0,-6100000.0,-37600000.0,-606400000.0,-112800000.0,0.0,260100000.0,1300000.0,165700000.0,165700000.0,165700000.0,0.0,600000.0,0.239,225500000.0,262300000.0,470000000.0,0.243,4.709,30.977,31.07,9068700000.0,0.0,204.13,7.258,7.275,247100000.0,3219600000.0,693400000.0,693400000.0,0.0,,,,,4300000.0,121900000.0,1.0,93601549.0,91288000,91813000.0,7.596,9964000000.0,0.0,69600000.0,1185400000.0,109.149,149400000.0
4,KSU,MRQ,2020-09-30,2020-09-30,2020-09-30,2021-10-19,-16300000.0,10365600000.0,,1093800000.0,9271800000.0,,47.596,-105600000.0,646000000.0,646000000.0,181000000.0,190200000.0,2.292,1.247,3826000000.0,10900000.0,3815100000.0,3826000000.0,0.0,89200000.0,0.0,0.009,0.4,277800000.0,367000000.0,0.556,367000000.0,277800000.0,238300000.0,2.02,2.01,2.02,4468100000.0,,4468100000.0,20276078132.0,22.0,15.692,188800000.0,2.011,1.0,478600000.0,0.726,0.0,39500000.0,13068400000.0,,127900000.0,44100000.0,0.0,44100000.0,5571700000.0,477200000.0,5094500000.0,17061178132.0,25900000.0,-5400000.0,-109100000.0,-7100000.0,-37800000.0,-154000000.0,-114000000.0,0.0,294400000.0,-500000.0,189800000.0,189700000.0,189700000.0,0.0,400000.0,0.288,207100000.0,271500000.0,466300000.0,0.198,3.818,29.502,29.791,9043100000.0,100000.0,180.83,6.393,6.361,256000000.0,3552300000.0,659600000.0,659600000.0,0.0,,,,,5100000.0,117400000.0,1.0,94349268.0,93876000,94380000.0,7.026,10365600000.0,0.0,48500000.0,1177400000.0,110.418,616600000.0
5,KSU,MRQ,2020-06-30,2020-06-30,2020-06-30,2021-10-19,-19600000.0,10288100000.0,,1116200000.0,9171900000.0,,46.79,-91200000.0,620100000.0,620100000.0,163900000.0,110300000.0,2.443,1.254,3835000000.0,16300000.0,3818700000.0,3835000000.0,0.0,89300000.0,0.0,0.01,0.4,188600000.0,277900000.0,0.507,277900000.0,188600000.0,150500000.0,1.16,1.16,1.16,4420500000.0,,4420500000.0,17390069838.0,18.0,13.44,151100000.0,1.599,1.0,384000000.0,0.701,0.0,38100000.0,13046100000.0,,131200000.0,44000000.0,0.0,44000000.0,5543100000.0,456900000.0,5086200000.0,14185569838.0,529100000.0,-16300000.0,-99900000.0,536600000.0,-38300000.0,398400000.0,-110600000.0,0.0,242300000.0,-1000000.0,109700000.0,109700000.0,109700000.0,0.0,600000.0,0.2,203600000.0,180400000.0,440600000.0,0.345,3.209,24.944,25.476,9028200000.0,0.0,149.29,5.146,5.116,222800000.0,3510700000.0,547900000.0,547900000.0,0.0,,,,,3200000.0,103800000.0,1.0,95020228.0,94476000,94893000.0,5.799,10288100000.0,0.0,40800000.0,1165200000.0,108.896,659300000.0
6,KSU,MRQ,2020-03-31,2020-03-31,2020-03-31,2021-10-19,-25500000.0,9765700000.0,,621900000.0,9143800000.0,,46.394,-173700000.0,91000000.0,91000000.0,214100000.0,152300000.0,1.321,1.127,3295500000.0,17100000.0,3278400000.0,3295500000.0,0.0,89400000.0,0.0,0.012,0.4,231200000.0,320600000.0,0.438,320600000.0,231200000.0,197000000.0,1.59,1.58,1.59,4438100000.0,,4438100000.0,15411376549.0,16.0,11.68,109500000.0,1.145,1.0,517600000.0,0.707,0.0,34200000.0,12499500000.0,,143600000.0,45900000.0,0.0,45900000.0,5003700000.0,470700000.0,4533000000.0,12228476549.0,-57800000.0,-8600000.0,-107300000.0,-2400000.0,-38600000.0,-148300000.0,-188600000.0,0.0,283200000.0,-4100000.0,151800000.0,151700000.0,151700000.0,0.0,500000.0,0.207,228800000.0,288800000.0,453600000.0,0.252,2.755,20.807,21.232,9005400000.0,100000.0,127.18,4.184,4.162,269800000.0,3532000000.0,731700000.0,731700000.0,0.0,,,,,10300000.0,133400000.0,1.0,96150940.0,95662000,96171000.0,7.649,9765700000.0,0.0,45200000.0,1149200000.0,102.085,151200000.0
7,KSU,MRQ,2019-12-31,2019-12-31,2019-12-31,2021-10-19,-29100000.0,9786800000.0,,728600000.0,9058200000.0,,45.384,-115700000.0,148800000.0,148800000.0,230100000.0,127900000.0,1.483,1.14,3331700000.0,18000000.0,3313700000.0,3331700000.0,0.0,88000000.0,0.0,0.01,0.4,238600000.0,326600000.0,0.448,326600000.0,238600000.0,206800000.0,1.3,1.3,1.3,4422500000.0,,4422500000.0,17896259161.0,20.0,14.282,129500000.0,1.329,1.0,499400000.0,0.685,0.0,31800000.0,12478400000.0,,150600000.0,47600000.0,0.0,47600000.0,5040900000.0,491300000.0,4549600000.0,15181159161.0,87200000.0,-11600000.0,-547800000.0,561200000.0,-35700000.0,-22300000.0,-136000000.0,0.0,245200000.0,300000.0,127200000.0,127200000.0,127200000.0,0.0,700000.0,0.174,263400000.0,236000000.0,473300000.0,0.308,3.433,28.181,28.258,8964700000.0,0.0,153.16,5.297,5.307,274200000.0,3601300000.0,729500000.0,729500000.0,0.0,,,,,6700000.0,137100000.0,1.0,99119608.0,97447000,97956000.0,7.486,9786800000.0,0.0,79600000.0,1128000000.0,100.432,237300000.0
8,KSU,MRQ,2019-09-30,2019-09-30,2019-09-30,2021-10-19,-30600000.0,9698400000.0,,613900000.0,9084500000.0,,49.091,-149400000.0,61600000.0,61600000.0,232400000.0,180600000.0,0.781,0.923,2776700000.0,288800000.0,2487900000.0,2776700000.0,0.0,86500000.0,0.0,0.011,0.36,282300000.0,368800000.0,0.493,368800000.0,282300000.0,254400000.0,1.81,1.81,1.81,4874500000.0,,4874500000.0,16031039326.0,18.0,12.666,168200000.0,1.694,1.0,515300000.0,0.689,0.0,27900000.0,11627300000.0,,161800000.0,53500000.0,0.0,53500000.0,4501200000.0,786200000.0,3715000000.0,13289539326.0,14000000.0,-15000000.0,-98300000.0,-2300000.0,-36000000.0,-136600000.0,-166200000.0,0.0,317600000.0,-800000.0,180200000.0,180100000.0,180100000.0,0.0,400000.0,0.241,233300000.0,282000000.0,497400000.0,0.199,2.726,23.209,23.253,8984000000.0,100000.0,133.01,4.695,4.666,273400000.0,3951200000.0,747700000.0,747700000.0,0.0,,,,,4400000.0,134800000.0,1.0,99913836.0,99296000,99699000.0,7.53,9698400000.0,0.0,74200000.0,1100400000.0,97.672,-172300000.0
9,KSU,MRQ,2019-06-30,2019-06-30,2019-06-30,2021-10-19,-23300000.0,9638100000.0,,609700000.0,9028400000.0,,48.278,-161300000.0,47600000.0,47600000.0,239000000.0,129100000.0,0.795,0.929,2789100000.0,283900000.0,2505200000.0,2789100000.0,0.0,87700000.0,0.0,0.012,0.36,215800000.0,303500000.0,0.425,303500000.0,215800000.0,187800000.0,1.29,1.28,1.29,4829200000.0,,4829200000.0,14953708218.0,17.0,11.875,107200000.0,1.072,1.0,475000000.0,0.665,0.0,28000000.0,11612300000.0,,154500000.0,48000000.0,0.0,48000000.0,4486600000.0,767300000.0,3719300000.0,12253508218.0,-45100000.0,-24500000.0,-89300000.0,-3700000.0,-36200000.0,-129200000.0,-184400000.0,0.0,268500000.0,0.0,128700000.0,128700000.0,128700000.0,0.0,400000.0,0.18,267000000.0,208000000.0,483400000.0,0.279,2.537,21.649,21.676,8937800000.0,0.0,121.82,4.405,4.38,296300000.0,3898800000.0,714000000.0,714000000.0,0.0,,,,,6000000.0,128300000.0,1.0,100586999.0,100028000,100422000.0,7.138,9638100000.0,0.0,59100000.0,1088100000.0,96.354,-157600000.0
10,KSU,MRQ,2019-03-31,2019-03-31,2019-03-31,2021-10-19,-15800000.0,9637700000.0,,654400000.0,8983300000.0,,48.041,-177700000.0,92700000.0,92700000.0,229600000.0,103200000.0,1.362,0.929,2792900000.0,9700000.0,2783200000.0,2792900000.0,0.0,88500000.0,0.0,0.012,0.36,165700000.0,254200000.0,0.377,254200000.0,165700000.0,137500000.0,1.02,1.02,1.02,4828100000.0,,4828100000.0,14296101549.0,16.0,11.295,95000000.0,0.945,1.0,445200000.0,0.66,0.0,28200000.0,11857300000.0,,166200000.0,47800000.0,0.0,47800000.0,4487700000.0,480600000.0,4007100000.0,11707201549.0,-7800000.0,-13100000.0,-50100000.0,-4300000.0,-36400000.0,-90800000.0,-189700000.0,0.0,272700000.0,0.0,102800000.0,102700000.0,102700000.0,0.0,400000.0,0.152,284900000.0,160300000.0,470900000.0,0.353,2.425,19.995,20.066,8893400000.0,100000.0,115.98,4.257,4.238,277900000.0,3891100000.0,674800000.0,674800000.0,0.0,,,,,6000000.0,128900000.0,1.0,100941555.0,100500000,100915000.0,6.714,9637700000.0,0.0,34700000.0,1085200000.0,95.898,173800000.0
11,KSU,MRQ,2018-12-31,2018-12-31,2018-12-31,2021-10-19,-10900000.0,9469800000.0,,635400000.0,8834400000.0,,47.611,-122000000.0,100500000.0,100500000.0,239300000.0,161800000.0,1.421,0.901,2689400000.0,10100000.0,2679300000.0,2689400000.0,0.0,89600000.0,0.0,0.015,0.36,249600000.0,339200000.0,0.489,339200000.0,249600000.0,221400000.0,1.6,1.58,1.6,4813000000.0,,4813000000.0,12291120743.0,12.0,9.162,122100000.0,1.208,1.0,454700000.0,0.655,0.0,28200000.0,11611700000.0,,160300000.0,44900000.0,0.0,44900000.0,4337100000.0,447000000.0,3890100000.0,9707020743.0,-6600000.0,-11000000.0,-80200000.0,-2800000.0,-36600000.0,-119600000.0,-126900000.0,0.0,244100000.0,-4200000.0,161100000.0,161100000.0,161100000.0,0.0,700000.0,0.232,198300000.0,256400000.0,436900000.0,0.225,2.017,15.477,15.495,8691100000.0,0.0,95.45,3.577,3.582,301200000.0,3870600000.0,694000000.0,694000000.0,0.0,,,,,4400000.0,128300000.0,1.0,101697441.0,101090000,101508000.0,6.865,9469800000.0,0.0,60300000.0,1079900000.0,93.677,188400000.0
12,KSU,MRQ,2018-09-30,2018-09-30,2018-09-30,2021-10-19,-3400000.0,9409100000.0,,615900000.0,8793200000.0,,46.94,-128000000.0,107100000.0,107100000.0,241400000.0,174000000.0,1.322,0.905,2691200000.0,10500000.0,2680700000.0,2691200000.0,0.0,87500000.0,0.0,0.013,0.36,274900000.0,362400000.0,0.518,362400000.0,274900000.0,246600000.0,1.71,1.7,1.71,4771800000.0,,4771800000.0,14204588852.0,15.0,10.931,152000000.0,1.495,1.0,457600000.0,0.655,0.0,28300000.0,11527300000.0,,155200000.0,46500000.0,0.0,46500000.0,4318300000.0,465900000.0,3852400000.0,11572588852.0,46000000.0,-7600000.0,-53700000.0,-2700000.0,-36800000.0,-93200000.0,-140800000.0,0.0,280000000.0,0.0,173600000.0,173500000.0,173500000.0,0.0,400000.0,0.248,192200000.0,265400000.0,455400000.0,0.211,2.425,11.37,11.489,8644500000.0,100000.0,113.28,4.317,4.296,272000000.0,3818400000.0,699000000.0,699000000.0,0.0,,,,,4400000.0,123500000.0,1.0,102159153.0,101658000,102110000.0,6.876,9409100000.0,0.0,73000000.0,1069200000.0,92.556,150000000.0
13,KSU,MRQ,2018-06-30,2018-06-30,2018-06-30,2021-10-19,-7600000.0,9263100000.0,,527800000.0,8735300000.0,,45.817,-240700000.0,61100000.0,61100000.0,236000000.0,148700000.0,1.197,0.912,2693100000.0,10800000.0,2682300000.0,2693100000.0,0.0,86300000.0,0.0,0.014,0.36,223600000.0,309900000.0,0.454,309900000.0,223600000.0,195600000.0,1.45,1.45,1.45,4677600000.0,,4677600000.0,13433549192.0,15.0,10.7,44500000.0,0.436,1.0,446400000.0,0.654,0.0,28000000.0,11454200000.0,,154000000.0,45600000.0,0.0,45600000.0,4266900000.0,440900000.0,3826000000.0,10871549192.0,14100000.0,-22600000.0,-54200000.0,80100000.0,-37000000.0,-11100000.0,-260000000.0,0.0,285200000.0,0.0,148200000.0,148200000.0,148200000.0,0.0,500000.0,0.217,200600000.0,245800000.0,430100000.0,0.248,2.324,11.167,11.284,8595700000.0,0.0,105.96,4.121,4.101,250000000.0,3731700000.0,682400000.0,682400000.0,0.0,,,,,5800000.0,122300000.0,1.0,102600502.0,102092000,102492000.0,6.684,9263100000.0,0.0,47400000.0,1020800000.0,90.733,86900000.0
14,KSU,MRQ,2018-03-31,2018-03-31,2018-03-31,2021-10-19,-7900000.0,9128100000.0,,565900000.0,8562200000.0,,44.987,-119800000.0,47000000.0,47000000.0,224200000.0,144900000.0,0.687,0.909,2609000000.0,378800000.0,2230200000.0,2609000000.0,0.0,83300000.0,0.0,0.013,0.36,246800000.0,330100000.0,0.517,330100000.0,246800000.0,221300000.0,1.41,1.4,1.41,4614500000.0,,4614500000.0,13805738399.0,14.0,10.769,20800000.0,0.203,1.0,414400000.0,0.649,0.0,25500000.0,10866300000.0,,160800000.0,46500000.0,0.0,46500000.0,4196700000.0,823800000.0,3372900000.0,11320438399.0,-87100000.0,-4100000.0,-53600000.0,-12800000.0,-37100000.0,-103500000.0,-124200000.0,0.0,140600000.0,0.0,144500000.0,144400000.0,144400000.0,0.0,400000.0,0.226,195700000.0,218700000.0,445000000.0,0.255,2.453,11.796,11.927,8430600000.0,100000.0,109.85,4.334,4.314,271200000.0,3670200000.0,638600000.0,638600000.0,0.0,,,,,5800000.0,121600000.0,1.0,103053604.0,102574000,102976000.0,6.226,9128100000.0,0.0,76800000.0,1012700000.0,88.99,-257900000.0
15,KSU,MRQ,2017-12-31,2017-12-31,2017-12-31,2021-10-19,-12900000.0,9198700000.0,,680100000.0,8518600000.0,,44.155,-136300000.0,134100000.0,134100000.0,229600000.0,552400000.0,0.7,0.953,2619400000.0,383900000.0,2235500000.0,2619400000.0,0.0,79300000.0,0.0,0.013,0.36,217800000.0,297100000.0,0.45,297100000.0,217800000.0,192500000.0,5.29,5.28,5.29,4548900000.0,,4548900000.0,13441207192.0,14.0,10.391,158400000.0,1.538,1.0,430800000.0,0.652,0.0,25300000.0,10712300000.0,,150800000.0,44600000.0,0.0,44600000.0,4333300000.0,971700000.0,3361600000.0,10894807192.0,45700000.0,-2400000.0,-55000000.0,-17500000.0,-37400000.0,-109900000.0,-139100000.0,0.0,294700000.0,0.0,551700000.0,551700000.0,551700000.0,0.0,700000.0,0.835,193000000.0,237800000.0,587800000.0,0.068,2.395,11.328,11.462,8403800000.0,0.0,105.22,4.218,4.266,237800000.0,3611400000.0,660400000.0,660400000.0,0.0,,,,,3600000.0,122200000.0,1.0,103543121.0,103021000,103414000.0,6.41,9198700000.0,0.0,-359200000.0,987200000.0,89.29,-291600000.0
16,KSU,MRQ,2017-09-30,2017-09-30,2017-09-30,2021-10-19,-7900000.0,9100300000.0,,640500000.0,8459800000.0,,39.211,-181100000.0,88400000.0,88400000.0,223000000.0,129900000.0,0.693,1.147,2634800000.0,396400000.0,2238400000.0,2634800000.0,0.0,81900000.0,0.0,0.012,0.36,236500000.0,318400000.0,0.485,318400000.0,236500000.0,211300000.0,1.24,1.23,1.24,4090600000.0,,4090600000.0,13879472973.0,15.0,10.981,135700000.0,1.301,1.0,433600000.0,0.66,0.0,25200000.0,10721900000.0,,151200000.0,51900000.0,0.0,51900000.0,4693900000.0,924800000.0,3769100000.0,11457172973.0,-77900000.0,-17700000.0,-199500000.0,44200000.0,-34800000.0,-190100000.0,-204600000.0,0.0,316800000.0,0.0,129300000.0,129200000.0,129200000.0,0.0,600000.0,0.197,199800000.0,233800000.0,528400000.0,0.29,2.801,21.229,21.31,8335600000.0,100000.0,108.68,4.545,4.497,237200000.0,3160900000.0,656600000.0,656600000.0,0.0,,,,,4100000.0,129000000.0,1.0,105421172.0,104324000,104678000.0,6.294,9100300000.0,0.0,82000000.0,1432300000.0,87.231,-284300000.0
17,KSU,MRQ,2017-06-30,2017-06-30,2017-06-30,2021-10-19,-7200000.0,9067600000.0,,711400000.0,8356200000.0,,39.75,-146400000.0,166300000.0,166300000.0,224300000.0,134700000.0,0.866,1.088,2588600000.0,345000000.0,2243600000.0,2588600000.0,0.0,80400000.0,0.0,0.013,0.33,256000000.0,336400000.0,0.512,336400000.0,256000000.0,231000000.0,1.27,1.27,1.27,4192600000.0,,4192600000.0,13534561193.0,15.0,11.226,140900000.0,1.336,1.0,432100000.0,0.658,0.0,25000000.0,10668600000.0,,155400000.0,36200000.0,0.0,36200000.0,4559800000.0,821300000.0,3738500000.0,11101661193.0,43200000.0,-21900000.0,-64700000.0,30700000.0,-35100000.0,-69100000.0,-175000000.0,0.0,287300000.0,0.0,134400000.0,134400000.0,134400000.0,0.0,300000.0,0.205,192800000.0,239300000.0,476300000.0,0.26,2.648,20.907,21.014,8247300000.0,0.0,104.65,4.497,4.471,232900000.0,3238000000.0,656400000.0,656400000.0,0.0,,,,,5700000.0,125200000.0,1.0,106083719.0,105473000,105758000.0,6.223,9067600000.0,0.0,96600000.0,1385400000.0,85.971,-109900000.0
18,KSU,MRQ,2017-03-31,2017-03-31,2017-03-31,2021-10-19,-5400000.0,8878200000.0,,633000000.0,8245200000.0,,39.148,-155400000.0,123100000.0,123100000.0,213800000.0,146900000.0,0.894,1.061,2556000000.0,292400000.0,2263600000.0,2556000000.0,0.0,79300000.0,0.0,0.015,0.33,262300000.0,341600000.0,0.56,341600000.0,262300000.0,237600000.0,1.38,1.38,1.38,4154000000.0,,4154000000.0,11453360796.0,14.0,10.023,-25800000.0,-0.243,1.0,395700000.0,0.649,0.0,24700000.0,10602900000.0,,154900000.0,38000000.0,0.0,38000000.0,4409300000.0,708200000.0,3701100000.0,9145760796.0,-47500000.0,-4400000.0,-55700000.0,76200000.0,-35200000.0,-14700000.0,-162400000.0,0.0,129600000.0,0.0,146600000.0,146500000.0,146500000.0,0.0,300000.0,0.24,185000000.0,210700000.0,415800000.0,0.239,2.202,17.7,17.756,8132500000.0,100000.0,85.76,3.841,3.822,208500000.0,3196900000.0,609500000.0,609500000.0,0.0,,,,,4800000.0,117400000.0,1.0,106643666.0,106111000,106326000.0,5.744,8878200000.0,0.0,91000000.0,1331700000.0,83.669,-75200000.0
19,KSU,MRQ,2016-12-31,2016-12-31,2016-12-31,2021-10-19,-6200000.0,8817500000.0,,648000000.0,8169500000.0,,38.281,-157100000.0,170600000.0,170600000.0,207300000.0,130300000.0,0.87,1.079,2478200000.0,206700000.0,2271500000.0,2478200000.0,0.0,78100000.0,0.0,0.016,0.33,189500000.0,267600000.0,0.447,267600000.0,189500000.0,165000000.0,1.21,1.2,1.21,4089900000.0,,4089900000.0,11385782986.0,15.0,10.705,78300000.0,0.733,1.0,391200000.0,0.654,0.0,24500000.0,10380700000.0,,152600000.0,32900000.0,0.0,32900000.0,4413000000.0,744400000.0,3668600000.0,9128082986.0,-122500000.0,-1900000.0,-85600000.0,-77100000.0,-35600000.0,-195700000.0,-162200000.0,0.0,235400000.0,0.0,129600000.0,129600000.0,129600000.0,0.0,700000.0,0.217,180300000.0,210900000.0,537700000.0,0.273,2.232,19.1,19.11,8069700000.0,0.0,84.85,3.911,3.91,191000000.0,3134100000.0,598500000.0,598500000.0,0.0,,,,,4000000.0,115400000.0,1.0,107579057.0,106840000,107047000.0,5.602,8817500000.0,0.0,35400000.0,1289300000.0,82.53,-96400000.0
20,KSU,MRQ,2016-09-30,2016-09-30,2016-09-30,2021-10-19,-5700000.0,8829500000.0,,769000000.0,8060500000.0,,37.836,-166200000.0,293100000.0,293100000.0,215500000.0,121000000.0,1.022,1.091,2550800000.0,275100000.0,2275700000.0,2550800000.0,0.0,76900000.0,0.0,0.014,0.33,183100000.0,260000000.0,0.43,260000000.0,183100000.0,157900000.0,1.12,1.12,1.12,4071900000.0,,4071900000.0,12340719473.0,16.0,11.431,99300000.0,0.923,1.0,389000000.0,0.644,0.0,25200000.0,10335100000.0,,146000000.0,37900000.0,0.0,37900000.0,4443700000.0,752100000.0,3691600000.0,10077019473.0,-500000.0,-15500000.0,-39900000.0,-7800000.0,-35600000.0,-83300000.0,-182700000.0,0.0,265500000.0,0.0,120600000.0,120500000.0,120500000.0,0.0,400000.0,0.199,189200000.0,199800000.0,477000000.0,0.295,2.475,20.667,20.6,7951400000.0,100000.0,93.32,4.318,4.304,193700000.0,3116600000.0,604500000.0,604500000.0,0.0,,,,,4100000.0,127900000.0,1.0,107983492.0,107621000,107812000.0,5.617,8829500000.0,0.0,37300000.0,1308000000.0,82.043,16900000.0
21,KSU,MRQ,2016-06-30,2016-06-30,2016-06-30,2021-10-19,-5400000.0,8677400000.0,,723800000.0,7953600000.0,,37.325,-136400000.0,293600000.0,293600000.0,197900000.0,120500000.0,1.063,1.081,2557300000.0,275500000.0,2281800000.0,2557300000.0,0.0,75700000.0,0.0,0.015,0.33,197800000.0,273500000.0,0.481,273500000.0,197800000.0,173400000.0,1.12,1.11,1.12,4020600000.0,,4020600000.0,12058008019.0,15.0,11.118,121700000.0,1.13,1.0,370600000.0,0.652,0.0,24400000.0,10260400000.0,,141200000.0,34700000.0,0.0,34700000.0,4345700000.0,680700000.0,3665000000.0,9728608019.0,254400000.0,-10000000.0,-8000000.0,189300000.0,-35800000.0,143100000.0,-146800000.0,0.0,258100000.0,0.0,120100000.0,120100000.0,120100000.0,0.0,400000.0,0.211,150700000.0,219900000.0,405200000.0,0.295,2.42,19.512,19.542,7847800000.0,0.0,90.09,4.12,4.11,176900000.0,3068500000.0,568500000.0,568500000.0,0.0,,,,,5000000.0,109000000.0,1.0,107987657.0,107720000,107907000.0,5.278,8677400000.0,0.0,53300000.0,1268700000.0,80.555,43100000.0
22,KSU,MRQ,2016-03-31,2016-03-31,2016-03-31,2021-10-19,-4800000.0,8316000000.0,,451500000.0,7864500000.0,,36.475,-125500000.0,39200000.0,39200000.0,190400000.0,108100000.0,0.663,1.031,2368600000.0,329800000.0,2038800000.0,2368600000.0,0.0,74300000.0,0.0,0.015,0.33,188200000.0,262500000.0,0.467,262500000.0,188200000.0,164600000.0,1.0,0.99,1.0,3941400000.0,,3941400000.0,11535718358.0,15.0,10.867,34500000.0,0.319,1.0,372300000.0,0.662,0.0,23600000.0,9964700000.0,,141100000.0,38200000.0,0.0,38200000.0,4063900000.0,680700000.0,3383200000.0,9271218358.0,-97400000.0,-6600000.0,-51000000.0,-33900000.0,-35800000.0,-120900000.0,-136500000.0,0.0,160000000.0,0.0,107800000.0,107700000.0,107700000.0,0.0,300000.0,0.191,184400000.0,187900000.0,350900000.0,0.33,2.352,18.909,18.989,7757100000.0,100000.0,85.45,3.898,3.882,175400000.0,2991500000.0,562700000.0,562700000.0,0.0,,,,,6100000.0,110100000.0,1.0,108498752.0,108057000,108275000.0,5.207,8316000000.0,0.0,56800000.0,1228000000.0,76.959,-229200000.0
23,KSU,MRQ,2015-12-31,2015-12-31,2015-12-31,2021-10-19,-4700000.0,8341000000.0,,537000000.0,7804000000.0,,36.074,-161800000.0,136600000.0,136600000.0,201300000.0,140000000.0,0.709,1.052,2401100000.0,356100000.0,2045000000.0,2401100000.0,0.0,73900000.0,0.0,0.018,0.33,209700000.0,283600000.0,0.474,283600000.0,209700000.0,186000000.0,1.29,1.28,1.29,3914300000.0,,3914300000.0,10377418946.0,14.0,10.004,76200000.0,0.702,1.0,396700000.0,0.663,0.0,23700000.0,9847900000.0,,137900000.0,34700000.0,0.0,34700000.0,4116300000.0,757600000.0,3358700000.0,8149218946.0,20000000.0,-10900000.0,-57900000.0,74800000.0,-36100000.0,-39000000.0,-179000000.0,0.0,238000000.0,0.0,139300000.0,139300000.0,139300000.0,0.0,700000.0,0.233,177800000.0,218900000.0,401500000.0,0.256,2.082,16.862,16.932,7705400000.0,0.0,74.67,3.369,3.387,171900000.0,2964700000.0,598000000.0,598000000.0,0.0,,,,,4900000.0,103900000.0,1.0,109136453.0,108509000,108724000.0,5.511,8341000000.0,0.0,46700000.0,1191100000.0,76.869,-220600000.0
24,KSU,MRQ,2015-09-30,2015-09-30,2015-09-30,2021-10-19,-4600000.0,8322500000.0,,581500000.0,7741000000.0,,35.323,-244300000.0,116600000.0,116600000.0,227900000.0,131900000.0,1.249,1.068,2344800000.0,25300000.0,2319500000.0,2344800000.0,0.0,71400000.0,0.0,0.014,0.33,193500000.0,264900000.0,0.419,264900000.0,193500000.0,171600000.0,1.2,1.2,1.2,3874600000.0,,3874600000.0,12124225615.0,17.0,12.018,29400000.0,0.268,1.0,404000000.0,0.639,0.0,21900000.0,10085300000.0,,127700000.0,40000000.0,0.0,40000000.0,4138200000.0,465400000.0,3672800000.0,10029525615.0,65700000.0,-3300000.0,-115400000.0,199300000.0,-36500000.0,42500000.0,-250500000.0,0.0,273700000.0,0.0,131600000.0,131500000.0,131500000.0,0.0,300000.0,0.208,184100000.0,219900000.0,440100000.0,0.275,2.589,20.679,20.655,7616500000.0,100000.0,90.88,4.072,4.047,196300000.0,2913300000.0,631900000.0,631900000.0,0.0,,,,,2800000.0,112700000.0,1.0,110360097.0,109692000,109901000.0,5.761,8322500000.0,69800000.0,40000000.0,1210400000.0,75.872,116100000.0
25,KSU,MRQ,2015-06-30,2015-06-30,2015-06-30,2021-10-19,-3800000.0,8052300000.0,,523500000.0,7528800000.0,,35.239,-190700000.0,50900000.0,50900000.0,220200000.0,112200000.0,0.747,0.991,2145600000.0,317100000.0,1828500000.0,2145600000.0,0.0,70800000.0,0.0,0.013,0.33,179700000.0,250500000.0,0.428,250500000.0,179700000.0,162000000.0,1.01,1.01,1.01,3888100000.0,,3888100000.0,12145003818.0,16.0,11.79,44300000.0,0.402,1.0,365600000.0,0.624,0.0,17700000.0,9445800000.0,,134100000.0,36600000.0,0.0,36600000.0,3854800000.0,701200000.0,3153600000.0,10081703818.0,12500000.0,-2000000.0,-20600000.0,43500000.0,-36500000.0,-12800000.0,-209700000.0,0.0,235000000.0,0.0,111800000.0,111800000.0,111800000.0,0.0,400000.0,0.191,178800000.0,186800000.0,384100000.0,0.327,2.593,20.512,20.494,7419100000.0,0.0,91.2,4.018,4.011,195300000.0,2922600000.0,585800000.0,585800000.0,0.0,,,,,2900000.0,108000000.0,1.0,110544998.0,110334000,110515000.0,5.309,8052300000.0,71200000.0,50200000.0,1179400000.0,72.981,-177700000.0
26,KSU,MRQ,2015-03-31,2015-03-31,2015-03-31,2021-10-19,-3600000.0,7940600000.0,,515400000.0,7425200000.0,,34.716,-230800000.0,38400000.0,38400000.0,229200000.0,101200000.0,0.783,0.993,2101700000.0,268100000.0,1833600000.0,2101700000.0,0.0,68500000.0,0.0,0.011,0.33,169800000.0,238300000.0,0.395,238300000.0,169800000.0,151200000.0,0.91,0.91,0.91,3829500000.0,,3829500000.0,13238664578.0,17.0,12.521,-68300000.0,-0.619,1.0,373900000.0,0.62,0.0,18600000.0,9345500000.0,,127300000.0,40100000.0,0.0,40100000.0,3802100000.0,658400000.0,3143700000.0,11270764578.0,-309600000.0,-1900000.0,3900000.0,-214800000.0,-31000000.0,-238300000.0,-233800000.0,0.0,162500000.0,0.0,100800000.0,100700000.0,100700000.0,0.0,400000.0,0.167,195700000.0,178200000.0,390300000.0,0.363,2.943,22.121,22.095,7306000000.0,100000.0,102.08,4.381,4.377,204400000.0,2866000000.0,603100000.0,603100000.0,0.0,,,,,800000.0,117600000.0,1.0,110411095.0,110309000,110527000.0,5.467,7940600000.0,83800000.0,50400000.0,1164700000.0,71.985,-143000000.0
27,KSU,MRQ,2014-12-31,2014-12-31,2014-12-31,2021-10-19,-3200000.0,7976400000.0,,718200000.0,7258200000.0,,34.07,-270800000.0,348000000.0,348000000.0,238100000.0,141700000.0,0.799,1.042,2301400000.0,474900000.0,1826500000.0,2301400000.0,0.0,67300000.0,0.0,0.009,0.28,187800000.0,255100000.0,0.397,255100000.0,187800000.0,169500000.0,1.28,1.28,1.28,3755500000.0,,3755500000.0,15364374487.0,20.0,14.741,-46600000.0,-0.423,1.0,404400000.0,0.629,0.0,18300000.0,9031000000.0,,111000000.0,36400000.0,0.0,36400000.0,3912300000.0,898800000.0,3013500000.0,13467274487.0,62200000.0,-1100000.0,700000.0,132500000.0,-30900000.0,98100000.0,-260100000.0,0.0,224200000.0,0.0,141000000.0,141000000.0,141000000.0,0.0,700000.0,0.219,190500000.0,213900000.0,423900000.0,0.219,3.586,26.806,26.761,7154700000.0,0.0,122.03,5.226,5.216,181600000.0,2801700000.0,642500000.0,642500000.0,0.0,,,,,7500000.0,123200000.0,1.0,110360358.0,110229000,110496000.0,5.829,7976400000.0,0.0,28500000.0,1056200000.0,72.362,-180600000.0
28,KSU,MRQ,2014-09-30,2014-09-30,2014-09-30,2021-10-19,-2300000.0,7817000000.0,,780300000.0,7036700000.0,,33.092,-140800000.0,285800000.0,285800000.0,257900000.0,138400000.0,1.025,1.06,2182900000.0,336800000.0,1846100000.0,2182900000.0,0.0,65000000.0,0.0,0.009,0.28,221200000.0,286200000.0,0.422,286200000.0,221200000.0,203300000.0,1.25,1.25,1.25,3646100000.0,,3646100000.0,15380886578.0,19.0,14.716,144700000.0,1.313,1.0,419600000.0,0.619,0.0,17900000.0,8953200000.0,,122800000.0,43300000.0,0.0,43300000.0,3863900000.0,760900000.0,3103000000.0,13372886578.0,95600000.0,-800000.0,900000.0,-16900000.0,-30900000.0,-46700000.0,-143200000.0,0.0,285500000.0,0.0,138100000.0,138000000.0,138000000.0,0.0,300000.0,0.204,190200000.0,229400000.0,424100000.0,0.224,3.668,28.142,28.121,6909400000.0,100000.0,121.2,5.244,5.236,208500000.0,2691600000.0,677500000.0,677500000.0,0.0,,,,,1300000.0,125200000.0,1.0,110337348.0,110182000,110441000.0,6.149,7817000000.0,115400000.0,65200000.0,1128000000.0,70.946,19400000.0
29,KSU,MRQ,2014-06-30,2014-06-30,2014-06-30,2021-10-19,-2000000.0,7650700000.0,,708200000.0,6942500000.0,,32.091,-334100000.0,190200000.0,190200000.0,256100000.0,130200000.0,0.971,1.077,2198200000.0,345800000.0,1852400000.0,2198200000.0,0.0,63900000.0,0.0,0.009,0.28,213800000.0,277700000.0,0.427,277700000.0,213800000.0,195900000.0,1.18,1.18,1.18,3535100000.0,,3535100000.0,13750734299.0,18.0,13.532,-81100000.0,-0.736,1.0,393600000.0,0.606,0.0,17900000.0,8929700000.0,,125800000.0,38900000.0,0.0,38900000.0,3808900000.0,729000000.0,3079900000.0,11861034299.0,22700000.0,-5200000.0,200000.0,140600000.0,-31000000.0,109400000.0,-339700000.0,0.0,253000000.0,0.0,129800000.0,129800000.0,129800000.0,0.0,400000.0,0.2,187800000.0,205800000.0,383200000.0,0.237,3.355,26.04,25.969,6825800000.0,0.0,107.51,4.755,4.748,213100000.0,2584500000.0,649700000.0,649700000.0,0.0,,,,,2800000.0,115500000.0,1.0,110324940.0,110160000,110397000.0,5.898,7650700000.0,123300000.0,66100000.0,1097900000.0,69.451,-20800000.0
30,KSU,MRQ,2014-03-31,2014-03-31,2014-03-31,2021-10-19,-2000000.0,7361000000.0,,691700000.0,6669300000.0,,31.185,-224600000.0,167500000.0,167500000.0,245000000.0,94000000.0,1.204,1.055,2057200000.0,199900000.0,1857300000.0,2057200000.0,0.0,61900000.0,0.0,0.009,0.28,161400000.0,223300000.0,0.368,223300000.0,161400000.0,142700000.0,0.85,0.85,0.85,3433000000.0,,3433000000.0,13011215556.0,21.0,15.453,-81300000.0,-0.739,1.0,362400000.0,0.597,0.0,18700000.0,8676400000.0,,131800000.0,40800000.0,0.0,40800000.0,3621700000.0,574300000.0,3047400000.0,11251815556.0,-262000000.0,-19600000.0,200000.0,-140600000.0,-23800000.0,-165400000.0,-239900000.0,0.0,143300000.0,0.0,93700000.0,93600000.0,93600000.0,0.0,300000.0,0.154,202400000.0,160000000.0,374400000.0,0.329,3.278,32.987,32.923,6540900000.0,100000.0,102.06,4.642,4.635,195600000.0,2485600000.0,607400000.0,607400000.0,0.0,,,,,-900000.0,110600000.0,1.0,110247066.0,110086000,110403000.0,5.518,7361000000.0,125600000.0,49000000.0,1067400000.0,66.866,117400000.0
31,KSU,MRQ,2013-12-31,2013-12-31,2013-12-31,2021-10-19,-2000000.0,7435400000.0,,942400000.0,6493000000.0,,30.635,-267700000.0,429500000.0,429500000.0,248000000.0,114400000.0,1.29,1.115,2188900000.0,332000000.0,1856900000.0,2188900000.0,0.0,58300000.0,0.0,0.007,0.215,199700000.0,258000000.0,0.419,258000000.0,199700000.0,180300000.0,1.03,1.03,1.03,3370600000.0,,3370600000.0,15331714647.0,24.0,17.961,-41900000.0,-0.381,1.0,367600000.0,0.597,0.0,19400000.0,8464200000.0,,121300000.0,41100000.0,0.0,41100000.0,3758800000.0,730600000.0,3028200000.0,13647214647.0,333600000.0,-6600000.0,600000.0,408300000.0,-23600000.0,377300000.0,-269500000.0,0.0,225800000.0,0.0,113800000.0,113800000.0,113800000.0,0.0,600000.0,0.185,171500000.0,196100000.0,398600000.0,0.209,4.049,38.859,38.818,6356300000.0,0.0,123.83,5.76,5.748,198300000.0,2422900000.0,615600000.0,615600000.0,0.0,,,,,1800000.0,113200000.0,1.0,110209276.0,110024000,110409000.0,5.595,7435400000.0,131600000.0,66500000.0,1044600000.0,67.58,211800000.0
32,KSU,MRQ,2013-09-30,2013-09-30,2013-09-30,2021-10-19,-2100000.0,6881000000.0,,617700000.0,6263300000.0,,29.793,-114000000.0,95900000.0,95900000.0,252700000.0,119000000.0,1.358,1.006,1780400000.0,51800000.0,1728600000.0,1780400000.0,0.0,57200000.0,0.0,0.008,0.215,200000000.0,257200000.0,0.414,257200000.0,200000000.0,181700000.0,1.08,1.07,1.08,3277300000.0,,3277300000.0,13837685556.0,23.0,16.857,132100000.0,1.201,1.0,368900000.0,0.593,0.0,18300000.0,8110700000.0,,135400000.0,42600000.0,0.0,42600000.0,3298300000.0,454800000.0,2843500000.0,12053685556.0,65900000.0,-2400000.0,0.0,-33600000.0,-23800000.0,-60600000.0,-119600000.0,0.0,246100000.0,0.0,118400000.0,118300000.0,118300000.0,0.0,600000.0,0.19,168600000.0,200300000.0,403000000.0,0.199,3.678,36.615,36.453,6120400000.0,100000.0,109.36,5.191,5.181,211500000.0,2332900000.0,621600000.0,621600000.0,0.0,,,,,2600000.0,111400000.0,1.0,110220241.0,110003000,110373000.0,5.651,6881000000.0,96700000.0,63300000.0,985400000.0,62.553,162900000.0
33,KSU,MRQ,2013-06-30,2013-06-30,2013-06-30,2021-10-19,-2100000.0,6729900000.0,,543700000.0,6186200000.0,,28.904,-306900000.0,30000000.0,30000000.0,235200000.0,15700000.0,1.344,1.021,1814000000.0,48300000.0,1765700000.0,1814000000.0,0.0,54700000.0,0.0,0.008,0.215,48800000.0,103500000.0,0.179,103500000.0,48800000.0,29600000.0,0.14,0.14,0.14,3178500000.0,,3178500000.0,13204780799.0,22.0,16.473,-106100000.0,-0.965,1.0,344100000.0,0.594,0.0,19200000.0,8109300000.0,,139100000.0,38000000.0,0.0,38000000.0,3246600000.0,404600000.0,2842000000.0,11674880799.0,-33700000.0,-9700000.0,500000.0,215000000.0,-23800000.0,86900000.0,-321400000.0,0.0,200800000.0,0.0,15400000.0,15400000.0,15400000.0,0.0,300000.0,0.027,164800000.0,179300000.0,356300000.0,1.536,3.673,38.8,38.672,6063500000.0,0.0,105.96,5.125,5.115,199600000.0,2238200000.0,579300000.0,579300000.0,0.0,,,,,3300000.0,110100000.0,1.0,110181963.0,109968000,110323000.0,5.268,6729900000.0,89100000.0,14200000.0,944300000.0,61.199,139100000.0
34,KSU,MRQ,2013-03-31,2013-03-31,2013-03-31,2021-10-19,-1800000.0,6473500000.0,,543000000.0,5930500000.0,,28.957,-109800000.0,63700000.0,63700000.0,229900000.0,104200000.0,1.045,0.938,1593600000.0,162500000.0,1431100000.0,1593600000.0,0.0,53100000.0,0.0,0.009,0.215,181800000.0,234900000.0,0.425,234900000.0,181800000.0,158100000.0,0.94,0.94,0.94,3182600000.0,,3182600000.0,13751349465.0,19.0,14.542,15800000.0,0.144,1.0,322900000.0,0.584,0.0,23700000.0,7484000000.0,,140400000.0,56600000.0,0.0,56600000.0,2986400000.0,519400000.0,2467000000.0,12216149465.0,-8900000.0,-12900000.0,400000.0,-14500000.0,0.0,-11700000.0,-122800000.0,0.0,125600000.0,0.0,103800000.0,103700000.0,103700000.0,0.0,400000.0,0.188,160000000.0,162900000.0,356900000.0,0.229,3.838,30.096,29.973,5745700000.0,100000.0,110.9,5.444,5.432,202400000.0,2246600000.0,552800000.0,552800000.0,0.0,,,,,1700000.0,106900000.0,1.0,110154639.0,109907000,110265000.0,5.03,6473500000.0,87700000.0,54300000.0,909400000.0,58.9,23600000.0
35,KSU,MRQ,2012-12-31,2012-12-31,2012-12-31,2021-10-19,-2400000.0,6395900000.0,,522300000.0,5873600000.0,,28.203,-218300000.0,72600000.0,72600000.0,235900000.0,92500000.0,1.23,0.967,1607800000.0,60200000.0,1547600000.0,1607800000.0,0.0,51900000.0,0.0,0.009,0.195,173400000.0,225300000.0,0.396,225300000.0,173400000.0,149600000.0,0.84,0.84,0.84,3096600000.0,,3096600000.0,10608302755.0,15.0,11.613,-61100000.0,-0.556,1.0,332500000.0,0.585,0.0,23800000.0,7506300000.0,,125600000.0,51500000.0,0.0,51500000.0,2995200000.0,424800000.0,2570400000.0,9186502755.0,-114400000.0,-3800000.0,800000.0,-12200000.0,-43000000.0,-47900000.0,-223700000.0,0.0,157200000.0,0.0,91800000.0,91800000.0,91800000.0,0.0,700000.0,0.162,158900000.0,173600000.0,364600000.0,0.232,2.967,24.361,24.267,5684800000.0,0.0,83.48,4.104,4.091,183600000.0,2166500000.0,568400000.0,568400000.0,0.0,,,,,-6900000.0,107000000.0,1.0,110044355.0,109796000,110137000.0,5.177,6395900000.0,92100000.0,57800000.0,894200000.0,58.253,97500000.0
36,KSU,MRQ,2012-09-30,2012-09-30,2012-09-30,2021-10-19,-2300000.0,6424200000.0,,682400000.0,5741800000.0,,27.498,-98600000.0,187000000.0,187000000.0,238500000.0,90700000.0,1.398,1.031,1608800000.0,51800000.0,1557000000.0,1608800000.0,0.0,49800000.0,0.0,0.008,0.195,188100000.0,237900000.0,0.412,237900000.0,188100000.0,164000000.0,0.82,0.82,0.82,3017600000.0,,3017600000.0,9854036687.0,15.0,11.417,107300000.0,0.978,1.0,338900000.0,0.587,0.0,24100000.0,7357900000.0,,123600000.0,59700000.0,0.0,59700000.0,3111000000.0,488100000.0,2622900000.0,8336636687.0,81500000.0,-4800000.0,200000.0,-14300000.0,-21500000.0,-27500000.0,-96900000.0,0.0,205900000.0,0.0,90100000.0,90000000.0,90000000.0,0.0,600000.0,0.156,158200000.0,180700000.0,436300000.0,0.238,2.763,21.887,21.776,5551600000.0,100000.0,75.78,3.789,3.779,200800000.0,2096200000.0,577400000.0,577400000.0,0.0,,,,,-5500000.0,108400000.0,1.0,110011041.0,109739000,110127000.0,5.262,6424200000.0,135700000.0,73900000.0,892000000.0,58.541,194300000.0
37,KSU,MRQ,2012-06-30,2012-06-30,2012-06-30,2021-10-19,-2500000.0,6290800000.0,,627400000.0,5663400000.0,,26.779,-111700000.0,105500000.0,105500000.0,230000000.0,120900000.0,1.409,1.041,1622900000.0,52200000.0,1570700000.0,1622900000.0,0.0,48700000.0,0.0,0.006,0.39,198800000.0,247500000.0,0.454,247500000.0,198800000.0,173500000.0,1.1,1.09,1.1,2937400000.0,,2937400000.0,9180785356.0,14.0,10.816,58900000.0,0.537,1.0,315300000.0,0.578,0.0,25300000.0,7362800000.0,,117300000.0,54500000.0,0.0,54500000.0,3058400000.0,445400000.0,2613000000.0,7650685356.0,3700000.0,-19900000.0,600000.0,-12400000.0,-21500000.0,-36700000.0,-130200000.0,0.0,170600000.0,0.0,120400000.0,120400000.0,120400000.0,0.0,500000.0,0.221,111500000.0,203800000.0,393200000.0,0.355,2.605,19.582,19.485,5479100000.0,0.0,69.56,3.53,3.52,184800000.0,2027700000.0,545300000.0,545300000.0,0.0,,,,,1600000.0,105800000.0,1.0,109986851.0,109689000,110056000.0,4.971,6290800000.0,164600000.0,53100000.0,868100000.0,57.351,182000000.0
38,KSU,MRQ,2012-03-31,2012-03-31,2012-03-31,2021-10-19,-1900000.0,6254000000.0,,683900000.0,5570100000.0,,25.868,-96700000.0,101800000.0,101800000.0,232000000.0,75300000.0,1.532,1.102,1631900000.0,46400000.0,1585500000.0,1631900000.0,0.0,48400000.0,0.0,0.0,0.0,154400000.0,202800000.0,0.37,202800000.0,154400000.0,127200000.0,0.68,0.68,0.68,2835700000.0,,2835700000.0,9447927246.0,16.0,11.916,42800000.0,0.39,1.0,315500000.0,0.576,0.0,27200000.0,7337600000.0,,120900000.0,57500000.0,0.0,57500000.0,3123800000.0,446500000.0,2677300000.0,7881227246.0,29400000.0,-6700000.0,300000.0,-7400000.0,-100000.0,-9000000.0,-101100000.0,0.0,139500000.0,0.0,75000000.0,74900000.0,74900000.0,0.0,300000.0,0.137,157700000.0,157800000.0,400100000.0,0.0,2.779,23.112,22.978,5388000000.0,100000.0,71.69,3.653,3.643,186600000.0,1928800000.0,547500000.0,547500000.0,0.0,,,,,-10000000.0,109300000.0,1.0,109934820.0,109622000,109996000.0,4.994,6254000000.0,205100000.0,52200000.0,863400000.0,57.051,237400000.0
39,KSU,MRQ,2011-12-31,2011-12-31,2011-12-31,2021-10-19,-2200000.0,6145100000.0,,642500000.0,5502600000.0,,25.229,-207800000.0,72400000.0,72400000.0,223100000.0,96000000.0,1.469,1.116,1639100000.0,36300000.0,1602800000.0,1639100000.0,0.0,47100000.0,0.0,0.0,0.0,127800000.0,174900000.0,0.33,174900000.0,127800000.0,96400000.0,0.88,0.87,0.88,2764500000.0,,2764500000.0,8965872825.0,15.0,11.664,-34900000.0,-0.319,1.0,307200000.0,0.579,0.0,31400000.0,7274400000.0,,109600000.0,50400000.0,0.0,50400000.0,3086400000.0,437400000.0,2649000000.0,7470472825.0,-144700000.0,-4300000.0,300000.0,-81400000.0,-100000.0,-99400000.0,-218200000.0,10000000.0,172900000.0,0.0,95700000.0,95600000.0,95600000.0,0.0,300000.0,0.18,156800000.0,150400000.0,401100000.0,0.0,2.702,22.727,22.372,5321600000.0,100000.0,68.01,3.56,3.507,166000000.0,1875300000.0,530300000.0,530300000.0,0.0,,,,,1900000.0,109700000.0,1.0,109843741.0,109576000,109908000.0,4.84,6145100000.0,225000000.0,700000.0,861400000.0,56.081,205100000.0
40,KSU,MRQ,2011-09-30,2011-09-30,2011-09-30,2021-10-19,-1900000.0,6066000000.0,,723700000.0,5342300000.0,,24.371,-110300000.0,217100000.0,217100000.0,231100000.0,100100000.0,1.656,1.166,1712500000.0,36300000.0,1676200000.0,1712500000.0,0.0,47900000.0,0.0,0.0,0.0,175700000.0,223600000.0,0.411,223600000.0,175700000.0,143500000.0,0.91,0.91,0.91,2669000000.0,,2669000000.0,6963253973.0,12.0,9.153,85900000.0,0.784,1.0,313400000.0,0.576,0.0,32200000.0,7124500000.0,,116000000.0,55200000.0,0.0,55200000.0,3111100000.0,436900000.0,2674200000.0,5486453973.0,61100000.0,-4800000.0,600000.0,-12300000.0,0.0,-17000000.0,-118100000.0,0.0,196200000.0,0.0,99800000.0,99800000.0,99800000.0,0.0,300000.0,0.183,131600000.0,181800000.0,400600000.0,0.0,2.056,19.257,18.712,5159500000.0,0.0,49.96,2.681,2.673,186900000.0,1779700000.0,544500000.0,544500000.0,0.0,,,,,1100000.0,109300000.0,1.0,109816933.0,109515000,109862000.0,4.972,6066000000.0,132100000.0,43700000.0,768400000.0,55.39,286800000.0
41,KSU,MRQ,2011-06-30,2011-06-30,2011-06-30,2021-10-19,-900000.0,5825700000.0,,661500000.0,5164200000.0,,23.466,-73200000.0,156000000.0,156000000.0,233400000.0,71700000.0,1.63,1.158,1632800000.0,18200000.0,1614600000.0,1632800000.0,0.0,45500000.0,0.0,0.0,0.0,146100000.0,191600000.0,0.358,191600000.0,146100000.0,113700000.0,0.65,0.64,0.65,2567800000.0,,2567800000.0,8044141272.0,15.0,11.376,78600000.0,0.718,1.0,301500000.0,0.564,0.0,32400000.0,6896700000.0,,115400000.0,48800000.0,0.0,48800000.0,2972300000.0,405800000.0,2566500000.0,6510841272.0,54500000.0,-17500000.0,800000.0,-3800000.0,-2900000.0,-16000000.0,-81300000.0,0.0,151800000.0,0.0,70800000.0,70700000.0,70700000.0,0.0,900000.0,0.132,149900000.0,151600000.0,387600000.0,0.0,2.536,27.67,26.369,4994100000.0,100000.0,59.33,3.355,3.346,195800000.0,1679900000.0,534900000.0,534900000.0,0.0,,,,,1300000.0,104400000.0,1.0,109739445.0,109428000,109810000.0,4.888,5825700000.0,136300000.0,42900000.0,730100000.0,53.238,255700000.0
42,KSU,MRQ,2011-03-31,2011-03-31,2011-03-31,2021-10-19,-900000.0,5700300000.0,,604700000.0,5095600000.0,,23.937,-93700000.0,101500000.0,101500000.0,214700000.0,64100000.0,1.555,1.171,1634800000.0,18200000.0,1616600000.0,1634800000.0,0.0,45700000.0,0.0,0.0,0.0,132900000.0,178600000.0,0.366,178600000.0,132900000.0,99800000.0,0.6,0.58,0.6,2495900000.0,,2495900000.0,7144894073.0,15.0,10.804,23400000.0,0.224,1.0,273900000.0,0.561,0.0,33100000.0,6844800000.0,,107700000.0,50400000.0,0.0,50400000.0,2921700000.0,388800000.0,2532900000.0,5590594073.0,16100000.0,-6700000.0,400000.0,-5800000.0,0.0,-8200000.0,-92800000.0,0.0,117100000.0,0.0,64000000.0,62600000.0,62600000.0,0.0,100000.0,0.128,146100000.0,127800000.0,370600000.0,0.0,2.24,28.065,27.923,4934100000.0,1400000.0,54.45,2.994,3.041,180700000.0,1609200000.0,488600000.0,488600000.0,0.0,,,,,4000000.0,100400000.0,1.0,102673904.0,104269000,109751000.0,4.686,5700300000.0,142000000.0,35800000.0,693600000.0,54.669,215900000.0
43,KSU,MRQ,2010-12-31,2010-12-31,2010-12-31,2021-10-19,-1400000.0,5640900000.0,,576200000.0,5064700000.0,,23.787,-84900000.0,85400000.0,85400000.0,199800000.0,55600000.0,1.368,1.204,1639700000.0,18100000.0,1621600000.0,1639700000.0,0.0,46100000.0,0.0,0.0,0.0,120900000.0,167000000.0,0.349,167000000.0,120900000.0,85300000.0,0.51,0.5,0.51,2431100000.0,,2431100000.0,6475350208.0,14.0,10.239,51500000.0,0.504,1.0,278800000.0,0.583,0.0,35600000.0,6774100000.0,,101400000.0,46400000.0,0.0,46400000.0,2927200000.0,421100000.0,2506100000.0,4910950208.0,16600000.0,-7000000.0,1300000.0,2300000.0,-11000000.0,-34000000.0,-85800000.0,0.0,136400000.0,0.0,54600000.0,51800000.0,51800000.0,0.0,1000000.0,0.108,143700000.0,135100000.0,403000000.0,0.0,2.02,29.025,28.32,4902400000.0,2800000.0,47.86,2.706,2.639,160000000.0,1548000000.0,478600000.0,478600000.0,0.0,,,,,17200000.0,97600000.0,1.0,102610744.0,102205000,109670000.0,4.683,5640900000.0,138200000.0,30700000.0,654500000.0,55.192,155100000.0
44,KSU,MRQ,2010-09-30,2010-09-30,2010-09-30,2021-10-19,-1900000.0,5629100000.0,,665900000.0,4963200000.0,,23.412,-76700000.0,68800000.0,68800000.0,188900000.0,52800000.0,1.507,1.238,1633200000.0,22300000.0,1610900000.0,1633200000.0,0.0,46100000.0,0.0,0.0,0.0,123800000.0,169900000.0,0.388,169900000.0,123800000.0,87600000.0,0.49,0.48,0.49,2389900000.0,,2389900000.0,5452279557.0,13.0,8.996,62900000.0,0.616,1.0,249400000.0,0.569,0.0,36200000.0,6751600000.0,,106100000.0,46800000.0,0.0,46800000.0,2957600000.0,441900000.0,2515700000.0,3836579557.0,-15500000.0,-7700000.0,100000.0,-68000000.0,0.0,-74800000.0,-80300000.0,0.0,139600000.0,0.0,52900000.0,50200000.0,50200000.0,0.0,-100000.0,0.115,133400000.0,116000000.0,419600000.0,0.0,1.605,25.628,24.612,4821700000.0,2700000.0,37.41,2.201,2.191,173900000.0,1496100000.0,438300000.0,438300000.0,0.0,,,,,1400000.0,87300000.0,1.0,102554920.0,102082000,109510000.0,4.294,5629100000.0,202500000.0,34700000.0,674800000.0,55.143,224000000.0
45,KSU,MRQ,2010-06-30,2010-06-30,2010-06-30,2021-10-19,-2700000.0,5546000000.0,,620800000.0,4925200000.0,,23.393,-66400000.0,84300000.0,84300000.0,193800000.0,37400000.0,1.334,1.252,1700000000.0,84700000.0,1615300000.0,1700000000.0,0.0,46900000.0,0.0,0.0,0.0,98900000.0,145800000.0,0.316,145800000.0,98900000.0,57000000.0,0.35,0.34,0.35,2337100000.0,,2337100000.0,5360698175.0,14.0,9.488,42400000.0,0.424,1.0,267800000.0,0.58,0.0,41900000.0,6696500000.0,,106100000.0,46400000.0,0.0,46400000.0,2927200000.0,465200000.0,2462000000.0,3515498175.0,-41800000.0,-5700000.0,215100000.0,-283300000.0,0.0,-87000000.0,-63600000.0,0.0,108800000.0,0.0,37400000.0,34600000.0,34600000.0,0.0,0.0,0.075,140600000.0,127200000.0,380500000.0,0.0,1.504,28.147,27.962,4789600000.0,2800000.0,36.35,2.079,2.148,176400000.0,1445900000.0,461600000.0,461600000.0,0.0,,,,,-2500000.0,93700000.0,1.0,96712467.0,99907000,100366000.0,4.62,5546000000.0,166500000.0,19600000.0,604500000.0,55.512,155600000.0
46,KSU,MRQ,2010-03-31,2010-03-31,2010-03-31,2021-10-19,-3500000.0,5549100000.0,,661800000.0,4887300000.0,,21.712,-51000000.0,126100000.0,126100000.0,191600000.0,34200000.0,1.483,1.53,1971300000.0,64400000.0,1906900000.0,1971300000.0,0.0,45800000.0,0.0,0.0,0.0,103900000.0,149700000.0,0.343,149700000.0,103900000.0,59500000.0,0.34,0.34,0.34,2082000000.0,,2082000000.0,5353623119.0,16.0,10.293,60500000.0,0.631,1.0,244700000.0,0.561,0.0,44400000.0,6948000000.0,,107600000.0,53500000.0,0.0,53500000.0,3185400000.0,446300000.0,2739100000.0,3491123119.0,8600000.0,-29800000.0,500000.0,-10000000.0,0.0,-21100000.0,-81800000.0,0.0,111500000.0,0.0,35300000.0,32600000.0,32600000.0,0.0,-1100000.0,0.075,136500000.0,108200000.0,381900000.0,0.0,1.677,36.065,35.461,4757900000.0,2700000.0,36.17,2.223,2.208,169000000.0,1411300000.0,436300000.0,436300000.0,0.0,,,,,-8500000.0,90700000.0,1.0,96519854.0,95890000,96458000.0,4.55,5549100000.0,163600000.0,24200000.0,583100000.0,57.869,215500000.0
47,KSU,MRQ,2009-12-31,2009-12-31,2009-12-31,2021-10-19,-4400000.0,5454300000.0,,613800000.0,4840500000.0,,21.461,-49700000.0,117500000.0,117500000.0,183600000.0,35200000.0,1.494,1.531,1980000000.0,68100000.0,1911900000.0,1980000000.0,0.0,42700000.0,0.0,0.0,0.0,98000000.0,140700000.0,0.346,140700000.0,98000000.0,52700000.0,0.34,0.34,0.34,2043000000.0,,2043000000.0,5108280717.0,19.0,11.19,34500000.0,0.362,1.0,223200000.0,0.549,0.0,45300000.0,6906000000.0,,106400000.0,46800000.0,0.0,46800000.0,3128500000.0,410800000.0,2717700000.0,3195980717.0,8600000.0,-3800000.0,1500000.0,-42300000.0,0.0,-42000000.0,-33600000.0,0.0,84200000.0,0.0,35000000.0,32300000.0,32300000.0,0.0,200000.0,0.079,131000000.0,92200000.0,342700000.0,0.0,1.564,56.969,55.483,4722400000.0,2700000.0,33.29,2.159,2.095,139400000.0,1378800000.0,406800000.0,406800000.0,0.0,,,,,2000000.0,88300000.0,1.0,96004227.0,95194000,95722000.0,4.273,5454300000.0,151700000.0,17700000.0,558600000.0,57.297,203000000.0
48,KSU,MRQ,2009-09-30,2009-09-30,2009-09-30,2021-10-19,-4800000.0,5406300000.0,,542100000.0,4864200000.0,,21.334,-65000000.0,108900000.0,108900000.0,174200000.0,28600000.0,1.147,1.536,2021200000.0,107400000.0,1913800000.0,2021200000.0,0.0,44600000.0,0.0,0.0,0.0,84200000.0,128800000.0,0.334,128800000.0,84200000.0,43000000.0,0.27,0.27,0.27,2020000000.0,,2020000000.0,4485610247.0,18.0,10.424,55900000.0,0.59,1.0,211900000.0,0.549,1146400000.0,41200000.0,5699700000.0,,104300000.0,52800000.0,0.0,52800000.0,3102200000.0,472500000.0,2629700000.0,2513210247.0,46600000.0,-5900000.0,23300000.0,-14400000.0,0.0,6100000.0,-80400000.0,0.0,120900000.0,0.0,28200000.0,25400000.0,25400000.0,0.0,400000.0,0.066,128000000.0,83900000.0,365100000.0,0.0,1.244,43.257,42.726,3581400000.0,2800000.0,26.49,1.679,1.675,159100000.0,1362600000.0,386100000.0,386100000.0,0.0,,,,,1500000.0,83400000.0,1.0,94873924.0,94683000,95243000.0,4.078,4259900000.0,110300000.0,14800000.0,509500000.0,44.991,69600000.0
49,KSU,MRQ,2009-06-30,2009-06-30,2009-06-30,2021-10-19,-4000000.0,5366500000.0,,532800000.0,4833700000.0,,21.425,-106500000.0,62300000.0,62300000.0,171800000.0,7100000.0,1.381,1.58,2034700000.0,21600000.0,2013100000.0,2034700000.0,0.0,47400000.0,0.0,0.0,0.0,53500000.0,100900000.0,0.296,100900000.0,53500000.0,8100000.0,0.07,0.07,0.07,1970100000.0,,1970100000.0,3395626349.0,12.0,7.44,-100400000.0,-1.092,1.0,169500000.0,0.497,1153300000.0,45400000.0,5799900000.0,,114300000.0,51300000.0,0.0,51300000.0,3112700000.0,385700000.0,2727000000.0,1475326349.0,-79400000.0,5500000.0,51800000.0,-35600000.0,0.0,13500000.0,-99000000.0,0.0,6100000.0,0.0,6600000.0,6500000.0,6500000.0,0.0,500000.0,0.019,126400000.0,43100000.0,364100000.0,0.0,0.749,18.08,17.9,3544400000.0,100000.0,16.11,0.921,0.924,163800000.0,1336800000.0,341300000.0,341300000.0,0.0,,,,,2800000.0,79000000.0,1.0,91578296.0,91955000,99408000.0,3.712,4213200000.0,113300000.0,1500000.0,500400000.0,45.818,147100000.0
50,KSU,MRQ,2009-03-31,2009-03-31,2009-03-31,2021-10-19,-6500000.0,5418500000.0,,591500000.0,4827000000.0,,21.009,-111700000.0,141700000.0,141700000.0,173500000.0,-2800000.0,1.222,1.699,2062000000.0,23100000.0,2038900000.0,2062000000.0,0.0,46900000.0,0.0,0.0,0.0,39200000.0,86100000.0,0.249,86100000.0,39200000.0,-2600000.0,-0.09,-0.09,-0.09,1906400000.0,,1906400000.0,3019924156.0,9.0,5.978,-32400000.0,-0.357,1.0,172500000.0,0.499,1167700000.0,41800000.0,5687100000.0,,95200000.0,58200000.0,0.0,58200000.0,3238500000.0,484000000.0,2754500000.0,1163724156.0,-88200000.0,-17800000.0,300000.0,-24700000.0,0.0,-36500000.0,-131000000.0,0.0,79300000.0,0.0,-2700000.0,-8100000.0,-8100000.0,0.0,-100000.0,-0.023,124900000.0,47600000.0,460900000.0,0.0,0.61,9.265,8.646,3501400000.0,5400000.0,12.71,0.666,0.66,160300000.0,1330100000.0,346000000.0,346000000.0,0.0,,,,,2100000.0,78000000.0,1.0,91559729.0,90743000,90743000.0,3.813,4250800000.0,109700000.0,100000.0,501500000.0,46.844,107500000.0
51,KSU,MRQ,2008-12-31,2008-12-31,2008-12-31,2021-10-19,-5600000.0,5439200000.0,,685600000.0,4753600000.0,,21.276,-111300000.0,229900000.0,229900000.0,212200000.0,37100000.0,0.627,1.702,2086100000.0,637400000.0,1448700000.0,2086100000.0,0.0,44600000.0,0.0,0.0,0.0,69900000.0,114500000.0,0.27,114500000.0,69900000.0,33700000.0,0.37,0.38,0.37,1911500000.0,,1911500000.0,3552326106.0,9.0,6.432,-35000000.0,-0.39,1.0,211600000.0,0.499,0.0,36200000.0,6202600000.0,,96300000.0,60500000.0,0.0,60500000.0,3254000000.0,1092800000.0,2161200000.0,1739126106.0,133400000.0,1000000.0,1300000.0,176300000.0,0.0,174200000.0,-117100000.0,0.0,76300000.0,0.0,37100000.0,34300000.0,34300000.0,0.0,0.0,0.081,123200000.0,88400000.0,455400000.0,0.0,0.91,10.439,9.573,4598400000.0,2800000.0,19.05,0.939,0.861,163800000.0,1337600000.0,423800000.0,423800000.0,0.0,,,,,-1500000.0,78600000.0,1.0,91292709.0,89842000,97429000.0,4.717,5439200000.0,99200000.0,-3400000.0,492400000.0,60.542,-407200000.0
52,KSU,MRQ,2008-09-30,2008-09-30,2008-09-30,2021-10-19,1700000.0,5351900000.0,,767100000.0,4584800000.0,,21.223,-112300000.0,96500000.0,96500000.0,244700000.0,51700000.0,0.701,1.853,1909700000.0,627200000.0,1282500000.0,1909700000.0,0.0,42700000.0,0.0,0.0,0.0,112200000.0,154900000.0,0.315,154900000.0,112200000.0,76700000.0,0.55,0.52,0.55,1876100000.0,,1876100000.0,5895058563.0,14.0,9.848,55400000.0,0.627,1.0,246800000.0,0.502,1199400000.0,35500000.0,4872000000.0,,98400000.0,68800000.0,0.0,68800000.0,3475800000.0,1093700000.0,2382100000.0,4032658563.0,67100000.0,-2500000.0,6200000.0,17600000.0,0.0,21300000.0,-121900000.0,0.0,167700000.0,0.0,51600000.0,48900000.0,48900000.0,0.0,100000.0,0.099,135800000.0,111000000.0,148200000.0,0.0,2.149,22.133,19.456,3227400000.0,2700000.0,44.36,2.135,2.076,218900000.0,1301200000.0,491500000.0,491500000.0,0.0,,,,,100000.0,93100000.0,1.0,90907542.0,88400000,98918000.0,5.56,4152500000.0,221000000.0,25100000.0,624300000.0,46.974,-326600000.0
53,KSU,MRQ,2008-06-30,2008-06-30,2008-06-30,2021-10-19,1700000.0,5211900000.0,,712300000.0,4499600000.0,,22.946,-195500000.0,29400000.0,29400000.0,245000000.0,55500000.0,0.669,1.865,1891800000.0,624400000.0,1267400000.0,1891800000.0,0.0,40200000.0,0.0,0.0,0.0,109500000.0,149700000.0,0.308,149700000.0,109500000.0,81800000.0,0.64,0.56,0.64,1819000000.0,,1819000000.0,5169643106.0,12.0,8.851,-148800000.0,-1.877,1.0,241200000.0,0.496,1214000000.0,27700000.0,4795200000.0,,104700000.0,65900000.0,0.0,65900000.0,3392900000.0,1065100000.0,2327800000.0,3422943106.0,-43100000.0,200000.0,0.0,65900000.0,0.0,50700000.0,-140500000.0,0.0,46700000.0,0.0,55400000.0,50500000.0,50500000.0,0.0,100000.0,0.104,136600000.0,104600000.0,150300000.0,0.0,1.882,19.549,19.294,3129000000.0,4900000.0,43.99,1.859,1.894,242000000.0,1252300000.0,486200000.0,486200000.0,0.0,,,,,0.0,96400000.0,1.0,77811846.0,79272000,99146000.0,6.133,3997900000.0,204100000.0,26400000.0,583800000.0,50.433,-352800000.0
54,KSU,MRQ,2008-03-31,2008-03-31,2008-03-31,2021-10-19,400000.0,5083200000.0,,760100000.0,4323100000.0,,23.154,-90200000.0,72500000.0,72500000.0,225100000.0,37800000.0,0.679,1.879,1819200000.0,651800000.0,1167400000.0,1819200000.0,0.0,40300000.0,0.0,0.0,0.0,92900000.0,133200000.0,0.296,133200000.0,92900000.0,53400000.0,0.43,0.39,0.43,1765600000.0,,1765600000.0,4793765225.0,12.0,8.548,28500000.0,0.374,1.0,225500000.0,0.5,1200900000.0,39500000.0,4509900000.0,,96300000.0,56400000.0,0.0,56400000.0,3317600000.0,1119100000.0,2198500000.0,3093365225.0,17000000.0,-2100000.0,1100000.0,57500000.0,0.0,53200000.0,-154900000.0,0.0,118700000.0,0.0,37700000.0,32900000.0,32900000.0,0.0,100000.0,0.073,142100000.0,83400000.0,143000000.0,0.0,1.752,20.636,20.36,3002800000.0,4800000.0,40.11,1.736,1.716,227700000.0,1201700000.0,450600000.0,450600000.0,0.0,,,,,3200000.0,101800000.0,1.0,77122045.0,76253000,97484000.0,5.909,3882300000.0,192500000.0,15700000.0,529300000.0,50.913,-359000000.0
55,KSU,MRQ,2007-12-31,2007-12-31,2007-12-31,2021-10-19,400000.0,4928200000.0,,645700000.0,4282500000.0,,22.733,-176600000.0,55500000.0,55500000.0,229500000.0,55100000.0,0.588,1.855,1755900000.0,650900000.0,1105000000.0,1755900000.0,0.0,41200000.0,0.0,0.0,0.0,119600000.0,160800000.0,0.349,160800000.0,119600000.0,81200000.0,0.66,0.57,0.66,1726300000.0,,1726300000.0,4170171934.0,11.0,7.771,-105100000.0,-1.384,1.0,230800000.0,0.501,1215500000.0,38400000.0,4314400000.0,,90300000.0,79300000.0,0.0,79300000.0,3201900000.0,1098700000.0,2103200000.0,2639371934.0,-60700000.0,13100000.0,0.0,41500000.0,18400000.0,39100000.0,-171300000.0,14400000.0,71500000.0,0.0,54700000.0,49900000.0,49900000.0,0.0,400000.0,0.108,122100000.0,108700000.0,447800000.0,0.0,1.529,19.697,19.395,2917800000.0,4800000.0,34.33,1.514,1.494,243400000.0,1168900000.0,460300000.0,460300000.0,0.0,,,,,-8300000.0,80900000.0,1.0,76882375.0,75937000,97616000.0,6.062,3712700000.0,177800000.0,26500000.0,499100000.0,48.892,-453000000.0
56,KSU,MRQ,2007-09-30,2007-09-30,2007-09-30,2021-10-19,1200000.0,4775600000.0,,593400000.0,4182200000.0,,22.015,-78600000.0,116200000.0,116200000.0,202300000.0,46700000.0,0.636,1.857,1647000000.0,351300000.0,1295700000.0,1647000000.0,0.0,38900000.0,0.0,0.0,0.0,101500000.0,140400000.0,0.316,140400000.0,101500000.0,64200000.0,0.55,0.48,0.55,1671700000.0,,1671700000.0,4053429901.0,11.0,7.834,57600000.0,0.759,1.0,241800000.0,0.544,1230600000.0,37300000.0,4142700000.0,,87900000.0,67400000.0,0.0,67400000.0,3103900000.0,933100000.0,2170800000.0,2472129901.0,49900000.0,-2700000.0,100000.0,-600000.0,-4800000.0,-6100000.0,-80200000.0,0.0,136200000.0,0.0,46700000.0,41800000.0,41800000.0,0.0,0.0,0.094,143600000.0,98200000.0,143200000.0,0.0,1.479,20.635,20.361,2692000000.0,4900000.0,32.17,1.433,1.416,284500000.0,1119100000.0,444100000.0,444100000.0,0.0,,,,,7100000.0,104700000.0,1.0,76845816.0,75935000,97651000.0,5.848,3545000000.0,118400000.0,17500000.0,424200000.0,46.685,-339700000.0
57,KSU,MRQ,2007-06-30,2007-06-30,2007-06-30,2021-10-19,1300000.0,4712100000.0,,572100000.0,4140000000.0,,21.449,-74700000.0,66300000.0,66300000.0,204700000.0,30200000.0,1.059,1.895,1647600000.0,10700000.0,1636900000.0,1647600000.0,0.0,40800000.0,0.0,0.0,0.0,85600000.0,126400000.0,0.296,126400000.0,85600000.0,44000000.0,0.33,0.3,0.33,1627800000.0,,1627800000.0,4473473515.0,13.0,8.894,34400000.0,0.453,1.0,222400000.0,0.521,1273500000.0,41600000.0,4479800000.0,,80300000.0,64200000.0,0.0,64200000.0,3084300000.0,540100000.0,2544200000.0,2883273515.0,-1700000.0,3100000.0,500000.0,-10600000.0,-4900000.0,-33900000.0,-76900000.0,0.0,109100000.0,0.0,30200000.0,25300000.0,25300000.0,0.0,0.0,0.059,139300000.0,83100000.0,126100000.0,0.0,1.771,27.618,27.203,2603900000.0,4900000.0,37.54,1.7,1.679,298400000.0,1077200000.0,427100000.0,427100000.0,0.0,,,,,4900000.0,98500000.0,1.0,76805368.0,75892000,90732000.0,5.628,3438600000.0,119000000.0,13800000.0,415100000.0,45.309,32000000.0
58,KSU,MRQ,2007-03-31,2007-03-31,2007-03-31,2021-10-19,1400000.0,4650800000.0,,596700000.0,4054100000.0,,21.152,-50300000.0,68000000.0,68000000.0,200900000.0,22200000.0,1.01,1.908,1658200000.0,44600000.0,1613600000.0,1658200000.0,0.0,38100000.0,0.0,0.0,0.0,70900000.0,109000000.0,0.265,109000000.0,70900000.0,31500000.0,0.22,0.21,0.22,1599300000.0,,1599300000.0,4324358142.0,13.0,8.887,700000.0,0.009,1.0,210400000.0,0.512,1288300000.0,39400000.0,4362000000.0,,76600000.0,60900000.0,0.0,60900000.0,3051500000.0,590700000.0,2460800000.0,2729658142.0,-11000000.0,11900000.0,100000.0,-15000000.0,-8700000.0,-23600000.0,-38400000.0,0.0,51000000.0,0.0,22200000.0,17000000.0,17000000.0,0.0,0.0,0.041,138000000.0,72400000.0,181400000.0,0.0,1.707,27.769,27.16,2506200000.0,5200000.0,35.58,1.622,1.599,299700000.0,1051900000.0,411300000.0,411300000.0,0.0,,,,,5000000.0,99900000.0,1.0,76718891.0,75611000,90335000.0,5.44,3362500000.0,125200000.0,9300000.0,411900000.0,44.471,6000000.0
59,KSU,MRQ,2006-12-31,2006-12-31,2006-12-31,2021-10-19,1300000.0,4637300000.0,,606000000.0,4031300000.0,,21.126,-61300000.0,79000000.0,79000000.0,207600000.0,40600000.0,0.951,1.931,1673700000.0,41900000.0,1631800000.0,1673700000.0,0.0,42100000.0,0.0,0.0,0.0,99500000.0,141600000.0,0.32,141600000.0,99500000.0,55800000.0,0.48,0.41,0.48,1582400000.0,,1582400000.0,3810182941.0,12.0,7.996,35700000.0,0.477,1.0,234800000.0,0.531,1303300000.0,43700000.0,4291300000.0,,72500000.0,64900000.0,0.0,64900000.0,3054900000.0,637400000.0,2417500000.0,2197682941.0,14800000.0,1200000.0,1200000.0,-700000.0,0.0,-7700000.0,-74500000.0,-1100000.0,97000000.0,0.0,40600000.0,35700000.0,35700000.0,0.0,0.0,0.081,146600000.0,88200000.0,189900000.0,0.0,1.389,24.583,24.15,2452200000.0,4900000.0,28.98,1.324,1.302,334300000.0,1050700000.0,442400000.0,442400000.0,0.0,,,,,6400000.0,104500000.0,1.0,75834470.0,74902000,96781000.0,5.906,3334000000.0,136300000.0,15200000.0,417300000.0,44.511,-31400000.0
60,KSU,MRQ,2006-09-30,2006-09-30,2006-09-30,2021-10-19,-100000.0,4525400000.0,,565300000.0,3960100000.0,,20.348,-47100000.0,64200000.0,64200000.0,204200000.0,31300000.0,0.783,1.958,1676700000.0,186200000.0,1490500000.0,1676700000.0,0.0,37700000.0,0.0,0.0,0.0,88300000.0,126000000.0,0.303,126000000.0,88300000.0,46000000.0,0.35,0.32,0.35,1529700000.0,,1529700000.0,3760904895.0,14.0,8.931,67500000.0,0.898,1.0,211500000.0,0.509,1328900000.0,42300000.0,4087000000.0,,78100000.0,66700000.0,0.0,66700000.0,2995700000.0,722000000.0,2273700000.0,2065504895.0,42000000.0,-2500000.0,2200000.0,-30600000.0,-100000.0,-36000000.0,-36600000.0,0.0,114600000.0,0.0,31300000.0,26400000.0,26400000.0,0.0,0.0,0.064,134200000.0,77300000.0,178300000.0,0.0,1.35,36.95,36.413,2358700000.0,4900000.0,27.31,1.287,1.279,335100000.0,999800000.0,415700000.0,415700000.0,0.0,,,,,1000000.0,96500000.0,1.0,75631816.0,75178000,91589000.0,5.53,3196500000.0,138600000.0,14700000.0,421300000.0,42.519,-156700000.0
61,KSU,MRQ,2006-06-30,2006-06-30,2006-06-30,2021-10-19,-200000.0,4461400000.0,,514200000.0,3947200000.0,,20.121,-36700000.0,22200000.0,22200000.0,201200000.0,24100000.0,0.828,1.978,1717600000.0,175200000.0,1542400000.0,1717600000.0,0.0,36800000.0,0.0,0.0,0.0,73200000.0,110000000.0,0.266,110000000.0,73200000.0,32600000.0,0.26,0.24,0.26,1498300000.0,,1498300000.0,3767724705.0,12.0,8.049,-50100000.0,-0.673,1.0,211900000.0,0.513,1341900000.0,40600000.0,4194000000.0,,87600000.0,63200000.0,0.0,63200000.0,2963100000.0,620900000.0,2342200000.0,2085024705.0,-7900000.0,40200000.0,4400000.0,-2200000.0,0.0,1700000.0,3800000.0,-8200000.0,-13400000.0,0.0,24100000.0,19200000.0,19200000.0,0.0,0.0,0.046,134400000.0,77500000.0,172000000.0,0.0,1.392,14.893,15.829,2320600000.0,4900000.0,27.7,1.324,1.31,300200000.0,973300000.0,413100000.0,413100000.0,0.0,,,,,2600000.0,97600000.0,1.0,75271650.0,74464000,92552000.0,5.548,3119500000.0,146700000.0,8500000.0,416100000.0,41.893,-106700000.0
62,KSU,MRQ,2006-03-31,2006-03-31,2006-03-31,2021-10-19,-300000.0,4418600000.0,,469700000.0,3948900000.0,,19.913,-66700000.0,30100000.0,30100000.0,193700000.0,12900000.0,0.757,2.002,1712800000.0,133900000.0,1578900000.0,1712800000.0,0.0,38400000.0,0.0,0.0,0.0,60500000.0,98900000.0,0.255,98900000.0,60500000.0,19900000.0,0.11,0.11,0.11,1472100000.0,,1472100000.0,3560927228.0,14.0,8.608,2600000.0,0.035,1.0,194700000.0,0.501,1359300000.0,40600000.0,4121900000.0,,68600000.0,60900000.0,0.0,60900000.0,2946500000.0,620100000.0,2326400000.0,2034627228.0,-1000000.0,-200000.0,800000.0,-8700000.0,-4200000.0,-11600000.0,-58700000.0,8200000.0,69300000.0,0.0,12900000.0,8000000.0,8000000.0,0.0,0.0,0.021,133400000.0,61300000.0,231100000.0,0.0,1.382,21.761,21.293,2302600000.0,4900000.0,24.7,1.319,1.184,331200000.0,954100000.0,388400000.0,388400000.0,0.0,,,,,0.0,95000000.0,1.0,82373572.0,73926000,75748000.0,5.254,3059300000.0,151000000.0,7000000.0,413500000.0,41.383,-150400000.0
63,KSU,MRQ,2005-12-31,2005-12-31,2005-12-31,2021-10-19,-400000.0,4423600000.0,,466800000.0,3956800000.0,,18.987,-136900000.0,31100000.0,31100000.0,309400000.0,5200000.0,0.814,2.102,1701900000.0,38000000.0,1663900000.0,1701900000.0,0.0,32400000.0,0.0,0.0,0.0,53800000.0,86200000.0,0.222,86200000.0,53800000.0,10800000.0,0.03,0.05,0.03,1426200000.0,,1426200000.0,3538686364.0,16.0,9.968,-102300000.0,-1.362,1.0,78700000.0,0.203,1360400000.0,43000000.0,4160300000.0,,73900000.0,60300000.0,0.0,60300000.0,2997400000.0,573700000.0,2423700000.0,2012386364.0,-41300000.0,10100000.0,-199600000.0,85300000.0,-2100000.0,71000000.0,-146900000.0,-10500000.0,34600000.0,0.0,5200000.0,2300000.0,2300000.0,0.0,0.0,0.006,30900000.0,47800000.0,124300000.0,0.0,1.411,22.017,20.19,2298300000.0,2900000.0,24.43,1.488,1.365,315700000.0,946100000.0,388100000.0,388100000.0,0.0,,,,,42600000.0,132800000.0,1.0,82373572.0,75116000,94700000.0,5.167,3063200000.0,152200000.0,5600000.0,409200000.0,40.78,-106900000.0
64,KSU,MRQ,2005-09-30,2005-09-30,2005-09-30,2021-10-19,600000.0,4305900000.0,,496900000.0,3809000000.0,,17.403,-65400000.0,81400000.0,81400000.0,218500000.0,112700000.0,0.723,2.025,1607700000.0,142100000.0,1465600000.0,1607700000.0,0.0,40600000.0,0.0,0.0,0.0,132400000.0,173000000.0,0.45,173000000.0,132400000.0,92900000.0,1.35,1.14,1.35,1423500000.0,,1423500000.0,3458492727.0,18.0,11.295,46000000.0,0.562,1.0,166100000.0,0.432,1320000000.0,39500000.0,3825000000.0,,91600000.0,57800000.0,0.0,57800000.0,2882400000.0,687200000.0,2195200000.0,1912092727.0,30600000.0,-8500000.0,-2500000.0,-7800000.0,-2200000.0,-12500000.0,-68300000.0,0.0,111400000.0,0.0,112700000.0,110500000.0,110500000.0,0.0,0.0,0.287,168000000.0,-1900000.0,362300000.0,0.0,1.343,21.803,21.385,2176600000.0,2200000.0,23.31,1.679,1.675,284000000.0,948900000.0,384600000.0,384600000.0,0.0,,,,,0.0,94000000.0,1.0,82028860.0,81795000,99498000.0,4.702,2985900000.0,158500000.0,-19800000.0,399700000.0,36.505,-190300000.0
65,KSU,MRQ,2005-06-30,2005-06-30,2005-06-30,2021-10-19,500000.0,4299300000.0,,456000000.0,3843300000.0,,16.082,-48600000.0,50800000.0,50800000.0,176600000.0,-25100000.0,0.948,2.272,1597200000.0,118100000.0,1479100000.0,1597200000.0,0.0,40400000.0,0.0,0.0,0.0,15200000.0,55600000.0,0.146,55600000.0,15200000.0,-23500000.0,-0.33,-0.33,-0.33,1314000000.0,,1314000000.0,2275230231.0,24.0,12.964,-42400000.0,-0.519,1.0,204500000.0,0.537,1448800000.0,38700000.0,3916000000.0,,80100000.0,56400000.0,0.0,56400000.0,2985300000.0,480900000.0,2504400000.0,1653030231.0,500000.0,700000.0,2200000.0,48000000.0,-2300000.0,47500000.0,-53200000.0,0.0,6200000.0,0.0,-25100000.0,-27300000.0,-27300000.0,0.0,0.0,-0.072,212800000.0,-8300000.0,159900000.0,0.0,1.258,-118.923,-168.167,2142700000.0,2200000.0,20.18,1.802,1.798,287700000.0,840500000.0,381100000.0,381100000.0,0.0,,,,,0.0,93400000.0,1.0,81914283.0,81707000,81707000.0,4.664,2850500000.0,112800000.0,1600000.0,438700000.0,34.887,-24900000.0
66,KSU,MRQ,2005-03-31,2005-03-31,2005-03-31,2021-10-19,900000.0,2478900000.0,,265700000.0,2213200000.0,,16.294,-18500000.0,41300000.0,41300000.0,76200000.0,8100000.0,0.988,1.396,663500000.0,8900000.0,654600000.0,663500000.0,0.0,14300000.0,0.0,0.0,0.0,26100000.0,40400000.0,0.204,40400000.0,26100000.0,13700000.0,0.09,0.09,0.09,1034700000.0,,1034700000.0,1851650087.0,18.0,11.764,8100000.0,0.128,1.0,122000000.0,0.616,10600000.0,12400000.0,2821600000.0,,51700000.0,438700000.0,0.0,438700000.0,1444200000.0,268900000.0,1175300000.0,1224550087.0,2700000.0,-2300000.0,1200000.0,-2300000.0,-2100000.0,-2800000.0,-21100000.0,0.0,26600000.0,0.0,8100000.0,5900000.0,5900000.0,0.0,0.0,0.03,97200000.0,24800000.0,87800000.0,0.0,1.183,60.027,60.188,1529300000.0,2200000.0,19.26,1.775,1.773,145000000.0,867800000.0,198200000.0,198200000.0,0.0,,,,,0.0,61300000.0,1.0,63579963.0,63501000,64809000.0,3.121,2468300000.0,0.0,5600000.0,444900000.0,38.87,-3200000.0
67,KSU,MRQ,2004-12-31,2004-12-31,2004-12-31,2021-10-19,200000.0,2440600000.0,,253600000.0,2187000000.0,,16.123,-21400000.0,38600000.0,38600000.0,60200000.0,700000.0,1.032,1.401,665700000.0,9900000.0,655800000.0,665700000.0,0.0,14200000.0,0.0,0.0,0.0,23000000.0,37200000.0,0.213,37200000.0,23000000.0,11600000.0,-0.02,-0.02,-0.02,1016500000.0,,1016500000.0,1513455404.0,16.0,10.373,-11000000.0,-0.174,1.0,114400000.0,0.655,10600000.0,11400000.0,2811300000.0,,48200000.0,484900000.0,0.0,484900000.0,1424100000.0,245800000.0,1178300000.0,1112055404.0,-131400000.0,-13800000.0,3700000.0,93900000.0,-2100000.0,95500000.0,-237300000.0,500000.0,10400000.0,0.0,700000.0,-1400000.0,-1400000.0,0.0,0.0,-0.008,87000000.0,27400000.0,87500000.0,0.0,1.094,70.832,70.92,1424000000.0,2100000.0,17.73,1.739,1.739,139600000.0,853900000.0,174600000.0,174600000.0,0.0,,,,,-1000000.0,57100000.0,1.0,62721681.0,63045000,64364000.0,2.769,2430000000.0,0.0,10900000.0,438900000.0,38.544,7800000.0
68,KSU,MRQ,2004-09-30,2004-09-30,2004-09-30,2021-10-19,1500000.0,2307800000.0,,367200000.0,1940600000.0,,15.73,-26500000.0,170000000.0,170000000.0,59700000.0,11100000.0,1.611,1.341,571400000.0,7900000.0,563500000.0,571400000.0,0.0,13400000.0,0.0,0.0,0.0,28900000.0,42300000.0,0.259,42300000.0,28900000.0,17600000.0,0.14,0.14,0.14,986000000.0,,986000000.0,1366970390.0,19.0,10.858,55500000.0,0.885,1.0,103500000.0,0.634,10600000.0,11300000.0,2470700000.0,,42100000.0,481500000.0,0.0,481500000.0,1321800000.0,227900000.0,1093900000.0,950770390.0,13500000.0,-36400000.0,800000.0,-1800000.0,-2200000.0,-3200000.0,-65300000.0,0.0,82000000.0,0.0,11100000.0,8900000.0,8900000.0,0.0,0.0,0.055,84300000.0,19200000.0,58300000.0,0.0,0.964,88.857,94.812,1414800000.0,2200000.0,15.17,1.55,1.55,127200000.0,861200000.0,163200000.0,163200000.0,0.0,,,,,100000.0,52900000.0,1.0,62674383.0,62683000,63955000.0,2.604,2297200000.0,0.0,6500000.0,419100000.0,36.648,139300000.0
69,KSU,MRQ,2004-06-30,2004-06-30,2004-06-30,2021-10-19,700000.0,2231900000.0,,341500000.0,1890400000.0,,15.611,-35900000.0,156500000.0,156500000.0,52500000.0,9200000.0,1.86,1.282,572700000.0,8800000.0,563900000.0,572700000.0,0.0,13100000.0,0.0,0.0,0.0,24400000.0,37500000.0,0.244,37500000.0,24400000.0,13500000.0,0.11,0.11,0.11,978100000.0,,978100000.0,1356723540.0,23.0,11.556,-25600000.0,-0.409,1.0,101400000.0,0.659,10600000.0,10900000.0,2453900000.0,,44700000.0,446800000.0,0.0,446800000.0,1253800000.0,183600000.0,1070200000.0,971023540.0,-32100000.0,-2600000.0,800000.0,-2400000.0,-2200000.0,-3800000.0,-38600000.0,0.0,10300000.0,0.0,9200000.0,7000000.0,7000000.0,0.0,0.0,0.045,81900000.0,19500000.0,50700000.0,0.0,0.993,346.794,387.5,1401600000.0,2200000.0,15.5,1.628,1.628,114400000.0,854400000.0,153900000.0,153900000.0,0.0,,,,,100000.0,52200000.0,1.0,62646680.0,62655000,63830000.0,2.456,2221300000.0,0.0,4300000.0,397200000.0,35.453,157900000.0
70,KSU,MRQ,2004-03-31,2004-03-31,2004-03-31,2021-10-19,300000.0,2224800000.0,,364600000.0,1860200000.0,,15.527,-28500000.0,188600000.0,188600000.0,51800000.0,3400000.0,1.952,1.292,574300000.0,9900000.0,564400000.0,574300000.0,0.0,12800000.0,0.0,0.0,0.0,16100000.0,28900000.0,0.196,28900000.0,16100000.0,5300000.0,0.02,0.02,0.02,970500000.0,,970500000.0,1258609931.0,26.0,11.536,11500000.0,0.184,1.0,96000000.0,0.65,10600000.0,10800000.0,2413100000.0,,41900000.0,446500000.0,0.0,446500000.0,1254300000.0,186800000.0,1067500000.0,870609931.0,53200000.0,-2200000.0,2100000.0,48900000.0,-2200000.0,48800000.0,-35600000.0,0.0,40000000.0,0.0,3400000.0,1200000.0,1200000.0,0.0,0.0,0.008,78600000.0,17400000.0,42800000.0,0.0,0.897,-145.102,-139.0,1372000000.0,2200000.0,13.9,1.478,1.475,109100000.0,847400000.0,147800000.0,147800000.0,0.0,,,,,800000.0,50800000.0,1.0,62633808.0,62504000,63811000.0,2.365,2214200000.0,0.0,1900000.0,391700000.0,35.425,177800000.0
71,KSU,MRQ,2003-12-31,2003-12-31,2003-12-31,2021-10-19,-500000.0,2152900000.0,,308100000.0,1844800000.0,,15.524,-26400000.0,135400000.0,135400000.0,65200000.0,-5200000.0,1.763,1.234,523400000.0,9900000.0,513500000.0,523400000.0,0.0,16200000.0,0.0,0.0,0.0,1000000.0,17200000.0,0.116,17200000.0,1000000.0,-10600000.0,-0.11,-0.1,-0.11,963700000.0,,963700000.0,1237407971.0,22.0,10.303,-33500000.0,-0.54,1.0,83300000.0,0.561,10600000.0,11600000.0,2355500000.0,,36800000.0,442700000.0,0.0,442700000.0,1189200000.0,174800000.0,1014400000.0,888907971.0,-94800000.0,-2900000.0,1700000.0,-55300000.0,-2100000.0,-55900000.0,-31800000.0,0.0,-7100000.0,0.0,-5200000.0,-6400000.0,-6400000.0,0.0,0.0,-0.043,90100000.0,-6800000.0,45500000.0,0.0,0.922,141.097,143.2,1362500000.0,1200000.0,14.32,1.529,1.521,114600000.0,846200000.0,148500000.0,148500000.0,0.0,,,,,1100000.0,51400000.0,1.0,62074579.0,62079000,57906000.0,2.392,2142300000.0,0.0,-5400000.0,391500000.0,34.509,133300000.0
72,KSU,MRQ,2003-09-30,2003-09-30,2003-09-30,2021-10-19,-1200000.0,2218000000.0,,397400000.0,1820600000.0,,15.643,-19900000.0,230200000.0,230200000.0,54400000.0,4300000.0,2.024,1.296,578700000.0,10000000.0,568700000.0,578700000.0,0.0,16200000.0,0.0,0.0,0.0,17600000.0,33800000.0,0.231,33800000.0,17600000.0,6000000.0,0.02,0.02,0.02,966200000.0,,966200000.0,1071217638.0,12.0,7.006,14800000.0,0.24,1.0,91900000.0,0.628,10600000.0,11600000.0,2359600000.0,,36200000.0,433800000.0,0.0,433800000.0,1251800000.0,196300000.0,1055500000.0,683017638.0,38300000.0,-4700000.0,1500000.0,-1400000.0,-2500000.0,-2400000.0,6000000.0,32700000.0,34700000.0,0.0,4300000.0,1000000.0,1000000.0,0.0,0.0,0.007,77000000.0,14900000.0,46600000.0,0.0,0.707,20.635,20.5,1348900000.0,3300000.0,11.07,1.184,1.185,113000000.0,851400000.0,146300000.0,146300000.0,0.0,,,,,500000.0,48400000.0,1.0,61699877.0,61765000,63143000.0,2.369,2207400000.0,0.0,1700000.0,393900000.0,35.739,201100000.0
73,KSU,MRQ,2003-06-30,2003-06-30,2003-06-30,2021-10-19,-1500000.0,2216500000.0,,376200000.0,1840300000.0,,15.652,-18100000.0,191900000.0,191900000.0,52600000.0,-500000.0,2.005,1.297,580100000.0,10000000.0,570100000.0,580100000.0,0.0,16000000.0,0.0,0.0,0.0,13200000.0,29200000.0,0.2,29200000.0,13200000.0,1500000.0,-0.03,-0.03,-0.03,964900000.0,,964900000.0,1259293945.0,14.0,8.036,-25600000.0,-0.415,1.0,93700000.0,0.64,10600000.0,11700000.0,2406500000.0,,35600000.0,460800000.0,0.0,460800000.0,1251600000.0,187600000.0,1064000000.0,741593945.0,127900000.0,-32800000.0,500000.0,-1700000.0,0.0,192000000.0,-56600000.0,0.0,-7500000.0,0.0,-500000.0,-1800000.0,-1800000.0,0.0,0.0,-0.012,79500000.0,14200000.0,35700000.0,0.0,0.769,17.408,17.435,1344300000.0,1300000.0,12.03,1.302,1.302,116800000.0,851700000.0,146300000.0,146300000.0,0.0,,,,,100000.0,47500000.0,1.0,61645382.0,61649000,61649000.0,2.373,2205900000.0,0.0,2000000.0,396600000.0,35.782,188600000.0
74,KSU,MRQ,2003-03-31,2003-03-31,2003-03-31,2021-10-19,-2100000.0,2027500000.0,,228100000.0,1799400000.0,,12.563,-4600000.0,64000000.0,64000000.0,52500000.0,13600000.0,1.217,1.627,581700000.0,10000000.0,571700000.0,581700000.0,0.0,15900000.0,0.0,0.0,0.0,24000000.0,39900000.0,0.285,39900000.0,24000000.0,12500000.0,0.22,0.22,0.22,771700000.0,,771700000.0,1254199990.0,12.0,7.448,43300000.0,0.705,1.0,87700000.0,0.626,10600000.0,11500000.0,2347100000.0,,36300000.0,430300000.0,0.0,430300000.0,1255800000.0,187500000.0,1068300000.0,690599990.0,45000000.0,0.0,1600000.0,-800000.0,-100000.0,700000.0,-3600000.0,0.0,47900000.0,0.0,13600000.0,13500000.0,13500000.0,0.0,0.0,0.096,80900000.0,6800000.0,44100000.0,0.0,0.895,11.745,11.698,1339800000.0,100000.0,11.23,1.228,1.226,108800000.0,767100000.0,140200000.0,140200000.0,0.0,,,,,800000.0,50500000.0,1.0,61495992.0,61427000,62863000.0,2.282,2016900000.0,0.0,-1100000.0,392900000.0,32.834,40600000.0
75,KSU,MRQ,2002-12-31,2002-12-31,2002-12-31,2021-10-19,-2300000.0,2008800000.0,,216200000.0,1792600000.0,,12.348,-14200000.0,19000000.0,19000000.0,63600000.0,20400000.0,1.16,1.668,582600000.0,10000000.0,572600000.0,582600000.0,0.0,16100000.0,0.0,0.0,0.0,33900000.0,50000000.0,0.347,50000000.0,33900000.0,22200000.0,0.33,0.32,0.33,752900000.0,,752900000.0,1284656400.0,12.0,7.535,-14400000.0,-0.236,1.0,80600000.0,0.559,10600000.0,11700000.0,2375500000.0,,34200000.0,423100000.0,0.0,423100000.0,1255900000.0,186300000.0,1069600000.0,731456400.0,-16500000.0,-400000.0,2600000.0,-6300000.0,0.0,-2500000.0,-13800000.0,0.0,-200000.0,0.0,20400000.0,20400000.0,20400000.0,0.0,0.0,0.141,66700000.0,13900000.0,47700000.0,0.0,0.972,12.833,12.766,1337400000.0,0.0,12.0,1.292,1.279,118500000.0,748500000.0,144200000.0,144200000.0,0.0,,,,,900000.0,50700000.0,1.0,60954700.0,60975000,62633000.0,2.365,1998200000.0,0.0,1800000.0,392800000.0,32.771,29900000.0
76,KSU,MRQ,2002-09-30,2002-09-30,2002-09-30,2021-10-19,-2900000.0,1995700000.0,,221400000.0,1774300000.0,,12.063,-22600000.0,35500000.0,35500000.0,45200000.0,10600000.0,1.084,1.735,588700000.0,10000000.0,578700000.0,588700000.0,0.0,15800000.0,0.0,0.0,0.0,21800000.0,37600000.0,0.271,37600000.0,21800000.0,10300000.0,0.17,0.17,0.17,729600000.0,,729600000.0,1319570920.0,13.0,8.232,13600000.0,0.225,1.0,93700000.0,0.675,10600000.0,11500000.0,2334100000.0,,35300000.0,404600000.0,0.0,404600000.0,1266100000.0,204200000.0,1061900000.0,748070920.0,12000000.0,-31900000.0,4000000.0,-1500000.0,-100000.0,1000000.0,-25200000.0,31700000.0,36200000.0,0.0,10600000.0,10500000.0,10500000.0,0.0,0.0,0.076,87500000.0,6200000.0,40300000.0,0.0,1.025,15.749,15.5,1336300000.0,100000.0,12.4,1.305,1.308,112300000.0,725800000.0,138900000.0,138900000.0,0.0,,,,,2600000.0,51200000.0,1.0,60328300.0,60481000,62453000.0,2.297,1985100000.0,0.0,-300000.0,374300000.0,32.822,17200000.0
77,KSU,MRQ,2002-06-30,2002-06-30,2002-06-30,2021-10-19,-3200000.0,1979500000.0,,221700000.0,1757800000.0,,11.86,-14900000.0,23500000.0,23500000.0,44200000.0,14500000.0,1.028,1.777,595000000.0,10300000.0,584700000.0,595000000.0,0.0,14600000.0,0.0,0.0,0.0,26300000.0,40900000.0,0.294,40900000.0,26300000.0,15800000.0,0.24,0.23,0.24,712700000.0,,712700000.0,1592468517.0,16.0,9.879,6700000.0,0.111,1.0,95000000.0,0.682,10800000.0,10500000.0,2324600000.0,,30600000.0,394700000.0,0.0,394700000.0,1266800000.0,215600000.0,1051200000.0,1021368517.0,-33300000.0,-1700000.0,1600000.0,-38300000.0,0.0,-38100000.0,-16800000.0,0.0,21600000.0,0.0,14500000.0,14400000.0,14400000.0,0.0,0.0,0.103,80500000.0,14500000.0,43400000.0,0.0,1.433,22.204,21.795,1329900000.0,100000.0,17.0,1.764,1.764,131500000.0,709200000.0,139200000.0,139200000.0,0.0,,,,,200000.0,46500000.0,1.0,60080501.0,60095000,62327000.0,2.316,1968700000.0,0.0,1300000.0,368000000.0,32.76,6100000.0
78,KSU,MRQ,2002-03-31,2002-03-31,2002-03-31,2021-10-19,-2200000.0,1999900000.0,,259700000.0,1740200000.0,,11.688,-8100000.0,56800000.0,56800000.0,44900000.0,11700000.0,1.027,1.862,627900000.0,47900000.0,580000000.0,627900000.0,0.0,14900000.0,0.0,0.0,0.0,27100000.0,42000000.0,0.292,42000000.0,27100000.0,15800000.0,0.2,0.19,0.2,698700000.0,,698700000.0,1589863163.0,17.0,10.324,28100000.0,0.47,1.0,99000000.0,0.688,10800000.0,11300000.0,2307300000.0,,28200000.0,382300000.0,0.0,382300000.0,1301200000.0,252900000.0,1048300000.0,956163163.0,32100000.0,29600000.0,2100000.0,-30500000.0,-100000.0,-26900000.0,22800000.0,0.0,36200000.0,0.0,11700000.0,11700000.0,11700000.0,0.0,0.0,0.081,85600000.0,13400000.0,41700000.0,0.0,1.368,26.341,25.71,1325200000.0,0.0,15.94,1.64,1.634,129600000.0,694200000.0,143900000.0,143900000.0,0.0,,,,,800000.0,49400000.0,1.0,59985142.0,59777000,61842000.0,2.407,1989100000.0,0.0,4100000.0,371100000.0,33.275,6800000.0
79,KSU,MRQ,2001-12-31,2001-12-31,2001-12-31,2021-10-19,-2900000.0,2010900000.0,,254400000.0,1756500000.0,,11.518,-20700000.0,24700000.0,24700000.0,56200000.0,11100000.0,1.03,1.956,658400000.0,46700000.0,611700000.0,658400000.0,0.0,14400000.0,0.0,0.0,0.0,25400000.0,39800000.0,0.263,39800000.0,25400000.0,15500000.0,0.19,0.18,0.19,680300000.0,,680300000.0,1490709737.0,17.0,10.331,17800000.0,0.301,1.0,95200000.0,0.629,19300000.0,9900000.0,2378200000.0,,27900000.0,386800000.0,0.0,386800000.0,1330600000.0,247100000.0,1083500000.0,832809737.0,-2200000.0,-2100000.0,3300000.0,-26500000.0,0.0,-19100000.0,-21600000.0,600000.0,38500000.0,0.0,11100000.0,10900000.0,10900000.0,0.0,0.0,0.072,74800000.0,20400000.0,50400000.0,0.0,1.224,27.305,27.173,1327400000.0,200000.0,14.13,1.428,1.42,130000000.0,676500000.0,151400000.0,151400000.0,0.0,,,,,1000000.0,47500000.0,1.0,58939118.0,59066000,61134000.0,2.563,1991600000.0,0.0,4400000.0,370200000.0,33.718,7300000.0
80,KSU,MRQ,2001-09-30,2001-09-30,2001-09-30,2021-10-19,-3900000.0,1962400000.0,,216100000.0,1746300000.0,,11.337,-6400000.0,26900000.0,26900000.0,45600000.0,9000000.0,1.02,1.951,684800000.0,42800000.0,642000000.0,684800000.0,0.0,14700000.0,0.0,0.0,0.0,23800000.0,38500000.0,0.266,38500000.0,23800000.0,10600000.0,0.15,0.15,0.15,665000000.0,,665000000.0,1372126744.0,21.0,11.057,9000000.0,0.153,1.0,99000000.0,0.685,43400000.0,13200000.0,2365100000.0,,28800000.0,379900000.0,0.0,379900000.0,1297400000.0,211800000.0,1085600000.0,704226744.0,8300000.0,-600000.0,4000000.0,-2000000.0,-100000.0,-800000.0,-6300000.0,0.0,15400000.0,0.0,9000000.0,9000000.0,9000000.0,0.0,0.0,0.062,83000000.0,16000000.0,48300000.0,0.0,1.059,30.355,34.286,1323000000.0,0.0,12.0,1.229,1.228,141400000.0,662200000.0,144600000.0,144600000.0,0.0,,,,,1200000.0,48700000.0,1.0,58685562.0,58656000,61171000.0,2.465,1919000000.0,0.0,1600000.0,347400000.0,32.716,4300000.0
81,KSU,MRQ,2001-06-30,2001-06-30,2001-06-30,2021-10-19,-1900000.0,1946200000.0,,206200000.0,1740000000.0,,11.225,-7400000.0,18600000.0,18600000.0,46200000.0,4700000.0,0.9,1.97,686500000.0,40300000.0,646200000.0,686500000.0,0.0,14500000.0,0.0,0.0,0.0,19200000.0,33700000.0,0.235,33700000.0,19200000.0,4700000.0,0.08,0.08,0.08,655300000.0,,655300000.0,1574823431.0,19.0,11.265,-6400000.0,-0.11,1.0,97000000.0,0.677,41900000.0,14500000.0,2343200000.0,,29700000.0,375300000.0,0.0,375300000.0,1290900000.0,229000000.0,1061900000.0,921723431.0,-10000000.0,-5100000.0,800000.0,4700000.0,0.0,3200000.0,-14200000.0,0.0,1000000.0,0.0,4700000.0,4700000.0,4700000.0,0.0,0.0,0.033,84100000.0,12900000.0,46000000.0,0.0,1.407,24.645,26.333,1322800000.0,0.0,15.8,1.61,1.611,136300000.0,650500000.0,143200000.0,143200000.0,0.0,,,,,600000.0,47600000.0,1.0,58336926.0,58380000,60916000.0,2.453,1904300000.0,0.0,0.0,343000000.0,32.619,-22800000.0
82,KSU,MRQ,2001-03-31,2001-03-31,2001-03-31,2021-10-19,-2300000.0,1956400000.0,,224400000.0,1732000000.0,,11.151,-13400000.0,28600000.0,28600000.0,51800000.0,5900000.0,0.907,2.012,681700000.0,38700000.0,643000000.0,681700000.0,0.0,14400000.0,0.0,0.0,0.0,17900000.0,32300000.0,0.224,32300000.0,17900000.0,2700000.0,0.1,0.1,0.1,649600000.0,,649600000.0,1480957231.0,6.0,4.925,400000.0,0.007,1.0,92200000.0,0.64,40800000.0,15200000.0,2321300000.0,,31800000.0,364400000.0,0.0,364400000.0,1306800000.0,247400000.0,1059400000.0,827857231.0,7100000.0,-400000.0,800000.0,7100000.0,-100000.0,6900000.0,-13600000.0,0.0,13800000.0,0.0,5900000.0,5900000.0,5900000.0,0.0,0.0,0.041,86100000.0,6100000.0,44400000.0,0.0,1.274,4.285,4.176,1326800000.0,0.0,14.2,1.443,1.442,140300000.0,645200000.0,144000000.0,144000000.0,0.0,,,,,2800000.0,49100000.0,1.0,58299805.0,58257000,60776000.0,2.472,1915600000.0,0.0,-3200000.0,336900000.0,32.882,-23000000.0
83,KSU,MRQ,2000-12-31,2000-12-31,2000-12-31,2021-10-19,0.0,1944500000.0,,216400000.0,1728100000.0,,11.182,-26600000.0,21500000.0,21500000.0,53300000.0,3600000.0,0.878,2.022,674600000.0,36200000.0,638400000.0,674600000.0,0.0,13700000.0,0.0,0.0,0.0,5900000.0,19600000.0,0.139,19600000.0,5900000.0,-5700000.0,0.02,0.03,0.02,643400000.0,,643400000.0,1244148090.0,3.0,2.514,-4200000.0,-0.073,1.0,88000000.0,0.623,19900000.0,11600000.0,2331200000.0,,34000000.0,358200000.0,0.0,358200000.0,1301100000.0,246500000.0,1054600000.0,588948090.0,-8700000.0,-4200000.0,100000.0,-10800000.0,0.0,-3800000.0,-27300000.0,3800000.0,22400000.0,0.0,3600000.0,3600000.0,3600000.0,0.0,0.0,0.025,81100000.0,6900000.0,52900000.0,0.0,0.915,1.548,1.51,1327800000.0,0.0,10.13,1.018,0.992,135000000.0,636700000.0,141300000.0,141300000.0,0.0,,,,,300000.0,48300000.0,1.0,58139002.0,57541000,59248000.0,2.456,1924600000.0,0.0,-9300000.0,332200000.0,33.447,-30100000.0
84,KSU,MRQ,2000-09-30,2000-09-30,2000-09-30,2021-10-19,0.0,1927000000.0,,212000000.0,1715000000.0,,11.126,-21600000.0,30200000.0,30200000.0,51100000.0,23200000.0,0.985,2.013,685400000.0,13700000.0,671700000.0,685400000.0,0.0,13800000.0,0.0,0.009,0.0,40400000.0,54200000.0,0.376,54200000.0,40400000.0,22100000.0,0.4,0.39,0.4,639500000.0,,639500000.0,1151925765.0,2.0,1.945,-3800000.0,-0.066,1.0,93000000.0,0.645,0.0,18300000.0,2366900000.0,,34200000.0,361100000.0,0.0,361100000.0,1287500000.0,215300000.0,1072200000.0,504525765.0,-3900000.0,0.0,1000000.0,-300000.0,0.0,1200000.0,-22900000.0,-2300000.0,17800000.0,0.0,23200000.0,23200000.0,23200000.0,-23400000.0,0.0,0.161,78500000.0,14500000.0,36300000.0,0.0,0.789,1.078,1.033,1311300000.0,0.0,8.688,0.856,0.848,119800000.0,632800000.0,144100000.0,144100000.0,0.0,,,,,2700000.0,50500000.0,1.0,58071566.0,57478000,58858000.0,2.507,1927000000.0,0.0,-1100000.0,320200000.0,33.526,-3300000.0
85,KSU,MRQ,2000-06-30,2000-06-30,2000-06-30,2021-10-19,111100000.0,2957200000.0,,214600000.0,2742600000.0,,30.109,-31800000.0,34100000.0,34100000.0,45200000.0,160500000.0,0.515,0.763,681500000.0,213700000.0,467800000.0,681500000.0,0.0,14400000.0,0.0,0.001,0.0,180200000.0,194600000.0,1.348,194600000.0,180200000.0,161800000.0,2.88,2.74,2.88,1677800000.0,,1677800000.0,10194134505.0,17.0,15.542,13000000.0,0.233,1.0,99200000.0,0.687,0.0,18400000.0,3187900000.0,,34200000.0,355800000.0,0.0,355800000.0,1279400000.0,416700000.0,862700000.0,9882734505.0,-3700000.0,0.0,1600000.0,-18400000.0,-100000.0,-16500000.0,-32000000.0,200000.0,44800000.0,0.0,160500000.0,160500000.0,160500000.0,-151700000.0,0.0,1.111,80800000.0,18400000.0,50600000.0,0.0,5.89,18.566,18.496,1302300000.0,0.0,177.38,16.635,16.637,124900000.0,1559500000.0,144400000.0,144400000.0,0.0,,,,,700000.0,47800000.0,1.0,55715044.0,55724000,57614000.0,2.591,2957200000.0,0.0,1300000.0,310300000.0,53.069,-202100000.0
86,KSU,MRQ,2000-03-31,2000-03-31,2000-03-31,2021-10-19,112000000.0,3317400000.0,,859600000.0,2457800000.0,,27.256,-19000000.0,388500000.0,388500000.0,46400000.0,193200000.0,1.904,1.191,699900000.0,11600000.0,688300000.0,699900000.0,0.0,14200000.0,0.0,0.001,0.0,212300000.0,226500000.0,1.521,226500000.0,212300000.0,194800000.0,3.48,3.32,3.48,1513900000.0,,1513900000.0,10118348201.0,20.0,17.985,-29300000.0,-0.528,1.0,102500000.0,0.688,234600000.0,17500000.0,2942700000.0,,39400000.0,878900000.0,33000000.0,845900000.0,1803500000.0,451500000.0,1352000000.0,9498448201.0,25900000.0,0.0,15200000.0,48500000.0,-4700000.0,55800000.0,-19600000.0,-1700000.0,-10300000.0,0.0,193200000.0,193200000.0,193200000.0,-188700000.0,0.0,1.298,84500000.0,18000000.0,223900000.0,0.0,6.274,21.207,21.246,1377300000.0,0.0,171.88,15.873,15.954,343700000.0,1394700000.0,148900000.0,148900000.0,0.0,,,,,5600000.0,51200000.0,1.0,55262091.0,55543000,57482000.0,2.681,3082800000.0,0.0,1600000.0,467800000.0,55.503,408100000.0
87,KSU,MRQ,1999-12-31,1999-12-31,1999-12-31,2021-10-19,108900000.0,2672000000.0,,208500000.0,2463500000.0,,23.218,-38700000.0,11900000.0,11900000.0,170200000.0,91300000.0,0.82,1.082,760900000.0,10900000.0,750000000.0,760900000.0,0.0,13900000.0,0.0,0.002,0.08,102900000.0,116800000.0,0.77,116800000.0,102900000.0,88800000.0,1.65,1.56,1.65,1283100000.0,,1283100000.0,8867214461.0,23.0,19.944,-31900000.0,-0.577,1.0,-18500000.0,-0.122,34400000.0,14100000.0,3132400000.0,,40500000.0,337100000.0,0.0,337100000.0,1388900000.0,254200000.0,1134700000.0,8247314461.0,-56500000.0,12700000.0,10600000.0,-35000000.0,200000.0,-137300000.0,-43100000.0,-15300000.0,6800000.0,0.0,91300000.0,91300000.0,91300000.0,-98500000.0,0.0,0.602,-23900000.0,5400000.0,74800000.0,0.048,6.428,25.51,25.468,1277400000.0,0.0,149.24,13.714,13.684,132200000.0,1167000000.0,151700000.0,151700000.0,0.0,,,,,-5700000.0,206000000.0,1.0,55262091.0,55262000,57133000.0,2.745,2637600000.0,0.0,-2500000.0,297400000.0,47.729,-45700000.0
88,KSU,MRQ,1999-09-30,1999-09-30,1999-09-30,2021-10-19,75200000.0,2903600000.0,,655100000.0,2248500000.0,,21.013,-29900000.0,171700000.0,171700000.0,0.0,87300000.0,1.831,1.501,791600000.0,10900000.0,780700000.0,791600000.0,0.0,14300000.0,0.0,0.003,0.08,103700000.0,118000000.0,0.791,118000000.0,103700000.0,89000000.0,1.58,1.51,1.58,1160800000.0,,1160800000.0,5820977678.0,21.0,17.763,23400000.0,0.424,1.0,149100000.0,1.0,193300000.0,14700000.0,2972500000.0,,44600000.0,900000000.0,151100000.0,748900000.0,1742800000.0,357700000.0,1385100000.0,5137677678.0,-19700000.0,0.0,-10000000.0,-31100000.0,-4400000.0,74600000.0,-30500000.0,-600000.0,53300000.0,0.0,87300000.0,87300000.0,87300000.0,-82700000.0,0.0,0.586,134500000.0,14600000.0,154500000.0,0.051,4.426,19.602,19.662,1306300000.0,0.0,93.0,14.935,14.935,248600000.0,1078400000.0,149100000.0,149100000.0,0.0,,,,,12100000.0,0.0,1.0,55243846.0,55242000,57047000.0,2.699,2710300000.0,0.0,1700000.0,430200000.0,49.062,297400000.0
89,KSU,MRQ,1999-06-30,1999-06-30,1999-06-30,2021-10-19,90800000.0,2812600000.0,,575900000.0,2236700000.0,,19.803,-10900000.0,139300000.0,139300000.0,0.0,76100000.0,1.825,1.576,822600000.0,11000000.0,811600000.0,822600000.0,0.0,7600000.0,0.0,0.003,0.08,93700000.0,101300000.0,0.681,101300000.0,93700000.0,79100000.0,1.38,1.31,1.38,1091700000.0,,1091700000.0,7837794482.0,27.0,23.127,14200000.0,0.258,1.0,148700000.0,1.0,194300000.0,14600000.0,2986000000.0,,50200000.0,872700000.0,114200000.0,758500000.0,1720900000.0,315600000.0,1405300000.0,7040394482.0,48700000.0,0.0,20700000.0,-17400000.0,-4500000.0,22200000.0,1400000.0,17600000.0,25100000.0,0.0,76100000.0,76100000.0,76100000.0,-70900000.0,0.0,0.512,129000000.0,19700000.0,134600000.0,0.058,6.449,30.61,30.752,1283900000.0,0.0,127.62,13.306,13.297,234400000.0,993700000.0,148700000.0,148700000.0,0.0,,,,,0.0,0.0,1.0,55166858.0,55127000,57067000.0,2.697,2618300000.0,0.0,3000000.0,433900000.0,47.496,260300000.0
90,KSU,MRQ,1999-03-31,1999-03-31,1999-03-31,2021-10-19,73800000.0,2709200000.0,,537100000.0,2172100000.0,,17.929,-23900000.0,42500000.0,42500000.0,0.0,68600000.0,1.643,1.751,839900000.0,10900000.0,829000000.0,839900000.0,0.0,21100000.0,0.0,0.003,0.08,128500000.0,149600000.0,0.388,149600000.0,128500000.0,113500000.0,1.24,1.2,1.24,984700000.0,,984700000.0,7061692428.0,23.0,19.019,68900000.0,1.255,1.0,385200000.0,1.0,181300000.0,15000000.0,2998300000.0,,50500000.0,887500000.0,169800000.0,717700000.0,1724500000.0,327000000.0,1397500000.0,6252592428.0,33800000.0,0.0,-8900000.0,3600000.0,-8900000.0,-34000000.0,-25000000.0,-1700000.0,92800000.0,0.0,68600000.0,68600000.0,68600000.0,0.0,0.0,0.178,263600000.0,121600000.0,124700000.0,0.065,6.35,29.41,29.61,1273100000.0,0.0,114.0,8.894,8.906,244900000.0,903700000.0,385200000.0,385200000.0,0.0,,,,,0.0,0.0,1.0,54847302.0,54921500,56837500.0,7.014,2527900000.0,0.0,44900000.0,417400000.0,46.028,210100000.0
91,KSU,MRQ,1998-12-31,1998-12-31,1998-12-31,2021-10-19,74900000.0,2337000000.0,,210200000.0,2126800000.0,,16.988,3900000.0,5600000.0,5600000.0,139900000.0,30100000.0,1.008,1.51,836300000.0,10700000.0,825600000.0,836300000.0,0.0,3300000.0,0.0,0.003,0.08,-44500000.0,-41200000.0,0.122,-41200000.0,-44500000.0,-53400000.0,0.53,0.5,0.53,931200000.0,,931200000.0,6218987213.0,22.0,18.642,-31800000.0,-0.58,1.0,-478900000.0,1.413,29400000.0,8900000.0,2929800000.0,,47000000.0,327900000.0,0.0,327900000.0,1405800000.0,208500000.0,1197300000.0,5389887213.0,6300000.0,-700000.0,-4400000.0,-19000000.0,0.0,3800000.0,38200000.0,31700000.0,-35700000.0,0.0,30100000.0,30100000.0,30100000.0,-152200000.0,0.0,-0.089,-296900000.0,-182000000.0,64100000.0,0.151,5.788,28.338,28.352,1229300000.0,0.0,98.38,8.785,8.757,131800000.0,849100000.0,-339000000.0,-339000000.0,0.0,,,,,12200000.0,190700000.0,1.0,54786412.0,54815500,56671000.0,-6.184,2307600000.0,0.0,-83500000.0,285200000.0,42.098,1700000.0
92,KSU,MRQ,1998-09-30,1998-09-30,1998-09-30,2021-10-19,66700000.0,2584200000.0,,430100000.0,2154100000.0,,16.291,-30400000.0,27900000.0,27900000.0,0.0,55200000.0,1.425,1.897,857000000.0,10700000.0,846300000.0,857000000.0,0.0,18700000.0,0.0,0.005,0.08,110500000.0,129200000.0,0.387,129200000.0,110500000.0,93400000.0,1.0,0.98,1.0,891900000.0,,891900000.0,4695425725.0,21.0,16.08,58100000.0,1.061,1.0,334200000.0,1.0,180200000.0,17100000.0,2931200000.0,,44000000.0,721100000.0,0.0,721100000.0,1692300000.0,301900000.0,1390400000.0,3832525725.0,19100000.0,0.0,2800000.0,-10100000.0,-4400000.0,-16100000.0,-53300000.0,-16500000.0,88500000.0,0.0,55200000.0,55200000.0,55200000.0,0.0,0.0,0.165,228800000.0,105400000.0,106400000.0,0.08,4.297,87.301,89.744,1252800000.0,0.0,70.0,3.074,3.074,199200000.0,818000000.0,334200000.0,334200000.0,0.0,,,,,0.0,0.0,1.0,54750368.0,54746500,56655500.0,6.104,2404000000.0,0.0,38200000.0,387700000.0,43.911,128200000.0
93,KSU,MRQ,1998-06-30,1998-06-30,1998-06-30,2021-10-19,93700000.0,2567200000.0,,392400000.0,2174800000.0,,15.831,-21800000.0,8800000.0,8800000.0,0.0,58700000.0,0.989,1.969,871700000.0,113700000.0,758000000.0,871700000.0,0.0,17900000.0,0.0,0.003,0.08,115800000.0,133700000.0,0.414,133700000.0,115800000.0,99600000.0,1.08,1.02,1.08,864800000.0,,864800000.0,6289025783.0,32.0,23.414,67700000.0,1.239,1.0,322600000.0,1.0,184100000.0,16200000.0,2849300000.0,,39300000.0,753300000.0,0.0,753300000.0,1702400000.0,396700000.0,1305700000.0,5418525783.0,-10900000.0,0.0,4300000.0,-24800000.0,-4500000.0,-49300000.0,-51100000.0,-27800000.0,89500000.0,0.0,58700000.0,58700000.0,58700000.0,0.0,0.0,0.182,218200000.0,104400000.0,104400000.0,0.074,6.266,177.657,177.214,1237400000.0,0.0,99.24,4.568,4.57,200200000.0,956500000.0,322600000.0,322600000.0,0.0,,,,,0.0,0.0,1.0,54600220.0,54626500,56651500.0,5.906,2383100000.0,0.0,40900000.0,391900000.0,43.625,-4300000.0
94,KSU,MRQ,1998-03-31,1998-03-31,1998-03-31,2021-10-19,80700000.0,2475900000.0,,375400000.0,2100500000.0,,14.521,-13200000.0,19700000.0,19700000.0,0.0,46200000.0,0.924,2.141,890200000.0,110700000.0,779500000.0,890200000.0,0.0,16800000.0,0.0,0.003,0.08,95100000.0,111900000.0,0.378,111900000.0,95100000.0,77700000.0,0.86,0.82,0.86,788300000.0,,788300000.0,5671532484.0,38.0,25.433,-13900000.0,-0.256,1.0,295700000.0,1.0,145900000.0,17400000.0,2794400000.0,,38300000.0,727300000.0,0.0,727300000.0,1687600000.0,406100000.0,1281500000.0,4788432484.0,-13800000.0,0.0,15200000.0,-26400000.0,-8900000.0,-17800000.0,4700000.0,12600000.0,-700000.0,0.0,46200000.0,46200000.0,46200000.0,0.0,0.0,0.156,205300000.0,90400000.0,100400000.0,0.093,6.074,1330.12,1466.667,1227300000.0,0.0,88.0,4.29,4.28,194100000.0,899400000.0,295700000.0,295700000.0,0.0,,,,,0.0,0.0,1.0,54414006.0,54286500,56176500.0,5.447,2330000000.0,0.0,31500000.0,358700000.0,42.92,-30700000.0
95,KSU,MRQ,1997-12-31,1997-12-31,1997-12-31,2021-10-19,50800000.0,2434200000.0,,373100000.0,2061100000.0,,12.436,-23900000.0,109400000.0,109400000.0,0.0,-116200000.0,0.853,2.591,916600000.0,110700000.0,805900000.0,916600000.0,0.0,19000000.0,0.0,0.005,0.08,-101800000.0,-82800000.0,-0.281,-82800000.0,-101800000.0,-118900000.0,-2.16,-2.1,-2.16,670100000.0,,670100000.0,4315269029.0,37.0,22.336,72600000.0,1.347,1.0,294300000.0,1.0,150400000.0,17100000.0,2653500000.0,,38400000.0,707900000.0,24400000.0,683500000.0,1735900000.0,437500000.0,1298400000.0,3417169029.0,20000000.0,-303500000.0,5800000.0,-25000000.0,200000.0,-36200000.0,-40300000.0,291900000.0,96500000.0,0.0,-116200000.0,-116200000.0,-116200000.0,0.0,0.0,-0.395,371000000.0,-76700000.0,109000000.0,-0.037,5.099,-242.352,-244.231,1227200000.0,0.0,63.5,3.229,3.228,177000000.0,839300000.0,294300000.0,294300000.0,0.0,,,,,0.0,0.0,1.0,53813686.0,53885000,49824500.0,5.462,2283800000.0,0.0,-2700000.0,332200000.0,42.383,-64400000.0
96,KSU,MRQ,1997-09-30,1997-09-30,1997-09-30,2021-10-19,47800000.0,2530900000.0,,343600000.0,2187300000.0,,14.922,-22500000.0,43400000.0,43400000.0,0.0,41800000.0,0.911,2.161,941500000.0,107200000.0,834300000.0,941500000.0,0.0,19300000.0,0.0,0.004,0.08,86500000.0,105800000.0,0.387,105800000.0,86500000.0,67200000.0,0.78,0.76,0.78,800600000.0,,800600000.0,4607486501.0,16.0,12.693,47600000.0,0.887,1.0,273600000.0,1.0,238300000.0,19300000.0,2813700000.0,,36900000.0,679700000.0,0.0,679700000.0,1730300000.0,377000000.0,1353300000.0,3690786501.0,25300000.0,0.0,5200000.0,6700000.0,-4400000.0,1700000.0,-46500000.0,-24800000.0,70100000.0,0.0,41800000.0,41800000.0,41800000.0,0.0,0.0,0.153,189100000.0,84500000.0,99700000.0,0.103,4.61,27.38,27.552,1269300000.0,0.0,68.88,3.747,3.752,173700000.0,944600000.0,273600000.0,273600000.0,0.0,,,,,0.0,0.0,1.0,53582847.0,53652500,55401000.0,5.099,2292600000.0,0.0,25400000.0,359900000.0,42.731,-33400000.0
97,KSU,MRQ,1997-06-30,1997-06-30,1997-06-30,2021-10-19,34000000.0,2446900000.0,,287900000.0,2159000000.0,,13.917,-14500000.0,18100000.0,18100000.0,0.0,31800000.0,1.071,2.284,934800000.0,7500000.0,927300000.0,934800000.0,0.0,18400000.0,0.0,0.006,0.067,69700000.0,88100000.0,0.349,88100000.0,69700000.0,56100000.0,0.58,0.58,0.58,745200000.0,,745200000.0,3214492487.0,10.0,8.209,46000000.0,0.859,1.0,252600000.0,1.0,241400000.0,13600000.0,2853500000.0,,39900000.0,655500000.0,0.0,655500000.0,1701700000.0,268700000.0,1433000000.0,2301992487.0,3500000.0,0.0,1100000.0,-29500000.0,-3700000.0,-29600000.0,-27400000.0,-14000000.0,60500000.0,0.0,31800000.0,31800000.0,31800000.0,0.0,0.0,0.126,185200000.0,67400000.0,91500000.0,0.116,3.089,13.621,14.052,1262100000.0,0.0,43.0,2.477,2.477,163000000.0,903700000.0,252600000.0,252600000.0,0.0,,,,,0.0,0.0,1.0,53534709.0,53547500,54759000.0,4.717,2205500000.0,0.0,24300000.0,352000000.0,41.188,19200000.0
98,KSU,MRQ,1997-03-31,1997-03-31,1997-03-31,2021-10-19,16000000.0,2332200000.0,,256700000.0,2075500000.0,,12.934,-14300000.0,11100000.0,11100000.0,0.0,28500000.0,1.067,2.339,923600000.0,7300000.0,916300000.0,923600000.0,0.0,18500000.0,0.0,0.008,0.067,63600000.0,82100000.0,0.345,82100000.0,63600000.0,49900000.0,0.52,0.52,0.52,698500000.0,,698500000.0,2423806800.0,8.0,6.463,5300000.0,0.098,1.0,237800000.0,1.0,241400000.0,13700000.0,2762700000.0,,38800000.0,614400000.0,0.0,614400000.0,1633700000.0,240600000.0,1393100000.0,1801606800.0,-8300000.0,0.0,-35700000.0,277200000.0,-7300000.0,237300000.0,-265200000.0,-257800000.0,19600000.0,0.0,28500000.0,28500000.0,28500000.0,0.0,0.0,0.12,182200000.0,55600000.0,80400000.0,0.129,2.579,11.295,11.655,1219700000.0,0.0,33.333,2.038,2.037,149700000.0,875000000.0,237800000.0,237800000.0,0.0,,,,,0.0,0.0,1.0,54048204.0,54006000,55108500.0,4.403,2090800000.0,0.0,21400000.0,335900000.0,38.714,16100000.0
99,KSU,MRQ,1996-12-31,1996-12-31,1996-12-31,2021-10-19,24900000.0,2084100000.0,,292100000.0,1792000000.0,,13.472,149700000.0,22900000.0,22900000.0,0.0,32500000.0,1.194,1.964,645100000.0,7600000.0,637500000.0,645100000.0,0.0,18200000.0,0.0,0.009,0.067,68800000.0,87000000.0,0.394,87000000.0,68800000.0,52400000.0,0.62,0.58,0.62,696900000.0,,696900000.0,,,,203300000.0,3.93,1.0,220900000.0,1.0,237500000.0,16400000.0,2224200000.0,,39300000.0,403000000.0,67800000.0,335200000.0,1368400000.0,244600000.0,1123800000.0,1621446120.0,400000.0,-41900000.0,-27200000.0,-193800000.0,0.0,-224200000.0,171000000.0,64000000.0,53600000.0,0.0,32500000.0,32700000.0,32700000.0,0.0,0.0,0.148,95300000.0,125600000.0,102600000.0,0.108,2.327,10.745,11.278,1219300000.0,-200000.0,30.0,1.914,2.003,138100000.0,883300000.0,220900000.0,220900000.0,0.0,,,,,0.0,0.0,1.0,54048204.0,51729000,55953000.0,4.27,1846600000.0,0.0,19900000.0,337700000.0,35.698,47500000.0
100,KSU,MRQ,1996-09-30,1996-09-30,1996-09-30,2021-10-19,,,,,,,,-36000000.0,,,0.0,76100000.0,,,,,,,,19700000.0,,0.009,0.067,114700000.0,134400000.0,0.616,134400000.0,114700000.0,98600000.0,1.34,1.34,1.34,,,,,,,27800000.0,0.488,1.0,218200000.0,1.0,,16100000.0,,,,,,,,,,,11800000.0,0.0,-31200000.0,26900000.0,-3900000.0,-6300000.0,-45700000.0,-9200000.0,63800000.0,0.0,76100000.0,76000000.0,76000000.0,0.0,0.0,0.348,158000000.0,60200000.0,,0.05,,,,,100000.0,28.5,,,,,218200000.0,218200000.0,0.0,,,,,0.0,0.0,1.0,,57006000,57006000.0,3.828,,,22500000.0,,,
101,KSU,MRQ,1996-06-30,1996-06-30,1996-06-30,2021-10-19,,,,,,,,-27200000.0,,,0.0,22400000.0,,,,,,,,19200000.0,,0.008,0.067,52300000.0,71500000.0,0.346,71500000.0,52300000.0,38100000.0,0.38,0.38,0.38,,,,,,,11600000.0,0.197,1.0,206900000.0,1.0,,14200000.0,,,,,,,,,,,900000.0,0.0,-40800000.0,73700000.0,-3900000.0,29100000.0,-67000000.0,-40800000.0,38800000.0,0.0,22400000.0,22300000.0,22300000.0,0.0,0.0,0.108,161200000.0,45700000.0,,0.176,,,,,100000.0,28.587,,,,,206900000.0,206900000.0,0.0,,,,,0.0,0.0,1.0,,58918500,58918500.0,3.512,,,15700000.0,,,
102,KSU,MRQ,1996-03-31,1996-03-31,1996-03-31,2021-10-19,,,,,,,,-43500000.0,,,0.0,19900000.0,,,,,,,,19000000.0,,0.007,0.067,45300000.0,64300000.0,0.319,64300000.0,45300000.0,32400000.0,0.333,0.333,0.333,,,,,,,-78700000.0,-1.311,1.0,201300000.0,1.0,,12900000.0,,,,,,,,,,,-22000000.0,0.0,-37500000.0,93800000.0,-7000000.0,50600000.0,-37400000.0,2500000.0,-35200000.0,0.0,19900000.0,19900000.0,19900000.0,0.0,0.0,0.099,160800000.0,40500000.0,,0.201,,,,,0.0,31.0,,,,,201300000.0,201300000.0,0.0,,,,,0.0,0.0,1.0,,60015000,60015000.0,3.354,,,12500000.0,,,
103,KSU,MRQ,1995-12-31,1995-12-31,1995-12-31,2021-10-19,6400000.0,2039600000.0,,281200000.0,1758400000.0,,10.721,,31800000.0,31800000.0,,,0.878,1.972,644200000.0,10400000.0,633800000.0,644200000.0,0.0,,0.0,0.007,0.05,,,,,,,,,,681700000.0,,681700000.0,,,,,,1.0,,,204400000.0,,2127200000.0,,39800000.0,272100000.0,0.0,272100000.0,1344400000.0,320400000.0,1024000000.0,,,,,,,,,,,,,,,,,,,,96900000.0,,,,8.199,1281900000.0,,30.5,,2.502,135600000.0,753800000.0,,,,,,,,,,1.0,,63583500,,,1835200000.0,0.0,,303600000.0,28.863,-39200000.0
104,KSU,MRQ,1994-12-31,1994-12-31,1994-12-31,2021-10-19,-1800000.0,2230800000.0,,380100000.0,1850700000.0,,9.716,,12700000.0,12700000.0,,,1.119,2.381,985200000.0,56400000.0,928800000.0,985200000.0,0.0,,0.0,0.008,0.05,,,,,,,,,,656700000.0,,656700000.0,,,,,,1.0,,,220800000.0,,2642900000.0,,46600000.0,214600000.0,0.0,214600000.0,1563600000.0,339600000.0,1224000000.0,,,,,,,,,,,,,,,,,,,,140800000.0,,,,13.307,1415300000.0,,20.587,,1.278,232300000.0,530100000.0,,,,,,,,,,1.0,,67591500,,,2010000000.0,0.0,,204200000.0,29.737,40500000.0
0,KSU,MRT,2021-09-30,2021-09-30,2021-09-30,2021-10-19,45300000.0,10542800000.0,10276875000.0,921900000.0,9620900000.0,0.281,43.006,-478900000.0,470000000.0,470000000.0,890400000.0,98200000.0,0.723,1.616,3824900000.0,8700000.0,3816200000.0,3824900000.0,0.0,363700000.0,0.0,0.008,2.06,359300000.0,723000000.0,0.25,723000000.0,359300000.0,203100000.0,1.05,1.02,1.05,3905200000.0,3999300000.0,3905200000.0,28120676665.0,78.0,38.894,611300000.0,6.732,1.0,2002500000.0,0.692,0.0,156200000.0,12622600000.0,12920000000.0,128700000.0,54600000.0,0.0,54600000.0,6310000000.0,1275100000.0,5034900000.0,24618676665.0,-176000000.0,-32000000.0,-558500000.0,-11800000.0,-176000000.0,-746300000.0,-520100000.0,0.0,1090200000.0,200000.0,96400000.0,96200000.0,96200000.0,0.0,1800000.0,0.033,1667000000.0,335500000.0,1266400000.0,1.962,6.304,255.911,257.752,9247700000.0,200000.0,270.64,8.51,8.495,267300000.0,2929900000.0,2892900000.0,2892900000.0,0.0,0.009,0.024,0.028,0.124,24800000.0,513100000.0,1.0,90964664.0,90806000,91372000.0,31.858,10542800000.0,0.0,106700000.0,1067800000.0,116.102,-353200000.0
1,KSU,MRT,2021-06-30,2021-06-30,2021-06-30,2021-10-19,46700000.0,10393700000.0,10232575000.0,812000000.0,9581700000.0,0.274,41.745,-460000000.0,325800000.0,325800000.0,839600000.0,131900000.0,0.653,1.657,3827800000.0,8500000.0,3819300000.0,3827800000.0,0.0,362400000.0,0.0,0.007,1.92,381700000.0,744100000.0,0.265,744100000.0,381700000.0,225000000.0,1.35,1.32,1.35,3789100000.0,4140025000.0,3789100000.0,29332494187.0,77.0,39.42,601800000.0,6.63,1.0,1968900000.0,0.701,0.0,156700000.0,12652900000.0,13031450000.0,135300000.0,50600000.0,0.0,50600000.0,6277300000.0,1242800000.0,5034500000.0,25767894187.0,-294300000.0,-33900000.0,-669300000.0,-16700000.0,-164700000.0,-850700000.0,-505800000.0,0.0,1061800000.0,400000.0,130000000.0,129800000.0,129800000.0,0.0,1900000.0,0.046,1613800000.0,355100000.0,1234300000.0,1.422,6.801,198.52,209.904,9210800000.0,200000.0,283.37,9.175,9.158,298900000.0,2822900000.0,2808500000.0,2808500000.0,0.0,0.013,0.031,0.029,0.136,23800000.0,497200000.0,1.0,90933741.0,90767000,90767000.0,30.942,10393700000.0,0.0,95000000.0,1062200000.0,114.51,-430800000.0
2,KSU,MRT,2021-03-31,2021-03-31,2021-03-31,2021-10-19,79800000.0,10207000000.0,10206175000.0,723300000.0,9483700000.0,0.255,46.781,-408000000.0,259900000.0,259900000.0,762700000.0,620200000.0,1.498,1.327,3824500000.0,6500000.0,3818000000.0,3824500000.0,0.0,360500000.0,0.0,0.007,1.78,991300000.0,1351800000.0,0.519,1351800000.0,991300000.0,835600000.0,6.68,6.65,6.68,4245700000.0,4297875000.0,4245700000.0,27604563780.0,28.0,20.421,615000000.0,6.776,1.0,1844200000.0,0.707,0.0,155700000.0,13288900000.0,13129750000.0,131600000.0,48000000.0,0.0,48000000.0,5634500000.0,482700000.0,5151800000.0,23976563780.0,168900000.0,-30400000.0,-769400000.0,521800000.0,-153900000.0,-401500000.0,-451400000.0,0.0,1023000000.0,-1200000.0,618200000.0,618100000.0,618100000.0,0.0,2000000.0,0.237,877000000.0,967200000.0,476200000.0,0.266,5.647,38.791,39.509,9093800000.0,100000.0,263.92,9.197,9.188,271100000.0,3250600000.0,2606900000.0,2606900000.0,0.0,0.061,0.144,0.076,0.38,20800000.0,472600000.0,1.0,90847847.0,90757000,91286000.0,28.724,10207000000.0,0.0,217400000.0,1212700000.0,112.465,240600000.0
3,KSU,MRT,2020-12-31,2020-12-31,2020-12-31,2021-10-19,400000.0,9964000000.0,10095850000.0,625800000.0,9338200000.0,0.261,43.242,-477200000.0,188200000.0,188200000.0,764600000.0,619100000.0,1.314,1.375,3816200000.0,6400000.0,3809800000.0,3816200000.0,0.0,357900000.0,0.0,0.008,1.64,972000000.0,1329900000.0,0.505,1329900000.0,972000000.0,821100000.0,6.57,6.54,6.57,4057200000.0,4345975000.0,4057200000.0,22286884197.0,23.0,16.758,602800000.0,6.425,1.0,1868000000.0,0.71,0.0,150900000.0,13115600000.0,12932400000.0,127200000.0,42600000.0,0.0,42600000.0,5580400000.0,476400000.0,5104000000.0,19106884197.0,39400000.0,-32200000.0,-879000000.0,521000000.0,-152300000.0,-510300000.0,-526000000.0,0.0,1080000000.0,-4300000.0,617000000.0,616800000.0,616800000.0,0.0,2100000.0,0.234,865000000.0,1003000000.0,470000000.0,0.25,4.709,30.977,31.07,9068700000.0,200000.0,204.13,7.258,7.275,247100000.0,3219600000.0,2632600000.0,2632600000.0,0.0,0.061,0.142,0.075,0.369,22900000.0,476500000.0,1.0,93601549.0,93826000,94315000.0,28.058,9964000000.0,0.0,204100000.0,1185400000.0,106.197,149400000.0
4,KSU,MRT,2020-09-30,2020-09-30,2020-09-30,2021-10-19,-16300000.0,10365600000.0,10051550000.0,1093800000.0,9271800000.0,0.266,47.596,-486200000.0,646000000.0,646000000.0,789100000.0,580700000.0,2.292,1.247,3826000000.0,10900000.0,3815100000.0,3826000000.0,0.0,355900000.0,0.0,0.009,1.6,936200000.0,1292100000.0,0.484,1292100000.0,936200000.0,792600000.0,6.07,6.05,6.07,4468100000.0,4437300000.0,4468100000.0,20276078132.0,22.0,15.692,578900000.0,6.167,1.0,1879600000.0,0.704,0.0,143600000.0,13068400000.0,12773100000.0,127900000.0,44100000.0,0.0,44100000.0,5571700000.0,477200000.0,5094500000.0,17061178132.0,584400000.0,-41900000.0,-864100000.0,1088300000.0,-150400000.0,73800000.0,-549200000.0,0.0,1065100000.0,-5300000.0,578500000.0,578300000.0,578300000.0,0.0,2200000.0,0.217,902900000.0,976700000.0,466300000.0,0.264,3.818,29.502,29.791,9043100000.0,200000.0,180.83,6.393,6.361,256000000.0,3552300000.0,2668700000.0,2668700000.0,0.0,0.058,0.13,0.073,0.351,25300000.0,491700000.0,1.0,94349268.0,93876000,94380000.0,28.428,10365600000.0,0.0,214100000.0,1177400000.0,110.418,616600000.0
5,KSU,MRT,2020-06-30,2020-06-30,2020-06-30,2021-10-19,-19600000.0,10288100000.0,9884750000.0,1116200000.0,9171900000.0,0.279,46.79,-530000000.0,620100000.0,620100000.0,840500000.0,571100000.0,2.443,1.254,3835000000.0,16300000.0,3818700000.0,3835000000.0,0.0,353200000.0,0.0,0.01,1.56,940700000.0,1293900000.0,0.469,1293900000.0,940700000.0,808700000.0,5.86,5.85,5.86,4420500000.0,4538900000.0,4420500000.0,17390069838.0,18.0,13.44,558300000.0,5.909,1.0,1916300000.0,0.695,0.0,132000000.0,13046100000.0,12412825000.0,131200000.0,44000000.0,0.0,44000000.0,5543100000.0,456900000.0,5086200000.0,14185569838.0,572500000.0,-51500000.0,-853300000.0,1093100000.0,-148600000.0,91200000.0,-601400000.0,0.0,1088300000.0,-5600000.0,568900000.0,568700000.0,568700000.0,0.0,2200000.0,0.206,929100000.0,987200000.0,440600000.0,0.266,3.209,24.944,25.476,9028200000.0,200000.0,149.29,5.146,5.116,222800000.0,3510700000.0,2756800000.0,2756800000.0,0.0,0.058,0.125,0.076,0.341,24600000.0,509100000.0,1.0,95020228.0,94476000,94893000.0,29.18,10288100000.0,0.0,239800000.0,1165200000.0,108.896,659300000.0
6,KSU,MRT,2020-03-31,2020-03-31,2020-03-31,2021-10-19,-25500000.0,9765700000.0,9722250000.0,621900000.0,9143800000.0,0.301,46.394,-600100000.0,91000000.0,91000000.0,915600000.0,589900000.0,1.321,1.127,3295500000.0,17100000.0,3278400000.0,3295500000.0,0.0,351600000.0,0.0,0.012,1.52,967900000.0,1319500000.0,0.451,1319500000.0,967900000.0,846000000.0,5.99,5.97,5.99,4438100000.0,4641075000.0,4438100000.0,15411376549.0,16.0,11.68,514400000.0,5.377,1.0,2007300000.0,0.687,0.0,121900000.0,12499500000.0,12054375000.0,143600000.0,45900000.0,0.0,45900000.0,5003700000.0,470700000.0,4533000000.0,12228476549.0,-1700000.0,-59700000.0,-842700000.0,552800000.0,-146500000.0,-436400000.0,-675200000.0,0.0,1114500000.0,-4600000.0,587900000.0,587700000.0,587700000.0,0.0,2000000.0,0.201,992500000.0,1014800000.0,453600000.0,0.254,2.755,20.807,21.232,9005400000.0,200000.0,127.18,4.184,4.162,269800000.0,3532000000.0,2922900000.0,2922900000.0,0.0,0.06,0.127,0.08,0.331,27400000.0,533600000.0,1.0,96150940.0,95662000,96171000.0,30.554,9765700000.0,0.0,258100000.0,1149200000.0,102.085,151200000.0
7,KSU,MRT,2019-12-31,2019-12-31,2019-12-31,2021-10-19,-29100000.0,9786800000.0,9690250000.0,728600000.0,9058200000.0,0.296,44.53,-604100000.0,148800000.0,148800000.0,931100000.0,540800000.0,1.483,1.14,3331700000.0,18000000.0,3313700000.0,3331700000.0,0.0,350700000.0,0.0,0.01,1.48,902400000.0,1253100000.0,0.437,1253100000.0,902400000.0,786500000.0,5.42,5.4,5.42,4422500000.0,4738575000.0,4422500000.0,17896259161.0,20.0,14.282,499900000.0,5.033,1.0,1934900000.0,0.675,0.0,115900000.0,12478400000.0,11893825000.0,150600000.0,47600000.0,0.0,47600000.0,5040900000.0,491300000.0,4549600000.0,15181159161.0,48300000.0,-64200000.0,-785500000.0,550900000.0,-144300000.0,-378900000.0,-676300000.0,0.0,1104000000.0,-500000.0,538900000.0,538700000.0,538700000.0,0.0,1900000.0,0.188,1048600000.0,886300000.0,473300000.0,0.273,3.433,28.181,28.258,8964700000.0,200000.0,153.16,5.297,5.307,274200000.0,3601300000.0,2866000000.0,2866000000.0,0.0,0.056,0.114,0.076,0.315,23100000.0,529100000.0,1.0,99119608.0,99316000,99747000.0,28.857,9786800000.0,0.0,247600000.0,1128000000.0,98.542,237300000.0
8,KSU,MRT,2019-09-30,2019-09-30,2019-09-30,2021-10-19,-30600000.0,9698400000.0,9611000000.0,613900000.0,9084500000.0,0.295,49.091,-610400000.0,61600000.0,61600000.0,940300000.0,574700000.0,0.781,0.923,2776700000.0,288800000.0,2487900000.0,2776700000.0,0.0,352300000.0,0.0,0.011,1.44,913400000.0,1265700000.0,0.447,1265700000.0,913400000.0,801100000.0,5.72,5.69,5.72,4874500000.0,4836200000.0,4874500000.0,16031039326.0,18.0,12.666,492500000.0,4.96,1.0,1890200000.0,0.668,0.0,112300000.0,11627300000.0,11677150000.0,161800000.0,53500000.0,0.0,53500000.0,4501200000.0,786200000.0,3715000000.0,13289539326.0,-45500000.0,-63600000.0,-317900000.0,-13100000.0,-145200000.0,-476200000.0,-667200000.0,0.0,1102900000.0,-5000000.0,572800000.0,572600000.0,572600000.0,0.0,1900000.0,0.202,983500000.0,906700000.0,497400000.0,0.252,2.726,23.209,23.253,8984000000.0,200000.0,133.01,4.695,4.666,273400000.0,3951200000.0,2830500000.0,2830500000.0,0.0,0.06,0.118,0.078,0.323,20800000.0,520300000.0,1.0,99913836.0,99296000,99699000.0,28.506,9698400000.0,0.0,228300000.0,1100400000.0,97.672,-172300000.0
9,KSU,MRT,2019-06-30,2019-06-30,2019-06-30,2021-10-19,-23300000.0,9638100000.0,9538675000.0,609700000.0,9028400000.0,0.292,48.278,-589000000.0,47600000.0,47600000.0,949300000.0,568100000.0,0.795,0.929,2789100000.0,283900000.0,2505200000.0,2789100000.0,0.0,353300000.0,0.0,0.012,1.44,906000000.0,1259300000.0,0.453,1259300000.0,906000000.0,793300000.0,5.62,5.58,5.62,4829200000.0,4810525000.0,4829200000.0,14953708218.0,17.0,11.875,476300000.0,4.762,1.0,1832500000.0,0.659,0.0,112700000.0,11612300000.0,11652150000.0,154500000.0,48000000.0,0.0,48000000.0,4486600000.0,767300000.0,3719300000.0,12253508218.0,-13500000.0,-56200000.0,-273300000.0,-13500000.0,-146000000.0,-432800000.0,-641800000.0,0.0,1065300000.0,-4200000.0,566200000.0,566000000.0,566000000.0,0.0,1900000.0,0.203,942400000.0,890100000.0,483400000.0,0.256,2.537,21.649,21.676,8937800000.0,200000.0,121.82,4.405,4.38,296300000.0,3898800000.0,2781800000.0,2781800000.0,0.0,0.059,0.118,0.078,0.326,20800000.0,509000000.0,1.0,100586999.0,100028000,100422000.0,27.81,9638100000.0,0.0,227100000.0,1088100000.0,96.354,-157600000.0
10,KSU,MRT,2019-03-31,2019-03-31,2019-03-31,2021-10-19,-15800000.0,9637700000.0,9444925000.0,654400000.0,8983300000.0,0.291,48.041,-668400000.0,92700000.0,92700000.0,946300000.0,587700000.0,1.362,0.929,2792900000.0,9700000.0,2783200000.0,2792900000.0,0.0,351900000.0,0.0,0.012,1.44,913800000.0,1265700000.0,0.46,1265700000.0,913800000.0,801100000.0,5.78,5.75,5.78,4828100000.0,4772625000.0,4828100000.0,14296101549.0,16.0,11.295,413600000.0,4.115,1.0,1803900000.0,0.656,0.0,112700000.0,11857300000.0,11612625000.0,166200000.0,47800000.0,0.0,47800000.0,4487700000.0,480600000.0,4007100000.0,11707201549.0,45700000.0,-54300000.0,-238200000.0,70300000.0,-146800000.0,-314700000.0,-717400000.0,0.0,1082000000.0,-4200000.0,585700000.0,585500000.0,585500000.0,0.0,2000000.0,0.213,876000000.0,927900000.0,470900000.0,0.249,2.425,19.995,20.066,8893400000.0,200000.0,115.98,4.257,4.238,277900000.0,3891100000.0,2750200000.0,2750200000.0,0.0,0.062,0.123,0.079,0.332,20600000.0,503000000.0,1.0,100941555.0,100500000,100915000.0,27.365,9637700000.0,0.0,215400000.0,1085200000.0,95.898,173800000.0
11,KSU,MRT,2018-12-31,2018-12-31,2018-12-31,2021-10-19,-10900000.0,9469800000.0,9317525000.0,635400000.0,8834400000.0,0.291,47.255,-610500000.0,100500000.0,100500000.0,940900000.0,629400000.0,1.421,0.901,2689400000.0,10100000.0,2679300000.0,2689400000.0,0.0,346700000.0,0.0,0.015,1.44,994900000.0,1341600000.0,0.494,1341600000.0,994900000.0,884900000.0,6.16,6.13,6.16,4813000000.0,4719225000.0,4813000000.0,12291120743.0,12.0,9.162,339400000.0,3.332,1.0,1773100000.0,0.653,0.0,110000000.0,11611700000.0,11364875000.0,160300000.0,44900000.0,0.0,44900000.0,4337100000.0,447000000.0,3890100000.0,9707020743.0,-33600000.0,-45300000.0,-241700000.0,61800000.0,-147500000.0,-327400000.0,-651900000.0,0.0,949900000.0,-4200000.0,627400000.0,627200000.0,627200000.0,0.0,2000000.0,0.231,786800000.0,986300000.0,436900000.0,0.234,2.017,15.477,15.495,8691100000.0,200000.0,95.45,3.577,3.582,301200000.0,3870600000.0,2714000000.0,2714000000.0,0.0,0.067,0.133,0.088,0.367,20400000.0,495700000.0,1.0,101697441.0,101852000,102270000.0,26.647,9469800000.0,0.0,257500000.0,1079900000.0,92.976,188400000.0
12,KSU,MRT,2018-09-30,2018-09-30,2018-09-30,2021-10-19,-3400000.0,9409100000.0,9249750000.0,615900000.0,8793200000.0,0.29,46.94,-624800000.0,107100000.0,107100000.0,931200000.0,1020000000.0,1.322,0.905,2691200000.0,10500000.0,2680700000.0,2691200000.0,0.0,336400000.0,0.0,0.013,1.44,963100000.0,1299500000.0,0.485,1299500000.0,963100000.0,856000000.0,9.86,9.83,9.86,4771800000.0,4653200000.0,4771800000.0,14204588852.0,15.0,10.931,375700000.0,3.696,1.0,1749200000.0,0.653,0.0,107100000.0,11527300000.0,11140025000.0,155200000.0,46500000.0,0.0,46500000.0,4318300000.0,465900000.0,3852400000.0,11572588852.0,18700000.0,-36700000.0,-216500000.0,47100000.0,-148300000.0,-317700000.0,-664100000.0,0.0,1000500000.0,0.0,1018000000.0,1017800000.0,1017800000.0,0.0,2000000.0,0.38,781500000.0,967700000.0,455400000.0,0.146,2.425,11.37,11.489,8644500000.0,200000.0,113.28,4.317,4.296,272000000.0,3818400000.0,2680400000.0,2680400000.0,0.0,0.11,0.219,0.086,0.359,19600000.0,489600000.0,1.0,102159153.0,101658000,102110000.0,26.367,9409100000.0,0.0,-162000000.0,1069200000.0,92.556,150000000.0
13,KSU,MRT,2018-06-30,2018-06-30,2018-06-30,2021-10-19,-7600000.0,9263100000.0,9172550000.0,527800000.0,8735300000.0,0.288,45.817,-677900000.0,61100000.0,61100000.0,912800000.0,975900000.0,1.197,0.912,2693100000.0,10800000.0,2682300000.0,2693100000.0,0.0,330800000.0,0.0,0.014,1.44,924700000.0,1255500000.0,0.476,1255500000.0,924700000.0,820700000.0,9.39,9.36,9.39,4677600000.0,4482900000.0,4677600000.0,13433549192.0,15.0,10.7,359400000.0,3.52,1.0,1725200000.0,0.654,0.0,104000000.0,11454200000.0,10938675000.0,154000000.0,45600000.0,0.0,45600000.0,4266900000.0,440900000.0,3826000000.0,10871549192.0,-105200000.0,-46800000.0,-362300000.0,94000000.0,-146300000.0,-414600000.0,-727900000.0,0.0,1037300000.0,0.0,973700000.0,973500000.0,973500000.0,0.0,2200000.0,0.369,789100000.0,936100000.0,430100000.0,0.153,2.324,11.167,11.284,8595700000.0,200000.0,105.96,4.121,4.101,250000000.0,3731700000.0,2638000000.0,2638000000.0,0.0,0.106,0.217,0.085,0.351,19300000.0,495100000.0,1.0,102600502.0,102092000,102492000.0,25.839,9263100000.0,0.0,-153000000.0,1020800000.0,90.733,86900000.0
14,KSU,MRT,2018-03-31,2018-03-31,2018-03-31,2021-10-19,-7900000.0,9128100000.0,9123675000.0,565900000.0,8562200000.0,0.286,44.987,-583600000.0,47000000.0,47000000.0,901100000.0,961900000.0,0.687,0.909,2609000000.0,378800000.0,2230200000.0,2609000000.0,0.0,324900000.0,0.0,0.013,1.41,957100000.0,1282000000.0,0.491,1282000000.0,957100000.0,856100000.0,9.21,9.18,9.21,4614500000.0,4361650000.0,4614500000.0,13805738399.0,14.0,10.769,455800000.0,4.444,1.0,1710900000.0,0.655,0.0,101000000.0,10866300000.0,10742275000.0,160800000.0,46500000.0,0.0,46500000.0,4196700000.0,823800000.0,3372900000.0,11320438399.0,-76100000.0,-46100000.0,-372800000.0,44600000.0,-144400000.0,-472600000.0,-642900000.0,0.0,1039400000.0,0.0,959900000.0,959700000.0,959700000.0,0.0,2000000.0,0.367,781300000.0,929600000.0,445000000.0,0.153,2.453,11.796,11.927,8430600000.0,200000.0,109.85,4.334,4.314,271200000.0,3670200000.0,2612000000.0,2612000000.0,0.0,0.105,0.22,0.089,0.366,19200000.0,498000000.0,1.0,103053604.0,102574000,102976000.0,25.465,9128100000.0,0.0,-103800000.0,1012700000.0,88.99,-257900000.0
15,KSU,MRT,2017-12-31,2017-12-31,2017-12-31,2021-10-19,-12900000.0,9198700000.0,9061200000.0,680100000.0,8518600000.0,0.285,43.435,-619200000.0,134100000.0,134100000.0,890700000.0,963900000.0,0.7,0.953,2619400000.0,383900000.0,2235500000.0,2619400000.0,0.0,320900000.0,0.0,0.013,1.38,972600000.0,1293500000.0,0.501,1293500000.0,972600000.0,872400000.0,9.18,9.16,9.18,4548900000.0,4246525000.0,4548900000.0,13441207192.0,14.0,10.391,409200000.0,3.907,1.0,1692200000.0,0.655,0.0,100200000.0,10712300000.0,10676425000.0,150800000.0,44600000.0,0.0,44600000.0,4333300000.0,971700000.0,3361600000.0,10894807192.0,-36500000.0,-46400000.0,-374900000.0,133600000.0,-142500000.0,-383800000.0,-681100000.0,0.0,1028400000.0,0.0,962000000.0,961800000.0,961800000.0,0.0,1900000.0,0.372,770600000.0,921600000.0,587800000.0,0.15,2.395,11.328,11.462,8403800000.0,200000.0,105.22,4.218,4.266,237800000.0,3611400000.0,2582900000.0,2582900000.0,0.0,0.106,0.226,0.091,0.377,18200000.0,493800000.0,1.0,103543121.0,104728000,105040000.0,24.663,9198700000.0,0.0,-89600000.0,987200000.0,87.834,-291600000.0
16,KSU,MRT,2017-09-30,2017-09-30,2017-09-30,2021-10-19,-7900000.0,9100300000.0,8965900000.0,640500000.0,8459800000.0,0.281,39.211,-640000000.0,88400000.0,88400000.0,868400000.0,541800000.0,0.693,1.147,2634800000.0,396400000.0,2238400000.0,2634800000.0,0.0,319700000.0,0.0,0.012,1.35,944300000.0,1264000000.0,0.501,1264000000.0,944300000.0,844900000.0,5.1,5.08,5.1,4090600000.0,4131775000.0,4090600000.0,13879472973.0,15.0,10.981,329100000.0,3.155,1.0,1652600000.0,0.656,0.0,99400000.0,10721900000.0,10593525000.0,151200000.0,51900000.0,0.0,51900000.0,4693900000.0,924800000.0,3769100000.0,11457172973.0,-204700000.0,-45900000.0,-405500000.0,74000000.0,-140700000.0,-469600000.0,-704200000.0,0.0,969100000.0,0.0,539900000.0,539700000.0,539700000.0,0.0,1900000.0,0.214,757900000.0,894700000.0,528400000.0,0.265,2.801,21.229,21.31,8335600000.0,200000.0,108.68,4.545,4.497,237200000.0,3160900000.0,2521000000.0,2521000000.0,0.0,0.06,0.131,0.089,0.375,18600000.0,487000000.0,1.0,105421172.0,104324000,104678000.0,24.165,9100300000.0,0.0,305000000.0,1432300000.0,87.231,-284300000.0
17,KSU,MRT,2017-06-30,2017-06-30,2017-06-30,2021-10-19,-7200000.0,9067600000.0,8898200000.0,711400000.0,8356200000.0,0.277,39.75,-625100000.0,166300000.0,166300000.0,860900000.0,532900000.0,0.866,1.088,2588600000.0,345000000.0,2243600000.0,2588600000.0,0.0,314700000.0,0.0,0.013,1.32,890900000.0,1205600000.0,0.488,1205600000.0,890900000.0,791500000.0,4.98,4.97,4.98,4192600000.0,4127100000.0,4192600000.0,13534561193.0,15.0,11.226,292700000.0,2.775,1.0,1608000000.0,0.651,0.0,99400000.0,10668600000.0,10496825000.0,155400000.0,36200000.0,0.0,36200000.0,4559800000.0,821300000.0,3738500000.0,11101661193.0,-127300000.0,-43700000.0,-245900000.0,22000000.0,-141500000.0,-362800000.0,-682300000.0,0.0,917800000.0,0.0,531200000.0,531000000.0,531000000.0,0.0,1700000.0,0.215,747300000.0,860700000.0,476300000.0,0.265,2.648,20.907,21.014,8247300000.0,200000.0,104.65,4.497,4.471,232900000.0,3238000000.0,2468900000.0,2468900000.0,0.0,0.06,0.129,0.085,0.361,18600000.0,485900000.0,1.0,106083719.0,105473000,105758000.0,23.408,9067600000.0,0.0,260300000.0,1385400000.0,85.971,-109900000.0
18,KSU,MRT,2017-03-31,2017-03-31,2017-03-31,2021-10-19,-5400000.0,8878200000.0,8800650000.0,633000000.0,8245200000.0,0.271,39.148,-615100000.0,123100000.0,123100000.0,834500000.0,518700000.0,0.894,1.061,2556000000.0,292400000.0,2263600000.0,2556000000.0,0.0,310000000.0,0.0,0.015,1.32,832700000.0,1142700000.0,0.48,1142700000.0,832700000.0,733900000.0,4.83,4.81,4.83,4154000000.0,4084100000.0,4154000000.0,11453360796.0,14.0,10.023,273500000.0,2.577,1.0,1546500000.0,0.65,0.0,98800000.0,10602900000.0,10394775000.0,154900000.0,38000000.0,0.0,38000000.0,4409300000.0,708200000.0,3701100000.0,9145760796.0,83900000.0,-31800000.0,-189200000.0,180600000.0,-142200000.0,-150600000.0,-654100000.0,0.0,888600000.0,0.0,516900000.0,516700000.0,516700000.0,0.0,1800000.0,0.217,705200000.0,841300000.0,415800000.0,0.273,2.202,17.7,17.756,8132500000.0,200000.0,85.76,3.841,3.822,208500000.0,3196900000.0,2381000000.0,2381000000.0,0.0,0.059,0.127,0.08,0.35,17900000.0,469700000.0,1.0,106643666.0,106111000,106326000.0,22.439,8878200000.0,0.0,217000000.0,1331700000.0,83.669,-75200000.0
19,KSU,MRT,2016-12-31,2016-12-31,2016-12-31,2021-10-19,-6200000.0,8817500000.0,8660100000.0,648000000.0,8169500000.0,0.27,38.024,-585200000.0,170600000.0,170600000.0,811100000.0,479900000.0,0.87,1.079,2478200000.0,206700000.0,2271500000.0,2478200000.0,0.0,305000000.0,0.0,0.016,1.32,758600000.0,1063600000.0,0.456,1063600000.0,758600000.0,660900000.0,4.44,4.43,4.44,4089900000.0,4030950000.0,4089900000.0,11385782986.0,15.0,10.705,333800000.0,3.103,1.0,1523100000.0,0.653,0.0,97700000.0,10380700000.0,10235225000.0,152600000.0,32900000.0,0.0,32900000.0,4413000000.0,744400000.0,3668600000.0,9128082986.0,34000000.0,-34000000.0,-184500000.0,70500000.0,-142800000.0,-256800000.0,-628200000.0,0.0,919000000.0,0.0,478100000.0,477900000.0,477900000.0,0.0,1800000.0,0.205,704600000.0,818500000.0,537700000.0,0.297,2.232,19.1,19.11,8069700000.0,200000.0,84.85,3.911,3.91,191000000.0,3134100000.0,2334200000.0,2334200000.0,0.0,0.055,0.119,0.074,0.325,19200000.0,462400000.0,1.0,107579057.0,107560000,107761000.0,21.701,8817500000.0,0.0,182800000.0,1289300000.0,81.978,-96400000.0
20,KSU,MRT,2016-09-30,2016-09-30,2016-09-30,2021-10-19,-5700000.0,8829500000.0,8540975000.0,769000000.0,8060500000.0,0.273,37.836,-589900000.0,293100000.0,293100000.0,805100000.0,489600000.0,1.022,1.091,2550800000.0,275100000.0,2275700000.0,2550800000.0,0.0,300800000.0,0.0,0.014,1.32,778800000.0,1079600000.0,0.463,1079600000.0,778800000.0,681900000.0,4.53,4.5,4.53,4071900000.0,3987050000.0,4071900000.0,12340719473.0,16.0,11.431,331700000.0,3.082,1.0,1528600000.0,0.655,0.0,96900000.0,10335100000.0,10102025000.0,146000000.0,37900000.0,0.0,37900000.0,4443700000.0,752100000.0,3691600000.0,10077019473.0,176500000.0,-43000000.0,-156800000.0,222400000.0,-143300000.0,-100100000.0,-645000000.0,0.0,921600000.0,0.0,487800000.0,487600000.0,487600000.0,0.0,1800000.0,0.209,702100000.0,826500000.0,477000000.0,0.291,2.475,20.667,20.6,7951400000.0,200000.0,93.32,4.318,4.304,193700000.0,3116600000.0,2333700000.0,2333700000.0,0.0,0.057,0.122,0.077,0.334,20100000.0,450900000.0,1.0,107983492.0,107621000,107812000.0,21.684,8829500000.0,0.0,194100000.0,1308000000.0,82.043,16900000.0
21,KSU,MRT,2016-06-30,2016-06-30,2016-06-30,2021-10-19,-5400000.0,8677400000.0,8414225000.0,723800000.0,7953600000.0,0.281,37.325,-668000000.0,293600000.0,293600000.0,817500000.0,500500000.0,1.063,1.081,2557300000.0,275500000.0,2281800000.0,2557300000.0,0.0,295300000.0,0.0,0.015,1.32,789200000.0,1084500000.0,0.459,1084500000.0,789200000.0,695600000.0,4.61,4.58,4.61,4020600000.0,3937725000.0,4020600000.0,12058008019.0,15.0,11.118,261800000.0,2.43,1.0,1543600000.0,0.654,0.0,93600000.0,10260400000.0,10039575000.0,141200000.0,34700000.0,0.0,34700000.0,4345700000.0,680700000.0,3665000000.0,9728608019.0,242700000.0,-30800000.0,-232300000.0,429500000.0,-144200000.0,25700000.0,-712800000.0,0.0,929800000.0,0.0,498800000.0,498600000.0,498600000.0,0.0,1700000.0,0.211,697000000.0,846600000.0,405200000.0,0.286,2.42,19.512,19.542,7847800000.0,200000.0,90.09,4.12,4.11,176900000.0,3068500000.0,2361100000.0,2361100000.0,0.0,0.059,0.127,0.079,0.334,18800000.0,435700000.0,1.0,107987657.0,107720000,107907000.0,21.919,8677400000.0,0.0,196800000.0,1268700000.0,80.555,43100000.0
22,KSU,MRT,2016-03-31,2016-03-31,2016-03-31,2021-10-19,-4800000.0,8316000000.0,8257950000.0,451500000.0,7864500000.0,0.288,36.475,-722300000.0,39200000.0,39200000.0,839800000.0,492200000.0,0.663,1.031,2368600000.0,329800000.0,2038800000.0,2368600000.0,0.0,290400000.0,0.0,0.015,1.32,771100000.0,1061500000.0,0.446,1061500000.0,771100000.0,684200000.0,4.5,4.48,4.5,3941400000.0,3904600000.0,3941400000.0,11535718358.0,15.0,10.867,184400000.0,1.707,1.0,1538600000.0,0.647,0.0,86900000.0,9964700000.0,9835925000.0,141100000.0,38200000.0,0.0,38200000.0,4063900000.0,680700000.0,3383200000.0,9271218358.0,800000.0,-22800000.0,-244900000.0,283700000.0,-144900000.0,-130200000.0,-775700000.0,0.0,906700000.0,0.0,490500000.0,490300000.0,490300000.0,0.0,1700000.0,0.206,725100000.0,813500000.0,350900000.0,0.293,2.352,18.909,18.989,7757100000.0,200000.0,85.45,3.898,3.882,175400000.0,2991500000.0,2378400000.0,2378400000.0,0.0,0.059,0.126,0.078,0.324,16700000.0,434700000.0,1.0,108498752.0,108057000,108275000.0,22.011,8316000000.0,0.0,193700000.0,1228000000.0,76.959,-229200000.0
23,KSU,MRT,2015-12-31,2015-12-31,2015-12-31,2021-10-19,-4700000.0,8341000000.0,8164100000.0,537000000.0,7804000000.0,0.296,35.679,-827600000.0,136600000.0,136600000.0,878600000.0,485300000.0,0.709,1.052,2401100000.0,356100000.0,2045000000.0,2401100000.0,0.0,284600000.0,0.0,0.018,1.32,752700000.0,1037300000.0,0.429,1037300000.0,752700000.0,670800000.0,4.41,4.4,4.41,3914300000.0,3876625000.0,3914300000.0,10377418946.0,14.0,10.004,81600000.0,0.744,1.0,1540200000.0,0.637,0.0,81900000.0,9847900000.0,9681125000.0,137900000.0,34700000.0,0.0,34700000.0,4116300000.0,757600000.0,3358700000.0,8149218946.0,-211400000.0,-18100000.0,-190000000.0,102800000.0,-140100000.0,-247600000.0,-873000000.0,0.0,909200000.0,0.0,483500000.0,483300000.0,483300000.0,0.0,1800000.0,0.2,736400000.0,803800000.0,401500000.0,0.299,2.082,16.862,16.932,7705400000.0,200000.0,74.67,3.369,3.387,171900000.0,2964700000.0,2418800000.0,2418800000.0,0.0,0.059,0.125,0.078,0.311,11400000.0,442200000.0,1.0,109136453.0,109709000,109915000.0,22.047,8341000000.0,0.0,187300000.0,1191100000.0,76.028,-220600000.0
24,KSU,MRT,2015-09-30,2015-09-30,2015-09-30,2021-10-19,-4600000.0,8322500000.0,8072950000.0,581500000.0,7741000000.0,0.305,35.323,-936600000.0,116600000.0,116600000.0,915400000.0,487000000.0,1.249,1.068,2344800000.0,25300000.0,2319500000.0,2344800000.0,0.0,278000000.0,0.0,0.014,1.27,730800000.0,1008800000.0,0.41,1008800000.0,730800000.0,654300000.0,4.4,4.4,4.4,3874600000.0,3836925000.0,3874600000.0,12124225615.0,17.0,12.018,-41200000.0,-0.376,1.0,1547900000.0,0.628,0.0,76500000.0,10085300000.0,9476900000.0,127700000.0,40000000.0,0.0,40000000.0,4138200000.0,465400000.0,3672800000.0,10029525615.0,-169200000.0,-8300000.0,-131400000.0,160500000.0,-134900000.0,-110500000.0,-954100000.0,0.0,895400000.0,0.0,485200000.0,485000000.0,485000000.0,0.0,1800000.0,0.197,749100000.0,798800000.0,440100000.0,0.289,2.589,20.679,20.655,7616500000.0,200000.0,90.88,4.072,4.047,196300000.0,2913300000.0,2463300000.0,2463300000.0,0.0,0.06,0.126,0.077,0.297,14000000.0,461500000.0,1.0,110360097.0,109692000,109901000.0,22.457,8322500000.0,69800000.0,169100000.0,1210400000.0,75.872,116100000.0
25,KSU,MRT,2015-06-30,2015-06-30,2015-06-30,2021-10-19,-3800000.0,8052300000.0,7946575000.0,523500000.0,7528800000.0,0.316,35.239,-833100000.0,50900000.0,50900000.0,945400000.0,493500000.0,0.747,0.991,2145600000.0,317100000.0,1828500000.0,2145600000.0,0.0,271600000.0,0.0,0.013,1.22,758500000.0,1030100000.0,0.411,1030100000.0,758500000.0,686000000.0,4.45,4.45,4.45,3888100000.0,3779800000.0,3888100000.0,12145003818.0,16.0,11.79,74100000.0,0.672,1.0,1563500000.0,0.623,0.0,72500000.0,9445800000.0,9193875000.0,134100000.0,36600000.0,0.0,36600000.0,3854800000.0,701200000.0,3153600000.0,10081703818.0,-139300000.0,-5800000.0,-15100000.0,-55700000.0,-129300000.0,-199700000.0,-846800000.0,0.0,907200000.0,0.0,491700000.0,491500000.0,491500000.0,0.0,1800000.0,0.196,755200000.0,808300000.0,384100000.0,0.274,2.593,20.512,20.494,7419100000.0,200000.0,91.2,4.018,4.011,195300000.0,2922600000.0,2508900000.0,2508900000.0,0.0,0.062,0.13,0.083,0.302,12500000.0,474000000.0,1.0,110544998.0,110334000,110515000.0,22.739,8052300000.0,71200000.0,194300000.0,1179400000.0,72.981,-177700000.0
26,KSU,MRT,2015-03-31,2015-03-31,2015-03-31,2021-10-19,-3600000.0,7940600000.0,7846175000.0,515400000.0,7425200000.0,0.328,34.716,-976500000.0,38400000.0,38400000.0,981300000.0,511500000.0,0.783,0.993,2101700000.0,268100000.0,1833600000.0,2101700000.0,0.0,264700000.0,0.0,0.011,1.17,792600000.0,1057300000.0,0.411,1057300000.0,792600000.0,719900000.0,4.62,4.62,4.62,3829500000.0,3691550000.0,3829500000.0,13238664578.0,17.0,12.521,-51300000.0,-0.465,1.0,1591500000.0,0.619,0.0,72700000.0,9345500000.0,9064850000.0,127300000.0,40100000.0,0.0,40100000.0,3802100000.0,658400000.0,3143700000.0,11270764578.0,-129100000.0,-9000000.0,5700000.0,41400000.0,-123800000.0,-77500000.0,-976800000.0,0.0,925200000.0,0.0,509700000.0,509500000.0,509500000.0,0.0,1800000.0,0.198,764200000.0,827300000.0,390300000.0,0.253,2.943,22.121,22.095,7306000000.0,200000.0,102.08,4.381,4.377,204400000.0,2866000000.0,2572800000.0,2572800000.0,0.0,0.065,0.138,0.087,0.308,12400000.0,481500000.0,1.0,110411095.0,110309000,110527000.0,23.324,7940600000.0,83800000.0,210200000.0,1164700000.0,71.985,-143000000.0
27,KSU,MRT,2014-12-31,2014-12-31,2014-12-31,2021-10-19,-3200000.0,7976400000.0,7701275000.0,718200000.0,7258200000.0,0.335,34.09,-970300000.0,348000000.0,348000000.0,997100000.0,504300000.0,0.799,1.042,2301400000.0,474900000.0,1826500000.0,2301400000.0,0.0,258100000.0,0.0,0.009,1.12,784200000.0,1042300000.0,0.404,1042300000.0,784200000.0,711400000.0,4.56,4.55,4.56,3755500000.0,3592425000.0,3755500000.0,15364374487.0,20.0,14.741,-64300000.0,-0.584,1.0,1580000000.0,0.613,0.0,72800000.0,9031000000.0,8897575000.0,111000000.0,36400000.0,0.0,36400000.0,3912300000.0,898800000.0,3013500000.0,13467274487.0,-81500000.0,-26700000.0,2000000.0,115600000.0,-116600000.0,-4600000.0,-982900000.0,0.0,906000000.0,0.0,502600000.0,502400000.0,502400000.0,0.0,1700000.0,0.195,770900000.0,809100000.0,423900000.0,0.246,3.586,26.806,26.761,7154700000.0,200000.0,122.03,5.226,5.216,181600000.0,2801700000.0,2577100000.0,2577100000.0,0.0,0.065,0.14,0.088,0.304,10700000.0,474500000.0,1.0,110360358.0,110163000,110433000.0,23.394,7976400000.0,0.0,208800000.0,1056200000.0,72.405,-180600000.0
28,KSU,MRT,2014-09-30,2014-09-30,2014-09-30,2021-10-19,-2300000.0,7817000000.0,7566025000.0,780300000.0,7036700000.0,0.337,33.092,-967200000.0,285800000.0,285800000.0,1007000000.0,477000000.0,1.025,1.06,2182900000.0,336800000.0,1846100000.0,2182900000.0,0.0,249100000.0,0.0,0.009,1.055,796100000.0,1045200000.0,0.41,1045200000.0,796100000.0,722200000.0,4.31,4.31,4.31,3646100000.0,3496200000.0,3646100000.0,15380886578.0,19.0,14.716,-59600000.0,-0.541,1.0,1543200000.0,0.605,0.0,73900000.0,8953200000.0,8755875000.0,122800000.0,43300000.0,0.0,43300000.0,3863900000.0,760900000.0,3103000000.0,13372886578.0,189900000.0,-32200000.0,1900000.0,391400000.0,-109300000.0,274600000.0,-992300000.0,0.0,907600000.0,0.0,475400000.0,475200000.0,475200000.0,0.0,1600000.0,0.186,751900000.0,791300000.0,424100000.0,0.245,3.668,28.142,28.121,6909400000.0,200000.0,121.2,5.244,5.236,208500000.0,2691600000.0,2550200000.0,2550200000.0,0.0,0.063,0.136,0.091,0.312,5000000.0,464500000.0,1.0,110337348.0,110182000,110441000.0,23.145,7817000000.0,115400000.0,246800000.0,1128000000.0,70.946,19400000.0
29,KSU,MRT,2014-06-30,2014-06-30,2014-06-30,2021-10-19,-2000000.0,7650700000.0,7332025000.0,708200000.0,6942500000.0,0.34,32.091,-940400000.0,190200000.0,190200000.0,1001800000.0,457600000.0,0.971,1.077,2198200000.0,345800000.0,1852400000.0,2198200000.0,0.0,241300000.0,0.0,0.009,0.99,774900000.0,1016200000.0,0.407,1016200000.0,774900000.0,700600000.0,4.14,4.13,4.14,3535100000.0,3404000000.0,3535100000.0,13750734299.0,18.0,13.532,-72200000.0,-0.655,1.0,1492500000.0,0.598,0.0,74300000.0,8929700000.0,8545250000.0,125800000.0,38900000.0,0.0,38900000.0,3808900000.0,729000000.0,3079900000.0,11861034299.0,160200000.0,-33800000.0,1000000.0,374700000.0,-102200000.0,260700000.0,-968700000.0,0.0,868200000.0,0.0,455700000.0,455500000.0,455500000.0,0.0,1900000.0,0.183,730300000.0,762200000.0,383200000.0,0.239,3.355,26.04,25.969,6825800000.0,200000.0,107.51,4.755,4.748,213100000.0,2584500000.0,2494300000.0,2494300000.0,0.0,0.062,0.134,0.091,0.311,6300000.0,450700000.0,1.0,110324940.0,110160000,110397000.0,22.643,7650700000.0,123300000.0,244900000.0,1097900000.0,69.451,-20800000.0
30,KSU,MRT,2014-03-31,2014-03-31,2014-03-31,2021-10-19,-2000000.0,7361000000.0,7101825000.0,691700000.0,6669300000.0,0.341,31.185,-913200000.0,167500000.0,167500000.0,980900000.0,343100000.0,1.204,1.055,2057200000.0,199900000.0,1857300000.0,2057200000.0,0.0,232100000.0,0.0,0.009,0.925,609900000.0,842000000.0,0.347,842000000.0,609900000.0,534300000.0,3.1,3.09,3.1,3433000000.0,3314850000.0,3433000000.0,13011215556.0,21.0,15.453,-97200000.0,-0.883,1.0,1443000000.0,0.595,0.0,75600000.0,8676400000.0,8340150000.0,131800000.0,40800000.0,0.0,40800000.0,3621700000.0,574300000.0,3047400000.0,11251815556.0,103800000.0,-38300000.0,1300000.0,449100000.0,-95000000.0,238200000.0,-950400000.0,0.0,816000000.0,0.0,341300000.0,341100000.0,341100000.0,0.0,1800000.0,0.141,707300000.0,735700000.0,374400000.0,0.298,3.278,32.987,32.923,6540900000.0,200000.0,102.06,4.642,4.635,195600000.0,2485600000.0,2423900000.0,2423900000.0,0.0,0.048,0.103,0.073,0.252,6800000.0,445300000.0,1.0,110247066.0,110086000,110403000.0,22.018,7361000000.0,125600000.0,193000000.0,1067400000.0,66.866,117400000.0
31,KSU,MRT,2013-12-31,2013-12-31,2013-12-31,2021-10-19,-2000000.0,7435400000.0,6879950000.0,942400000.0,6493000000.0,0.344,30.649,-798400000.0,429500000.0,429500000.0,965800000.0,353300000.0,1.29,1.115,2188900000.0,332000000.0,1856900000.0,2188900000.0,0.0,223300000.0,0.0,0.007,0.86,630300000.0,853600000.0,0.36,853600000.0,630300000.0,549700000.0,3.19,3.18,3.19,3370600000.0,3252250000.0,3370600000.0,15331714647.0,24.0,17.961,-100000.0,-0.001,1.0,1403500000.0,0.592,0.0,80600000.0,8464200000.0,8042050000.0,121300000.0,41100000.0,0.0,41100000.0,3758800000.0,730600000.0,3028200000.0,13647214647.0,356900000.0,-31600000.0,1500000.0,575200000.0,-71200000.0,391900000.0,-833300000.0,0.0,798300000.0,0.0,351400000.0,351200000.0,351200000.0,0.0,1900000.0,0.148,664900000.0,738600000.0,398600000.0,0.27,4.049,38.859,38.818,6356300000.0,200000.0,123.83,5.76,5.748,198300000.0,2422900000.0,2369300000.0,2369300000.0,0.0,0.051,0.108,0.078,0.266,9400000.0,441600000.0,1.0,110209276.0,109973000,110340000.0,21.544,7435400000.0,131600000.0,198300000.0,1044600000.0,67.611,211800000.0
32,KSU,MRT,2013-09-30,2013-09-30,2013-09-30,2021-10-19,-2100000.0,6881000000.0,6620075000.0,617700000.0,6263300000.0,0.351,29.793,-749000000.0,95900000.0,95900000.0,953700000.0,331400000.0,1.358,1.006,1780400000.0,51800000.0,1728600000.0,1780400000.0,0.0,216900000.0,0.0,0.008,0.84,604000000.0,820900000.0,0.354,820900000.0,604000000.0,519000000.0,3.0,2.99,3.0,3277300000.0,3183750000.0,3277300000.0,13837685556.0,23.0,16.857,-19300000.0,-0.175,1.0,1368400000.0,0.589,0.0,85000000.0,8110700000.0,7802575000.0,135400000.0,42600000.0,0.0,42600000.0,3298300000.0,454800000.0,2843500000.0,12053685556.0,-91100000.0,-28800000.0,1700000.0,154700000.0,-90600000.0,-33300000.0,-787500000.0,0.0,729700000.0,0.0,329400000.0,329200000.0,329200000.0,0.0,2000000.0,0.142,652300000.0,716100000.0,403000000.0,0.28,3.678,36.615,36.453,6120400000.0,200000.0,109.36,5.191,5.181,211500000.0,2332900000.0,2322100000.0,2322100000.0,0.0,0.05,0.103,0.077,0.26,700000.0,435400000.0,1.0,110220241.0,110003000,110373000.0,21.109,6881000000.0,96700000.0,189600000.0,985400000.0,62.553,162900000.0
33,KSU,MRT,2013-06-30,2013-06-30,2013-06-30,2021-10-19,-2100000.0,6729900000.0,6505875000.0,543700000.0,6186200000.0,0.35,28.904,-733600000.0,30000000.0,30000000.0,939500000.0,303100000.0,1.344,1.021,1814000000.0,48300000.0,1765700000.0,1814000000.0,0.0,209500000.0,0.0,0.008,0.82,592100000.0,801600000.0,0.352,801600000.0,592100000.0,501300000.0,2.74,2.74,2.74,3178500000.0,3118825000.0,3178500000.0,13204780799.0,22.0,16.473,-44100000.0,-0.401,1.0,1338400000.0,0.588,0.0,90800000.0,8109300000.0,7614375000.0,139100000.0,38000000.0,0.0,38000000.0,3246600000.0,404600000.0,2842000000.0,11674880799.0,-75500000.0,-31200000.0,1900000.0,174000000.0,-88300000.0,-200000.0,-764800000.0,0.0,689500000.0,0.0,301100000.0,300900000.0,300900000.0,0.0,2000000.0,0.132,641900000.0,696500000.0,356300000.0,0.299,3.673,38.8,38.672,6063500000.0,200000.0,105.96,5.125,5.115,199600000.0,2238200000.0,2277900000.0,2277900000.0,0.0,0.046,0.096,0.078,0.26,-7400000.0,432400000.0,1.0,110181963.0,109968000,110323000.0,20.714,6729900000.0,89100000.0,200200000.0,944300000.0,61.199,139100000.0
34,KSU,MRT,2013-03-31,2013-03-31,2013-03-31,2021-10-19,-1800000.0,6473500000.0,6396100000.0,543000000.0,5930500000.0,0.351,28.957,-538400000.0,63700000.0,63700000.0,934300000.0,408300000.0,1.045,0.938,1593600000.0,162500000.0,1431100000.0,1593600000.0,0.0,203500000.0,0.0,0.009,0.995,742100000.0,945600000.0,0.421,945600000.0,742100000.0,645200000.0,3.7,3.69,3.7,3182600000.0,3058550000.0,3182600000.0,13751349465.0,19.0,14.542,120900000.0,1.1,1.0,1309600000.0,0.584,0.0,96900000.0,7484000000.0,7427750000.0,140400000.0,56600000.0,0.0,56600000.0,2986400000.0,519400000.0,2467000000.0,12216149465.0,-38100000.0,-41400000.0,2000000.0,-53400000.0,-86000000.0,-123800000.0,-573600000.0,0.0,659300000.0,0.0,406100000.0,405900000.0,405900000.0,0.0,2200000.0,0.181,588600000.0,721000000.0,356900000.0,0.269,3.838,30.096,29.973,5745700000.0,200000.0,110.9,5.444,5.432,202400000.0,2246600000.0,2243900000.0,2243900000.0,0.0,0.063,0.133,0.1,0.331,-9100000.0,428100000.0,1.0,110154639.0,109907000,110265000.0,20.416,6473500000.0,87700000.0,239100000.0,909400000.0,58.9,23600000.0
35,KSU,MRT,2012-12-31,2012-12-31,2012-12-31,2021-10-19,-2400000.0,6395900000.0,6341225000.0,522300000.0,5873600000.0,0.353,28.225,-525300000.0,72600000.0,72600000.0,936400000.0,379400000.0,1.23,0.967,1607800000.0,60200000.0,1547600000.0,1607800000.0,0.0,198800000.0,0.0,0.009,0.78,714700000.0,913500000.0,0.408,913500000.0,714700000.0,614300000.0,3.44,3.43,3.44,3096600000.0,2971825000.0,3096600000.0,10608302755.0,15.0,11.613,147900000.0,1.348,1.0,1302200000.0,0.582,0.0,100400000.0,7506300000.0,7391150000.0,125600000.0,51500000.0,0.0,51500000.0,2995200000.0,424800000.0,2570400000.0,9186502755.0,200000.0,-35200000.0,1900000.0,-46300000.0,-86100000.0,-121100000.0,-551900000.0,0.0,673200000.0,0.0,377300000.0,377100000.0,377100000.0,0.0,2100000.0,0.168,586300000.0,715900000.0,364600000.0,0.227,2.967,24.361,24.267,5684800000.0,200000.0,83.48,4.104,4.091,183600000.0,2166500000.0,2238600000.0,2238600000.0,0.0,0.059,0.127,0.097,0.319,-20800000.0,430500000.0,1.0,110044355.0,109712000,110080000.0,20.404,6395900000.0,92100000.0,237000000.0,894200000.0,58.297,97500000.0
36,KSU,MRT,2012-09-30,2012-09-30,2012-09-30,2021-10-19,-2300000.0,6424200000.0,6278525000.0,682400000.0,5741800000.0,0.35,27.498,-514800000.0,187000000.0,187000000.0,923600000.0,382900000.0,1.398,1.031,1608800000.0,51800000.0,1557000000.0,1608800000.0,0.0,194000000.0,0.0,0.008,0.585,669100000.0,863100000.0,0.392,863100000.0,669100000.0,561100000.0,3.48,3.46,3.48,3017600000.0,2888800000.0,3017600000.0,9854036687.0,15.0,11.417,174100000.0,1.586,1.0,1276900000.0,0.58,0.0,108000000.0,7357900000.0,7333175000.0,123600000.0,59700000.0,0.0,59700000.0,3111000000.0,488100000.0,2622900000.0,8336636687.0,-30100000.0,-35700000.0,1400000.0,-115500000.0,-43200000.0,-172600000.0,-546400000.0,10000000.0,688900000.0,0.0,381200000.0,380900000.0,380900000.0,0.0,1700000.0,0.173,584200000.0,692700000.0,436300000.0,0.168,2.763,21.887,21.776,5551600000.0,300000.0,75.78,3.789,3.779,200800000.0,2096200000.0,2200500000.0,2200500000.0,0.0,0.061,0.132,0.091,0.304,-12000000.0,433200000.0,1.0,110011041.0,109739000,110127000.0,20.052,6424200000.0,135700000.0,179900000.0,892000000.0,58.541,194300000.0
37,KSU,MRT,2012-06-30,2012-06-30,2012-06-30,2021-10-19,-2500000.0,6290800000.0,6188975000.0,627400000.0,5663400000.0,0.35,26.779,-526500000.0,105500000.0,105500000.0,916200000.0,392300000.0,1.409,1.041,1622900000.0,52200000.0,1570700000.0,1622900000.0,0.0,192100000.0,0.0,0.006,0.39,656700000.0,848800000.0,0.392,848800000.0,656700000.0,540600000.0,3.57,3.55,3.57,2937400000.0,2801650000.0,2937400000.0,9180785356.0,14.0,10.816,152700000.0,1.392,1.0,1251400000.0,0.577,0.0,116100000.0,7362800000.0,7274825000.0,117300000.0,54500000.0,0.0,54500000.0,3058400000.0,445400000.0,2613000000.0,7650685356.0,-50500000.0,-35700000.0,1800000.0,-113500000.0,-21700000.0,-162100000.0,-567600000.0,10000000.0,679200000.0,0.0,390900000.0,390700000.0,390700000.0,0.0,1400000.0,0.18,557600000.0,693800000.0,393200000.0,0.109,2.605,19.582,19.485,5479100000.0,200000.0,69.56,3.53,3.52,184800000.0,2027700000.0,2167600000.0,2167600000.0,0.0,0.063,0.139,0.09,0.303,-5400000.0,434100000.0,1.0,109986851.0,109689000,110056000.0,19.761,6290800000.0,164600000.0,149700000.0,868100000.0,57.351,182000000.0
38,KSU,MRT,2012-03-31,2012-03-31,2012-03-31,2021-10-19,-1900000.0,6254000000.0,6072700000.0,683900000.0,5570100000.0,0.355,25.868,-488000000.0,101800000.0,101800000.0,919600000.0,343100000.0,1.532,1.102,1631900000.0,46400000.0,1585500000.0,1631900000.0,0.0,188900000.0,0.0,0.0,0.0,604000000.0,792900000.0,0.368,792900000.0,604000000.0,480800000.0,3.12,3.1,3.12,2835700000.0,2709250000.0,2835700000.0,9447927246.0,16.0,11.916,172400000.0,1.573,1.0,1237600000.0,0.574,0.0,123200000.0,7337600000.0,7158300000.0,120900000.0,57500000.0,0.0,57500000.0,3123800000.0,446500000.0,2677300000.0,7881227246.0,300000.0,-33300000.0,2000000.0,-104900000.0,-3100000.0,-141400000.0,-518700000.0,10000000.0,660400000.0,0.0,341300000.0,341000000.0,341000000.0,0.0,1800000.0,0.158,596000000.0,641600000.0,400100000.0,0.0,2.779,23.112,22.978,5388000000.0,300000.0,71.69,3.653,3.643,186600000.0,1928800000.0,2157200000.0,2157200000.0,0.0,0.056,0.126,0.084,0.28,-5700000.0,432700000.0,1.0,109934820.0,109622000,109996000.0,19.679,6254000000.0,205100000.0,139500000.0,863400000.0,57.051,237400000.0
39,KSU,MRT,2011-12-31,2011-12-31,2011-12-31,2021-10-19,-2200000.0,6145100000.0,5934275000.0,642500000.0,5502600000.0,0.354,25.548,-485000000.0,72400000.0,72400000.0,902300000.0,331900000.0,1.469,1.116,1639100000.0,36300000.0,1602800000.0,1639100000.0,0.0,186200000.0,0.0,0.0,0.0,582500000.0,768700000.0,0.366,768700000.0,582500000.0,453400000.0,3.04,3.0,3.04,2764500000.0,2624300000.0,2764500000.0,8965872825.0,15.0,11.664,153000000.0,1.414,1.0,1196000000.0,0.57,0.0,129100000.0,7274400000.0,7035100000.0,109600000.0,50400000.0,0.0,50400000.0,3086400000.0,437400000.0,2649000000.0,7470472825.0,-13000000.0,-33300000.0,2100000.0,-103300000.0,-3000000.0,-140600000.0,-510400000.0,10000000.0,638000000.0,0.0,330300000.0,328700000.0,328700000.0,0.0,1600000.0,0.157,584400000.0,611600000.0,401100000.0,0.0,2.702,22.727,22.372,5321600000.0,1600000.0,68.01,3.56,3.507,166000000.0,1875300000.0,2098300000.0,2098300000.0,0.0,0.055,0.125,0.083,0.278,8300000.0,423800000.0,1.0,109843741.0,108208000,109830000.0,19.391,6145100000.0,225000000.0,123100000.0,861400000.0,56.79,205100000.0
40,KSU,MRT,2011-09-30,2011-09-30,2011-09-30,2021-10-19,-1900000.0,6066000000.0,5808225000.0,723700000.0,5342300000.0,0.352,24.371,-362100000.0,217100000.0,217100000.0,879000000.0,291500000.0,1.656,1.166,1712500000.0,36300000.0,1676200000.0,1712500000.0,0.0,185200000.0,0.0,0.0,0.0,575600000.0,760800000.0,0.372,760800000.0,575600000.0,442300000.0,2.67,2.63,2.67,2669000000.0,2540950000.0,2669000000.0,6963253973.0,12.0,9.153,239400000.0,2.186,1.0,1167600000.0,0.571,0.0,133300000.0,7124500000.0,6910025000.0,116000000.0,55200000.0,0.0,55200000.0,3111100000.0,436900000.0,2674200000.0,5486453973.0,148300000.0,-36000000.0,3100000.0,-19600000.0,-13900000.0,-75200000.0,-378000000.0,0.0,601500000.0,0.0,289200000.0,284900000.0,284900000.0,0.0,2300000.0,0.139,571300000.0,596300000.0,400600000.0,0.0,2.056,19.257,18.712,5159500000.0,4300000.0,49.96,2.681,2.673,186900000.0,1779700000.0,2046600000.0,2046600000.0,0.0,0.049,0.112,0.083,0.281,23600000.0,411700000.0,1.0,109816933.0,109515000,109862000.0,18.688,6066000000.0,132100000.0,153100000.0,768400000.0,55.39,286800000.0
41,KSU,MRT,2011-06-30,2011-06-30,2011-06-30,2021-10-19,-900000.0,5825700000.0,5699000000.0,661500000.0,5164200000.0,0.34,23.466,-328500000.0,156000000.0,156000000.0,836800000.0,244200000.0,1.63,1.158,1632800000.0,18200000.0,1614600000.0,1632800000.0,0.0,183400000.0,0.0,0.0,0.0,523700000.0,707100000.0,0.364,707100000.0,523700000.0,386400000.0,2.25,2.2,2.25,2567800000.0,2471175000.0,2567800000.0,8044141272.0,15.0,11.376,216400000.0,1.978,1.0,1103600000.0,0.569,0.0,137300000.0,6896700000.0,6816800000.0,115400000.0,48800000.0,0.0,48800000.0,2972300000.0,405800000.0,2566500000.0,6510841272.0,71700000.0,-38900000.0,2600000.0,-75300000.0,-13900000.0,-133000000.0,-340200000.0,0.0,544900000.0,0.0,242300000.0,235300000.0,235300000.0,0.0,1900000.0,0.121,573100000.0,530500000.0,387600000.0,0.0,2.536,27.67,26.369,4994100000.0,7000000.0,59.33,3.355,3.346,195800000.0,1679900000.0,1940400000.0,1940400000.0,0.0,0.041,0.095,0.077,0.27,23900000.0,389700000.0,1.0,109739445.0,109428000,109810000.0,17.732,5825700000.0,136300000.0,144100000.0,730100000.0,53.238,255700000.0
42,KSU,MRT,2011-03-31,2011-03-31,2011-03-31,2021-10-19,-900000.0,5700300000.0,5629075000.0,604700000.0,5095600000.0,0.332,23.937,-321700000.0,101500000.0,101500000.0,797200000.0,209900000.0,1.555,1.171,1634800000.0,18200000.0,1616600000.0,1634800000.0,0.0,184800000.0,0.0,0.0,0.0,476500000.0,661300000.0,0.354,661300000.0,476500000.0,329700000.0,1.95,1.9,1.95,2495900000.0,2413500000.0,2495900000.0,7144894073.0,15.0,10.804,180200000.0,1.728,1.0,1069900000.0,0.573,0.0,146800000.0,6844800000.0,6766750000.0,107700000.0,50400000.0,0.0,50400000.0,2921700000.0,388800000.0,2532900000.0,5590594073.0,-24600000.0,-27100000.0,216900000.0,-354800000.0,-11000000.0,-204000000.0,-322500000.0,0.0,501900000.0,0.0,208900000.0,199200000.0,199200000.0,0.0,1000000.0,0.107,563800000.0,506100000.0,370600000.0,0.0,2.24,28.065,27.923,4934100000.0,9700000.0,54.45,2.994,3.041,180700000.0,1609200000.0,1867100000.0,1867100000.0,0.0,0.035,0.083,0.07,0.255,20100000.0,379000000.0,1.0,102673904.0,104269000,109751000.0,17.907,5700300000.0,142000000.0,120800000.0,693600000.0,54.669,215900000.0
43,KSU,MRT,2010-12-31,2010-12-31,2010-12-31,2021-10-19,-1400000.0,5640900000.0,5591275000.0,576200000.0,5064700000.0,0.325,24.298,-279000000.0,85400000.0,85400000.0,774100000.0,180000000.0,1.368,1.204,1639700000.0,18100000.0,1621600000.0,1639700000.0,0.0,184900000.0,0.0,0.0,0.0,447500000.0,632400000.0,0.348,632400000.0,447500000.0,289400000.0,1.69,1.67,1.69,2431100000.0,2310025000.0,2431100000.0,6475350208.0,14.0,10.239,217300000.0,2.172,1.0,1040700000.0,0.573,0.0,158100000.0,6774100000.0,6792550000.0,101400000.0,46400000.0,0.0,46400000.0,2927200000.0,421100000.0,2506100000.0,4910950208.0,-32100000.0,-50200000.0,217000000.0,-359000000.0,-11000000.0,-216900000.0,-311500000.0,0.0,496300000.0,0.0,180200000.0,169200000.0,169200000.0,0.0,-200000.0,0.093,554200000.0,486500000.0,403000000.0,0.0,2.02,29.025,28.32,4902400000.0,11000000.0,47.86,2.706,2.639,160000000.0,1548000000.0,1814800000.0,1814800000.0,0.0,0.03,0.073,0.066,0.247,7600000.0,369300000.0,1.0,102610744.0,100054000,107534000.0,18.138,5640900000.0,138200000.0,109200000.0,654500000.0,56.379,155100000.0
44,KSU,MRT,2010-09-30,2010-09-30,2010-09-30,2021-10-19,-1900000.0,5629100000.0,5544625000.0,665900000.0,4963200000.0,0.314,23.412,-243800000.0,68800000.0,68800000.0,757900000.0,159600000.0,1.507,1.238,1633200000.0,22300000.0,1610900000.0,1633200000.0,0.0,181500000.0,0.0,0.0,0.0,424600000.0,606100000.0,0.348,606100000.0,424600000.0,256800000.0,1.52,1.5,1.52,2389900000.0,2213000000.0,2389900000.0,5452279557.0,13.0,8.996,200300000.0,1.962,1.0,985100000.0,0.565,0.0,167800000.0,6751600000.0,6825525000.0,106100000.0,46800000.0,0.0,46800000.0,2957600000.0,441900000.0,2515700000.0,3836579557.0,-40100000.0,-47000000.0,217200000.0,-403600000.0,0.0,-224900000.0,-259300000.0,0.0,444100000.0,0.0,160600000.0,149700000.0,149700000.0,0.0,-1000000.0,0.086,541500000.0,443600000.0,419600000.0,0.0,1.605,25.628,24.612,4821700000.0,10900000.0,37.41,2.201,2.191,173900000.0,1496100000.0,1743000000.0,1743000000.0,0.0,0.027,0.068,0.062,0.244,-7600000.0,360000000.0,1.0,102554920.0,102082000,109510000.0,17.075,5629100000.0,202500000.0,96200000.0,674800000.0,55.143,224000000.0
45,KSU,MRT,2010-06-30,2010-06-30,2010-06-30,2021-10-19,-2700000.0,5546000000.0,5488925000.0,620800000.0,4925200000.0,0.308,23.393,-232100000.0,84300000.0,84300000.0,743200000.0,135400000.0,1.334,1.252,1700000000.0,84700000.0,1615300000.0,1700000000.0,0.0,180000000.0,0.0,0.0,0.0,385000000.0,565000000.0,0.334,565000000.0,385000000.0,212200000.0,1.3,1.29,1.3,2337100000.0,2120525000.0,2337100000.0,5360698175.0,14.0,9.488,193300000.0,1.935,1.0,947600000.0,0.56,0.0,172800000.0,6696500000.0,6562550000.0,106100000.0,46400000.0,0.0,46400000.0,2927200000.0,465200000.0,2462000000.0,3515498175.0,22000000.0,-45200000.0,240400000.0,-350000000.0,0.0,-144000000.0,-259400000.0,0.0,425400000.0,0.0,135900000.0,124900000.0,124900000.0,0.0,-500000.0,0.074,536100000.0,411500000.0,380500000.0,0.0,1.504,28.147,27.962,4789600000.0,11000000.0,36.35,2.079,2.148,176400000.0,1445900000.0,1690800000.0,1690800000.0,0.0,0.023,0.059,0.059,0.228,-7500000.0,356100000.0,1.0,96712467.0,99907000,100366000.0,16.924,5546000000.0,166500000.0,76300000.0,604500000.0,55.512,155600000.0
46,KSU,MRT,2010-03-31,2010-03-31,2010-03-31,2021-10-19,-3500000.0,5549100000.0,5444050000.0,661800000.0,4887300000.0,0.288,21.712,-272200000.0,126100000.0,126100000.0,721200000.0,105100000.0,1.483,1.53,1971300000.0,64400000.0,1906900000.0,1971300000.0,0.0,180500000.0,0.0,0.0,0.0,339600000.0,520100000.0,0.331,520100000.0,339600000.0,163300000.0,1.02,1.02,1.02,2082000000.0,2028775000.0,2082000000.0,5353623119.0,16.0,10.293,50500000.0,0.527,1.0,849300000.0,0.541,0.0,176300000.0,6948000000.0,6338400000.0,107600000.0,53500000.0,0.0,53500000.0,3185400000.0,446300000.0,2739100000.0,3491123119.0,-15600000.0,-34000000.0,77100000.0,-102300000.0,0.0,-43500000.0,-294800000.0,0.0,322700000.0,0.0,105100000.0,96800000.0,96800000.0,0.0,0.0,0.062,521900000.0,327400000.0,381900000.0,0.0,1.677,36.065,35.461,4757900000.0,8300000.0,36.17,2.223,2.208,169000000.0,1411300000.0,1570500000.0,1570500000.0,0.0,0.018,0.048,0.054,0.216,-2200000.0,341400000.0,1.0,96519854.0,95890000,96458000.0,16.378,5549100000.0,163600000.0,58200000.0,583100000.0,57.869,215500000.0
47,KSU,MRT,2009-12-31,2009-12-31,2009-12-31,2021-10-19,-4400000.0,5454300000.0,5411400000.0,613800000.0,4840500000.0,0.274,21.934,-332900000.0,117500000.0,117500000.0,703100000.0,68100000.0,1.494,1.531,1980000000.0,68100000.0,1911900000.0,1980000000.0,0.0,181600000.0,0.0,0.0,0.0,274900000.0,456500000.0,0.308,456500000.0,274900000.0,101200000.0,0.6,0.6,0.6,2043000000.0,1984875000.0,2043000000.0,5108280717.0,19.0,11.19,-42400000.0,-0.455,1.0,777100000.0,0.525,0.0,173700000.0,6906000000.0,6023175000.0,106400000.0,46800000.0,0.0,46800000.0,3128500000.0,410800000.0,2717700000.0,3195980717.0,-112400000.0,-22000000.0,76900000.0,-117000000.0,0.0,-58900000.0,-344000000.0,0.0,290500000.0,0.0,67100000.0,56100000.0,56100000.0,0.0,1000000.0,0.038,510300000.0,266800000.0,342700000.0,0.0,1.564,56.969,55.483,4722400000.0,11000000.0,33.29,2.159,2.095,139400000.0,1378800000.0,1480200000.0,1480200000.0,0.0,0.01,0.028,0.046,0.186,8400000.0,328700000.0,1.0,96004227.0,93145000,93649000.0,15.891,5454300000.0,151700000.0,34100000.0,558600000.0,58.557,203000000.0
48,KSU,MRT,2009-09-30,2009-09-30,2009-09-30,2021-10-19,-4800000.0,5406300000.0,5407625000.0,542100000.0,4864200000.0,0.277,21.334,-394500000.0,108900000.0,108900000.0,731700000.0,70000000.0,1.147,1.536,2021200000.0,107400000.0,1913800000.0,2021200000.0,0.0,183500000.0,0.0,0.0,0.0,246800000.0,430300000.0,0.287,430300000.0,246800000.0,82200000.0,0.62,0.63,0.62,2020000000.0,1952000000.0,2020000000.0,4485610247.0,18.0,10.424,-111900000.0,-1.182,1.0,765500000.0,0.511,1146400000.0,164600000.0,5699700000.0,5847325000.0,104300000.0,52800000.0,0.0,52800000.0,3102200000.0,472500000.0,2629700000.0,2513210247.0,12400000.0,-17200000.0,76700000.0,101600000.0,0.0,157300000.0,-427500000.0,0.0,282600000.0,0.0,69200000.0,58100000.0,58100000.0,0.0,800000.0,0.039,502500000.0,263000000.0,365100000.0,0.0,1.244,43.257,42.726,3581400000.0,11100000.0,26.49,1.679,1.675,159100000.0,1362600000.0,1497200000.0,1497200000.0,0.0,0.011,0.03,0.042,0.165,4900000.0,319000000.0,1.0,94873924.0,94683000,95243000.0,15.813,4259900000.0,110300000.0,13000000.0,509500000.0,44.991,69600000.0
49,KSU,MRT,2009-06-30,2009-06-30,2009-06-30,2021-10-19,-4000000.0,5366500000.0,5394025000.0,532800000.0,4833700000.0,0.297,21.425,-441800000.0,62300000.0,62300000.0,802200000.0,93100000.0,1.381,1.58,2034700000.0,21600000.0,2013100000.0,2034700000.0,0.0,181600000.0,0.0,0.0,0.0,274800000.0,456400000.0,0.285,456400000.0,274800000.0,115900000.0,0.9,0.88,0.9,1970100000.0,1916025000.0,1970100000.0,3395626349.0,12.0,7.44,-112400000.0,-1.222,1.0,800400000.0,0.499,1153300000.0,158900000.0,5799900000.0,5640400000.0,114300000.0,51300000.0,0.0,51300000.0,3112700000.0,385700000.0,2727000000.0,1475326349.0,32900000.0,-13800000.0,59600000.0,133600000.0,0.0,172500000.0,-469000000.0,0.0,329400000.0,0.0,92600000.0,81600000.0,81600000.0,0.0,500000.0,0.051,510300000.0,290100000.0,364100000.0,0.0,0.749,18.08,17.9,3544400000.0,11000000.0,16.11,0.921,0.924,163800000.0,1336800000.0,1602600000.0,1602600000.0,0.0,0.015,0.043,0.049,0.171,3500000.0,328700000.0,1.0,91578296.0,91955000,99408000.0,17.428,4213200000.0,113300000.0,23300000.0,500400000.0,45.818,147100000.0
50,KSU,MRT,2009-03-31,2009-03-31,2009-03-31,2021-10-19,-6500000.0,5418500000.0,5355375000.0,591500000.0,4827000000.0,0.326,21.009,-530800000.0,141700000.0,141700000.0,875400000.0,141500000.0,1.222,1.699,2062000000.0,23100000.0,2038900000.0,2062000000.0,0.0,174400000.0,0.0,0.0,0.0,330800000.0,505200000.0,0.289,505200000.0,330800000.0,189600000.0,1.47,1.37,1.47,1906400000.0,1878250000.0,1906400000.0,3019924156.0,9.0,5.978,-160800000.0,-1.772,1.0,872100000.0,0.499,1167700000.0,141200000.0,5687100000.0,5389225000.0,95200000.0,58200000.0,0.0,58200000.0,3238500000.0,484000000.0,2754500000.0,1163724156.0,69200000.0,-19100000.0,7800000.0,235100000.0,0.0,209700000.0,-510500000.0,0.0,370000000.0,0.0,141400000.0,125600000.0,125600000.0,0.0,100000.0,0.072,520500000.0,351600000.0,460900000.0,0.0,0.61,9.265,8.646,3501400000.0,15800000.0,12.71,0.666,0.66,160300000.0,1330100000.0,1747500000.0,1747500000.0,0.0,0.023,0.067,0.061,0.189,700000.0,346100000.0,1.0,91559729.0,90743000,90743000.0,19.258,4250800000.0,109700000.0,48200000.0,501500000.0,46.844,107500000.0
51,KSU,MRT,2008-12-31,2008-12-31,2008-12-31,2021-10-19,-5600000.0,5439200000.0,5271550000.0,685600000.0,4753600000.0,0.351,22.845,-509300000.0,229900000.0,229900000.0,927000000.0,182100000.0,0.627,1.702,2086100000.0,637400000.0,1448700000.0,2086100000.0,0.0,167800000.0,0.0,0.0,0.0,384500000.0,552300000.0,0.298,552300000.0,384500000.0,245600000.0,1.99,1.84,1.99,1911500000.0,1843050000.0,1911500000.0,3552326106.0,9.0,6.432,-99900000.0,-1.194,1.0,925100000.0,0.499,0.0,138900000.0,6202600000.0,5094925000.0,96300000.0,60500000.0,0.0,60500000.0,3254000000.0,1092800000.0,2161200000.0,1739126106.0,174400000.0,-3400000.0,8600000.0,317300000.0,0.0,299400000.0,-534400000.0,0.0,409400000.0,0.0,181800000.0,166600000.0,166600000.0,0.0,300000.0,0.09,537700000.0,387400000.0,455400000.0,0.0,0.91,10.439,9.573,4598400000.0,15200000.0,19.05,0.939,0.861,163800000.0,1337600000.0,1852100000.0,1852100000.0,0.0,0.032,0.09,0.075,0.208,1800000.0,369900000.0,1.0,91292709.0,83674000,98602000.0,22.135,5439200000.0,99200000.0,63800000.0,492400000.0,65.005,-407200000.0
52,KSU,MRT,2008-09-30,2008-09-30,2008-09-30,2021-10-19,1700000.0,5351900000.0,5143800000.0,767100000.0,4584800000.0,0.367,21.223,-574600000.0,96500000.0,96500000.0,944300000.0,200100000.0,0.701,1.853,1909700000.0,627200000.0,1282500000.0,1909700000.0,0.0,164400000.0,0.0,0.0,0.0,434200000.0,598600000.0,0.317,598600000.0,434200000.0,293100000.0,2.28,2.04,2.28,1876100000.0,1796750000.0,1876100000.0,5895058563.0,14.0,9.848,-170000000.0,-1.923,1.0,944300000.0,0.5,1199400000.0,141100000.0,4872000000.0,4622875000.0,98400000.0,68800000.0,0.0,68800000.0,3475800000.0,1093700000.0,2382100000.0,4032658563.0,-19700000.0,8700000.0,7300000.0,182500000.0,18400000.0,164300000.0,-588600000.0,14400000.0,404600000.0,0.0,199400000.0,182200000.0,182200000.0,0.0,700000.0,0.096,536600000.0,407700000.0,148200000.0,0.0,2.149,22.133,19.456,3227400000.0,17200000.0,44.36,2.135,2.076,218900000.0,1301200000.0,1888600000.0,1888600000.0,0.0,0.035,0.101,0.094,0.23,-5000000.0,372200000.0,1.0,90907542.0,88400000,98918000.0,21.364,4152500000.0,221000000.0,93700000.0,624300000.0,46.974,-326600000.0
53,KSU,MRT,2008-06-30,2008-06-30,2008-06-30,2021-10-19,1700000.0,5211900000.0,4999725000.0,712300000.0,4499600000.0,0.368,22.946,-540900000.0,29400000.0,29400000.0,901900000.0,195100000.0,0.669,1.865,1891800000.0,624400000.0,1267400000.0,1891800000.0,0.0,160600000.0,0.0,0.0,0.0,423500000.0,584100000.0,0.317,584100000.0,423500000.0,280600000.0,2.28,2.0,2.28,1819000000.0,1745650000.0,1819000000.0,5169643106.0,12.0,8.851,-167800000.0,-2.117,1.0,939300000.0,0.51,1214000000.0,142900000.0,4795200000.0,4440550000.0,104700000.0,65900000.0,0.0,65900000.0,3392900000.0,1065100000.0,2327800000.0,3422943106.0,-36900000.0,8500000.0,1200000.0,164300000.0,13600000.0,136900000.0,-546900000.0,14400000.0,373100000.0,0.0,194500000.0,175100000.0,175100000.0,0.0,600000.0,0.095,544400000.0,394900000.0,150300000.0,0.0,1.882,19.549,19.294,3129000000.0,19400000.0,43.99,1.859,1.894,242000000.0,1252300000.0,1841200000.0,1841200000.0,0.0,0.035,0.1,0.095,0.23,2000000.0,383800000.0,1.0,77811846.0,79272000,99146000.0,23.226,3997900000.0,204100000.0,86100000.0,583800000.0,50.433,-352800000.0
54,KSU,MRT,2008-03-31,2008-03-31,2008-03-31,2021-10-19,400000.0,5083200000.0,4874775000.0,760100000.0,4323100000.0,0.366,23.154,-420100000.0,72500000.0,72500000.0,861600000.0,169800000.0,0.679,1.879,1819200000.0,651800000.0,1167400000.0,1819200000.0,0.0,161200000.0,0.0,0.0,0.0,399600000.0,560800000.0,0.315,560800000.0,399600000.0,242800000.0,1.97,1.74,1.97,1765600000.0,1697850000.0,1765600000.0,4793765225.0,12.0,8.548,15400000.0,0.202,1.0,920500000.0,0.517,1200900000.0,156800000.0,4509900000.0,4361700000.0,96300000.0,56400000.0,0.0,56400000.0,3317600000.0,1119100000.0,2198500000.0,3093365225.0,4500000.0,11400000.0,1700000.0,87800000.0,8700000.0,52300000.0,-483300000.0,14400000.0,435500000.0,0.0,169300000.0,149900000.0,149900000.0,0.0,500000.0,0.084,547100000.0,373400000.0,143000000.0,0.0,1.752,20.636,20.36,3002800000.0,19400000.0,40.11,1.736,1.716,227700000.0,1201700000.0,1782100000.0,1782100000.0,0.0,0.031,0.088,0.092,0.224,6900000.0,385900000.0,1.0,77122045.0,76253000,97484000.0,23.371,3882300000.0,192500000.0,73500000.0,529300000.0,50.913,-359000000.0
55,KSU,MRT,2007-12-31,2007-12-31,2007-12-31,2021-10-19,400000.0,4928200000.0,4766675000.0,645700000.0,4282500000.0,0.366,22.765,-380200000.0,55500000.0,55500000.0,837400000.0,154200000.0,0.588,1.855,1755900000.0,650900000.0,1105000000.0,1755900000.0,0.0,159000000.0,0.0,0.0,0.0,377600000.0,536600000.0,0.308,536600000.0,377600000.0,220900000.0,1.77,1.57,1.77,1726300000.0,1656275000.0,1726300000.0,4170171934.0,11.0,7.771,-12400000.0,-0.164,1.0,905400000.0,0.52,1215500000.0,156700000.0,4314400000.0,4324725000.0,90300000.0,79300000.0,0.0,79300000.0,3201900000.0,1098700000.0,2103200000.0,2639371934.0,-23500000.0,25400000.0,700000.0,15300000.0,0.0,-24500000.0,-366800000.0,14400000.0,367800000.0,0.0,153800000.0,134000000.0,134000000.0,0.0,400000.0,0.077,543000000.0,362400000.0,447800000.0,0.0,1.529,19.697,19.395,2917800000.0,19800000.0,34.33,1.514,1.494,243400000.0,1168900000.0,1742800000.0,1742800000.0,0.0,0.028,0.081,0.087,0.217,8700000.0,384000000.0,1.0,76882375.0,75832000,97616000.0,22.982,3712700000.0,177800000.0,67100000.0,499100000.0,48.96,-453000000.0
56,KSU,MRT,2007-09-30,2007-09-30,2007-09-30,2021-10-19,1200000.0,4775600000.0,4693950000.0,593400000.0,4182200000.0,0.367,22.015,-264900000.0,116200000.0,116200000.0,815500000.0,139700000.0,0.636,1.857,1647000000.0,351300000.0,1295700000.0,1647000000.0,0.0,159900000.0,0.0,0.0,0.0,357500000.0,517400000.0,0.3,517400000.0,357500000.0,195500000.0,1.58,1.4,1.58,1671700000.0,1620300000.0,1671700000.0,4053429901.0,11.0,7.834,128400000.0,1.691,1.0,909400000.0,0.527,1230600000.0,162000000.0,4142700000.0,4318950000.0,87900000.0,67400000.0,0.0,67400000.0,3103900000.0,933100000.0,2170800000.0,2472129901.0,52000000.0,13500000.0,1900000.0,-26900000.0,-18400000.0,-71300000.0,-270000000.0,-1100000.0,393300000.0,0.0,139700000.0,119800000.0,119800000.0,0.0,0.0,0.069,567500000.0,341900000.0,143200000.0,0.0,1.479,20.635,20.361,2692000000.0,19900000.0,32.17,1.433,1.416,284500000.0,1119100000.0,1724900000.0,1724900000.0,0.0,0.026,0.074,0.083,0.207,23400000.0,407600000.0,1.0,76845816.0,75935000,97651000.0,22.715,3545000000.0,118400000.0,55800000.0,424200000.0,46.685,-339700000.0
57,KSU,MRT,2007-06-30,2007-06-30,2007-06-30,2021-10-19,1300000.0,4712100000.0,4631400000.0,572100000.0,4140000000.0,0.366,21.449,-233400000.0,66300000.0,66300000.0,817400000.0,124300000.0,1.059,1.895,1647600000.0,10700000.0,1636900000.0,1647600000.0,0.0,158700000.0,0.0,0.0,0.0,344300000.0,503000000.0,0.296,503000000.0,344300000.0,177300000.0,1.38,1.24,1.38,1627800000.0,1584800000.0,1627800000.0,4473473515.0,13.0,8.894,138300000.0,1.822,1.0,879100000.0,0.518,1273500000.0,167000000.0,4479800000.0,4305025000.0,80300000.0,64200000.0,0.0,64200000.0,3084300000.0,540100000.0,2544200000.0,2883273515.0,44100000.0,13700000.0,4000000.0,-56900000.0,-13700000.0,-101200000.0,-226400000.0,-1100000.0,371700000.0,0.0,124300000.0,104400000.0,104400000.0,0.0,0.0,0.062,558100000.0,321000000.0,126100000.0,0.0,1.771,27.618,27.203,2603900000.0,19900000.0,37.54,1.7,1.679,298400000.0,1077200000.0,1696500000.0,1696500000.0,0.0,0.023,0.066,0.08,0.203,17300000.0,399400000.0,1.0,76805368.0,75892000,90732000.0,22.354,3438600000.0,119000000.0,53000000.0,415100000.0,45.309,32000000.0
58,KSU,MRT,2007-03-31,2007-03-31,2007-03-31,2021-10-19,1400000.0,4650800000.0,4568725000.0,596700000.0,4054100000.0,0.368,21.152,-195400000.0,68000000.0,68000000.0,813900000.0,118200000.0,1.01,1.908,1658200000.0,44600000.0,1613600000.0,1658200000.0,0.0,154700000.0,0.0,0.0,0.0,331900000.0,486600000.0,0.289,486600000.0,331900000.0,165900000.0,1.31,1.18,1.31,1599300000.0,1552425000.0,1599300000.0,4324358142.0,13.0,8.887,53800000.0,0.712,1.0,868600000.0,0.516,1288300000.0,166000000.0,4362000000.0,4233575000.0,76600000.0,60900000.0,0.0,60900000.0,3051500000.0,590700000.0,2460800000.0,2729658142.0,37900000.0,50800000.0,7900000.0,-48500000.0,-8800000.0,-65600000.0,-145700000.0,-9300000.0,249200000.0,0.0,118200000.0,98300000.0,98300000.0,0.0,0.0,0.058,553200000.0,315400000.0,181400000.0,0.0,1.707,27.769,27.16,2506200000.0,19900000.0,35.58,1.622,1.599,299700000.0,1051900000.0,1682500000.0,1682500000.0,0.0,0.022,0.063,0.078,0.197,15000000.0,398500000.0,1.0,76718891.0,75611000,90335000.0,22.252,3362500000.0,125200000.0,47700000.0,411900000.0,44.471,6000000.0
59,KSU,MRT,2006-12-31,2006-12-31,2006-12-31,2021-10-19,1300000.0,4637300000.0,4510675000.0,606000000.0,4031300000.0,0.368,21.214,-211800000.0,79000000.0,79000000.0,806800000.0,108900000.0,0.951,1.931,1673700000.0,41900000.0,1631800000.0,1673700000.0,0.0,155000000.0,0.0,0.0,0.0,321500000.0,476500000.0,0.287,476500000.0,321500000.0,154300000.0,1.2,1.08,1.2,1582400000.0,1520625000.0,1582400000.0,3810182941.0,12.0,7.996,55700000.0,0.747,1.0,852900000.0,0.514,1303300000.0,167200000.0,4291300000.0,4173550000.0,72500000.0,64900000.0,0.0,64900000.0,3054900000.0,637400000.0,2417500000.0,2197682941.0,47900000.0,38700000.0,8600000.0,-42200000.0,-4300000.0,-53600000.0,-166000000.0,-1100000.0,267500000.0,0.0,108900000.0,89400000.0,89400000.0,0.0,0.0,0.054,548600000.0,304300000.0,189900000.0,0.0,1.389,24.583,24.15,2452200000.0,19500000.0,28.98,1.324,1.302,334300000.0,1050700000.0,1659700000.0,1659700000.0,0.0,0.02,0.059,0.077,0.194,10000000.0,393600000.0,1.0,75834470.0,74593000,92386000.0,22.25,3334000000.0,136300000.0,45400000.0,417300000.0,44.696,-31400000.0
60,KSU,MRT,2006-09-30,2006-09-30,2006-09-30,2021-10-19,-100000.0,4525400000.0,4457250000.0,565300000.0,3960100000.0,0.36,20.348,-287400000.0,64200000.0,64200000.0,908500000.0,73500000.0,0.783,1.958,1676700000.0,186200000.0,1490500000.0,1676700000.0,0.0,145300000.0,0.0,0.0,0.0,275800000.0,421100000.0,0.262,421100000.0,275800000.0,109300000.0,0.75,0.72,0.75,1529700000.0,1481575000.0,1529700000.0,3760904895.0,14.0,8.931,-82300000.0,-1.095,1.0,696800000.0,0.434,1328900000.0,166500000.0,4087000000.0,4140800000.0,78100000.0,66700000.0,0.0,66700000.0,2995700000.0,722000000.0,2273700000.0,2065504895.0,-8200000.0,47600000.0,-192200000.0,43800000.0,-6400000.0,25100000.0,-238400000.0,-10500000.0,205100000.0,0.0,73500000.0,55900000.0,55900000.0,0.0,0.0,0.035,432900000.0,263900000.0,178300000.0,0.0,1.35,36.95,36.413,2358700000.0,17600000.0,27.31,1.287,1.279,335100000.0,999800000.0,1605300000.0,1605300000.0,0.0,0.013,0.038,0.067,0.172,46200000.0,421900000.0,1.0,75631816.0,75178000,91589000.0,21.353,3196500000.0,138600000.0,35800000.0,421300000.0,42.519,-156700000.0
61,KSU,MRT,2006-06-30,2006-06-30,2006-06-30,2021-10-19,-200000.0,4461400000.0,4402375000.0,514200000.0,3947200000.0,0.358,20.121,-305700000.0,22200000.0,22200000.0,922800000.0,154900000.0,0.828,1.978,1717600000.0,175200000.0,1542400000.0,1717600000.0,0.0,148200000.0,0.0,0.0,0.0,319900000.0,468100000.0,0.297,468100000.0,319900000.0,156200000.0,1.75,1.54,1.75,1498300000.0,1455025000.0,1498300000.0,3767724705.0,12.0,8.049,-103800000.0,-1.394,1.0,651400000.0,0.414,1341900000.0,163700000.0,4194000000.0,4075300000.0,87600000.0,63200000.0,0.0,63200000.0,2963100000.0,620900000.0,2342200000.0,2085024705.0,-19600000.0,41600000.0,-196900000.0,66600000.0,-8500000.0,48600000.0,-270100000.0,-10500000.0,201900000.0,0.0,154900000.0,140000000.0,140000000.0,0.0,0.0,0.089,466700000.0,184700000.0,172000000.0,0.0,1.392,14.893,15.829,2320600000.0,14900000.0,27.7,1.324,1.31,300200000.0,973300000.0,1574200000.0,1574200000.0,0.0,0.032,0.096,0.078,0.203,45200000.0,419400000.0,1.0,75271650.0,74464000,92552000.0,21.14,3119500000.0,146700000.0,1300000.0,416100000.0,41.893,-106700000.0
62,KSU,MRT,2006-03-31,2006-03-31,2006-03-31,2021-10-19,-300000.0,4418600000.0,4361850000.0,469700000.0,3948900000.0,0.354,19.913,-317600000.0,30100000.0,30100000.0,898200000.0,105700000.0,0.757,2.002,1712800000.0,133900000.0,1578900000.0,1712800000.0,0.0,151800000.0,0.0,0.0,0.0,261900000.0,413700000.0,0.268,413700000.0,261900000.0,100100000.0,1.16,0.97,1.16,1472100000.0,1408950000.0,1472100000.0,3560927228.0,14.0,8.608,-96100000.0,-1.3,1.0,644000000.0,0.418,1359300000.0,161800000.0,4121900000.0,4005800000.0,68600000.0,60900000.0,0.0,60900000.0,2946500000.0,620100000.0,2326400000.0,2034627228.0,-11200000.0,2100000.0,-199100000.0,116800000.0,-10800000.0,94400000.0,-327100000.0,-2300000.0,221500000.0,0.0,105700000.0,93500000.0,93500000.0,0.0,0.0,0.061,545100000.0,98900000.0,231100000.0,0.0,1.382,21.761,21.293,2302600000.0,12200000.0,24.7,1.319,1.184,331200000.0,954100000.0,1542200000.0,1542200000.0,0.0,0.021,0.066,0.065,0.17,42600000.0,415200000.0,1.0,82373572.0,73926000,75748000.0,20.861,3059300000.0,151000000.0,-5600000.0,413500000.0,41.383,-150400000.0
63,KSU,MRT,2005-12-31,2005-12-31,2005-12-31,2021-10-19,-400000.0,4423600000.0,3876925000.0,466800000.0,3956800000.0,0.349,18.883,-269400000.0,31100000.0,31100000.0,780500000.0,100900000.0,0.814,2.102,1701900000.0,38000000.0,1663900000.0,1701900000.0,0.0,127700000.0,0.0,0.0,0.0,227300000.0,355000000.0,0.263,355000000.0,227300000.0,93800000.0,1.21,1.1,1.21,1426200000.0,1299600000.0,1426200000.0,3538686364.0,16.0,9.968,-90600000.0,-1.2,1.0,571500000.0,0.423,1360400000.0,133500000.0,4160300000.0,3680725000.0,73900000.0,60300000.0,0.0,60300000.0,2997400000.0,573700000.0,2423700000.0,2012386364.0,-7500000.0,0.0,-198700000.0,123200000.0,-8700000.0,103200000.0,-289500000.0,-10500000.0,178800000.0,0.0,100900000.0,91400000.0,91400000.0,0.0,0.0,0.068,509200000.0,62300000.0,124300000.0,0.0,1.411,22.017,20.19,2298300000.0,9500000.0,24.43,1.488,1.365,315700000.0,946100000.0,1352000000.0,1352000000.0,0.0,0.024,0.07,0.062,0.168,42600000.0,381500000.0,1.0,82373572.0,75527000,92747000.0,17.901,3063200000.0,152200000.0,-7100000.0,409200000.0,40.558,-106900000.0
64,KSU,MRT,2005-09-30,2005-09-30,2005-09-30,2021-10-19,600000.0,4305900000.0,3381175000.0,496900000.0,3809000000.0,0.337,17.403,-153900000.0,81400000.0,81400000.0,531500000.0,96400000.0,0.723,2.025,1607700000.0,142100000.0,1465600000.0,1607700000.0,0.0,109500000.0,0.0,0.0,0.0,196700000.0,306200000.0,0.269,306200000.0,196700000.0,94700000.0,1.09,0.88,1.09,1423500000.0,1197175000.0,1423500000.0,3458492727.0,18.0,11.295,700000.0,0.009,1.0,607000000.0,0.533,1320000000.0,102000000.0,3825000000.0,3343475000.0,91600000.0,57800000.0,0.0,57800000.0,2882400000.0,687200000.0,2195200000.0,1912092727.0,-97600000.0,-23900000.0,4600000.0,131800000.0,-8700000.0,127700000.0,-379900000.0,500000.0,154600000.0,0.0,96400000.0,87700000.0,87700000.0,0.0,0.0,0.077,565000000.0,42000000.0,362300000.0,0.0,1.343,21.803,21.385,2176600000.0,8700000.0,23.31,1.679,1.675,284000000.0,948900000.0,1138500000.0,1138500000.0,0.0,0.026,0.073,0.059,0.173,-1000000.0,305800000.0,1.0,82028860.0,81795000,99498000.0,13.919,2985900000.0,158500000.0,-1700000.0,399700000.0,36.505,-190300000.0
65,KSU,MRT,2005-06-30,2005-06-30,2005-06-30,2021-10-19,500000.0,4299300000.0,2881650000.0,456000000.0,3843300000.0,0.318,16.082,-115000000.0,50800000.0,50800000.0,372700000.0,-5200000.0,0.948,2.272,1597200000.0,118100000.0,1479100000.0,1597200000.0,0.0,82300000.0,0.0,0.0,0.0,93200000.0,175500000.0,0.191,175500000.0,93200000.0,19400000.0,-0.12,-0.12,-0.12,1314000000.0,1087800000.0,1314000000.0,2275230231.0,24.0,12.964,10200000.0,0.125,1.0,544400000.0,0.594,1448800000.0,73800000.0,3916000000.0,3004900000.0,80100000.0,56400000.0,0.0,56400000.0,2985300000.0,480900000.0,2504400000.0,1653030231.0,-114700000.0,-51800000.0,7900000.0,137800000.0,-8700000.0,137000000.0,-376900000.0,500000.0,125200000.0,0.0,-5200000.0,-13900000.0,-13900000.0,0.0,0.0,-0.015,481300000.0,63100000.0,159900000.0,0.0,1.258,-118.923,-168.167,2142700000.0,8700000.0,20.18,1.802,1.798,287700000.0,840500000.0,917100000.0,917100000.0,0.0,-0.005,-0.013,0.031,0.102,-900000.0,264700000.0,1.0,81914283.0,81707000,81707000.0,11.224,2850500000.0,112800000.0,24600000.0,438700000.0,34.887,-24900000.0
66,KSU,MRT,2005-03-31,2005-03-31,2005-03-31,2021-10-19,900000.0,2478900000.0,2364800000.0,265700000.0,2213200000.0,0.292,16.294,-102300000.0,41300000.0,41300000.0,248600000.0,29100000.0,0.988,1.396,663500000.0,8900000.0,654600000.0,663500000.0,0.0,55000000.0,0.0,0.0,0.0,102400000.0,157400000.0,0.228,157400000.0,102400000.0,56400000.0,0.32,0.32,0.32,1034700000.0,1003825000.0,1034700000.0,1851650087.0,18.0,11.764,27000000.0,0.425,1.0,441300000.0,0.64,10600000.0,46000000.0,2821600000.0,2639375000.0,51700000.0,438700000.0,0.0,438700000.0,1444200000.0,268900000.0,1175300000.0,1224550087.0,-147300000.0,-55100000.0,6500000.0,87400000.0,-8600000.0,85700000.0,-362300000.0,500000.0,129300000.0,0.0,29100000.0,20400000.0,20400000.0,0.0,0.0,0.03,350400000.0,90900000.0,87800000.0,0.0,1.183,60.027,60.188,1529300000.0,8700000.0,19.26,1.775,1.773,145000000.0,867800000.0,689900000.0,689900000.0,0.0,0.009,0.02,0.039,0.148,-800000.0,223500000.0,1.0,63579963.0,63501000,64809000.0,10.864,2468300000.0,0.0,27300000.0,444900000.0,38.87,-3200000.0
67,KSU,MRT,2004-12-31,2004-12-31,2004-12-31,2021-10-19,200000.0,2440600000.0,2301275000.0,253600000.0,2187000000.0,0.278,16.208,-112300000.0,38600000.0,38600000.0,221500000.0,24400000.0,1.032,1.401,665700000.0,9900000.0,655800000.0,665700000.0,0.0,53500000.0,0.0,0.0,0.0,92400000.0,145900000.0,0.228,145900000.0,92400000.0,48000000.0,0.25,0.25,0.25,1016500000.0,987775000.0,1016500000.0,1513455404.0,16.0,10.373,30400000.0,0.485,1.0,418000000.0,0.654,10600000.0,44400000.0,2811300000.0,2537250000.0,48200000.0,484900000.0,0.0,484900000.0,1424100000.0,245800000.0,1178300000.0,1112055404.0,-96800000.0,-55000000.0,7400000.0,138600000.0,-8700000.0,137300000.0,-376800000.0,500000.0,142700000.0,0.0,24400000.0,15700000.0,15700000.0,0.0,0.0,0.025,334500000.0,83500000.0,87500000.0,0.0,1.094,70.832,70.92,1424000000.0,8700000.0,17.73,1.739,1.739,139600000.0,853900000.0,639500000.0,639500000.0,0.0,0.007,0.016,0.036,0.144,0.0,213000000.0,1.0,62721681.0,62715000,63983000.0,10.197,2430000000.0,0.0,23600000.0,438900000.0,38.747,7800000.0
68,KSU,MRT,2004-09-30,2004-09-30,2004-09-30,2021-10-19,1500000.0,2307800000.0,2229350000.0,367200000.0,1940600000.0,0.275,15.73,-117300000.0,170000000.0,170000000.0,229200000.0,18500000.0,1.611,1.341,571400000.0,7900000.0,563500000.0,571400000.0,0.0,55500000.0,0.0,0.0,0.0,70400000.0,125900000.0,0.205,125900000.0,70400000.0,25800000.0,0.16,0.17,0.16,986000000.0,974575000.0,986000000.0,1366970390.0,19.0,10.858,7900000.0,0.126,1.0,384200000.0,0.626,10600000.0,44600000.0,2470700000.0,2423300000.0,42100000.0,481500000.0,0.0,481500000.0,1321800000.0,227900000.0,1093900000.0,950770390.0,-60200000.0,-44100000.0,5400000.0,-10600000.0,-8700000.0,-14100000.0,-171300000.0,0.0,125200000.0,0.0,18500000.0,10700000.0,10700000.0,0.0,0.0,0.017,334900000.0,49300000.0,58300000.0,0.0,0.964,88.857,94.812,1414800000.0,7800000.0,15.17,1.55,1.55,127200000.0,861200000.0,613400000.0,613400000.0,0.0,0.005,0.011,0.029,0.115,2100000.0,207300000.0,1.0,62674383.0,62683000,63955000.0,9.786,2297200000.0,0.0,7300000.0,419100000.0,36.648,139300000.0
69,KSU,MRT,2004-06-30,2004-06-30,2004-06-30,2021-10-19,700000.0,2231900000.0,2206900000.0,341500000.0,1890400000.0,0.27,15.611,-110700000.0,156500000.0,156500000.0,223900000.0,11700000.0,1.86,1.282,572700000.0,8800000.0,563900000.0,572700000.0,0.0,58300000.0,0.0,0.0,0.0,59100000.0,117400000.0,0.197,117400000.0,59100000.0,14200000.0,0.04,0.05,0.04,978100000.0,969625000.0,978100000.0,1356723540.0,23.0,11.556,-32800000.0,-0.524,1.0,372600000.0,0.625,10600000.0,44900000.0,2453900000.0,2395525000.0,44700000.0,446800000.0,0.0,446800000.0,1253800000.0,183600000.0,1070200000.0,971023540.0,-35400000.0,-12400000.0,6100000.0,-10200000.0,-9000000.0,-13300000.0,-100000000.0,32700000.0,77900000.0,0.0,11700000.0,2800000.0,2800000.0,0.0,0.0,0.005,327600000.0,45000000.0,50700000.0,0.0,0.993,346.794,387.5,1401600000.0,8900000.0,15.5,1.628,1.628,114400000.0,854400000.0,596500000.0,596500000.0,0.0,0.001,0.003,0.025,0.099,2500000.0,202800000.0,1.0,62646680.0,62655000,63830000.0,9.52,2221300000.0,0.0,2500000.0,397200000.0,35.453,157900000.0
70,KSU,MRT,2004-03-31,2004-03-31,2004-03-31,2021-10-19,300000.0,2224800000.0,2203050000.0,364600000.0,1860200000.0,0.267,15.527,-92900000.0,188600000.0,188600000.0,224000000.0,2000000.0,1.952,1.292,574300000.0,9900000.0,564400000.0,574300000.0,0.0,61200000.0,0.0,0.0,0.0,47900000.0,109100000.0,0.185,109100000.0,47900000.0,2200000.0,-0.1,-0.09,-0.1,970500000.0,966325000.0,970500000.0,1258609931.0,26.0,11.536,-32800000.0,-0.525,1.0,364900000.0,0.62,10600000.0,45700000.0,2413100000.0,2383675000.0,41900000.0,446500000.0,0.0,446500000.0,1254300000.0,186800000.0,1067500000.0,870609931.0,124600000.0,-42600000.0,5800000.0,-9500000.0,-6800000.0,182500000.0,-118000000.0,32700000.0,60100000.0,0.0,2000000.0,-6000000.0,-6000000.0,0.0,0.0,-0.01,325200000.0,39700000.0,42800000.0,0.0,0.897,-145.102,-139.0,1372000000.0,8000000.0,13.9,1.478,1.475,109100000.0,847400000.0,588900000.0,588900000.0,0.0,-0.003,-0.006,0.02,0.081,2500000.0,198100000.0,1.0,62633808.0,62504000,63811000.0,9.422,2214200000.0,0.0,200000.0,391700000.0,35.425,177800000.0
71,KSU,MRT,2003-12-31,2003-12-31,2003-12-31,2021-10-19,-500000.0,2152900000.0,2153725000.0,308100000.0,1844800000.0,0.27,15.613,-69000000.0,135400000.0,135400000.0,224700000.0,12200000.0,1.763,1.234,523400000.0,9900000.0,513500000.0,523400000.0,0.0,64300000.0,0.0,0.0,0.0,55800000.0,120100000.0,0.207,120100000.0,55800000.0,9400000.0,0.1,0.1,0.1,963700000.0,916625000.0,963700000.0,1237407971.0,22.0,10.303,-1000000.0,-0.016,1.0,356600000.0,0.613,10600000.0,46400000.0,2355500000.0,2367175000.0,36800000.0,442700000.0,0.0,442700000.0,1189200000.0,174800000.0,1014400000.0,888907971.0,116400000.0,-40400000.0,5300000.0,-59200000.0,-4700000.0,134400000.0,-86000000.0,32700000.0,68000000.0,0.0,12200000.0,6300000.0,6300000.0,0.0,0.0,0.011,327500000.0,29100000.0,45500000.0,0.0,0.922,141.097,143.2,1362500000.0,5900000.0,14.32,1.529,1.521,114600000.0,846200000.0,581300000.0,581300000.0,0.0,0.003,0.007,0.024,0.096,2500000.0,197800000.0,1.0,62074579.0,61725000,61725000.0,9.418,2142300000.0,0.0,-2800000.0,391500000.0,34.707,133300000.0
72,KSU,MRT,2003-09-30,2003-09-30,2003-09-30,2021-10-19,-1200000.0,2218000000.0,2117700000.0,397400000.0,1820600000.0,0.272,15.643,-56800000.0,230200000.0,230200000.0,223100000.0,37800000.0,2.024,1.296,578700000.0,10000000.0,568700000.0,578700000.0,0.0,64200000.0,0.0,0.0,0.0,88700000.0,152900000.0,0.265,152900000.0,88700000.0,42200000.0,0.54,0.53,0.54,966200000.0,863925000.0,966200000.0,1071217638.0,12.0,7.006,18100000.0,0.293,1.0,353900000.0,0.613,10600000.0,46500000.0,2359600000.0,2372175000.0,36200000.0,433800000.0,0.0,433800000.0,1251800000.0,196300000.0,1055500000.0,683017638.0,194700000.0,-37900000.0,6200000.0,-10200000.0,-2600000.0,187800000.0,-68000000.0,32700000.0,74900000.0,0.0,37800000.0,33100000.0,33100000.0,0.0,0.0,0.057,304100000.0,49800000.0,46600000.0,0.0,0.707,20.635,20.5,1348900000.0,4700000.0,11.07,1.184,1.185,113000000.0,851400000.0,577000000.0,577000000.0,0.0,0.016,0.038,0.037,0.154,2300000.0,197100000.0,1.0,61699877.0,61765000,63143000.0,9.342,2207400000.0,0.0,4400000.0,393900000.0,35.739,201100000.0
73,KSU,MRT,2003-06-30,2003-06-30,2003-06-30,2021-10-19,-1500000.0,2216500000.0,2062125000.0,376200000.0,1840300000.0,0.276,15.652,-59500000.0,191900000.0,191900000.0,213900000.0,44100000.0,2.005,1.297,580100000.0,10000000.0,570100000.0,580100000.0,0.0,63800000.0,0.0,0.0,0.0,92900000.0,156700000.0,0.275,156700000.0,92900000.0,46500000.0,0.69,0.68,0.69,964900000.0,804775000.0,964900000.0,1259293945.0,14.0,8.036,16900000.0,0.274,1.0,355700000.0,0.624,10600000.0,46400000.0,2406500000.0,2365800000.0,35600000.0,460800000.0,0.0,460800000.0,1251600000.0,187600000.0,1064000000.0,741593945.0,168400000.0,-65100000.0,8700000.0,-10300000.0,-200000.0,191200000.0,-99200000.0,31700000.0,76400000.0,0.0,44100000.0,42600000.0,42600000.0,0.0,0.0,0.075,314600000.0,41100000.0,35700000.0,0.0,0.769,17.408,17.435,1344300000.0,1500000.0,12.03,1.302,1.302,116800000.0,851700000.0,569600000.0,569600000.0,0.0,0.021,0.053,0.039,0.163,4400000.0,199900000.0,1.0,61645382.0,61649000,61649000.0,9.239,2205900000.0,0.0,2400000.0,396600000.0,35.782,188600000.0
74,KSU,MRT,2003-03-31,2003-03-31,2003-03-31,2021-10-19,-2100000.0,2027500000.0,2002875000.0,228100000.0,1799400000.0,0.281,12.563,-56300000.0,64000000.0,64000000.0,205500000.0,59100000.0,1.217,1.627,581700000.0,10000000.0,571700000.0,581700000.0,0.0,62400000.0,0.0,0.0,0.0,106000000.0,168400000.0,0.299,168400000.0,106000000.0,60800000.0,0.96,0.94,0.96,771700000.0,741725000.0,771700000.0,1254199990.0,12.0,7.448,49200000.0,0.801,1.0,357000000.0,0.635,10600000.0,45200000.0,2347100000.0,2345325000.0,36300000.0,430300000.0,0.0,430300000.0,1255800000.0,187500000.0,1068300000.0,690599990.0,7200000.0,-34000000.0,9800000.0,-46900000.0,-200000.0,-38900000.0,-59400000.0,31700000.0,105500000.0,0.0,59100000.0,58800000.0,58800000.0,0.0,0.0,0.105,315600000.0,41400000.0,44100000.0,0.0,0.895,11.745,11.698,1339800000.0,300000.0,11.23,1.228,1.226,108800000.0,767100000.0,562500000.0,562500000.0,0.0,0.029,0.079,0.045,0.188,4500000.0,198900000.0,1.0,61495992.0,61427000,62863000.0,9.157,2016900000.0,0.0,1700000.0,392900000.0,32.834,40600000.0
75,KSU,MRT,2002-12-31,2002-12-31,2002-12-31,2021-10-19,-2300000.0,2008800000.0,1995975000.0,216200000.0,1792600000.0,0.284,12.478,-59800000.0,19000000.0,19000000.0,197900000.0,57200000.0,1.16,1.668,582600000.0,10000000.0,572600000.0,582600000.0,0.0,61400000.0,0.0,0.0,0.0,109100000.0,170500000.0,0.301,170500000.0,109100000.0,64100000.0,0.94,0.91,0.94,752900000.0,723475000.0,752900000.0,1284656400.0,12.0,7.535,34000000.0,0.564,1.0,368300000.0,0.65,10600000.0,45000000.0,2375500000.0,2335375000.0,34200000.0,423100000.0,0.0,423100000.0,1255900000.0,186300000.0,1069600000.0,731456400.0,-5700000.0,-4400000.0,10300000.0,-76600000.0,-200000.0,-66500000.0,-33000000.0,31700000.0,93800000.0,0.0,57200000.0,57000000.0,57000000.0,0.0,0.0,0.101,320300000.0,48000000.0,47700000.0,0.0,0.972,12.833,12.766,1337400000.0,200000.0,12.0,1.292,1.279,118500000.0,748500000.0,566200000.0,566200000.0,0.0,0.029,0.079,0.047,0.193,4500000.0,197800000.0,1.0,60954700.0,60336000,62318000.0,9.384,1998200000.0,0.0,6900000.0,392800000.0,33.118,29900000.0
76,KSU,MRT,2002-09-30,2002-09-30,2002-09-30,2021-10-19,-2900000.0,1995700000.0,1996500000.0,221400000.0,1774300000.0,0.287,12.063,-66300000.0,35500000.0,35500000.0,190500000.0,47900000.0,1.084,1.735,588700000.0,10000000.0,578700000.0,588700000.0,0.0,59700000.0,0.0,0.0,0.0,100600000.0,160300000.0,0.28,160300000.0,100600000.0,57400000.0,0.8,0.77,0.8,729600000.0,705325000.0,729600000.0,1319570920.0,13.0,8.232,66200000.0,1.095,1.0,382900000.0,0.668,10600000.0,43200000.0,2334100000.0,2336050000.0,35300000.0,404600000.0,0.0,404600000.0,1266100000.0,204200000.0,1061900000.0,748070920.0,8600000.0,-6100000.0,11000000.0,-96800000.0,-200000.0,-83100000.0,-40800000.0,32300000.0,132500000.0,0.0,47900000.0,47500000.0,47500000.0,0.0,0.0,0.083,328400000.0,54500000.0,40300000.0,0.0,1.025,15.749,15.5,1336300000.0,400000.0,12.4,1.305,1.308,112300000.0,725800000.0,573400000.0,573400000.0,0.0,0.024,0.067,0.043,0.175,4600000.0,194600000.0,1.0,60328300.0,60481000,62453000.0,9.481,1985100000.0,0.0,9500000.0,374300000.0,32.822,17200000.0
77,KSU,MRT,2002-06-30,2002-06-30,2002-06-30,2021-10-19,-3200000.0,1979500000.0,1988175000.0,221700000.0,1757800000.0,0.291,11.86,-50100000.0,23500000.0,23500000.0,190900000.0,46300000.0,1.028,1.777,595000000.0,10300000.0,584700000.0,595000000.0,0.0,58600000.0,0.0,0.0,0.0,102600000.0,161200000.0,0.278,161200000.0,102600000.0,57700000.0,0.78,0.75,0.78,712700000.0,689175000.0,712700000.0,1592468517.0,16.0,9.879,61600000.0,1.025,1.0,388200000.0,0.67,10800000.0,44900000.0,2324600000.0,2343800000.0,30600000.0,394700000.0,0.0,394700000.0,1266800000.0,215600000.0,1051200000.0,1021368517.0,4900000.0,25200000.0,11000000.0,-97300000.0,-200000.0,-84900000.0,-21900000.0,600000.0,111700000.0,0.0,46300000.0,46000000.0,46000000.0,0.0,0.0,0.079,323900000.0,64300000.0,43400000.0,0.0,1.433,22.204,21.795,1329900000.0,300000.0,17.0,1.764,1.764,131500000.0,709200000.0,579100000.0,579100000.0,0.0,0.023,0.067,0.044,0.177,3200000.0,192100000.0,1.0,60080501.0,60095000,62327000.0,9.636,1968700000.0,0.0,11400000.0,368000000.0,32.76,6100000.0
78,KSU,MRT,2002-03-31,2002-03-31,2002-03-31,2021-10-19,-2200000.0,1999900000.0,1979850000.0,259700000.0,1740200000.0,0.295,11.688,-42600000.0,56800000.0,56800000.0,192900000.0,36500000.0,1.027,1.862,627900000.0,47900000.0,580000000.0,627900000.0,0.0,58500000.0,0.0,0.0,0.0,95500000.0,154000000.0,0.264,154000000.0,95500000.0,46600000.0,0.62,0.6,0.62,698700000.0,674825000.0,698700000.0,1589863163.0,17.0,10.324,48500000.0,0.811,1.0,390200000.0,0.669,10800000.0,48900000.0,2307300000.0,2348450000.0,28200000.0,382300000.0,0.0,382300000.0,1301200000.0,252900000.0,1048300000.0,956163163.0,28200000.0,21800000.0,10200000.0,-54300000.0,-200000.0,-43600000.0,-19300000.0,600000.0,91100000.0,0.0,36500000.0,36300000.0,36300000.0,0.0,0.0,0.062,327500000.0,62700000.0,41700000.0,0.0,1.368,26.341,25.71,1325200000.0,200000.0,15.94,1.64,1.634,129600000.0,694200000.0,583100000.0,583100000.0,0.0,0.018,0.054,0.041,0.164,3600000.0,193200000.0,1.0,59985142.0,59777000,61842000.0,9.755,1989100000.0,0.0,10100000.0,371100000.0,33.275,6800000.0
79,KSU,MRT,2001-12-31,2001-12-31,2001-12-31,2021-10-19,-2900000.0,2010900000.0,1968975000.0,254400000.0,1756500000.0,0.296,11.61,-47900000.0,24700000.0,24700000.0,199800000.0,30700000.0,1.03,1.956,658400000.0,46700000.0,611700000.0,658400000.0,0.0,58000000.0,0.0,0.0,0.0,86300000.0,144300000.0,0.247,144300000.0,86300000.0,33500000.0,0.52,0.5,0.52,680300000.0,662550000.0,680300000.0,1490709737.0,17.0,10.331,20800000.0,0.355,1.0,383400000.0,0.657,19300000.0,52800000.0,2378200000.0,2351950000.0,27900000.0,386800000.0,0.0,386800000.0,1330600000.0,247100000.0,1083500000.0,832809737.0,3200000.0,-8200000.0,8900000.0,-16700000.0,-200000.0,-9800000.0,-55700000.0,600000.0,68700000.0,0.0,30700000.0,30500000.0,30500000.0,0.0,0.0,0.052,328000000.0,55400000.0,50400000.0,0.0,1.224,27.305,27.173,1327400000.0,200000.0,14.13,1.428,1.42,130000000.0,676500000.0,583200000.0,583200000.0,0.0,0.015,0.046,0.037,0.148,5600000.0,192900000.0,1.0,58939118.0,58598000,60984000.0,9.953,1991600000.0,0.0,2800000.0,370200000.0,33.988,7300000.0
80,KSU,MRT,2001-09-30,2001-09-30,2001-09-30,2021-10-19,-3900000.0,1962400000.0,1952375000.0,216100000.0,1746300000.0,0.294,11.337,-53800000.0,26900000.0,26900000.0,196900000.0,23200000.0,1.02,1.951,684800000.0,42800000.0,642000000.0,684800000.0,0.0,57300000.0,0.0,0.0,0.0,66800000.0,124100000.0,0.217,124100000.0,66800000.0,12300000.0,0.35,0.36,0.35,665000000.0,653325000.0,665000000.0,1372126744.0,21.0,11.057,-1200000.0,-0.02,1.0,376200000.0,0.656,43400000.0,54500000.0,2365100000.0,2340200000.0,28800000.0,379900000.0,0.0,379900000.0,1297400000.0,211800000.0,1085600000.0,704226744.0,-3300000.0,-10300000.0,5700000.0,-1000000.0,-200000.0,5500000.0,-61400000.0,3800000.0,52600000.0,0.0,23200000.0,23200000.0,23200000.0,0.0,0.0,0.04,334300000.0,41900000.0,48300000.0,0.0,1.059,30.355,34.286,1323000000.0,0.0,12.0,1.229,1.228,141400000.0,662200000.0,573100000.0,573100000.0,0.0,0.012,0.036,0.029,0.117,4900000.0,193700000.0,1.0,58685562.0,58656000,61171000.0,9.771,1919000000.0,0.0,-10900000.0,347400000.0,32.716,4300000.0
81,KSU,MRT,2001-06-30,2001-06-30,2001-06-30,2021-10-19,-1900000.0,1946200000.0,1943525000.0,206200000.0,1740000000.0,0.295,11.225,-69000000.0,18600000.0,18600000.0,202400000.0,37400000.0,0.9,1.97,686500000.0,40300000.0,646200000.0,686500000.0,0.0,56400000.0,0.0,0.0,0.0,83400000.0,139800000.0,0.244,139800000.0,83400000.0,23800000.0,0.6,0.6,0.6,655300000.0,646950000.0,655300000.0,1574823431.0,19.0,11.265,-14000000.0,-0.24,1.0,370200000.0,0.647,41900000.0,59600000.0,2343200000.0,2340650000.0,29700000.0,375300000.0,0.0,375300000.0,1290900000.0,229000000.0,1061900000.0,921723431.0,-15500000.0,-9700000.0,2700000.0,700000.0,-100000.0,7500000.0,-78000000.0,1500000.0,55000000.0,0.0,37400000.0,37400000.0,37400000.0,-23400000.0,0.0,0.065,329800000.0,40400000.0,46000000.0,0.0,1.407,24.645,26.333,1322800000.0,0.0,15.8,1.61,1.611,136300000.0,650500000.0,572600000.0,572600000.0,0.0,0.019,0.058,0.036,0.146,6400000.0,195500000.0,1.0,58336926.0,58380000,60916000.0,9.808,1904300000.0,0.0,-13600000.0,343000000.0,32.619,-22800000.0
82,KSU,MRT,2001-03-31,2001-03-31,2001-03-31,2021-10-19,-2300000.0,1956400000.0,2196275000.0,224400000.0,1732000000.0,0.261,11.151,-93400000.0,28600000.0,28600000.0,201400000.0,193200000.0,0.907,2.012,681700000.0,38700000.0,643000000.0,681700000.0,0.0,56300000.0,0.0,0.0,0.0,244400000.0,300700000.0,0.524,300700000.0,244400000.0,180900000.0,3.4,3.26,3.4,649600000.0,902575000.0,649600000.0,1480957231.0,6.0,4.925,5400000.0,0.093,1.0,372400000.0,0.649,40800000.0,63500000.0,2321300000.0,2551825000.0,31800000.0,364400000.0,0.0,364400000.0,1306800000.0,247400000.0,1059400000.0,827857231.0,-9200000.0,-4600000.0,3500000.0,-22400000.0,-200000.0,-12200000.0,-95800000.0,1700000.0,98800000.0,0.0,193200000.0,193200000.0,193200000.0,-175100000.0,0.0,0.337,326500000.0,45900000.0,44400000.0,0.0,1.274,4.285,4.176,1326800000.0,0.0,14.2,1.443,1.442,140300000.0,645200000.0,573800000.0,573800000.0,0.0,0.088,0.214,0.096,0.426,6500000.0,195700000.0,1.0,58299805.0,58257000,60776000.0,9.849,1915600000.0,0.0,-12300000.0,336900000.0,32.882,-23000000.0
83,KSU,MRT,2000-12-31,2000-12-31,2000-12-31,2021-10-19,0.0,1944500000.0,2536525000.0,216400000.0,1728100000.0,0.228,11.357,-99000000.0,21500000.0,21500000.0,196000000.0,380500000.0,0.878,2.022,674600000.0,36200000.0,638400000.0,674600000.0,0.0,56100000.0,0.0,0.0,0.0,438800000.0,494900000.0,0.855,494900000.0,438800000.0,373000000.0,6.71,6.42,6.71,643400000.0,1118650000.0,643400000.0,1244148090.0,3.0,2.514,-24300000.0,-0.429,1.0,382700000.0,0.661,19900000.0,65800000.0,2331200000.0,2707175000.0,34000000.0,358200000.0,0.0,358200000.0,1301100000.0,246500000.0,1054600000.0,588948090.0,9600000.0,-4200000.0,17900000.0,19000000.0,-4800000.0,36700000.0,-101800000.0,0.0,74700000.0,0.0,380500000.0,380500000.0,380500000.0,-363800000.0,0.0,0.658,324900000.0,57800000.0,52900000.0,0.0,0.915,1.548,1.51,1327800000.0,0.0,10.13,1.018,0.992,135000000.0,636700000.0,578700000.0,578700000.0,0.0,0.15,0.34,0.162,0.758,9300000.0,197800000.0,1.0,58139002.0,56650000,58390000.0,10.215,1924600000.0,0.0,-7500000.0,332200000.0,33.974,-30100000.0
84,KSU,MRT,2000-09-30,2000-09-30,2000-09-30,2021-10-19,0.0,1927000000.0,2718400000.0,212000000.0,1715000000.0,0.217,11.126,-111100000.0,30200000.0,30200000.0,312900000.0,468200000.0,0.985,2.013,685400000.0,13700000.0,671700000.0,685400000.0,0.0,56300000.0,0.0,0.009,0.08,535800000.0,592100000.0,1.005,592100000.0,535800000.0,467500000.0,8.41,8.01,8.41,639500000.0,1278575000.0,639500000.0,1151925765.0,2.0,1.945,-52000000.0,-0.905,1.0,276200000.0,0.469,0.0,68300000.0,2366900000.0,2907475000.0,34200000.0,361100000.0,0.0,361100000.0,1287500000.0,215300000.0,1072200000.0,504525765.0,-38200000.0,12700000.0,28400000.0,-5200000.0,-4600000.0,-96800000.0,-117600000.0,-19100000.0,59100000.0,0.0,468200000.0,468200000.0,468200000.0,-462300000.0,0.0,0.795,219900000.0,56300000.0,36300000.0,0.01,0.789,1.078,1.033,1311300000.0,0.0,8.688,0.856,0.848,119800000.0,632800000.0,589100000.0,589100000.0,0.0,0.172,0.366,0.184,0.91,3300000.0,355500000.0,1.0,58071566.0,57478000,58858000.0,10.249,1927000000.0,0.0,-700000.0,320200000.0,33.526,-3300000.0
85,KSU,MRT,2000-06-30,2000-06-30,2000-06-30,2021-10-19,111100000.0,2957200000.0,2962550000.0,214600000.0,2742600000.0,0.201,30.109,-119400000.0,34100000.0,34100000.0,261800000.0,532300000.0,0.515,0.763,681500000.0,213700000.0,467800000.0,681500000.0,0.0,56800000.0,0.0,0.001,0.16,599100000.0,655900000.0,1.104,655900000.0,599100000.0,534400000.0,9.59,9.13,9.59,1677800000.0,1408900000.0,1677800000.0,10194134505.0,17.0,15.542,-24800000.0,-0.445,1.0,332300000.0,0.559,0.0,64700000.0,3187900000.0,3058875000.0,34200000.0,355800000.0,0.0,355800000.0,1279400000.0,416700000.0,862700000.0,9882734505.0,-54000000.0,12700000.0,17400000.0,-36000000.0,-9000000.0,-23400000.0,-125200000.0,-17400000.0,94600000.0,0.0,532300000.0,532300000.0,532300000.0,-521600000.0,0.0,0.896,275900000.0,56400000.0,50600000.0,0.017,5.89,18.566,18.496,1302300000.0,0.0,177.38,16.635,16.637,124900000.0,1559500000.0,594100000.0,594100000.0,0.0,0.18,0.378,0.196,1.008,12700000.0,305000000.0,1.0,55715044.0,55724000,57614000.0,10.661,2957200000.0,0.0,2100000.0,310300000.0,53.069,-202100000.0
86,KSU,MRT,2000-03-31,2000-03-31,2000-03-31,2021-10-19,112000000.0,3317400000.0,2926400000.0,859600000.0,2457800000.0,0.204,27.256,-98500000.0,388500000.0,388500000.0,216600000.0,447900000.0,1.904,1.191,699900000.0,11600000.0,688300000.0,699900000.0,0.0,50000000.0,0.0,0.001,0.24,512600000.0,562600000.0,0.94,562600000.0,512600000.0,451700000.0,8.09,7.7,8.09,1513900000.0,1262375000.0,1513900000.0,10118348201.0,20.0,17.985,-23600000.0,-0.425,1.0,381800000.0,0.638,234600000.0,60900000.0,2942700000.0,3008400000.0,39400000.0,878900000.0,33000000.0,845900000.0,1803500000.0,451500000.0,1352000000.0,9498448201.0,-1600000.0,12700000.0,36500000.0,-35000000.0,-13400000.0,15300000.0,-91800000.0,0.0,74900000.0,0.0,447900000.0,447900000.0,447900000.0,-440800000.0,0.0,0.748,324100000.0,57700000.0,223900000.0,0.03,6.274,21.207,21.246,1377300000.0,0.0,171.88,15.873,15.954,343700000.0,1394700000.0,598400000.0,598400000.0,0.0,0.153,0.355,0.17,0.857,12000000.0,257200000.0,1.0,55262091.0,55543000,57482000.0,10.774,3082800000.0,0.0,3800000.0,467800000.0,55.503,408100000.0
87,KSU,MRT,1999-12-31,1999-12-31,1999-12-31,2021-10-19,108900000.0,2672000000.0,2774350000.0,208500000.0,2463500000.0,0.217,23.269,-103400000.0,11900000.0,11900000.0,170200000.0,323300000.0,0.82,1.082,760900000.0,10900000.0,750000000.0,760900000.0,0.0,56900000.0,0.0,0.002,0.32,387700000.0,444600000.0,0.739,444600000.0,387700000.0,330300000.0,5.86,5.57,5.86,1283100000.0,1130075000.0,1283100000.0,8867214461.0,23.0,19.944,74600000.0,1.353,1.0,431200000.0,0.717,34400000.0,57400000.0,3132400000.0,3022300000.0,40500000.0,337100000.0,0.0,337100000.0,1388900000.0,254200000.0,1134700000.0,8247314461.0,6300000.0,12700000.0,12400000.0,-79900000.0,-17600000.0,-74500000.0,-97200000.0,0.0,178000000.0,0.0,323300000.0,323300000.0,323300000.0,-313100000.0,0.0,0.538,367100000.0,64100000.0,74800000.0,0.055,6.428,25.51,25.468,1277400000.0,0.0,149.24,13.714,13.684,132200000.0,1167000000.0,601400000.0,601400000.0,0.0,0.117,0.286,0.128,0.645,6400000.0,206000000.0,1.0,55262091.0,55142000,57025000.0,10.906,2637600000.0,0.0,7000000.0,297400000.0,47.833,-45700000.0
88,KSU,MRT,1999-09-30,1999-09-30,1999-09-30,2021-10-19,75200000.0,2903600000.0,2690600000.0,655100000.0,2248500000.0,0.128,21.013,-60800000.0,171700000.0,171700000.0,139900000.0,262100000.0,1.831,1.501,791600000.0,10900000.0,780700000.0,791600000.0,0.0,46300000.0,0.0,0.003,0.32,281400000.0,327700000.0,0.953,327700000.0,281400000.0,228200000.0,4.73,4.52,4.73,1160800000.0,1042100000.0,1160800000.0,5820977678.0,21.0,17.763,74700000.0,1.352,1.0,204100000.0,0.593,193300000.0,53200000.0,2972500000.0,2971650000.0,44600000.0,900000000.0,151100000.0,748900000.0,1742800000.0,357700000.0,1385100000.0,5137677678.0,69100000.0,-700000.0,-2600000.0,-63900000.0,-17800000.0,66600000.0,-15900000.0,47000000.0,135500000.0,0.0,262100000.0,262100000.0,262100000.0,-305800000.0,0.0,0.762,230200000.0,-26100000.0,154500000.0,0.068,4.426,19.602,19.662,1306300000.0,0.0,93.0,14.935,14.935,248600000.0,1078400000.0,344000000.0,344000000.0,0.0,0.097,0.252,0.095,0.818,24300000.0,190700000.0,1.0,55243846.0,55242000,57047000.0,6.227,2710300000.0,0.0,-33900000.0,430200000.0,49.062,297400000.0
89,KSU,MRT,1999-06-30,1999-06-30,1999-06-30,2021-10-19,90800000.0,2812600000.0,2610750000.0,575900000.0,2236700000.0,0.203,19.803,-61300000.0,139300000.0,139300000.0,139900000.0,230000000.0,1.825,1.576,822600000.0,11000000.0,811600000.0,822600000.0,0.0,50700000.0,0.0,0.003,0.32,288200000.0,338900000.0,0.641,338900000.0,288200000.0,232600000.0,4.15,3.99,4.15,1091700000.0,974875000.0,1091700000.0,7837794482.0,27.0,23.127,109400000.0,1.985,1.0,389200000.0,0.736,194300000.0,55600000.0,2986000000.0,2961325000.0,50200000.0,872700000.0,114200000.0,758500000.0,1720900000.0,315600000.0,1405300000.0,7040394482.0,107900000.0,-700000.0,10200000.0,-42900000.0,-17800000.0,-24100000.0,-38700000.0,31100000.0,170700000.0,0.0,230000000.0,230000000.0,230000000.0,-223100000.0,0.0,0.435,324500000.0,64700000.0,134600000.0,0.077,6.449,30.61,30.752,1283900000.0,0.0,127.62,13.306,13.297,234400000.0,993700000.0,529100000.0,529100000.0,0.0,0.088,0.236,0.097,0.545,12200000.0,190700000.0,1.0,55166858.0,55127000,57067000.0,9.598,2618300000.0,0.0,2600000.0,433900000.0,47.496,260300000.0
90,KSU,MRT,1999-03-31,1999-03-31,1999-03-31,2021-10-19,73800000.0,2709200000.0,2549400000.0,537100000.0,2172100000.0,0.276,17.929,-72200000.0,42500000.0,42500000.0,139900000.0,212600000.0,1.643,1.751,839900000.0,10900000.0,829000000.0,839900000.0,0.0,61000000.0,0.0,0.003,0.32,310300000.0,371300000.0,0.528,371300000.0,310300000.0,253100000.0,3.85,3.7,3.85,984700000.0,918150000.0,984700000.0,7061692428.0,23.0,19.019,162900000.0,2.966,1.0,563100000.0,0.801,181300000.0,57200000.0,2998300000.0,2927150000.0,50500000.0,887500000.0,169800000.0,717700000.0,1724500000.0,327000000.0,1397500000.0,6252592428.0,48300000.0,-700000.0,-6200000.0,-50300000.0,-17800000.0,-95600000.0,-91200000.0,-14300000.0,235100000.0,0.0,212600000.0,212600000.0,212600000.0,-152200000.0,0.0,0.302,413700000.0,149400000.0,124700000.0,0.083,6.35,29.41,29.61,1273100000.0,0.0,114.0,8.894,8.906,244900000.0,903700000.0,703000000.0,703000000.0,0.0,0.083,0.232,0.106,0.441,12200000.0,190700000.0,1.0,54847302.0,54921500,56837500.0,12.8,2527900000.0,0.0,40500000.0,417400000.0,46.028,210100000.0
91,KSU,MRT,1998-12-31,1998-12-31,1998-12-31,2021-10-19,74900000.0,2337000000.0,2491075000.0,210200000.0,2126800000.0,0.246,17.052,-61500000.0,5600000.0,5600000.0,139900000.0,190200000.0,1.008,1.51,836300000.0,10700000.0,825600000.0,836300000.0,0.0,56700000.0,0.0,0.003,0.32,276900000.0,333600000.0,0.544,333600000.0,276900000.0,217300000.0,3.47,3.32,3.47,931200000.0,869050000.0,931200000.0,6218987213.0,22.0,18.642,80100000.0,1.467,1.0,473600000.0,0.772,29400000.0,59600000.0,2929800000.0,2876175000.0,47000000.0,327900000.0,0.0,327900000.0,1405800000.0,208500000.0,1197300000.0,5389887213.0,700000.0,-700000.0,17900000.0,-80300000.0,-17800000.0,-79400000.0,-61500000.0,0.0,141600000.0,0.0,190200000.0,190200000.0,190200000.0,-152200000.0,0.0,0.31,355400000.0,118200000.0,64100000.0,0.092,5.788,28.338,28.352,1229300000.0,0.0,98.38,8.785,8.757,131800000.0,849100000.0,613500000.0,613500000.0,0.0,0.076,0.219,0.096,0.451,12200000.0,190700000.0,1.0,54786412.0,54610000,56530000.0,11.234,2307600000.0,0.0,27100000.0,285200000.0,42.256,1700000.0
92,KSU,MRT,1998-09-30,1998-09-30,1998-09-30,2021-10-19,66700000.0,2584200000.0,2515375000.0,430100000.0,2154100000.0,0.496,16.291,-89300000.0,27900000.0,27900000.0,0.0,43900000.0,1.425,1.897,857000000.0,10700000.0,846300000.0,857000000.0,0.0,72400000.0,0.0,0.005,0.32,219600000.0,292000000.0,0.234,292000000.0,219600000.0,151800000.0,0.78,0.72,0.78,891900000.0,803775000.0,891900000.0,4695425725.0,21.0,16.08,184500000.0,3.37,1.0,1246800000.0,1.0,180200000.0,67800000.0,2931200000.0,2807100000.0,44000000.0,721100000.0,0.0,721100000.0,1692300000.0,301900000.0,1390400000.0,3832525725.0,14400000.0,-303500000.0,28100000.0,-86300000.0,-17600000.0,-119400000.0,-140000000.0,260200000.0,273800000.0,0.0,43900000.0,43900000.0,43900000.0,0.0,0.0,0.035,1023300000.0,223500000.0,106400000.0,0.41,4.297,87.301,89.744,1252800000.0,0.0,70.0,3.074,3.074,199200000.0,818000000.0,1246800000.0,1246800000.0,0.0,0.017,0.055,0.078,0.176,0.0,0.0,1.0,54750368.0,54746500,56655500.0,22.774,2404000000.0,0.0,107900000.0,387700000.0,43.911,128200000.0
93,KSU,MRT,1998-06-30,1998-06-30,1998-06-30,2021-10-19,93700000.0,2567200000.0,2502050000.0,392400000.0,2174800000.0,0.474,15.831,-81400000.0,8800000.0,8800000.0,0.0,30500000.0,0.989,1.969,871700000.0,113700000.0,758000000.0,871700000.0,0.0,73000000.0,0.0,0.003,0.32,195600000.0,268600000.0,0.226,268600000.0,195600000.0,125600000.0,0.56,0.5,0.56,864800000.0,780950000.0,864800000.0,6289025783.0,32.0,23.414,174000000.0,3.185,1.0,1186200000.0,1.0,184100000.0,70000000.0,2849300000.0,2777725000.0,39300000.0,753300000.0,0.0,753300000.0,1702400000.0,396700000.0,1305700000.0,5418525783.0,20600000.0,-303500000.0,30500000.0,-69500000.0,-17600000.0,-101600000.0,-133200000.0,251900000.0,255400000.0,0.0,30500000.0,30500000.0,30500000.0,0.0,0.0,0.026,983600000.0,202600000.0,104400000.0,0.571,6.266,177.657,177.214,1237400000.0,0.0,99.24,4.568,4.57,200200000.0,956500000.0,1186200000.0,1186200000.0,0.0,0.012,0.039,0.07,0.165,0.0,0.0,1.0,54600220.0,54626500,56651500.0,21.715,2383100000.0,0.0,95100000.0,391900000.0,43.625,-4300000.0
94,KSU,MRT,1998-03-31,1998-03-31,1998-03-31,2021-10-19,80700000.0,2475900000.0,2471975000.0,375400000.0,2100500000.0,0.452,14.521,-74100000.0,19700000.0,19700000.0,0.0,3600000.0,0.924,2.141,890200000.0,110700000.0,779500000.0,890200000.0,0.0,73500000.0,0.0,0.003,0.307,149500000.0,223000000.0,0.2,223000000.0,149500000.0,82100000.0,0.06,0.06,0.06,788300000.0,751050000.0,788300000.0,5671532484.0,38.0,25.433,152300000.0,2.805,1.0,1116200000.0,1.0,145900000.0,67400000.0,2794400000.0,2778775000.0,38300000.0,727300000.0,0.0,727300000.0,1687600000.0,406100000.0,1281500000.0,4788432484.0,35000000.0,-303500000.0,27300000.0,-74200000.0,-16800000.0,-81900000.0,-109500000.0,265700000.0,226400000.0,0.0,3600000.0,3600000.0,3600000.0,0.0,0.0,0.003,950600000.0,165600000.0,100400000.0,5.117,6.074,1330.12,1466.667,1227300000.0,0.0,88.0,4.29,4.28,194100000.0,899400000.0,1116200000.0,1116200000.0,0.0,0.001,0.005,0.054,0.134,0.0,0.0,1.0,54414006.0,54286500,56176500.0,20.561,2330000000.0,0.0,78500000.0,358700000.0,42.92,-30700000.0
95,KSU,MRT,1997-12-31,1997-12-31,1997-12-31,2021-10-19,50800000.0,2434200000.0,2436050000.0,373100000.0,2061100000.0,0.434,12.455,-75200000.0,109400000.0,109400000.0,0.0,-14100000.0,0.853,2.591,916600000.0,110700000.0,805900000.0,916600000.0,0.0,75200000.0,0.0,0.005,0.293,118000000.0,193200000.0,0.183,193200000.0,118000000.0,54300000.0,-0.26,-0.26,-0.26,670100000.0,728600000.0,670100000.0,4315269029.0,37.0,22.336,171500000.0,3.188,1.0,1058300000.0,1.0,150400000.0,63700000.0,2653500000.0,2770850000.0,38400000.0,707900000.0,24400000.0,683500000.0,1735900000.0,437500000.0,1298400000.0,3417169029.0,40500000.0,-303500000.0,-23600000.0,229400000.0,-15200000.0,173200000.0,-379400000.0,-4700000.0,246700000.0,0.0,-14100000.0,-14100000.0,-14100000.0,0.0,0.0,-0.013,927500000.0,130800000.0,109000000.0,-1.127,5.099,-242.352,-244.231,1227200000.0,0.0,63.5,3.229,3.228,177000000.0,839300000.0,1058300000.0,1058300000.0,0.0,-0.006,-0.019,0.043,0.111,0.0,0.0,1.0,53813686.0,53801000,53801000.0,19.671,2283800000.0,0.0,68400000.0,332200000.0,42.449,-64400000.0
96,KSU,MRT,1997-09-30,1997-09-30,1997-09-30,2021-10-19,47800000.0,2530900000.0,2348525000.0,343600000.0,2187300000.0,0.419,14.922,98400000.0,43400000.0,43400000.0,0.0,134600000.0,0.911,2.161,941500000.0,107200000.0,834300000.0,941500000.0,0.0,74400000.0,0.0,0.004,0.28,288600000.0,363000000.0,0.369,363000000.0,288600000.0,225600000.0,2.5,2.44,2.5,800600000.0,735300000.0,800600000.0,4607486501.0,16.0,12.693,302200000.0,5.633,1.0,984900000.0,1.0,238300000.0,63000000.0,2813700000.0,2663525000.0,36900000.0,679700000.0,0.0,679700000.0,1730300000.0,377000000.0,1353300000.0,3690786501.0,20900000.0,-41900000.0,-56600000.0,60600000.0,-15400000.0,-14800000.0,-168100000.0,-232600000.0,203800000.0,0.0,134600000.0,134800000.0,134800000.0,0.0,0.0,0.137,651800000.0,333100000.0,99700000.0,0.112,4.61,27.38,27.552,1269300000.0,-200000.0,68.88,3.747,3.752,173700000.0,944600000.0,984900000.0,984900000.0,0.0,0.057,0.183,0.108,0.293,0.0,0.0,1.0,53582847.0,53652500,55401000.0,18.357,2292600000.0,0.0,91000000.0,359900000.0,42.731,-33400000.0
97,KSU,MRT,1997-06-30,1997-06-30,1997-06-30,2021-10-19,34000000.0,2446900000.0,,287900000.0,2159000000.0,,13.917,84900000.0,18100000.0,18100000.0,0.0,168900000.0,1.071,2.284,934800000.0,7500000.0,927300000.0,934800000.0,0.0,74800000.0,0.0,0.006,0.267,316800000.0,391600000.0,0.421,391600000.0,316800000.0,257000000.0,3.06,3.02,3.06,745200000.0,,745200000.0,3214492487.0,10.0,8.209,282400000.0,5.274,1.0,929500000.0,1.0,241400000.0,59800000.0,2853500000.0,,39900000.0,655500000.0,0.0,655500000.0,1701700000.0,268700000.0,1433000000.0,2301992487.0,7400000.0,-41900000.0,-93000000.0,80800000.0,-14900000.0,-22800000.0,-167300000.0,-217000000.0,197500000.0,0.0,168900000.0,169000000.0,169000000.0,0.0,0.0,0.182,620700000.0,308800000.0,91500000.0,0.087,3.089,13.621,14.052,1262100000.0,-100000.0,43.0,2.477,2.477,163000000.0,903700000.0,929500000.0,929500000.0,0.0,,,,0.341,0.0,0.0,1.0,53534709.0,53547500,54759000.0,17.358,2205500000.0,0.0,88100000.0,352000000.0,41.188,19200000.0
98,KSU,MRT,1997-03-31,1997-03-31,1997-03-31,2021-10-19,16000000.0,2332200000.0,,256700000.0,2075500000.0,,12.934,72200000.0,11100000.0,11100000.0,0.0,159500000.0,1.067,2.339,923600000.0,7300000.0,916300000.0,923600000.0,0.0,75600000.0,0.0,0.008,0.267,299400000.0,375000000.0,0.424,375000000.0,299400000.0,239000000.0,2.86,2.82,2.86,698500000.0,,698500000.0,2423806800.0,8.0,6.463,248000000.0,4.592,1.0,883800000.0,1.0,241400000.0,60400000.0,2762700000.0,,38800000.0,614400000.0,0.0,614400000.0,1633700000.0,240600000.0,1393100000.0,1801606800.0,4800000.0,-41900000.0,-134900000.0,184000000.0,-15100000.0,35900000.0,-206900000.0,-243800000.0,175800000.0,0.0,159500000.0,159500000.0,159500000.0,0.0,0.0,0.18,596700000.0,287100000.0,80400000.0,0.093,2.579,11.295,11.655,1219700000.0,0.0,33.333,2.038,2.037,149700000.0,875000000.0,883800000.0,883800000.0,0.0,,,,0.339,0.0,0.0,1.0,54048204.0,54006000,55108500.0,16.365,2090800000.0,0.0,79500000.0,335900000.0,38.714,16100000.0
99,KSU,MRT,1996-12-31,1996-12-31,1996-12-31,2021-10-19,24900000.0,2084100000.0,2061850000.0,292100000.0,1792000000.0,0.411,12.316,43000000.0,22900000.0,22900000.0,0.0,150900000.0,1.194,1.964,645100000.0,7600000.0,637500000.0,645100000.0,0.0,76100000.0,0.0,0.009,0.267,281100000.0,357200000.0,0.422,357200000.0,281100000.0,221500000.0,2.66,2.62,2.66,696900000.0,689300000.0,696900000.0,,,,164000000.0,2.898,1.0,847300000.0,1.0,237500000.0,59600000.0,2224200000.0,2175700000.0,39300000.0,403000000.0,67800000.0,335200000.0,1368400000.0,244600000.0,1123800000.0,1621446120.0,-8900000.0,-41900000.0,-136700000.0,600000.0,-14800000.0,-150800000.0,20900000.0,16500000.0,121000000.0,0.0,150900000.0,150900000.0,150900000.0,0.0,0.0,0.178,575300000.0,272000000.0,102600000.0,0.1,2.327,10.745,11.278,1219300000.0,0.0,30.0,1.914,2.003,138100000.0,883300000.0,847300000.0,847300000.0,0.0,0.073,0.219,0.129,0.332,0.0,0.0,1.0,54048204.0,56584500,57640500.0,14.974,1846600000.0,0.0,70600000.0,337700000.0,32.634,47500000.0
100,KSU,MRT,1996-09-30,1996-09-30,1996-09-30,2021-10-19,,,,,,,,,,,,,,,,,,,,,,0.009,0.25,,,,,,,,,,,,,,,,,,1.0,,,,,,,,,,,,,,,,,,,,,,,,,,,,,,,,,,,,,,,,28.5,,,,,,,,,,,,,,1.0,,57006000,,,,,,,,
101,KSU,MRT,1996-06-30,1996-06-30,1996-06-30,2021-10-19,,,,,,,,,,,,,,,,,,,,,,0.008,0.233,,,,,,,,,,,,,,,,,,1.0,,,,,,,,,,,,,,,,,,,,,,,,,,,,,,,,,,,,,,,,28.587,,,,,,,,,,,,,,1.0,,58918500,,,,,,,,
102,KSU,MRT,1996-03-31,1996-03-31,1996-03-31,2021-10-19,,,,,,,,,,,,,,,,,,,,,,0.007,0.217,,,,,,,,,,,,,,,,,,1.0,,,,,,,,,,,,,,,,,,,,,,,,,,,,,,,,,,,,,,,,31.0,,,,,,,,,,,,,,1.0,,60015000,,,,,,,,
103,KSU,MRT,1995-12-31,1995-12-31,1995-12-31,2021-10-19,6400000.0,2039600000.0,2135200000.0,281200000.0,1758400000.0,0.363,10.721,-111200000.0,31800000.0,31800000.0,0.0,236700000.0,0.878,1.972,644200000.0,10400000.0,633800000.0,644200000.0,0.0,75000000.0,0.0,0.007,0.2,495100000.0,570100000.0,0.735,570100000.0,495100000.0,429600000.0,3.72,3.6,3.72,681700000.0,669200000.0,681700000.0,,,,240700000.0,3.786,1.0,775200000.0,1.0,204400000.0,65500000.0,2127200000.0,2385050000.0,39800000.0,272100000.0,0.0,272100000.0,1344400000.0,320400000.0,1024000000.0,,19100000.0,181700000.0,-119900000.0,-273100000.0,-9900000.0,-402100000.0,69300000.0,-800000.0,351900000.0,0.0,236700000.0,236500000.0,236500000.0,0.0,0.0,0.305,591400000.0,183800000.0,96900000.0,0.054,,,8.199,1281900000.0,200000.0,30.5,,2.502,135600000.0,753800000.0,775200000.0,775200000.0,0.0,0.111,0.353,0.208,0.639,0.0,0.0,1.0,,63583500,65605500.0,12.192,1835200000.0,0.0,192900000.0,303600000.0,28.863,-39200000.0
104,KSU,MRT,1994-12-31,1994-12-31,1994-12-31,2021-10-19,-1800000.0,2230800000.0,,380100000.0,1850700000.0,,9.716,-268500000.0,12700000.0,12700000.0,0.0,104900000.0,1.119,2.381,985200000.0,56400000.0,928800000.0,985200000.0,0.0,119100000.0,0.0,0.008,0.158,222000000.0,341100000.0,0.313,341100000.0,222000000.0,168400000.0,1.547,1.547,1.547,656700000.0,,656700000.0,,,,-31100000.0,-0.46,1.0,1088400000.0,1.0,220800000.0,53600000.0,2642900000.0,,46600000.0,214600000.0,0.0,214600000.0,1563600000.0,339600000.0,1224000000.0,,6100000.0,-67200000.0,-5400000.0,134300000.0,-13300000.0,104400000.0,-335700000.0,5400000.0,237400000.0,0.0,104900000.0,104900000.0,104900000.0,0.0,0.0,0.096,901200000.0,187200000.0,140800000.0,0.102,,,13.307,1415300000.0,0.0,20.587,,1.278,232300000.0,530100000.0,1088400000.0,1088400000.0,0.0,,,,0.204,0.0,0.0,1.0,,67591500,67591500.0,16.103,2010000000.0,0.0,63500000.0,204200000.0,29.737,40500000.0
