None,ticker,dimension,calendardate,datekey,reportperiod,lastupdated,accoci,assets,assetsavg,assetsc,assetsnc,assetturnover,bvps,capex,cashneq,cashnequsd,cor,consolinc,currentratio,de,debt,debtc,debtnc,debtusd,deferredrev,depamor,deposits,divyield,dps,ebit,ebitda,ebitdamargin,ebitdausd,ebitusd,ebt,eps,epsdil,epsusd,equity,equityavg,equityusd,ev,evebit,evebitda,fcf,fcfps,fxusd,gp,grossmargin,intangibles,intexp,invcap,invcapavg,inventory,investments,investmentsc,investmentsnc,liabilities,liabilitiesc,liabilitiesnc,marketcap,ncf,ncfbus,ncfcommon,ncfdebt,ncfdiv,ncff,ncfi,ncfinv,ncfo,ncfx,netinc,netinccmn,netinccmnusd,netincdis,netincnci,netmargin,opex,opinc,payables,payoutratio,pb,pe,pe1,ppnenet,prefdivis,price,ps,ps1,receivables,retearn,revenue,revenueusd,rnd,roa,roe,roic,ros,sbcomp,sgna,sharefactor,sharesbas,shareswa,shareswadil,sps,tangibles,taxassets,taxexp,taxliabilities,tbvps,workingcapital
0,GGP,MRY,2017-12-31,2017-12-31,2017-12-31,2021-08-25,-71906000.0,23349954000.0,22855217500.0,,,0.102,9.298,-893516000.0,164604000.0,164604000.0,718401000.0,666873000.0,,1.615,13060052000.0,,,13060052000.0,0.0,693327000.0,0.0,0.038,0.88,1188383000.0,1881710000.0,0.808,1881710000.0,1188383000.0,646438000.0,0.72,0.68,0.72,8795660000.0,8506299000.0,8795660000.0,35542976586.0,30.0,18.889,401096000.0,0.424,1.0,1609461000.0,0.691,0.0,541945000.0,36245402000.0,35700080750.0,0.0,3794670000.0,,,14201420000.0,,,22126401586.0,-299766000.0,38220000.0,278231000.0,15345000.0,-1038390000.0,-738263000.0,-855296000.0,0.0,1294612000.0,-819000.0,657334000.0,641398000.0,641398000.0,0.0,9539000.0,0.276,771204000.0,838257000.0,919432000.0,1.222,2.516,34.497,32.486,18256231000.0,31872000.0,23.39,9.505,9.505,334081000.0,-2107498000.0,2327862000.0,2327862000.0,0.0,0.028,0.075,0.033,0.511,0.0,67176000.0,1.0,945976981.0,945976981.0,,2.461,23349954000.0,0.0,-10896000.0,2428000.0,24.683,
1,GGP,MRY,2016-12-31,2016-12-31,2016-12-31,2021-08-25,-70456000.0,22732746000.0,23151433250.0,,,0.101,9.749,-1125292000.0,474757000.0,474757000.0,705855000.0,1308273000.0,,1.594,12676124000.0,,,12676124000.0,0.0,660746000.0,0.0,0.032,0.8,1860468000.0,2521214000.0,1.074,2521214000.0,1860468000.0,1289268000.0,1.44,1.34,1.44,8635764000.0,8508775750.0,8635764000.0,34175457278.0,18.0,13.555,10859000.0,0.012,1.0,1640591000.0,0.699,0.0,571200000.0,34934113000.0,36127597500.0,0.0,4547489000.0,,,13769290000.0,,,22126499278.0,93448000.0,1599633000.0,-33132000.0,-834737000.0,-686257000.0,-1564114000.0,521411000.0,46408000.0,1136151000.0,0.0,1288367000.0,1272432000.0,1272432000.0,0.0,19906000.0,0.542,840338000.0,800253000.0,655362000.0,0.556,2.562,17.389,17.347,16671931000.0,31870000.0,24.98,9.43,9.43,322196000.0,-1824866000.0,2346446000.0,2346446000.0,0.0,0.055,0.15,0.051,0.793,0.0,68900000.0,1.0,885768586.0,885768586.0,,2.649,22732746000.0,0.0,901000.0,3843000.0,25.664,
2,GGP,MRY,2015-12-31,2015-12-31,2015-12-31,2021-08-25,-72804000.0,24073555000.0,23716812000.0,,,0.101,9.371,-1078891000.0,356895000.0,356895000.0,747276000.0,1393596000.0,,1.872,14460848000.0,,,14460848000.0,0.0,643689000.0,0.0,0.026,0.71,1943902000.0,2587591000.0,1.076,2587591000.0,1943902000.0,1336227000.0,1.54,1.43,1.54,8270043000.0,8244380750.0,8270043000.0,38111373862.0,20.0,14.729,-10305000.0,-0.012,1.0,1656630000.0,0.689,0.0,607675000.0,38177508000.0,37681475000.0,0.0,4147485000.0,,,15477634000.0,,,24012683862.0,-23077000.0,798703000.0,-108912000.0,5816000.0,-611504000.0,-778175000.0,-313488000.0,-33300000.0,1068586000.0,0.0,1374561000.0,1358624000.0,1358624000.0,0.0,19035000.0,0.565,732737000.0,923893000.0,784493000.0,0.461,2.904,17.674,17.669,17832919000.0,31874000.0,27.21,9.989,9.989,336572000.0,-2141549000.0,2403906000.0,2403906000.0,0.0,0.057,0.165,0.052,0.809,0.0,72363000.0,1.0,882494813.0,882494813.0,,2.724,24073555000.0,0.0,-38334000.0,1289000.0,27.279,
3,GGP,MRY,2014-12-31,2014-12-31,2014-12-31,2021-08-25,-51753000.0,25281632000.0,25356653750.0,,,0.1,8.603,-1162186000.0,372471000.0,372471000.0,783602000.0,679894000.0,,2.274,16185985000.0,,,16185985000.0,0.0,718064000.0,0.0,0.022,0.63,1372388000.0,2090452000.0,0.824,2090452000.0,1372388000.0,673103000.0,0.74,0.69,0.74,7605919000.0,7553046500.0,7605919000.0,40713671515.0,30.0,19.476,-212462000.0,-0.24,1.0,1751957000.0,0.691,0.0,699285000.0,41095146000.0,41199428250.0,0.0,2604762000.0,,,17296816000.0,,,24869940515.0,-204800000.0,617917000.0,-555295000.0,641375000.0,-534869000.0,-476599000.0,-677925000.0,-137070000.0,949724000.0,0.0,665850000.0,649914000.0,649914000.0,-281883000.0,14044000.0,0.256,810444000.0,941513000.0,934897000.0,0.851,3.27,38.267,38.014,20696465000.0,31872000.0,28.13,9.808,9.808,663768000.0,-2822740000.0,2535559000.0,2535559000.0,0.0,0.026,0.086,0.033,0.541,0.0,88705000.0,1.0,884107377.0,884107377.0,,2.868,25281632000.0,0.0,7253000.0,21240000.0,28.596,
4,GGP,MRY,2013-12-31,2013-12-31,2013-12-31,2021-08-25,-38173000.0,25762303000.0,26147810000.0,,,0.095,8.893,-950311000.0,577271000.0,577271000.0,815095000.0,317199000.0,,2.141,15896042000.0,,,15896042000.0,0.0,773255000.0,0.0,0.025,0.51,1026025000.0,1799280000.0,0.724,1799280000.0,1026025000.0,302873000.0,0.31,0.31,0.31,8103121000.0,8411232000.0,8103121000.0,33470542444.0,33.0,18.602,-60780000.0,-0.067,1.0,1670922000.0,0.672,0.0,723152000.0,41081074000.0,41491739500.0,0.0,2407698000.0,,,17348138000.0,,,18287389444.0,-47544000.0,1140501000.0,-566249000.0,345594000.0,-484089000.0,-1103935000.0,166860000.0,-32161000.0,889531000.0,0.0,302528000.0,288450000.0,288450000.0,11622000.0,14671000.0,0.116,830506000.0,840416000.0,970995000.0,1.645,2.257,63.399,64.742,21113414000.0,28156000.0,20.07,7.356,7.356,478899000.0,-2915723000.0,2486017000.0,2486017000.0,0.0,0.011,0.034,0.025,0.413,0.0,76864000.0,1.0,911180341.0,911180341.0,,2.728,25762303000.0,0.0,345000.0,346625000.0,28.274,
5,GGP,MRY,2012-12-31,2012-12-31,2012-12-31,2021-08-25,-87354000.0,27282405000.0,27519687000.0,,,0.088,8.118,-702346000.0,624815000.0,624815000.0,800336000.0,-471533000.0,,2.533,16173066000.0,,,16173066000.0,0.0,813953000.0,0.0,0.021,0.42,309079000.0,1123032000.0,0.463,1123032000.0,309079000.0,-472142000.0,-0.52,-0.52,-0.52,7621698000.0,7887807000.0,7621698000.0,34279066775.0,111.0,30.524,104757000.0,0.112,1.0,1625965000.0,0.67,0.0,781221000.0,42830656000.0,43223795250.0,0.0,2865871000.0,,,19309166000.0,,,18636797775.0,51943000.0,504349000.0,48523000.0,-174131000.0,-388151000.0,-533708000.0,-221452000.0,0.0,807103000.0,0.0,-481233000.0,-481233000.0,-481233000.0,44548000.0,9700000.0,-0.198,844662000.0,781303000.0,1212231000.0,-0.808,2.445,-38.727,-38.173,22021557000.0,0.0,19.85,7.681,7.681,260860000.0,-2732787000.0,2426301000.0,2426301000.0,0.0,-0.017,-0.061,0.007,0.127,0.0,72163000.0,1.0,938881500.0,938881500.0,,2.584,27282405000.0,0.0,9091000.0,331924000.0,29.058,
6,GGP,MRY,2011-12-31,2011-12-31,2011-12-31,2021-08-25,-47773000.0,29518151000.0,30499575000.0,,,0.079,9.07,-253276000.0,572872000.0,572872000.0,854582000.0,-306804000.0,,2.442,17349214000.0,,,17349214000.0,0.0,985686000.0,0.0,0.027,0.4,558995000.0,1544681000.0,0.644,1544681000.0,558995000.0,-304449000.0,-0.33,-0.37,-0.33,8483329000.0,9282200000.0,8483329000.0,30997975022.0,55.0,20.068,249526000.0,0.267,1.0,1542378000.0,0.643,0.0,863444000.0,46294493000.0,47458523250.0,0.0,3052973000.0,,,20715011000.0,,,14048861022.0,-448439000.0,741967000.0,-438147000.0,-651692000.0,-326601000.0,-1436664000.0,485423000.0,0.0,502802000.0,0.0,-313172000.0,-313172000.0,-313172000.0,112913000.0,6368000.0,-0.131,923992000.0,618386000.0,1445738000.0,-1.212,1.656,-44.86,-45.515,23623316000.0,0.0,15.02,5.861,5.861,218749000.0,-1883569000.0,2396960000.0,2396960000.0,0.0,-0.01,-0.034,0.012,0.233,0.0,63668000.0,1.0,935343610.0,935343610.0,,2.563,29518151000.0,0.0,8723000.0,332970000.0,31.559,
7,GGP,MRY,2009-12-31,2009-12-31,2009-12-31,2021-08-25,-249000.0,28149774000.0,28803900000.0,,,0.109,2.622,-246428000.0,654396000.0,654396000.0,924910000.0,-1304827000.0,,32.924,25106314000.0,,,25106314000.0,0.0,755161000.0,0.0,0.013,0.147,11984000.0,767145000.0,0.245,767145000.0,11984000.0,-1299299000.0,-4.11,-4.11,-4.11,822963000.0,1445792000.0,822963000.0,28481352503.0,2377.0,37.126,624838000.0,1.991,1.0,2210904000.0,0.705,199664000.0,1311283000.0,52402028000.0,53263943250.0,0.0,3732488000.0,,,27095602000.0,,,3627905503.0,485403000.0,-89663000.0,43000.0,20441000.0,-1327000.0,-51309000.0,-334554000.0,0.0,871266000.0,0.0,-1284689000.0,-1284689000.0,-1284689000.0,966000.0,-20138000.0,-0.41,2226048000.0,-15144000.0,1122888000.0,-0.036,4.408,-2.824,-2.813,22102630000.0,0.0,11.56,1.157,1.157,404041000.0,-2832627000.0,3135814000.0,3135814000.0,0.0,-0.045,-0.889,0.0,0.004,0.0,130312000.0,1.0,313832656.0,313832656.0,,9.992,27950110000.0,0.0,-14610000.0,866400000.0,89.061,
8,GGP,MRY,2008-12-31,2008-12-31,2008-12-31,2021-08-25,-56128000.0,29557330000.0,29561123000.0,,,0.114,6.843,-1114593000.0,168993000.0,168993000.0,959300000.0,18672000.0,,14.812,24788871000.0,,,24788871000.0,0.0,759930000.0,0.0,0.898,1.158,1353453000.0,2113383000.0,0.629,2113383000.0,1353453000.0,28180000.0,0.02,0.02,0.02,1836141000.0,1906620250.0,1836141000.0,25014086718.0,18.0,11.836,-558152000.0,-2.08,1.0,2402225000.0,0.715,340291000.0,1325273000.0,53836917000.0,53655485000.0,0.0,3693291000.0,,,27196998000.0,,,346125718.0,69459000.0,-102260000.0,829291000.0,418677000.0,-467783000.0,722008000.0,-1208990000.0,0.0,556441000.0,0.0,4719000.0,4719000.0,4719000.0,-55044000.0,13953000.0,0.001,1173654000.0,1228571000.0,1539149000.0,57.9,0.189,73.347,64.5,23800065000.0,0.0,1.29,0.103,0.103,385334000.0,-1488586000.0,3361525000.0,3361525000.0,0.0,0.0,0.002,0.025,0.403,0.0,101398000.0,1.0,268314510.0,268314510.0,,12.528,29217039000.0,0.0,23461000.0,868978000.0,108.891,
9,GGP,MRY,2007-12-31,2007-12-31,2007-12-31,2021-08-25,35658000.0,28814319000.0,27039201750.0,,,0.121,5.975,-1492082000.0,99534000.0,99534000.0,980097000.0,347597000.0,,18.456,24336103000.0,,,24336103000.0,0.0,670454000.0,0.0,0.035,1.427,1170948000.0,1841402000.0,0.565,1841402000.0,1170948000.0,-20518000.0,1.12,1.12,1.12,1456696000.0,1601442000.0,1456696000.0,34129885306.0,29.0,18.535,-784666000.0,-3.218,1.0,2281704000.0,0.7,385683000.0,1191466000.0,52665205000.0,49259551000.0,0.0,3496702000.0,,,26884779000.0,,,10040169306.0,2395000.0,-300065000.0,-35023000.0,1763956000.0,-547832000.0,1075911000.0,-1780932000.0,0.0,707416000.0,0.0,273642000.0,273642000.0,273642000.0,0.0,73955000.0,0.084,1203843000.0,1077861000.0,1688241000.0,1.274,6.892,36.691,36.768,23347185000.0,0.0,41.18,3.078,3.078,388278000.0,-1087080000.0,3261801000.0,3261801000.0,0.0,0.01,0.171,0.024,0.359,0.0,91669000.0,1.0,243811785.0,243811785.0,,13.378,28428636000.0,0.0,-294160000.0,860435000.0,116.601,
10,GGP,MRY,2006-12-31,2006-12-31,2006-12-31,2021-08-25,9582000.0,25241445000.0,25174976250.0,,,0.129,6.89,-676286000.0,97139000.0,97139000.0,1084741000.0,59273000.0,,13.85,20694388000.0,,,20694388000.0,0.0,690194000.0,0.0,0.025,1.295,1275694000.0,1965888000.0,0.604,1965888000.0,1275694000.0,158257000.0,0.25,0.24,0.25,1664079000.0,1756359500.0,1664079000.0,32984335912.0,26.0,16.778,140065000.0,0.58,1.0,2171542000.0,0.667,371674000.0,1117437000.0,45467020000.0,45302919750.0,0.0,3154874000.0,,,23046785000.0,,,12614993912.0,-5652000.0,409943000.0,-36658000.0,-17195000.0,-492823000.0,-611603000.0,-210400000.0,0.0,816351000.0,0.0,59273000.0,59273000.0,59273000.0,823000.0,0.0,0.018,983090000.0,1188452000.0,1050192000.0,5.18,7.581,212.829,208.92,20238892000.0,0.0,52.23,3.874,3.874,338709000.0,-868391000.0,3256283000.0,3256283000.0,0.0,0.002,0.034,0.028,0.392,0.0,67426000.0,1.0,241527741.0,241527741.0,,13.482,24869771000.0,0.0,98984000.0,1302205000.0,102.969,
11,GGP,MRY,2005-12-31,2005-12-31,2005-12-31,2021-08-25,10454000.0,25307019000.0,25430754000.0,,,0.121,8.096,-354434000.0,102791000.0,102791000.0,1052585000.0,75553000.0,,11.763,20436846000.0,,,20436846000.0,0.0,678395000.0,0.0,0.024,1.15,1158083000.0,1836478000.0,0.598,1836478000.0,1158083000.0,126842000.0,0.32,0.32,0.32,1932918000.0,2013036750.0,1932918000.0,31715404479.0,27.0,17.27,487544000.0,2.042,1.0,2020119000.0,0.657,420624000.0,1031241000.0,45220450000.0,45721099250.0,0.0,3469160000.0,,,22737865000.0,,,11218981479.0,63210000.0,191497000.0,-53731000.0,115276000.0,-434550000.0,-624571000.0,-154197000.0,0.0,841978000.0,0.0,75553000.0,75553000.0,75553000.0,-11686000.0,0.0,0.025,961135000.0,1058984000.0,1014443000.0,3.594,5.804,148.492,146.844,19830775000.0,0.0,46.99,3.651,3.651,356733000.0,-518555000.0,3072704000.0,3072704000.0,0.0,0.003,0.038,0.025,0.377,0.0,79061000.0,1.0,238752532.0,238752532.0,,12.87,24886395000.0,0.0,51289000.0,1286576000.0,104.235,
12,GGP,MRY,2004-12-31,2004-12-31,2004-12-31,2021-08-25,-3685000.0,25718625000.0,14578989250.0,,,0.123,9.799,-8934840000.0,39581000.0,39581000.0,502390000.0,267852000.0,,10.555,20310947000.0,,,20310947000.0,0.0,348303000.0,0.0,0.027,0.971,742420000.0,1090723000.0,0.606,1090723000.0,742420000.0,270235000.0,1.22,1.21,1.22,2143150000.0,1771900500.0,2143150000.0,16502074083.0,22.0,15.129,-8215464000.0,-37.565,1.0,1297491000.0,0.721,356796000.0,472185000.0,45633195000.0,25485098750.0,0.0,3583554000.0,,,22621032000.0,,,7908216083.0,28904000.0,-86015000.0,531976000.0,8302807000.0,-345263000.0,8330343000.0,-9020815000.0,0.0,719376000.0,0.0,267852000.0,267852000.0,267852000.0,-14984000.0,0.0,0.149,556199000.0,741292000.0,895520000.0,0.796,3.69,29.525,29.639,20217291000.0,0.0,36.16,4.394,4.394,242425000.0,-227511000.0,1799881000.0,1799881000.0,0.0,0.018,0.151,0.029,0.412,0.0,57719000.0,1.0,218700666.0,218700666.0,,8.23,25361829000.0,0.0,2383000.0,1414565000.0,115.966,
13,GGP,MRY,2003-12-31,2003-12-31,2003-12-31,2021-08-25,-16275000.0,9582897000.0,8359552500.0,,,0.151,7.775,-1717380000.0,10677000.0,10677000.0,351392000.0,263411000.0,,4.737,6649490000.0,,,6649490000.0,0.0,205385000.0,0.0,0.035,0.961,542052000.0,747437000.0,0.592,747437000.0,542052000.0,263509000.0,1.25,1.22,1.25,1670409000.0,1425756000.0,1670409000.0,11878743970.0,22.0,15.893,-1131645000.0,-5.267,1.0,911399000.0,0.722,0.0,278543000.0,16221710000.0,13875511750.0,0.0,630613000.0,,,7912488000.0,,,5962144970.0,-42963000.0,-29848000.0,31308000.0,1425721000.0,-259801000.0,1124728000.0,-1753426000.0,0.0,585735000.0,0.0,263411000.0,250381000.0,250381000.0,0.0,0.0,0.198,362999000.0,548400000.0,359174000.0,0.769,3.569,23.812,22.2,8576113000.0,13030000.0,27.75,4.721,4.721,148485000.0,-220512000.0,1262791000.0,1262791000.0,0.0,0.03,0.176,0.039,0.429,0.0,44330000.0,1.0,214852071.0,214852071.0,,5.877,9582897000.0,0.0,98000.0,0.0,44.602,
14,GGP,MRY,2002-12-31,2002-12-31,2002-12-31,2021-08-25,-29125000.0,7280822000.0,6384953000.0,,,0.152,6.396,-1006368000.0,53640000.0,53640000.0,263128000.0,209258000.0,,5.085,4592311000.0,,,4592311000.0,0.0,172593000.0,0.0,0.053,0.926,428406000.0,600999000.0,0.617,600999000.0,428406000.0,209377000.0,0.99,0.98,0.99,1196525000.0,1180892500.0,1196525000.0,7651245156.0,18.0,12.731,-545873000.0,-2.918,1.0,710312000.0,0.73,0.0,219029000.0,11819493000.0,10260786500.0,0.0,766995000.0,,,6084297000.0,,,3242681156.0,-107115000.0,-114031000.0,12867000.0,573895000.0,-218276000.0,381801000.0,-949411000.0,154627000.0,460495000.0,0.0,209258000.0,184791000.0,184791000.0,0.0,0.0,0.19,282714000.0,427598000.0,304416000.0,0.935,2.71,17.548,17.508,6159565000.0,24467000.0,17.333,3.331,3.331,126587000.0,-315844000.0,973440000.0,973440000.0,0.0,0.029,0.156,0.042,0.44,0.0,37401000.0,1.0,187077759.0,187077759.0,,5.203,7280822000.0,0.0,119000.0,0.0,38.919,
15,GGP,MRY,2001-12-31,2001-12-31,2001-12-31,2021-08-25,2220000.0,5646807000.0,5469289000.0,,,0.146,7.483,-385273000.0,160755000.0,160755000.0,202985000.0,92310000.0,,3.772,3398207000.0,,,3398207000.0,0.0,144863000.0,0.0,0.045,0.576,317367000.0,462230000.0,0.578,462230000.0,317367000.0,92310000.0,0.43,0.43,0.43,1183386000.0,968376000.0,1183386000.0,5597206912.0,18.0,12.109,-178148000.0,-1.126,1.0,596380000.0,0.746,0.0,225057000.0,8884259000.0,8849923000.0,0.0,772964000.0,,,4463421000.0,,,2045353912.0,133526000.0,173010000.0,348346000.0,154081000.0,-161439000.0,293767000.0,-367366000.0,-155103000.0,207125000.0,0.0,92310000.0,67843000.0,67843000.0,-1362000.0,0.0,0.085,301603000.0,294777000.0,167194000.0,1.34,1.728,30.148,30.078,4464562000.0,24467000.0,12.933,2.559,2.559,93043000.0,-328349000.0,799365000.0,799365000.0,0.0,0.012,0.07,0.036,0.397,0.0,33496000.0,1.0,158145921.0,158145921.0,,5.055,5646807000.0,0.0,0.0,0.0,35.706,
16,GGP,MRY,2000-12-31,2000-12-31,2000-12-31,2021-08-25,0.0,5284104000.0,5137453250.0,,,0.136,5.995,-286734000.0,27229000.0,27229000.0,217858000.0,137948000.0,,4.631,3244126000.0,,,3244126000.0,0.0,126689000.0,0.0,0.043,0.524,363049000.0,489738000.0,0.701,489738000.0,363049000.0,137948000.0,0.727,0.727,0.727,938418000.0,924770500.0,938418000.0,5037408110.0,14.0,10.286,369000.0,0.002,1.0,480909000.0,0.688,0.0,225101000.0,8501001000.0,8286950750.0,0.0,828805000.0,,,4345686000.0,,,1888178110.0,1636000.0,-70180000.0,4674000.0,78000000.0,-146436000.0,71447000.0,-356914000.0,0.0,287103000.0,0.0,137948000.0,113481000.0,113481000.0,0.0,0.0,0.162,128039000.0,352870000.0,233902000.0,0.721,2.012,16.639,16.593,4188610000.0,24467000.0,12.063,2.702,2.702,96157000.0,-9449000.0,698767000.0,698767000.0,0.0,0.022,0.123,0.044,0.52,0.0,6351000.0,1.0,156522087.0,156522087.0,,4.464,5284104000.0,0.0,0.0,0.0,33.759,
17,GGP,MRY,1999-12-31,1999-12-31,1999-12-31,2021-08-25,-1714000.0,4954895000.0,4652748000.0,,,0.132,5.982,-1248371000.0,25593000.0,25593000.0,189194000.0,101125000.0,,4.341,3119534000.0,,,3119534000.0,0.0,112874000.0,0.0,0.053,0.499,291711000.0,404585000.0,0.661,404585000.0,291711000.0,101125000.0,0.557,0.553,0.557,927758000.0,775400250.0,927758000.0,4819805900.0,17.0,11.913,-1042666000.0,-6.723,1.0,423148000.0,0.691,0.0,190586000.0,8048836000.0,7651434000.0,0.0,762446000.0,,,4027137000.0,,,1447527900.0,5963000.0,-48690000.0,331056000.0,868359000.0,-82439000.0,1038526000.0,-1238268000.0,-31065000.0,205705000.0,0.0,101125000.0,76658000.0,76658000.0,0.0,0.0,0.125,125166000.0,297982000.0,213563000.0,0.896,1.56,18.883,16.756,3949878000.0,24467000.0,9.333,2.364,2.364,84123000.0,-272199000.0,612342000.0,612342000.0,0.0,0.016,0.099,0.038,0.476,0.0,5857000.0,1.0,155092275.0,155092275.0,,3.948,4954895000.0,0.0,0.0,0.0,31.948,
18,GGP,MRY,1998-12-31,1998-12-31,1998-12-31,2021-08-25,0.0,4027474000.0,3378022750.0,,,0.126,5.438,-1360071000.0,19630000.0,19630000.0,140534000.0,66445000.0,,5.876,2648776000.0,,,2648776000.0,0.0,75227000.0,0.0,0.029,0.362,192296000.0,267523000.0,0.627,267523000.0,192296000.0,66445000.0,0.487,0.487,0.487,585707000.0,526432500.0,585707000.0,3847200427.0,20.0,14.381,-1241767000.0,-11.529,1.0,286042000.0,0.671,0.0,125851000.0,6656620000.0,5520500750.0,0.0,471017000.0,,,3441767000.0,,,1359989427.0,-6268000.0,-126021000.0,-1136000.0,1179771000.0,-66639000.0,1388575000.0,-1513147000.0,0.0,118304000.0,0.0,66445000.0,53012000.0,53012000.0,0.0,0.0,0.124,86477000.0,199565000.0,156060000.0,0.743,2.322,25.654,25.927,3375007000.0,13433000.0,12.627,3.188,3.188,74585000.0,-258267000.0,426576000.0,426576000.0,0.0,0.016,0.101,0.035,0.451,0.0,4511000.0,1.0,107707716.0,107707716.0,,3.96,4027474000.0,0.0,0.0,0.0,37.393,
19,GGP,MRY,1997-12-31,1997-12-31,1997-12-31,2021-08-25,0.0,2097719000.0,1965092500.0,,,0.148,4.659,-200564000.0,25898000.0,25898000.0,99936000.0,89551000.0,,3.208,1275785000.0,,,1275785000.0,0.0,48508000.0,0.0,0.038,0.463,168326000.0,216834000.0,0.745,216834000.0,168326000.0,89551000.0,0.917,0.91,0.917,498505000.0,430483500.0,498505000.0,,,,-99415000.0,-0.929,1.0,191211000.0,0.657,0.0,78775000.0,3347606000.0,3186952500.0,0.0,355354000.0,,,1599214000.0,,,1288610990.0,9951000.0,20222000.0,160876000.0,20334000.0,-56989000.0,92337000.0,-183535000.0,0.0,101149000.0,0.0,89551000.0,89551000.0,89551000.0,0.0,0.0,0.308,58250000.0,132961000.0,60961000.0,0.505,2.585,14.39,13.133,1630190000.0,0.0,12.043,4.426,4.426,34849000.0,-239139000.0,291147000.0,291147000.0,0.0,0.046,0.208,0.053,0.578,0.0,3408000.0,1.0,106997868.0,106997868.0,,2.721,2097719000.0,0.0,0.0,0.0,19.605,
20,GGP,MRY,1996-12-31,1996-12-31,1996-12-31,2021-08-25,0.0,1757717000.0,1606849500.0,,,0.135,,-121138000.0,15947000.0,15947000.0,67798000.0,59742000.0,,4.322,1168522000.0,,,1168522000.0,0.0,39809000.0,0.0,0.041,0.443,130014000.0,169823000.0,0.781,169823000.0,130014000.0,59742000.0,0.707,0.707,0.707,330267000.0,279825000.0,330267000.0,,,,-53936000.0,,1.0,149607000.0,0.688,0.0,70272000.0,2910292000.0,2687954000.0,0.0,310853000.0,,,1427450000.0,,,,0.0,101399000.0,-62000.0,0.0,-47604000.0,-75527000.0,-29285000.0,0.0,67202000.0,0.0,59742000.0,59742000.0,59742000.0,0.0,0.0,0.275,47965000.0,101642000.0,66551000.0,0.627,,,15.205,1366324000.0,0.0,10.75,,,25384000.0,-268440000.0,217405000.0,217405000.0,0.0,0.037,0.213,0.048,0.598,0.0,3022000.0,1.0,,,,,1757717000.0,0.0,0.0,0.0,,
21,GGP,MRY,1995-12-31,1995-12-31,1995-12-31,2021-08-25,0.0,1455982000.0,,,,,,-379976000.0,18298000.0,18298000.0,58087000.0,43054000.0,,5.347,1027932000.0,,,1027932000.0,0.0,30855000.0,0.0,0.077,0.532,89906000.0,120761000.0,0.721,120761000.0,89906000.0,43054000.0,0.563,0.563,0.563,229383000.0,,229383000.0,,,,-319316000.0,,1.0,109309000.0,0.653,0.0,46852000.0,2465616000.0,,0.0,298729000.0,,,1226599000.0,,,,12681000.0,-82039000.0,87893000.0,399863000.0,-41037000.0,421225000.0,-469204000.0,0.0,60660000.0,0.0,43054000.0,43054000.0,43054000.0,0.0,0.0,0.257,36736000.0,72573000.0,63250000.0,0.945,,,12.285,1095617000.0,0.0,6.917,,,14831000.0,-279451000.0,167396000.0,167396000.0,0.0,,,,0.537,0.0,2811000.0,1.0,,,,,1455982000.0,0.0,0.0,0.0,,
22,GGP,MRY,1994-12-31,1994-12-31,1994-12-31,2021-08-25,,,,,,,,-37100000.0,,,53745000.0,14165000.0,,,,,,,,28191000.0,,0.052,0.396,57777000.0,85968000.0,0.563,85968000.0,57777000.0,14165000.0,0.207,,0.207,,,,,,,11836000.0,,1.0,98838000.0,0.648,,43612000.0,,,,,,,,,,,63000.0,-166921000.0,5425000.0,149536000.0,-35070000.0,96380000.0,-145253000.0,61832000.0,48936000.0,0.0,14165000.0,14165000.0,14165000.0,0.0,0.0,0.093,37563000.0,61275000.0,,1.913,,,36.441,,0.0,7.543,,,,,152583000.0,152583000.0,0.0,,,,0.379,0.0,2745000.0,1.0,,,,,,,0.0,,,
0,GGP,MRQ,2018-06-30,2018-06-30,2018-06-30,2021-08-25,-82229000.0,23132598000.0,,,,,8.902,-164776000.0,194675000.0,194675000.0,181927000.0,95564000.0,,1.673,13076235000.0,,,13076235000.0,0.0,173642000.0,0.0,0.043,0.22,234155000.0,407797000.0,0.699,407797000.0,234155000.0,93593000.0,0.09,0.09,0.09,8531396000.0,,8531396000.0,32558472151.0,29.0,17.849,107790000.0,0.112,1.0,401217000.0,0.688,0.0,140562000.0,36014158000.0,,0.0,3712261000.0,,,14275197000.0,,,19579948151.0,19136000.0,116244000.0,106000.0,17718000.0,-210844000.0,-201541000.0,-51889000.0,-3357000.0,272566000.0,0.0,93615000.0,89631000.0,89631000.0,0.0,1949000.0,0.154,189661000.0,211556000.0,878526000.0,2.444,2.295,34.592,32.952,18069126000.0,7968000.0,20.43,8.286,8.286,311660000.0,-2396371000.0,583144000.0,583144000.0,0.0,,,,,0.0,13785000.0,1.0,958391980.0,958391980.0,,0.608,23132598000.0,0.0,-22000.0,2245000.0,24.137,
1,GGP,MRQ,2018-03-31,2018-03-31,2018-03-31,2021-08-25,-72231000.0,23258197000.0,,,,,9.047,-197190000.0,178210000.0,178210000.0,185772000.0,65896000.0,,1.649,13156734000.0,,,13156734000.0,0.0,185393000.0,0.0,0.043,0.0,201681000.0,387074000.0,0.674,387074000.0,201681000.0,63756000.0,0.06,0.06,0.06,8658569000.0,,8658569000.0,32476025211.0,28.0,17.512,68275000.0,0.071,1.0,388394000.0,0.676,0.0,137925000.0,36236721000.0,,0.0,3825713000.0,,,14277080000.0,,,19580577211.0,13492000.0,66871000.0,139000.0,94356000.0,-210530000.0,-119239000.0,-132734000.0,-2415000.0,265465000.0,0.0,64036000.0,60052000.0,60052000.0,0.0,1860000.0,0.105,240865000.0,147529000.0,894729000.0,0.0,2.261,32.728,30.537,18192363000.0,7968000.0,20.46,8.383,8.383,309128000.0,-2275096000.0,574166000.0,574166000.0,0.0,,,,,0.0,13664000.0,1.0,957017459.0,957017459.0,,0.6,23258197000.0,0.0,-280000.0,2333000.0,24.303,
2,GGP,MRQ,2017-12-31,2017-12-31,2017-12-31,2021-08-25,-71906000.0,23349954000.0,,,,,9.298,-151392000.0,164604000.0,164604000.0,174292000.0,201913000.0,,1.615,13060052000.0,,,13060052000.0,0.0,187452000.0,0.0,0.038,0.44,314721000.0,502173000.0,0.8,502173000.0,314721000.0,175288000.0,0.22,0.21,0.22,8795660000.0,,8795660000.0,35542976586.0,30.0,18.889,204903000.0,0.217,1.0,453083000.0,0.722,0.0,139433000.0,36245402000.0,,0.0,3794670000.0,,,14201420000.0,,,22126401586.0,-136116000.0,-61571000.0,545185000.0,-658940000.0,-225519000.0,-327729000.0,-160668000.0,53196000.0,356295000.0,-4014000.0,201531000.0,197547000.0,197547000.0,0.0,382000.0,0.315,208793000.0,244290000.0,919432000.0,2.0,2.516,34.497,32.486,18256231000.0,19920000.0,23.39,9.505,9.505,334081000.0,-2107498000.0,627375000.0,627375000.0,0.0,,,,,0.0,19409000.0,1.0,945976981.0,945976981.0,,0.663,23349954000.0,0.0,-26243000.0,2428000.0,24.683,
3,GGP,MRQ,2017-09-30,2017-09-30,2017-09-30,2021-08-25,-67700000.0,23326016000.0,,,,,9.399,-423242000.0,311107000.0,311107000.0,182840000.0,226272000.0,,1.775,13727682000.0,,,13727682000.0,0.0,161279000.0,0.0,0.041,0.22,365753000.0,527032000.0,0.911,527032000.0,365753000.0,229773000.0,0.25,0.23,0.25,8289562000.0,,8289562000.0,30819767449.0,25.0,16.123,16613000.0,0.019,1.0,395517000.0,0.684,0.0,135980000.0,36742591000.0,,0.0,3895310000.0,,,14710500000.0,,,18319211449.0,83481000.0,-4944000.0,-190618000.0,467954000.0,-194041000.0,73449000.0,-433712000.0,-5991000.0,439855000.0,3889000.0,222780000.0,218796000.0,218796000.0,0.0,3492000.0,0.378,177211000.0,218306000.0,778613000.0,0.88,2.21,27.086,26.974,18032302000.0,3984000.0,20.77,7.928,7.928,324579000.0,-2077510000.0,578357000.0,578357000.0,0.0,,,,,0.0,13781000.0,1.0,882003440.0,882003440.0,,0.656,23326016000.0,0.0,6993000.0,4890000.0,26.447,
4,GGP,MRQ,2017-06-30,2017-06-30,2017-06-30,2021-08-25,-71593000.0,22277446000.0,,,,,9.547,-208263000.0,227626000.0,227626000.0,178381000.0,128318000.0,,1.605,12728182000.0,,,12728182000.0,0.0,174298000.0,0.0,0.035,0.22,263916000.0,438214000.0,0.788,438214000.0,263916000.0,129707000.0,0.14,0.13,0.14,8426085000.0,,8426085000.0,33361175872.0,20.0,14.003,42057000.0,0.048,1.0,377415000.0,0.679,0.0,134209000.0,34778002000.0,,0.0,4475933000.0,,,13524107000.0,,,20794301872.0,-34162000.0,93376000.0,-5778000.0,70955000.0,-194174000.0,-122300000.0,-158305000.0,-43418000.0,250320000.0,-3877000.0,125863000.0,121879000.0,121879000.0,0.0,2455000.0,0.219,194622000.0,182793000.0,591023000.0,1.571,2.468,18.439,18.406,16530454000.0,7968000.0,23.56,9.093,9.093,301515000.0,-2032093000.0,555796000.0,555796000.0,0.0,,,,,0.0,17158000.0,1.0,882610436.0,882610436.0,,0.63,22277446000.0,0.0,3844000.0,3664000.0,25.24,
5,GGP,MRQ,2017-03-31,2017-03-31,2017-03-31,2021-08-25,-67881000.0,22467454000.0,,,,,9.621,-110619000.0,252718000.0,252718000.0,182886000.0,110369000.0,,1.602,12819592000.0,,,12819592000.0,0.0,170298000.0,0.0,0.035,0.0,243993000.0,414291000.0,0.732,414291000.0,243993000.0,111670000.0,0.12,0.11,0.12,8513889000.0,,8513889000.0,32714460342.0,19.0,13.449,121513000.0,0.137,1.0,383446000.0,0.677,0.0,132323000.0,35034328000.0,,0.0,4563031000.0,,,13636437000.0,,,20513093342.0,-232227000.0,11359000.0,-70558000.0,135376000.0,-424656000.0,-364495000.0,-103047000.0,-3787000.0,232132000.0,3183000.0,107160000.0,103176000.0,103176000.0,0.0,3209000.0,0.182,190577000.0,192869000.0,611119000.0,0.0,2.409,17.27,17.17,16598825000.0,7968000.0,23.18,8.897,8.897,318259000.0,-1927067000.0,566332000.0,566332000.0,0.0,,,,,0.0,16828000.0,1.0,884947944.0,884947944.0,,0.64,22467454000.0,0.0,4510000.0,3719000.0,25.388,
6,GGP,MRQ,2016-12-31,2016-12-31,2016-12-31,2021-08-25,-70456000.0,22732746000.0,,,,,9.749,-630119000.0,474757000.0,474757000.0,168929000.0,241286000.0,,1.594,12676124000.0,,,12676124000.0,0.0,161477000.0,0.0,0.032,0.42,370498000.0,531975000.0,0.872,531975000.0,370498000.0,236636000.0,0.26,0.25,0.26,8635764000.0,,8635764000.0,34175457278.0,18.0,13.555,-317545000.0,-0.358,1.0,441405000.0,0.723,0.0,133862000.0,34934113000.0,,0.0,4547489000.0,,,13769290000.0,,,22126499278.0,-206426000.0,333671000.0,-33733000.0,-31541000.0,-182658000.0,-247062000.0,-271938000.0,52970000.0,312574000.0,0.0,236463000.0,232479000.0,232479000.0,0.0,4823000.0,0.381,184586000.0,256819000.0,655362000.0,1.615,2.562,17.389,17.347,16671931000.0,19919000.0,24.98,9.43,9.43,322196000.0,-1824866000.0,610334000.0,610334000.0,0.0,,,,,0.0,20551000.0,1.0,885768586.0,885768586.0,,0.689,22732746000.0,0.0,173000.0,3843000.0,25.664,
7,GGP,MRQ,2016-09-30,2016-09-30,2016-09-30,2021-08-25,-70134000.0,22713189000.0,,,,,9.988,-190962000.0,656769000.0,656769000.0,181054000.0,681748000.0,,1.532,12705727000.0,,,12705727000.0,0.0,182350000.0,0.0,0.027,0.19,815523000.0,997873000.0,1.8,997873000.0,815523000.0,674227000.0,0.76,0.7,0.76,8836624000.0,,8836624000.0,38152566609.0,21.0,15.371,86495000.0,0.098,1.0,373439000.0,0.673,0.0,141296000.0,34762147000.0,,0.0,3844177000.0,,,13537942000.0,,,24418759609.0,430486000.0,904934000.0,216000.0,-422442000.0,-168094000.0,-580525000.0,733554000.0,-9606000.0,277457000.0,0.0,674178000.0,670194000.0,670194000.0,0.0,7570000.0,1.209,220022000.0,153417000.0,646216000.0,0.25,2.763,19.853,19.714,16203222000.0,3984000.0,27.6,10.258,10.258,883072000.0,-1618628000.0,554493000.0,554493000.0,0.0,,,,,0.0,15481000.0,1.0,884737667.0,884737667.0,,0.627,22713189000.0,0.0,49000.0,1365000.0,25.672,
8,GGP,MRQ,2016-06-30,2016-06-30,2016-06-30,2021-08-25,-69131000.0,23593484000.0,,,,,9.404,-162714000.0,226283000.0,226283000.0,179147000.0,189901000.0,,1.798,13960090000.0,,,13960090000.0,0.0,156248000.0,0.0,0.024,0.19,332069000.0,488317000.0,0.85,488317000.0,332069000.0,183703000.0,0.21,0.19,0.21,8305838000.0,,8305838000.0,40257447403.0,32.0,21.31,145386000.0,0.165,1.0,395439000.0,0.688,0.0,148366000.0,37327291000.0,,0.0,3609486000.0,,,14934761000.0,,,26336922403.0,33184000.0,132168000.0,215000.0,-30379000.0,-167807000.0,-221976000.0,-52940000.0,-22408000.0,308100000.0,0.0,185945000.0,181962000.0,181962000.0,0.0,3956000.0,0.317,179404000.0,216035000.0,682925000.0,0.905,3.171,38.749,38.231,17489118000.0,3983000.0,29.82,10.922,10.922,969924000.0,-2111939000.0,574586000.0,574586000.0,0.0,,,,,0.0,17388000.0,1.0,883196593.0,883196593.0,,0.651,23593484000.0,0.0,-2242000.0,1642000.0,26.714,
9,GGP,MRQ,2016-03-31,2016-03-31,2016-03-31,2021-08-25,-77750000.0,23566314000.0,,,,,9.356,-141497000.0,193099000.0,193099000.0,176725000.0,195337000.0,,1.812,14113624000.0,,,14113624000.0,0.0,160671000.0,0.0,0.024,0.0,342377000.0,503048000.0,0.829,503048000.0,342377000.0,194700000.0,0.21,0.2,0.21,8256877000.0,,8256877000.0,40340831615.0,27.0,19.042,96523000.0,0.109,1.0,430307000.0,0.709,0.0,147677000.0,37486839000.0,,0.0,3535457000.0,,,14961025000.0,,,26236878615.0,-163796000.0,228860000.0,170000.0,-350375000.0,-167698000.0,-514551000.0,112735000.0,25452000.0,238020000.0,0.0,191780000.0,187796000.0,187796000.0,0.0,3557000.0,0.309,256327000.0,173980000.0,667410000.0,0.0,3.178,28.653,28.587,17719869000.0,3984000.0,29.73,10.856,10.856,962397000.0,-2125825000.0,607032000.0,607032000.0,0.0,,,,,0.0,15481000.0,1.0,882505167.0,882505167.0,,0.688,23566314000.0,0.0,2920000.0,4665000.0,26.704,
10,GGP,MRQ,2015-12-31,2015-12-31,2015-12-31,2021-08-25,-72804000.0,24073555000.0,,,,,9.371,-226920000.0,356895000.0,356895000.0,182639000.0,196628000.0,,1.872,14460848000.0,,,14460848000.0,0.0,160663000.0,0.0,0.026,0.37,332174000.0,492837000.0,0.765,492837000.0,332174000.0,184788000.0,0.22,0.2,0.22,8270043000.0,,8270043000.0,38111373862.0,20.0,14.729,74674000.0,0.085,1.0,461819000.0,0.717,0.0,147386000.0,38177508000.0,,0.0,4147485000.0,,,15477634000.0,,,24012683862.0,188724000.0,-279729000.0,-8313000.0,283514000.0,-159790000.0,95322000.0,-208192000.0,271219000.0,301594000.0,0.0,194040000.0,190055000.0,190055000.0,0.0,2588000.0,0.295,193268000.0,268551000.0,784493000.0,1.682,2.904,17.674,17.669,17832919000.0,19922000.0,27.21,9.989,9.989,336572000.0,-2141549000.0,644458000.0,644458000.0,0.0,,,,,0.0,22119000.0,1.0,882494813.0,882494813.0,,0.73,24073555000.0,0.0,-9252000.0,1289000.0,27.279,
11,GGP,MRQ,2015-09-30,2015-09-30,2015-09-30,2021-08-25,-77437000.0,23789795000.0,,,,,9.313,-174837000.0,160670000.0,160670000.0,187599000.0,127366000.0,,1.846,14259360000.0,,,14259360000.0,0.0,154229000.0,0.0,0.026,0.17,250747000.0,404976000.0,0.692,404976000.0,250747000.0,105856000.0,0.14,0.13,0.14,8248355000.0,,8248355000.0,36824439435.0,18.0,13.436,106660000.0,0.12,1.0,397725000.0,0.679,0.0,144891000.0,37888485000.0,,0.0,3490157000.0,,,15225723000.0,,,23000499435.0,-14723000.0,-1542000.0,-100599000.0,259054000.0,-149958000.0,1546000.0,-297766000.0,-93280000.0,281497000.0,0.0,123852000.0,119868000.0,119868000.0,0.0,3514000.0,0.205,172750000.0,224975000.0,800248000.0,1.214,2.788,15.818,15.739,18078248000.0,3984000.0,25.97,9.456,9.456,881564000.0,-2162995000.0,585324000.0,585324000.0,0.0,,,,,0.0,16900000.0,1.0,885656505.0,885656505.0,,0.661,23789795000.0,0.0,-17996000.0,0.0,26.861,
12,GGP,MRQ,2015-06-30,2015-06-30,2015-06-30,2021-08-25,-66352000.0,23576230000.0,,,,,9.454,-312749000.0,175393000.0,175393000.0,182195000.0,427853000.0,,1.777,13999333000.0,,,13999333000.0,0.0,152849000.0,0.0,0.025,0.17,564761000.0,717610000.0,1.237,717610000.0,564761000.0,422014000.0,0.47,0.44,0.47,8378515000.0,,8378515000.0,36572038622.0,18.0,13.231,-50458000.0,-0.057,1.0,397786000.0,0.686,0.0,142747000.0,37400170000.0,,0.0,3488329000.0,,,14886222000.0,,,22739969622.0,2120000.0,438304000.0,0.0,-5159000.0,-151363000.0,-211890000.0,-48281000.0,-173739000.0,262291000.0,0.0,421940000.0,417956000.0,417956000.0,0.0,5913000.0,0.721,170231000.0,227555000.0,719545000.0,0.362,2.714,16.187,16.138,18000937000.0,3984000.0,25.66,9.188,9.188,823704000.0,-2075319000.0,579981000.0,579981000.0,0.0,,,,,0.0,16076000.0,1.0,886203025.0,886203025.0,,0.654,23576230000.0,0.0,74000.0,9443000.0,26.604,
13,GGP,MRQ,2015-03-31,2015-03-31,2015-03-31,2021-08-25,-69263000.0,23427668000.0,,,,,9.126,-364385000.0,173273000.0,173273000.0,194844000.0,641750000.0,,1.851,14005342000.0,,,14005342000.0,0.0,175948000.0,0.0,0.021,0.0,796223000.0,972171000.0,1.636,972171000.0,796223000.0,623572000.0,0.71,0.66,0.71,8080610000.0,,8080610000.0,42032333042.0,23.0,16.308,-141181000.0,-0.159,1.0,399299000.0,0.672,0.0,172651000.0,37259737000.0,,0.0,3474620000.0,,,14954211000.0,,,26164717042.0,-199198000.0,641670000.0,0.0,-531593000.0,-150393000.0,-663153000.0,240751000.0,-37500000.0,223204000.0,0.0,634731000.0,630747000.0,630747000.0,0.0,7019000.0,1.062,196486000.0,202813000.0,715313000.0,0.0,3.238,22.622,22.386,18040018000.0,3984000.0,29.55,10.437,10.437,624153000.0,-2342725000.0,594143000.0,594143000.0,0.0,,,,,0.0,17267000.0,1.0,885438817.0,885438817.0,,0.671,23427668000.0,0.0,-11159000.0,8588000.0,26.459,
14,GGP,MRQ,2014-12-31,2014-12-31,2014-12-31,2021-08-25,-51753000.0,25281632000.0,,,,,8.603,-575643000.0,372471000.0,372471000.0,190927000.0,293514000.0,,2.274,16185985000.0,,,16185985000.0,0.0,181126000.0,0.0,0.022,0.33,464907000.0,646033000.0,0.96,646033000.0,464907000.0,293895000.0,0.33,0.3,0.33,7605919000.0,,7605919000.0,40713671515.0,30.0,19.476,-432317000.0,-0.489,1.0,482095000.0,0.716,0.0,171012000.0,41095146000.0,,0.0,2604762000.0,,,17296816000.0,,,24869940515.0,92895000.0,352046000.0,506000.0,349797000.0,-142170000.0,209650000.0,-260081000.0,-36171000.0,143326000.0,0.0,289478000.0,285494000.0,285494000.0,-78234000.0,4036000.0,0.424,207770000.0,274325000.0,934897000.0,1.0,3.27,38.267,38.014,20696465000.0,19920000.0,28.13,9.808,9.808,663768000.0,-2822740000.0,673022000.0,673022000.0,0.0,,,,,0.0,20170000.0,1.0,884107377.0,884107377.0,,0.761,25281632000.0,0.0,4417000.0,21240000.0,28.596,
15,GGP,MRQ,2014-09-30,2014-09-30,2014-09-30,2021-08-25,-43290000.0,25319908000.0,,,,,8.485,-359963000.0,279576000.0,279576000.0,189833000.0,77399000.0,,2.331,16123307000.0,,,16123307000.0,0.0,184484000.0,0.0,0.024,0.15,243917000.0,428401000.0,0.682,428401000.0,243917000.0,69808000.0,0.08,0.07,0.08,7499683000.0,,7499683000.0,36705877521.0,32.0,19.444,-97829000.0,-0.111,1.0,437925000.0,0.698,0.0,174109000.0,41163639000.0,,0.0,2512129000.0,,,17480660000.0,,,20814045521.0,37569000.0,302527000.0,0.0,-11524000.0,-132573000.0,-154701000.0,-69864000.0,-13520000.0,262134000.0,0.0,74608000.0,70624000.0,70624000.0,-8822000.0,2791000.0,0.113,199994000.0,237931000.0,865441000.0,1.875,2.775,47.562,47.1,20876923000.0,3984000.0,23.55,8.252,8.252,603735000.0,-2957989000.0,627758000.0,627758000.0,0.0,,,,,0.0,17402000.0,1.0,883823589.0,883823589.0,,0.71,25319908000.0,0.0,-4800000.0,343469000.0,28.648,
16,GGP,MRQ,2014-06-30,2014-06-30,2014-06-30,2021-08-25,-30913000.0,25376559000.0,,,,,8.568,-97642000.0,242007000.0,242007000.0,194427000.0,177089000.0,,2.306,16133839000.0,,,16133839000.0,0.0,177955000.0,0.0,0.023,0.15,352786000.0,530741000.0,0.867,530741000.0,352786000.0,177668000.0,0.2,0.18,0.2,7571833000.0,,7571833000.0,36642753352.0,33.0,19.785,209495000.0,0.237,1.0,417468000.0,0.682,0.0,175118000.0,41268391000.0,,0.0,2580966000.0,,,17463990000.0,,,20820732352.0,-161122000.0,-46252000.0,0.0,-94978000.0,-132559000.0,-239587000.0,-228672000.0,-87379000.0,307137000.0,0.0,173724000.0,169740000.0,169740000.0,-121853000.0,3365000.0,0.277,211118000.0,206350000.0,839386000.0,0.75,2.75,53.318,52.356,20907039000.0,3984000.0,23.56,8.326,8.326,594011000.0,-2888099000.0,611895000.0,611895000.0,0.0,,,,,0.0,33192000.0,1.0,883732273.0,883732273.0,,0.692,25376559000.0,0.0,3944000.0,350325000.0,28.715,
17,GGP,MRQ,2014-03-31,2014-03-31,2014-03-31,2021-08-25,-34237000.0,25448516000.0,,,,,8.527,-128938000.0,403129000.0,403129000.0,208956000.0,131888000.0,,2.334,16225150000.0,,,16225150000.0,0.0,174499000.0,0.0,0.023,0.0,310774000.0,485273000.0,0.779,485273000.0,310774000.0,131728000.0,0.14,0.13,0.14,7534751000.0,,7534751000.0,34759710628.0,30.0,18.196,108189000.0,0.122,1.0,413929000.0,0.665,0.0,179046000.0,41270537000.0,,0.0,2402793000.0,,,17586157000.0,,,19440939628.0,-174142000.0,9596000.0,-555801000.0,398080000.0,-127567000.0,-291961000.0,-119308000.0,0.0,237127000.0,0.0,128036000.0,124052000.0,124052000.0,-72972000.0,3852000.0,0.199,191023000.0,222906000.0,893257000.0,0.0,2.58,45.62,46.809,21019846000.0,3984000.0,22.0,7.813,7.813,492718000.0,-2924336000.0,622885000.0,622885000.0,0.0,,,,,0.0,17403000.0,1.0,883679074.0,883679074.0,,0.705,25448516000.0,0.0,3692000.0,328253000.0,28.798,
18,GGP,MRQ,2013-12-31,2013-12-31,2013-12-31,2021-08-25,-38173000.0,25762303000.0,,,,,8.893,-1356576000.0,577271000.0,577271000.0,199634000.0,81155000.0,,2.141,15896042000.0,,,15896042000.0,0.0,193420000.0,0.0,0.025,0.27,249907000.0,443327000.0,0.672,443327000.0,249907000.0,76300000.0,0.08,0.09,0.08,8103121000.0,,8103121000.0,33470542444.0,33.0,18.602,-1073258000.0,-1.178,1.0,460040000.0,0.697,0.0,173607000.0,41081074000.0,,0.0,2407698000.0,,,17348138000.0,,,18287389444.0,-26247000.0,1131206000.0,168000.0,117261000.0,-155347000.0,-52398000.0,-257167000.0,-32161000.0,283318000.0,0.0,77191000.0,73207000.0,73207000.0,24150000.0,3964000.0,0.111,208071000.0,251969000.0,970995000.0,3.375,2.257,63.399,64.742,21113414000.0,18062000.0,20.07,7.356,7.356,478899000.0,-2915723000.0,659674000.0,659674000.0,0.0,,,,,0.0,24225000.0,1.0,911180341.0,911180341.0,,0.724,25762303000.0,0.0,-891000.0,346625000.0,28.274,
19,GGP,MRQ,2013-09-30,2013-09-30,2013-09-30,2021-08-25,-33261000.0,25748981000.0,,,,,8.443,225269000.0,603518000.0,603518000.0,206767000.0,30854000.0,,2.113,15786671000.0,,,15786671000.0,0.0,192605000.0,0.0,0.024,0.12,200126000.0,392731000.0,0.648,392731000.0,200126000.0,27196000.0,0.03,0.02,0.03,8164091000.0,,8164091000.0,33634086535.0,34.0,18.966,517590000.0,0.535,1.0,399345000.0,0.659,0.0,172930000.0,40932134000.0,,0.0,2461847000.0,,,17249483000.0,,,18652489535.0,-101400000.0,-33532000.0,-566417000.0,97747000.0,-112738000.0,-589293000.0,195572000.0,0.0,292321000.0,0.0,27483000.0,23499000.0,23499000.0,2008000.0,3371000.0,0.039,205412000.0,193933000.0,1006198000.0,4.0,2.285,75.381,71.444,20927122000.0,3984000.0,19.29,7.667,7.667,449295000.0,-2861339000.0,606112000.0,606112000.0,0.0,,,,,0.0,16316000.0,1.0,966951246.0,966951246.0,,0.627,25748981000.0,0.0,-287000.0,331290000.0,26.629,
20,GGP,MRQ,2013-06-30,2013-06-30,2013-06-30,2021-08-25,-137010000.0,26144436000.0,,,,,9.007,255895000.0,704918000.0,704918000.0,193351000.0,213923000.0,,1.962,15686515000.0,,,15686515000.0,0.0,191345000.0,0.0,0.022,0.12,397659000.0,589004000.0,0.982,589004000.0,397659000.0,210757000.0,0.22,0.21,0.22,8709138000.0,,8709138000.0,35104098487.0,44.0,22.146,454712000.0,0.47,1.0,406192000.0,0.678,0.0,186902000.0,41126033000.0,,0.0,2963892000.0,,,17088756000.0,,,19211901487.0,140110000.0,11977000.0,0.0,-232522000.0,-112726000.0,-330916000.0,272209000.0,0.0,198817000.0,0.0,209375000.0,205391000.0,205391000.0,3340000.0,4548000.0,0.343,207555000.0,198637000.0,951849000.0,0.545,2.206,1196.481,1987.0,20941952000.0,3984000.0,19.87,7.843,7.843,254050000.0,-2766551000.0,599543000.0,599543000.0,0.0,,,,,0.0,18888000.0,1.0,966879793.0,966879793.0,,0.62,26144436000.0,0.0,1382000.0,330650000.0,27.04,
21,GGP,MRQ,2013-03-31,2013-03-31,2013-03-31,2021-08-25,-77511000.0,26935520000.0,,,,,9.228,-74899000.0,564808000.0,564808000.0,217001000.0,-8738000.0,,2.067,16457005000.0,,,16457005000.0,0.0,195885000.0,0.0,0.021,0.0,180444000.0,376329000.0,0.6,376329000.0,180444000.0,-11385000.0,-0.01,-0.01,-0.01,8668578000.0,,8668578000.0,34222671917.0,72.0,27.059,40176000.0,0.043,1.0,409718000.0,0.654,0.0,191829000.0,42827717000.0,,0.0,2870477000.0,,,17920236000.0,,,18674420917.0,-60007000.0,30850000.0,0.0,363108000.0,-103278000.0,-131328000.0,-43754000.0,0.0,115075000.0,0.0,-11526000.0,-13651000.0,-13651000.0,-17956000.0,2788000.0,-0.022,211809000.0,197909000.0,1014754000.0,0.0,2.154,-62.82,-60.242,21812797000.0,4250000.0,19.88,7.602,7.602,252624000.0,-2859206000.0,626719000.0,626719000.0,0.0,,,,,0.0,17449000.0,1.0,939357189.0,939357189.0,,0.667,26935520000.0,0.0,141000.0,330583000.0,28.674,
22,GGP,MRQ,2012-12-31,2012-12-31,2012-12-31,2021-08-25,-87354000.0,27282405000.0,,,,,8.118,-118100000.0,624815000.0,624815000.0,176283000.0,35668000.0,,2.533,16173066000.0,,,16173066000.0,0.0,192565000.0,0.0,0.021,0.22,222714000.0,415279000.0,0.691,415279000.0,222714000.0,35742000.0,0.03,0.03,0.03,7621698000.0,,7621698000.0,34279066775.0,111.0,30.524,81746000.0,0.087,1.0,424303000.0,0.706,0.0,186972000.0,42830656000.0,,0.0,2865871000.0,,,19309166000.0,,,18636797775.0,-13131000.0,82853000.0,4684000.0,-44024000.0,-105519000.0,-148080000.0,-64897000.0,0.0,199846000.0,0.0,32204000.0,32204000.0,32204000.0,-25000000.0,3464000.0,0.054,157534000.0,266769000.0,1212231000.0,7.333,2.445,-38.727,-38.173,22021557000.0,0.0,19.85,7.681,7.681,260860000.0,-2732787000.0,600586000.0,600586000.0,0.0,,,,,0.0,18729000.0,1.0,938881500.0,938881500.0,,0.64,27282405000.0,0.0,3538000.0,331924000.0,29.058,
23,GGP,MRQ,2012-09-30,2012-09-30,2012-09-30,2021-08-25,-82026000.0,27421880000.0,,,,,8.189,-87294000.0,637946000.0,637946000.0,212484000.0,-206608000.0,,2.523,16280215000.0,,,16280215000.0,0.0,209743000.0,0.0,0.021,0.1,-5255000.0,204488000.0,0.328,204488000.0,-5255000.0,-205438000.0,-0.23,-0.23,-0.23,7683259000.0,,7683259000.0,34265628638.0,-380.0,44.98,138509000.0,0.148,1.0,410276000.0,0.659,0.0,200183000.0,43064149000.0,,0.0,2717079000.0,,,19383204000.0,,,18277302638.0,140752000.0,264885000.0,5135000.0,-173184000.0,-95341000.0,-262038000.0,176987000.0,0.0,225803000.0,0.0,-207887000.0,-207887000.0,-207887000.0,58525000.0,1279000.0,-0.334,255165000.0,155111000.0,1271364000.0,-0.435,2.379,-20.74,-20.505,22248481000.0,0.0,19.48,7.626,7.626,243503000.0,-2661759000.0,622760000.0,622760000.0,0.0,,,,,0.0,17906000.0,1.0,938259889.0,938259889.0,,0.664,27421880000.0,0.0,2449000.0,326270000.0,29.226,
24,GGP,MRQ,2012-06-30,2012-06-30,2012-06-30,2021-08-25,-81785000.0,27814597000.0,,,,,8.528,-449526000.0,497194000.0,497194000.0,207193000.0,-106346000.0,,2.435,16485520000.0,,,16485520000.0,0.0,191577000.0,0.0,0.022,0.1,77084000.0,268661000.0,0.443,268661000.0,77084000.0,-106227000.0,-0.12,-0.12,-0.12,7998635000.0,,7998635000.0,32603900637.0,84.0,25.402,-250101000.0,-0.267,1.0,399262000.0,0.658,0.0,183311000.0,43802923000.0,,0.0,2783540000.0,,,19474965000.0,,,16966313637.0,2422000.0,127772000.0,5130000.0,185576000.0,-93760000.0,119375000.0,-316378000.0,0.0,199425000.0,0.0,-107936000.0,-107936000.0,-107936000.0,-499000.0,1590000.0,-0.178,205764000.0,193498000.0,1284085000.0,-0.833,2.121,-40.268,-40.2,22629427000.0,0.0,18.09,7.096,7.096,227783000.0,-2350628000.0,606455000.0,606455000.0,0.0,,,,,0.0,18280000.0,1.0,937883562.0,937883562.0,,0.647,27814597000.0,0.0,1709000.0,332896000.0,29.657,
25,GGP,MRQ,2012-03-31,2012-03-31,2012-03-31,2021-08-25,-34259000.0,27559866000.0,,,,,8.797,-47426000.0,494772000.0,494772000.0,204489000.0,-194248000.0,,2.301,16132359000.0,,,16132359000.0,0.0,220068000.0,0.0,0.024,0.0,14541000.0,234609000.0,0.393,234609000.0,14541000.0,-196219000.0,-0.21,-0.21,-0.21,8247636000.0,,8247636000.0,32692599707.0,94.0,25.146,134603000.0,0.144,1.0,392124000.0,0.657,0.0,210760000.0,43197453000.0,,0.0,3011449000.0,,,18976176000.0,,,15929765707.0,-78100000.0,28839000.0,33574000.0,-142499000.0,-93531000.0,-242965000.0,-17164000.0,0.0,182029000.0,0.0,-197615000.0,-197615000.0,-197615000.0,11509000.0,3367000.0,-0.331,226208000.0,165916000.0,1284855000.0,0.0,1.931,-30.845,-30.891,22051398000.0,0.0,16.99,6.673,6.673,219627000.0,-2152955000.0,596613000.0,596613000.0,0.0,,,,,0.0,17248000.0,1.0,937596569.0,937596569.0,,0.636,27559866000.0,0.0,1396000.0,333115000.0,29.394,
26,GGP,MRQ,2011-12-31,2011-12-31,2011-12-31,2021-08-25,-47773000.0,29518151000.0,,,,,9.07,-519535000.0,572872000.0,572872000.0,181410000.0,-368188000.0,,2.442,17349214000.0,,,17349214000.0,0.0,230534000.0,0.0,0.027,0.2,-176489000.0,54045000.0,0.095,54045000.0,-176489000.0,-366997000.0,-0.39,-0.1,-0.39,8483329000.0,,8483329000.0,30997975022.0,55.0,20.068,-412535000.0,-0.441,1.0,389491000.0,0.682,0.0,190508000.0,46294493000.0,,0.0,3052973000.0,,,20715011000.0,,,14048861022.0,80183000.0,673913000.0,24160000.0,-196700000.0,-93969000.0,-265749000.0,238932000.0,0.0,107000000.0,0.0,-367838000.0,-367838000.0,-367838000.0,99225000.0,-350000.0,-0.644,208157000.0,181334000.0,1445738000.0,-0.513,1.656,-44.86,-45.515,23623316000.0,0.0,15.02,5.861,5.861,218749000.0,-1883569000.0,570901000.0,570901000.0,0.0,,,,,0.0,25664000.0,1.0,935343610.0,935343610.0,,0.61,29518151000.0,0.0,841000.0,332970000.0,31.559,
27,GGP,MRQ,2011-09-30,2011-09-30,2011-09-30,2021-08-25,-42585000.0,30014149000.0,,,,,9.983,79771000.0,492689000.0,492689000.0,231035000.0,256561000.0,,2.171,17441803000.0,,,17441803000.0,0.0,251276000.0,0.0,0.048,0.1,474936000.0,726212000.0,1.177,726212000.0,474936000.0,256004000.0,0.27,-0.08,0.27,9366806000.0,,9366806000.0,28530453750.0,,,289663000.0,0.309,1.0,385947000.0,0.626,0.0,218932000.0,46963263000.0,,0.0,3072302000.0,,,20337262000.0,,,11353261750.0,-92859000.0,-4297000.0,-20194000.0,-159306000.0,-95029000.0,-291179000.0,-11572000.0,0.0,209892000.0,0.0,252050000.0,252050000.0,252050000.0,4276000.0,4511000.0,0.409,250518000.0,135429000.0,1633339000.0,0.37,1.212,,,23817012000.0,0.0,12.1,,,184595000.0,-994906000.0,616982000.0,616982000.0,0.0,,,,,0.0,23080000.0,1.0,938286095.0,938286095.0,,0.658,30014149000.0,0.0,3954000.0,333259000.0,31.988,
28,GGP,MRQ,2011-06-30,2011-06-30,2011-06-30,2021-08-25,42755000.0,30771869000.0,,,,,9.607,57060000.0,585548000.0,585548000.0,222152000.0,-202113000.0,,2.277,17762740000.0,,,17762740000.0,0.0,250923000.0,0.0,0.029,0.1,34315000.0,285238000.0,0.473,285238000.0,34315000.0,-202161000.0,-0.22,-0.22,-0.22,9287656000.0,,9287656000.0,33069019876.0,,,173279000.0,0.179,1.0,380705000.0,0.632,0.0,236476000.0,47949061000.0,,0.0,3048438000.0,,,21150637000.0,,,16135874876.0,-448219000.0,82307000.0,-442113000.0,-148754000.0,-99320000.0,-694761000.0,130323000.0,0.0,116219000.0,0.0,-203048000.0,-203048000.0,-203048000.0,4869000.0,935000.0,-0.337,236937000.0,143768000.0,1650832000.0,-0.455,1.737,,,24369314000.0,0.0,16.69,,,156456000.0,-1145656000.0,602857000.0,602857000.0,0.0,,,,,0.0,8278000.0,1.0,966798974.0,966798974.0,,0.624,30771869000.0,0.0,887000.0,328337000.0,31.829,
29,GGP,MRQ,2011-03-31,2011-03-31,2011-03-31,2021-08-25,373000.0,31694131000.0,,,,,10.363,129428000.0,1033767000.0,1033767000.0,227606000.0,6935000.0,,2.14,17966912000.0,,,17966912000.0,0.0,252953000.0,0.0,0.025,0.0,228324000.0,481277000.0,0.776,481277000.0,228324000.0,8703000.0,0.0,0.0,0.0,9991009000.0,,9991009000.0,31951504655.0,,,199119000.0,0.207,1.0,392808000.0,0.633,0.0,219621000.0,48627276000.0,,0.0,3152234000.0,,,21378295000.0,,,14924858655.0,12456000.0,-9956000.0,0.0,-146932000.0,-38283000.0,-184975000.0,127740000.0,0.0,69691000.0,0.0,5662000.0,5662000.0,5662000.0,2910000.0,1273000.0,0.009,234495000.0,158313000.0,1761382000.0,,1.494,,,24660853000.0,0.0,15.48,,,132125000.0,-702801000.0,620414000.0,620414000.0,0.0,,,,,0.0,6787000.0,1.0,964138156.0,964138156.0,,0.643,31694131000.0,0.0,3041000.0,337891000.0,32.873,
30,GGP,MRQ,2010-12-31,2010-12-31,2010-12-31,2021-08-25,172000.0,32367379000.0,,,,,31.756,,1021311000.0,1021311000.0,,,,2.178,18047957000.0,,,18047957000.0,0.0,,0.0,,0.38,,,,,,,,,,10079102000.0,,10079102000.0,29094099203.0,,,,,1.0,,,0.0,,49394025000.0,,0.0,3153698000.0,,,21953266000.0,,,4913230203.0,,,,,,,,,,,,,,,,,,,1893571000.0,,0.487,,,25010372000.0,,15.48,,,114099000.0,-612075000.0,,,,,,,,,,1.0,317392132.0,317392132.0,,,32367379000.0,0.0,,340213000.0,101.979,
31,GGP,MRQ,2010-09-30,2010-09-30,2010-09-30,2021-08-25,15300000.0,27742933000.0,,,,,1.772,-91430000.0,630014000.0,630014000.0,272013000.0,-233723000.0,,47.866,24810883000.0,,,24810883000.0,0.0,175335000.0,0.0,0.009,0.0,183965000.0,359300000.0,0.467,359300000.0,183965000.0,-229272000.0,-0.73,-0.73,-0.73,562413000.0,,562413000.0,29108857618.0,60.0,24.434,88975000.0,0.28,1.0,497679000.0,0.647,199664000.0,413237000.0,51724138000.0,,0.0,3821643000.0,,,26920675000.0,,,4951327618.0,81749000.0,84857000.0,0.0,-81668000.0,0.0,-86259000.0,-12397000.0,0.0,180405000.0,0.0,-231185000.0,-231185000.0,-231185000.0,0.0,-2538000.0,-0.3,306545000.0,191134000.0,1317622000.0,0.0,8.804,-5.445,-5.398,21696066000.0,0.0,15.6,1.582,1.582,373001000.0,-3129683000.0,769692000.0,769692000.0,0.0,,,,,0.0,18444000.0,1.0,317392796.0,317392796.0,,2.425,27543269000.0,0.0,1913000.0,792170000.0,86.78,
32,GGP,MRQ,2010-06-30,2010-06-30,2010-06-30,2021-08-25,-504000.0,27837383000.0,,,,,2.517,-59673000.0,548265000.0,548265000.0,273968000.0,-117527000.0,,33.554,24705795000.0,,,24705795000.0,0.0,175319000.0,0.0,0.011,0.0,198434000.0,373753000.0,0.464,373753000.0,198434000.0,-103292000.0,-0.37,-0.37,-0.37,798601000.0,,798601000.0,28315334842.0,57.0,23.38,107438000.0,0.339,1.0,531349000.0,0.66,199664000.0,301726000.0,51795249000.0,,0.0,3905437000.0,,,26796261000.0,,,4207727842.0,-24855000.0,3351000.0,0.0,-88329000.0,0.0,-131739000.0,-60227000.0,0.0,167111000.0,0.0,-117526000.0,-117526000.0,-117526000.0,0.0,-1000.0,-0.146,290889000.0,240460000.0,1302668000.0,0.0,5.269,-5.286,-5.22,21807822000.0,0.0,13.26,1.348,1.348,372621000.0,-2898498000.0,805317000.0,805317000.0,0.0,,,,,0.0,11918000.0,1.0,317324875.0,317324875.0,,2.538,27637719000.0,0.0,14234000.0,787798000.0,87.096,
33,GGP,MRQ,2010-03-31,2010-03-31,2010-03-31,2021-08-25,-763000.0,27890634000.0,,,,,2.832,-53402000.0,573120000.0,573120000.0,280609000.0,55841000.0,,29.743,24680727000.0,,,24680727000.0,0.0,177302000.0,0.0,0.009,0.0,390584000.0,567886000.0,0.746,567886000.0,390584000.0,55306000.0,0.16,0.16,0.16,898700000.0,,898700000.0,29557341806.0,61.0,24.437,144915000.0,0.457,1.0,480628000.0,0.631,199664000.0,335278000.0,51798577000.0,,0.0,3758465000.0,,,26730468000.0,,,5105423806.0,-81276000.0,9444000.0,0.0,-134158000.0,-5957000.0,-232371000.0,-47222000.0,0.0,198317000.0,0.0,51656000.0,51656000.0,51656000.0,0.0,4185000.0,0.068,120286000.0,360342000.0,1190597000.0,0.0,5.681,-6.1,-6.004,21963428000.0,0.0,16.09,1.642,1.642,393405000.0,-2780971000.0,761237000.0,761237000.0,0.0,,,,,0.0,14719000.0,1.0,317304152.0,317304152.0,,2.399,27690970000.0,0.0,3650000.0,859144000.0,87.269,
34,GGP,MRQ,2009-12-31,2009-12-31,2009-12-31,2021-08-25,-249000.0,28149774000.0,,,,,2.622,-94609000.0,654396000.0,654396000.0,231728000.0,-624622000.0,,32.924,25106314000.0,,,25106314000.0,0.0,179058000.0,0.0,0.013,0.147,-288683000.0,-109625000.0,-0.138,-109625000.0,-288683000.0,-616768000.0,-1.95,-1.95,-1.95,822963000.0,,822963000.0,28481352503.0,2377.0,37.126,105290000.0,0.335,1.0,562390000.0,0.708,199664000.0,328085000.0,52402028000.0,,0.0,3732488000.0,,,27095602000.0,,,3627905503.0,-37369000.0,1961000.0,0.0,-70209000.0,-345000.0,-140638000.0,-96630000.0,0.0,199899000.0,0.0,-612360000.0,-612360000.0,-612360000.0,940000.0,-12262000.0,-0.771,829379000.0,-266989000.0,1122888000.0,-0.075,4.408,-2.824,-2.813,22102630000.0,0.0,11.56,1.157,1.157,404041000.0,-2832627000.0,794118000.0,794118000.0,0.0,,,,,0.0,18695000.0,1.0,313832656.0,313832656.0,,2.53,27950110000.0,0.0,-4408000.0,866400000.0,89.061,
35,GGP,MRQ,2009-09-30,2009-09-30,2009-09-30,2021-08-25,-9082000.0,29042157000.0,,,,,4.938,-30644000.0,691765000.0,691765000.0,279282000.0,-117425000.0,,17.624,25545212000.0,,,25545212000.0,0.0,185016000.0,0.0,0.0,0.0,194080000.0,379096000.0,0.498,379096000.0,194080000.0,-132277000.0,-0.38,-0.38,-0.38,1549629000.0,,1549629000.0,26365179183.0,40.0,18.361,142844000.0,0.455,1.0,481679000.0,0.633,205257000.0,326357000.0,53690347000.0,,0.0,3748094000.0,,,27310924000.0,,,1521996183.0,68921000.0,-56135000.0,0.0,-13944000.0,-357000.0,-14748000.0,-89819000.0,0.0,173488000.0,0.0,-117847000.0,-117847000.0,-117847000.0,-29000.0,422000.0,-0.155,293488000.0,188191000.0,904271000.0,0.0,0.982,-2.242,-2.225,22949432000.0,0.0,4.85,0.469,0.469,388402000.0,-2160915000.0,760961000.0,760961000.0,0.0,,,,,0.0,19010000.0,1.0,313813646.0,313813646.0,,2.425,28836900000.0,0.0,-14430000.0,861441000.0,91.892,
36,GGP,MRQ,2009-06-30,2009-06-30,2009-06-30,2021-08-25,-32216000.0,29120257000.0,,,,,5.237,-47972000.0,622844000.0,622844000.0,259738000.0,-158581000.0,,16.609,25466027000.0,,,25466027000.0,0.0,186472000.0,0.0,0.211,0.0,185691000.0,372163000.0,0.47,372163000.0,185691000.0,-142660000.0,-0.51,-0.51,-0.51,1643315000.0,,1643315000.0,25113178412.0,33.0,16.284,290370000.0,0.925,1.0,532357000.0,0.672,211540000.0,328351000.0,53751900000.0,,0.0,3655912000.0,,,27293828000.0,,,574191412.0,427099000.0,-32458000.0,0.0,162590000.0,-513000.0,163023000.0,-74266000.0,0.0,338342000.0,0.0,-158402000.0,-158402000.0,-158402000.0,0.0,-179000.0,-0.2,341835000.0,190522000.0,967423000.0,0.0,0.349,-0.987,-0.973,23163270000.0,0.0,1.83,0.174,0.174,396252000.0,-2043067000.0,792095000.0,792095000.0,0.0,,,,,0.0,39210000.0,1.0,313765799.0,313765799.0,,2.524,28908717000.0,0.0,15742000.0,860378000.0,92.135,
37,GGP,MRQ,2009-03-31,2009-03-31,2009-03-31,2021-08-25,-65243000.0,28903412000.0,,,,,5.636,-73203000.0,195745000.0,195745000.0,284637000.0,-404200000.0,,15.25,24734732000.0,,,24734732000.0,0.0,204615000.0,0.0,1.087,0.0,-79107000.0,125508000.0,0.159,125508000.0,-79107000.0,-407596000.0,-1.27,-1.27,-1.27,1767261000.0,,1767261000.0,24939251123.0,27.0,14.532,86334000.0,0.275,1.0,504003000.0,0.639,230901000.0,328489000.0,53211498000.0,,0.0,3639034000.0,,,26950452000.0,,,222637123.0,26752000.0,-3031000.0,43000.0,-57996000.0,-112000.0,-58946000.0,-73839000.0,0.0,159537000.0,0.0,-396082000.0,-396082000.0,-396082000.0,55000.0,-8118000.0,-0.502,599441000.0,-95438000.0,1347854000.0,0.0,0.126,-0.564,-0.568,23337404000.0,0.0,0.71,0.067,0.067,385982000.0,-1884668000.0,788640000.0,788640000.0,0.0,,,,,0.0,53401000.0,1.0,313573413.0,313573413.0,,2.515,28672511000.0,0.0,-11514000.0,867866000.0,91.438,
38,GGP,MRQ,2008-12-31,2008-12-31,2008-12-31,2021-08-25,-56128000.0,29557330000.0,,,,,6.843,-179161000.0,168993000.0,168993000.0,242072000.0,-4577000.0,,14.812,24788871000.0,,,24788871000.0,0.0,194042000.0,0.0,0.898,0.0,365102000.0,559144000.0,0.621,559144000.0,365102000.0,15511000.0,-0.02,-0.02,-0.02,1836141000.0,,1836141000.0,25014086718.0,18.0,11.836,-30866000.0,-0.115,1.0,658812000.0,0.731,340291000.0,349591000.0,53836917000.0,,0.0,3693291000.0,,,27196998000.0,,,346125718.0,29818000.0,-16119000.0,86000.0,92120000.0,-194000.0,74375000.0,-192852000.0,0.0,148295000.0,0.0,-6534000.0,-6534000.0,-6534000.0,39000.0,1957000.0,-0.007,310636000.0,348176000.0,1539149000.0,0.0,0.189,73.347,64.5,23800065000.0,0.0,1.29,0.103,0.103,385334000.0,-1488586000.0,900884000.0,900884000.0,0.0,,,,,0.0,52147000.0,1.0,268314510.0,268314510.0,,3.358,29217039000.0,0.0,22045000.0,868978000.0,108.891,
39,GGP,MRQ,2008-09-30,2008-09-30,2008-09-30,2021-08-25,20051000.0,29662127000.0,,,,,6.779,-185242000.0,139175000.0,139175000.0,231783000.0,-22263000.0,,15.057,24807136000.0,,,24807136000.0,0.0,190387000.0,0.0,0.102,0.386,294987000.0,485374000.0,0.596,485374000.0,294987000.0,-35700000.0,-0.08,-0.08,-0.08,1814885000.0,,1814885000.0,28461115628.0,21.0,13.95,32784000.0,0.122,1.0,582918000.0,0.715,373415000.0,330687000.0,53956673000.0,,0.0,3729505000.0,,,27326990000.0,,,4042325628.0,51731000.0,-100171000.0,811000.0,309313000.0,-159866000.0,117363000.0,-283658000.0,0.0,218026000.0,0.0,-20859000.0,-20859000.0,-20859000.0,-18023000.0,-1404000.0,-0.026,325247000.0,257671000.0,1655813000.0,-4.825,2.227,72.616,65.652,23869288000.0,0.0,15.1,1.193,1.193,372203000.0,-1451768000.0,814701000.0,814701000.0,0.0,,,,,0.0,15684000.0,1.0,267703684.0,267703684.0,,3.043,29288712000.0,0.0,-14841000.0,864041000.0,109.407,
40,GGP,MRQ,2008-06-30,2008-06-30,2008-06-30,2021-08-25,51941000.0,29505589000.0,,,,,7.443,-214327000.0,87444000.0,87444000.0,243217000.0,37932000.0,,13.54,24506234000.0,,,24506234000.0,0.0,191242000.0,0.0,0.043,0.386,354920000.0,546162000.0,0.67,546162000.0,354920000.0,35617000.0,0.12,0.12,0.12,1991001000.0,,1991001000.0,33526157163.0,25.0,16.274,-163173000.0,-0.61,1.0,572401000.0,0.702,385683000.0,319303000.0,53538696000.0,,0.0,3551584000.0,,,26958470000.0,,,9370266163.0,-169018000.0,-27497000.0,6764000.0,183580000.0,-159757000.0,29921000.0,-250093000.0,0.0,51154000.0,0.0,28751000.0,28751000.0,28751000.0,-37060000.0,9181000.0,0.035,267954000.0,304447000.0,1585110000.0,3.217,4.706,139.507,129.741,23969389000.0,0.0,35.03,2.725,2.725,373834000.0,-1302536000.0,815618000.0,815618000.0,0.0,,,,,0.0,13192000.0,1.0,267492611.0,267492611.0,,3.049,29119906000.0,0.0,6866000.0,867126000.0,108.862,
41,GGP,MRQ,2008-03-31,2008-03-31,2008-03-31,2021-08-25,32671000.0,29519446000.0,,,,,8.135,-535863000.0,256462000.0,256462000.0,242228000.0,7581000.0,,13.596,24412353000.0,,,24412353000.0,0.0,184259000.0,0.0,0.038,0.386,338444000.0,522703000.0,0.63,522703000.0,338444000.0,12752000.0,0.01,0.01,0.01,1984454000.0,,1984454000.0,33547660550.0,26.0,16.953,-396897000.0,-1.627,1.0,588094000.0,0.708,385683000.0,325692000.0,53289654000.0,,0.0,3478508000.0,,,26980217000.0,,,9311091550.0,156928000.0,41527000.0,821630000.0,-166336000.0,-147966000.0,500349000.0,-482387000.0,0.0,138966000.0,0.0,3360000.0,3360000.0,3360000.0,0.0,4221000.0,0.004,269814000.0,318280000.0,1701098000.0,38.6,4.692,198.921,212.056,23936808000.0,0.0,38.17,2.768,2.768,376443000.0,-1202905000.0,830322000.0,830322000.0,0.0,,,,,0.0,20374000.0,1.0,243937426.0,243937426.0,,3.404,29133763000.0,0.0,9392000.0,866766000.0,119.431,
42,GGP,MRQ,2007-12-31,2007-12-31,2007-12-31,2021-08-25,35658000.0,28814319000.0,,,,,5.975,-302795000.0,99534000.0,99534000.0,242345000.0,118370000.0,,18.456,24336103000.0,,,24336103000.0,0.0,142610000.0,0.0,0.035,0.386,343408000.0,486018000.0,0.523,486018000.0,343408000.0,6706000.0,0.18,0.18,0.18,1456696000.0,,1456696000.0,34129885306.0,29.0,18.535,-9248000.0,-0.038,1.0,686325000.0,0.739,385683000.0,336702000.0,52665205000.0,,0.0,3496702000.0,,,26884779000.0,,,10040169306.0,51240000.0,-20942000.0,3629000.0,214027000.0,-147958000.0,66515000.0,-308822000.0,0.0,293547000.0,0.0,44415000.0,44415000.0,44415000.0,0.0,73955000.0,0.048,455330000.0,230995000.0,1688241000.0,2.144,6.892,36.691,36.768,23347185000.0,0.0,41.18,3.078,3.078,388278000.0,-1087080000.0,928670000.0,928670000.0,0.0,,,,,0.0,35210000.0,1.0,243811785.0,243811785.0,,3.809,28428636000.0,0.0,-37709000.0,860435000.0,116.601,
43,GGP,MRQ,2007-09-30,2007-09-30,2007-09-30,2021-08-25,30747000.0,28535464000.0,,,,,6.148,-769470000.0,48294000.0,48294000.0,270883000.0,-9359000.0,,17.577,24138010000.0,,,24138010000.0,0.0,189436000.0,0.0,0.026,0.347,315802000.0,505238000.0,0.585,505238000.0,315802000.0,4934000.0,-0.04,-0.04,-0.04,1509966000.0,,1509966000.0,34464789591.0,28.0,17.894,-592997000.0,-2.415,1.0,593375000.0,0.687,385683000.0,310868000.0,52239497000.0,,0.0,3494790000.0,,,26540993000.0,,,13168167591.0,-16905000.0,-112873000.0,760000.0,830028000.0,-133136000.0,689280000.0,-882658000.0,0.0,176473000.0,0.0,-9359000.0,-9359000.0,-9359000.0,0.0,0.0,-0.011,265832000.0,327543000.0,1490931000.0,-8.675,8.721,43.973,43.593,23138040000.0,0.0,53.62,3.984,3.984,348708000.0,-1023878000.0,864258000.0,864258000.0,0.0,,,,,0.0,16868000.0,1.0,245583133.0,245583133.0,,3.519,28149781000.0,0.0,14293000.0,912052000.0,114.624,
44,GGP,MRQ,2007-06-30,2007-06-30,2007-06-30,2021-08-25,21019000.0,25502598000.0,,,,,6.587,-215453000.0,65199000.0,65199000.0,238687000.0,8392000.0,,14.483,21361821000.0,,,21361821000.0,0.0,163290000.0,0.0,0.026,0.347,301586000.0,464876000.0,0.628,464876000.0,301586000.0,26039000.0,0.03,0.03,0.03,1614283000.0,,1614283000.0,33807451827.0,28.0,18.013,-68489000.0,-0.279,1.0,501395000.0,0.677,400882000.0,275547000.0,46398338000.0,,0.0,3368394000.0,,,23380280000.0,,,12977254827.0,281000.0,-108621000.0,-86902000.0,491411000.0,-133823000.0,182228000.0,-328911000.0,0.0,146964000.0,0.0,8392000.0,8392000.0,8392000.0,0.0,0.0,0.011,224249000.0,277146000.0,1105128000.0,11.567,8.039,43.163,42.702,20320278000.0,0.0,52.95,4.072,4.072,311823000.0,-904820000.0,740082000.0,740082000.0,0.0,,,,,0.0,14743000.0,1.0,245085077.0,245085077.0,,3.02,25101716000.0,0.0,17647000.0,913331000.0,102.42,
45,GGP,MRQ,2007-03-31,2007-03-31,2007-03-31,2021-08-25,11204000.0,25304426000.0,,,,,7.486,-204364000.0,64918000.0,64918000.0,230183000.0,230194000.0,,12.563,20895115000.0,,,20895115000.0,0.0,175118000.0,0.0,0.021,0.347,210150000.0,385268000.0,0.529,385268000.0,210150000.0,-58198000.0,0.94,0.94,0.94,1824823000.0,,1824823000.0,36337447940.0,31.0,19.562,-113932000.0,-0.467,1.0,498605000.0,0.684,399459000.0,268348000.0,45735164000.0,,0.0,3230895000.0,,,22925754000.0,,,15740198940.0,-32221000.0,-57629000.0,47490000.0,228490000.0,-132915000.0,137888000.0,-260541000.0,0.0,90432000.0,0.0,230194000.0,230194000.0,230194000.0,0.0,0.0,0.316,256431000.0,242174000.0,1113743000.0,0.369,8.626,59.073,58.7,20249661000.0,0.0,64.57,4.987,4.987,321434000.0,-802971000.0,728788000.0,728788000.0,0.0,,,,,0.0,24848000.0,1.0,243769536.0,243769536.0,,2.99,24904967000.0,0.0,-288392000.0,916896000.0,102.166,
46,GGP,MRQ,2006-12-31,2006-12-31,2006-12-31,2021-08-25,9582000.0,25241445000.0,,,,,6.89,-273283000.0,97139000.0,97139000.0,342323000.0,70233000.0,,13.85,20694388000.0,,,20694388000.0,0.0,177852000.0,0.0,0.025,0.347,392857000.0,570709000.0,0.587,570709000.0,392857000.0,117097000.0,0.3,0.29,0.3,1664079000.0,,1664079000.0,32984335912.0,26.0,16.778,91715000.0,0.38,1.0,629502000.0,0.648,371674000.0,275760000.0,45467020000.0,,0.0,3154874000.0,,,23046785000.0,,,12614993912.0,17579000.0,-43726000.0,13211000.0,80498000.0,-132264000.0,-44157000.0,-308061000.0,0.0,364998000.0,4799000.0,70233000.0,70233000.0,70233000.0,823000.0,0.0,0.072,259600000.0,369902000.0,1050192000.0,1.157,7.581,212.829,208.92,20238892000.0,0.0,52.23,3.874,3.874,338709000.0,-868391000.0,971825000.0,971825000.0,0.0,,,,,0.0,18298000.0,1.0,241527741.0,241527741.0,,4.024,24869771000.0,0.0,46864000.0,1302205000.0,102.969,
47,GGP,MRQ,2006-09-30,2006-09-30,2006-09-30,2021-08-25,12073000.0,24996428000.0,,,,,6.977,-142715000.0,79560000.0,79560000.0,242713000.0,-8161000.0,,13.513,20448902000.0,,,20448902000.0,0.0,168624000.0,0.0,0.027,0.316,287337000.0,455961000.0,0.611,455961000.0,287337000.0,3064000.0,-0.03,-0.03,-0.03,1683457000.0,,1683457000.0,32117452616.0,26.0,16.6,-27020000.0,-0.112,1.0,503318000.0,0.675,361897000.0,284273000.0,45003873000.0,,0.0,3027743000.0,,,22748902000.0,,,11497719616.0,4157000.0,370451000.0,-14407000.0,-237529000.0,-120120000.0,-378517000.0,266730000.0,0.0,115695000.0,249000.0,-8161000.0,-8161000.0,-8161000.0,0.0,0.0,-0.011,237963000.0,265355000.0,1032698000.0,-10.533,6.83,206.385,198.542,20129007000.0,0.0,47.65,3.654,3.654,309629000.0,-824894000.0,746031000.0,746031000.0,0.0,,,,,0.0,16455000.0,1.0,241295270.0,241295270.0,,3.092,24634531000.0,0.0,11225000.0,1267302000.0,102.093,
48,GGP,MRQ,2006-06-30,2006-06-30,2006-06-30,2021-08-25,15967000.0,25299328000.0,,,,,7.318,-89958000.0,75403000.0,75403000.0,214634000.0,-25813000.0,,13.006,20695136000.0,,,20695136000.0,0.0,178372000.0,0.0,0.027,0.316,267288000.0,445660000.0,0.628,445660000.0,267288000.0,-11323000.0,-0.11,-0.11,-0.11,1764382000.0,,1764382000.0,31246432596.0,25.0,16.195,49704000.0,0.206,1.0,495175000.0,0.698,361897000.0,278611000.0,45557164000.0,,0.0,3371881000.0,,,22947202000.0,,,10863617596.0,10170000.0,52620000.0,-44620000.0,97436000.0,-120546000.0,-85549000.0,-38895000.0,0.0,139662000.0,-5048000.0,-25813000.0,-25813000.0,-25813000.0,0.0,0.0,-0.036,249727000.0,245448000.0,1002980000.0,-2.873,6.157,190.466,187.75,20077322000.0,0.0,45.06,3.453,3.453,336917000.0,-718305000.0,709809000.0,709809000.0,0.0,,,,,0.0,15487000.0,1.0,241092268.0,241092268.0,,2.944,24937431000.0,0.0,14490000.0,1249086000.0,103.435,
49,GGP,MRQ,2006-03-31,2006-03-31,2006-03-31,2021-08-25,14826000.0,25162704000.0,,,,,7.94,-170330000.0,65233000.0,65233000.0,285072000.0,23014000.0,,11.825,20448048000.0,,,20448048000.0,0.0,165346000.0,0.0,0.024,0.316,328212000.0,493558000.0,0.596,493558000.0,328212000.0,49418000.0,0.1,0.1,0.1,1913520000.0,,1913520000.0,32094029334.0,26.0,16.764,25666000.0,0.106,1.0,543547000.0,0.656,361897000.0,278794000.0,45183622000.0,,0.0,3430020000.0,,,22626537000.0,,,11777945334.0,-37558000.0,30598000.0,9158000.0,42400000.0,-119893000.0,-103380000.0,-130174000.0,0.0,195996000.0,0.0,23014000.0,23014000.0,23014000.0,0.0,0.0,0.028,235801000.0,307746000.0,925675000.0,3.16,6.155,137.751,135.75,19765450000.0,0.0,48.87,3.687,3.687,337391000.0,-593676000.0,828619000.0,828619000.0,0.0,,,,,0.0,17188000.0,1.0,241005634.0,241005634.0,,3.438,24800807000.0,0.0,26404000.0,1252814000.0,102.906,
50,GGP,MRQ,2005-12-31,2005-12-31,2005-12-31,2021-08-25,10454000.0,25307019000.0,,,,,8.096,5205000.0,102791000.0,102791000.0,295378000.0,66670000.0,,11.763,20436846000.0,,,20436846000.0,0.0,180422000.0,0.0,0.024,0.316,359220000.0,539642000.0,0.626,539642000.0,359220000.0,89001000.0,0.28,0.28,0.28,1932918000.0,,1932918000.0,31715404479.0,27.0,17.27,354168000.0,1.483,1.0,566798000.0,0.657,420624000.0,270219000.0,45220450000.0,,0.0,3469160000.0,,,22737865000.0,,,11218981479.0,82053000.0,27811000.0,-65872000.0,-101275000.0,-119880000.0,-304937000.0,38027000.0,0.0,348963000.0,0.0,66670000.0,66670000.0,66670000.0,-6702000.0,0.0,0.077,245127000.0,321671000.0,1014443000.0,1.129,5.804,148.492,146.844,19830775000.0,0.0,46.99,3.651,3.651,356733000.0,-518555000.0,862176000.0,862176000.0,0.0,,,,,0.0,25801000.0,1.0,238752532.0,238752532.0,,3.611,24886395000.0,0.0,22331000.0,1286576000.0,104.235,
51,GGP,MRQ,2005-09-30,2005-09-30,2005-09-30,2021-08-25,12217000.0,25307187000.0,,,,,8.184,-157007000.0,20738000.0,20738000.0,239468000.0,-6834000.0,,11.649,20517161000.0,,,20517161000.0,0.0,171258000.0,0.0,0.025,0.278,279250000.0,450508000.0,0.604,450508000.0,279250000.0,8030000.0,-0.03,-0.03,-0.03,1950346000.0,,1950346000.0,31115541923.0,29.0,18.23,-20776000.0,-0.087,1.0,506375000.0,0.679,0.0,271220000.0,45803610000.0,,0.0,3477271000.0,,,22719125000.0,,,10707689923.0,-29811000.0,42754000.0,-24509000.0,81431000.0,-105094000.0,-69209000.0,-96833000.0,0.0,136231000.0,0.0,-6834000.0,-6834000.0,-6834000.0,-1687000.0,0.0,-0.009,244976000.0,261399000.0,992393000.0,-9.267,5.49,104.473,97.674,20124396000.0,0.0,44.93,3.72,3.72,301708000.0,-486000000.0,745843000.0,745843000.0,0.0,,,,,0.0,18464000.0,1.0,238319384.0,238319384.0,,3.13,25307187000.0,0.0,14864000.0,1209571000.0,106.19,
52,GGP,MRQ,2005-06-30,2005-06-30,2005-06-30,2021-08-25,4582000.0,25358796000.0,,,,,8.595,-83724000.0,50549000.0,50549000.0,282880000.0,2652000.0,,11.067,20458401000.0,,,20458401000.0,0.0,168171000.0,0.0,0.026,0.278,262540000.0,430711000.0,0.568,430711000.0,262540000.0,18011000.0,0.01,0.01,0.01,2044244000.0,,2044244000.0,30117001846.0,31.0,20.098,148493000.0,0.624,1.0,475350000.0,0.627,0.0,244529000.0,45766648000.0,,0.0,3494122000.0,,,22622754000.0,,,9773326846.0,1414000.0,116304000.0,8921000.0,60228000.0,-104986000.0,-238781000.0,7978000.0,0.0,232217000.0,0.0,2652000.0,2652000.0,2652000.0,-1768000.0,0.0,0.003,239914000.0,235436000.0,880178000.0,27.8,4.781,56.396,52.679,20051326000.0,0.0,41.09,3.862,3.862,252670000.0,-381902000.0,758230000.0,758230000.0,0.0,,,,,0.0,18034000.0,1.0,237851712.0,237851712.0,,3.188,25358796000.0,0.0,15359000.0,1284175000.0,106.616,
53,GGP,MRQ,2005-03-31,2005-03-31,2005-03-31,2021-08-25,2581000.0,25750014000.0,,,,,8.944,-118908000.0,49135000.0,49135000.0,234902000.0,13065000.0,,10.761,20392810000.0,,,20392810000.0,0.0,158544000.0,0.0,0.03,0.278,257032000.0,415576000.0,0.588,415576000.0,257032000.0,11758000.0,0.06,0.06,0.06,2124639000.0,,2124639000.0,28371980622.0,33.0,21.939,5659000.0,0.024,1.0,471555000.0,0.667,0.0,245274000.0,46093689000.0,,0.0,3642320000.0,,,22862722000.0,,,8100614622.0,9554000.0,4628000.0,27729000.0,74892000.0,-104590000.0,-11644000.0,-103369000.0,0.0,124567000.0,0.0,13065000.0,13065000.0,13065000.0,-1530000.0,0.0,0.018,231120000.0,240435000.0,1055347000.0,4.633,3.813,36.523,33.762,20145704000.0,0.0,34.1,3.774,3.774,251082000.0,-298951000.0,706457000.0,706457000.0,0.0,,,,,0.0,16763000.0,1.0,237554681.0,237554681.0,,2.974,25750014000.0,0.0,-1307000.0,1414565000.0,108.396,
54,GGP,MRQ,2004-12-31,2004-12-31,2004-12-31,2021-08-25,-3685000.0,25718625000.0,,,,,9.799,-7195742000.0,39581000.0,39581000.0,203264000.0,93609000.0,,10.555,20310947000.0,,,20310947000.0,0.0,120491000.0,0.0,0.027,0.278,289573000.0,410064000.0,0.614,410064000.0,289573000.0,95952000.0,0.42,0.42,0.42,2143150000.0,,2143150000.0,16502074083.0,22.0,15.129,-7000920000.0,-32.011,1.0,464912000.0,0.696,356796000.0,193621000.0,45633195000.0,,0.0,3583554000.0,,,22621032000.0,,,7908216083.0,18618000.0,53631000.0,515670000.0,6559378000.0,-98818000.0,6960448000.0,-7136652000.0,0.0,194822000.0,0.0,93609000.0,93609000.0,93609000.0,-12297000.0,0.0,0.14,189902000.0,275010000.0,895520000.0,0.662,3.69,29.525,29.639,20217291000.0,0.0,36.16,4.394,4.394,242425000.0,-227511000.0,668176000.0,668176000.0,0.0,,,,,0.0,17314000.0,1.0,218700666.0,218700666.0,,3.055,25361829000.0,0.0,2343000.0,1414565000.0,115.966,
55,GGP,MRQ,2004-09-30,2004-09-30,2004-09-30,2021-08-25,-11680000.0,11537666000.0,,,,,7.313,-422749000.0,20963000.0,20963000.0,102858000.0,63973000.0,,6.217,8614821000.0,,,8614821000.0,0.0,77552000.0,0.0,0.03,0.231,164640000.0,242192000.0,0.609,242192000.0,164640000.0,63623000.0,0.29,0.29,0.29,1598637000.0,,1598637000.0,14933120197.0,24.0,16.202,-241616000.0,-1.105,1.0,294643000.0,0.741,0.0,101017000.0,20131524000.0,,0.0,759481000.0,,,9939029000.0,,,6776494197.0,5698000.0,-7874000.0,2590000.0,442930000.0,-82320000.0,258947000.0,-434382000.0,0.0,181133000.0,0.0,63973000.0,63973000.0,63973000.0,-1000000.0,0.0,0.161,126352000.0,168291000.0,531790000.0,0.797,4.239,24.765,24.219,10346044000.0,0.0,31.0,4.475,4.475,163009000.0,-321121000.0,397501000.0,397501000.0,0.0,,,,,0.0,14448000.0,1.0,218596587.0,218596587.0,,1.818,11537666000.0,0.0,-350000.0,0.0,52.781,
56,GGP,MRQ,2004-06-30,2004-06-30,2004-06-30,2021-08-25,-10138000.0,11148201000.0,,,,,7.709,-1158528000.0,15265000.0,15265000.0,101937000.0,51148000.0,,5.637,8171891000.0,,,8171891000.0,0.0,83401000.0,0.0,0.036,0.231,141990000.0,225391000.0,0.602,225391000.0,141990000.0,51530000.0,0.24,0.23,0.24,1679630000.0,,1679630000.0,13402259980.0,22.0,15.768,-948591000.0,-4.354,1.0,272438000.0,0.728,0.0,90460000.0,19304827000.0,,0.0,755816000.0,,,9468571000.0,,,6442875980.0,6327000.0,-143177000.0,5505000.0,1203570000.0,-82144000.0,1099993000.0,-1303603000.0,0.0,209937000.0,0.0,51148000.0,51148000.0,51148000.0,-901000.0,0.0,0.137,126969000.0,145469000.0,485608000.0,0.963,3.836,23.766,23.102,9997981000.0,0.0,29.57,4.467,4.467,150074000.0,-240792000.0,374375000.0,374375000.0,0.0,,,,,0.0,13327000.0,1.0,217885559.0,217885559.0,,1.718,11148201000.0,0.0,382000.0,0.0,51.165,
57,GGP,MRQ,2004-03-31,2004-03-31,2004-03-31,2021-08-25,-16032000.0,9911465000.0,,,,,7.652,-157821000.0,8938000.0,8938000.0,94329000.0,59123000.0,,4.949,6968322000.0,,,6968322000.0,0.0,66859000.0,0.0,0.023,0.231,146217000.0,213076000.0,0.592,213076000.0,146217000.0,59130000.0,0.27,0.27,0.27,1666185000.0,,1666185000.0,14292958580.0,25.0,17.991,-24337000.0,-0.112,1.0,265497000.0,0.738,0.0,87087000.0,16870849000.0,,0.0,606098000.0,,,8245280000.0,,,7654145580.0,-1739000.0,11405000.0,8211000.0,96929000.0,-81981000.0,10955000.0,-146178000.0,0.0,133484000.0,0.0,59123000.0,59123000.0,59123000.0,-788000.0,0.0,0.164,112977000.0,152520000.0,358906000.0,0.856,4.594,28.994,27.677,8917836000.0,0.0,35.15,5.658,5.658,152573000.0,-226581000.0,359826000.0,359826000.0,0.0,,,,,0.0,12630000.0,1.0,217756631.0,217756631.0,,1.652,9911465000.0,0.0,7000.0,0.0,45.516,
58,GGP,MRQ,2003-12-31,2003-12-31,2003-12-31,2021-08-25,-16275000.0,9582897000.0,,,,,7.775,-773535000.0,10677000.0,10677000.0,96898000.0,99387000.0,,4.737,6649490000.0,,,6649490000.0,0.0,62653000.0,0.0,0.035,0.231,178390000.0,241043000.0,0.63,241043000.0,178390000.0,99485000.0,0.48,0.46,0.48,1670409000.0,,1670409000.0,11878743970.0,22.0,15.893,-523786000.0,-2.438,1.0,285774000.0,0.747,0.0,78905000.0,16221710000.0,,0.0,630613000.0,,,7912488000.0,,,5962144970.0,-127654000.0,-757000.0,6132000.0,490863000.0,-81953000.0,404450000.0,-781853000.0,-476000.0,249749000.0,0.0,99387000.0,99387000.0,99387000.0,0.0,0.0,0.26,103877000.0,181897000.0,359174000.0,0.481,3.569,23.812,22.2,8576113000.0,0.0,27.75,4.721,4.721,148485000.0,-220512000.0,382672000.0,382672000.0,0.0,,,,,0.0,12557000.0,1.0,214852071.0,214852071.0,,1.781,9582897000.0,0.0,98000.0,0.0,44.602,
59,GGP,MRQ,2003-09-30,2003-09-30,2003-09-30,2021-08-25,-21389000.0,8860939000.0,,,,,7.454,-403905000.0,138331000.0,138331000.0,87658000.0,61433000.0,,4.544,6054930000.0,,,6054930000.0,0.0,34371000.0,0.0,0.048,0.36,136103000.0,170474000.0,0.524,170474000.0,136103000.0,61433000.0,0.29,0.28,0.29,1598375000.0,,1598375000.0,10125889606.0,20.0,14.611,-306289000.0,-1.428,1.0,237907000.0,0.731,0.0,74670000.0,14777538000.0,,0.0,624997000.0,,,7262564000.0,,,5124898606.0,118316000.0,-10761000.0,6252000.0,506163000.0,-59464000.0,435042000.0,-414342000.0,0.0,97616000.0,0.0,61433000.0,61433000.0,61433000.0,0.0,0.0,0.189,95167000.0,142740000.0,312687000.0,1.241,3.206,22.757,20.657,7722120000.0,0.0,23.9,4.316,4.316,132485000.0,-255496000.0,325565000.0,325565000.0,0.0,,,,,0.0,11208000.0,1.0,214430904.0,214430904.0,,1.518,8860939000.0,0.0,0.0,0.0,41.323,
60,GGP,MRQ,2003-06-30,2003-06-30,2003-06-30,2021-08-25,-30676000.0,7753019000.0,,,,,6.475,-522418000.0,20015000.0,20015000.0,84891000.0,51003000.0,,5.352,5021006000.0,,,5021006000.0,0.0,54624000.0,0.0,0.046,0.185,115228000.0,169852000.0,0.597,169852000.0,115228000.0,51003000.0,0.23,0.23,0.23,1220658000.0,,1220658000.0,8431146866.0,18.0,12.376,-407308000.0,-2.161,1.0,199796000.0,0.702,0.0,64225000.0,12754010000.0,,0.0,785387000.0,,,6532361000.0,,,3923712866.0,-4088000.0,-7544000.0,7236000.0,489468000.0,-59295000.0,410310000.0,-529508000.0,129000.0,115110000.0,0.0,51003000.0,44050000.0,44050000.0,0.0,0.0,0.155,83042000.0,116754000.0,336412000.0,0.804,3.214,18.842,18.87,6602332000.0,6953000.0,20.813,3.506,3.506,129909000.0,-316929000.0,284687000.0,284687000.0,0.0,,,,,0.0,10478000.0,1.0,188519196.0,188519196.0,,1.51,7753019000.0,0.0,0.0,0.0,41.126,
61,GGP,MRQ,2003-03-31,2003-03-31,2003-03-31,2021-08-25,-29209000.0,7241355000.0,,,,,6.447,-17522000.0,24103000.0,24103000.0,81585000.0,51588000.0,,4.967,4531537000.0,,,4531537000.0,0.0,53737000.0,0.0,0.052,0.185,112331000.0,166068000.0,0.606,166068000.0,112331000.0,51588000.0,0.24,0.24,0.24,1213582000.0,,1213582000.0,7923936282.0,17.0,12.342,105738000.0,0.562,1.0,192302000.0,0.702,0.0,60743000.0,11748789000.0,,0.0,778460000.0,,,6027773000.0,,,3385265282.0,-29537000.0,-10786000.0,11688000.0,-60773000.0,-59089000.0,-125074000.0,-27723000.0,347000.0,123260000.0,0.0,51588000.0,45511000.0,45511000.0,0.0,0.0,0.166,82488000.0,109814000.0,313043000.0,0.771,2.789,17.021,16.965,6132470000.0,6077000.0,17.983,3.242,3.242,127142000.0,-315562000.0,273887000.0,273887000.0,0.0,,,,,0.0,10987000.0,1.0,188244594.0,188244594.0,,1.455,7241355000.0,0.0,0.0,0.0,38.468,
62,GGP,MRQ,2002-12-31,2002-12-31,2002-12-31,2021-08-25,-29125000.0,7280822000.0,,,,,6.396,-175659000.0,53640000.0,53640000.0,76960000.0,80326000.0,,5.085,4592311000.0,,,4592311000.0,0.0,44185000.0,0.0,0.053,0.425,142441000.0,186626000.0,0.615,186626000.0,142441000.0,80445000.0,0.397,0.387,0.397,1196525000.0,,1196525000.0,7651245156.0,18.0,12.731,-8672000.0,-0.046,1.0,226268000.0,0.746,0.0,61996000.0,11819493000.0,,0.0,766995000.0,,,6084297000.0,,,3242681156.0,28912000.0,-49053000.0,2151000.0,159018000.0,-59058000.0,86238000.0,-224313000.0,-476000.0,166987000.0,0.0,80326000.0,74210000.0,74210000.0,850000.0,0.0,0.245,88581000.0,137687000.0,304416000.0,1.071,2.71,17.548,17.508,6159565000.0,6116000.0,17.333,3.331,3.331,126587000.0,-315844000.0,303228000.0,303228000.0,0.0,,,,,0.0,14608000.0,1.0,187077759.0,187077759.0,,1.621,7280822000.0,0.0,119000.0,0.0,38.919,
63,GGP,MRQ,2002-09-30,2002-09-30,2002-09-30,2021-08-25,-27723000.0,6974992000.0,,,,,6.234,-540558000.0,24728000.0,24728000.0,69513000.0,50584000.0,,4.993,4433292000.0,,,4433292000.0,0.0,48031000.0,0.0,0.039,0.167,110682000.0,158713000.0,0.616,158713000.0,110682000.0,50584000.0,0.237,0.237,0.237,1163789000.0,,1163789000.0,6486191088.0,16.0,11.592,-421612000.0,-2.258,1.0,187943000.0,0.73,0.0,60098000.0,11383556000.0,,0.0,675879000.0,,,5811203000.0,,,3204702088.0,-54438000.0,-75129000.0,3466000.0,505721000.0,-53162000.0,441979000.0,-615363000.0,0.0,118946000.0,0.0,50584000.0,44467000.0,44467000.0,-274000.0,0.0,0.173,71821000.0,116122000.0,238327000.0,0.705,2.754,20.899,19.892,5995525000.0,6117000.0,17.167,3.594,3.594,107388000.0,-344949000.0,257456000.0,257456000.0,0.0,,,,,0.0,9010000.0,1.0,186681675.0,186681675.0,,1.379,6974992000.0,0.0,0.0,0.0,37.363,
64,GGP,MRQ,2002-06-30,2002-06-30,2002-06-30,2021-08-25,-8996000.0,5657292000.0,,,,,6.34,-244870000.0,79166000.0,79166000.0,58202000.0,40813000.0,,3.785,3360655000.0,,,3360655000.0,0.0,41090000.0,0.0,0.037,0.167,89518000.0,130608000.0,0.623,130608000.0,89518000.0,40813000.0,0.187,0.187,0.187,1182382000.0,,1182382000.0,6444913208.0,17.0,12.213,-145858000.0,-0.782,1.0,151417000.0,0.722,0.0,48705000.0,8938781000.0,,0.0,609438000.0,,,4474910000.0,,,3170303208.0,-36599000.0,16114000.0,6202000.0,-83012000.0,-53068000.0,-76611000.0,-59000000.0,154594000.0,99012000.0,0.0,40813000.0,34696000.0,34696000.0,-435000.0,0.0,0.166,62633000.0,88784000.0,163958000.0,0.893,2.681,22.955,20.91,4731435000.0,6117000.0,17.0,3.817,3.817,97856000.0,-344526000.0,209619000.0,209619000.0,0.0,,,,,0.0,7764000.0,1.0,186488424.0,186488424.0,,1.124,5657292000.0,0.0,0.0,0.0,30.336,
65,GGP,MRQ,2002-03-31,2002-03-31,2002-03-31,2021-08-25,7811000.0,5626706000.0,,,,,6.347,-45281000.0,115765000.0,115765000.0,58211000.0,37551000.0,,3.765,3390375000.0,,,3390375000.0,0.0,39287000.0,0.0,0.041,0.167,85781000.0,125068000.0,0.616,125068000.0,85781000.0,37551000.0,0.17,0.17,0.17,1180874000.0,,1180874000.0,5978636815.0,19.0,12.715,30269000.0,0.163,1.0,144926000.0,0.713,0.0,48230000.0,8901316000.0,,0.0,786868000.0,,,4445832000.0,,,2741184815.0,-44990000.0,-5963000.0,1048000.0,-7832000.0,-52988000.0,-69805000.0,-50735000.0,509000.0,75550000.0,0.0,37551000.0,31434000.0,31434000.0,-442000.0,0.0,0.155,60024000.0,84902000.0,158721000.0,0.982,2.321,34.85,31.348,4474241000.0,6117000.0,14.733,3.382,3.382,97875000.0,-337232000.0,203137000.0,203137000.0,0.0,,,,,0.0,6163000.0,1.0,186053268.0,186053268.0,,1.092,5626706000.0,0.0,0.0,0.0,30.242,
66,GGP,MRQ,2001-12-31,2001-12-31,2001-12-31,2021-08-25,2220000.0,5646807000.0,,,,,7.483,-27037000.0,160755000.0,160755000.0,-3188000.0,48858000.0,,3.772,3398207000.0,,,3398207000.0,0.0,31985000.0,0.0,0.045,0.167,113177000.0,145162000.0,0.655,145162000.0,113177000.0,48858000.0,0.27,0.27,0.27,1183386000.0,,1183386000.0,5597206912.0,18.0,12.109,48411000.0,0.306,1.0,224772000.0,1.014,0.0,64319000.0,8884259000.0,,0.0,772964000.0,,,4463421000.0,,,2045353912.0,128092000.0,136272000.0,345428000.0,-186309000.0,-46985000.0,98512000.0,-45868000.0,-155103000.0,75448000.0,0.0,48858000.0,42742000.0,42742000.0,-1362000.0,0.0,0.193,121417000.0,103355000.0,167194000.0,0.619,1.728,30.148,30.078,4464562000.0,6116000.0,12.933,2.559,2.559,93043000.0,-328349000.0,221584000.0,221584000.0,0.0,,,,,0.0,29043000.0,1.0,158145921.0,158145921.0,,1.401,5646807000.0,0.0,0.0,0.0,35.706,
67,GGP,MRQ,2001-09-30,2001-09-30,2001-09-30,2021-08-25,-785000.0,5500714000.0,,,,,5.567,-233185000.0,32663000.0,32663000.0,66175000.0,35356000.0,,5.279,3584516000.0,,,3584516000.0,0.0,38393000.0,0.0,0.047,0.136,88480000.0,126873000.0,0.646,126873000.0,88480000.0,35356000.0,0.187,0.187,0.187,876078000.0,,876078000.0,5218465351.0,16.0,11.263,-150932000.0,-0.959,1.0,130094000.0,0.663,0.0,53124000.0,9052567000.0,,0.0,743364000.0,,,4624636000.0,,,1823881351.0,-15098000.0,21025000.0,1474000.0,142171000.0,-58932000.0,94809000.0,-192160000.0,20000000.0,82253000.0,0.0,35356000.0,29239000.0,29239000.0,0.0,0.0,0.149,40036000.0,90058000.0,189157000.0,0.727,2.082,26.289,26.163,4482279000.0,6117000.0,11.59,2.351,2.351,84665000.0,-330824000.0,196269000.0,196269000.0,0.0,,,,,0.0,1109000.0,1.0,157366812.0,157366812.0,,1.247,5500714000.0,0.0,0.0,0.0,34.955,
68,GGP,MRQ,2001-06-30,2001-06-30,2001-06-30,2021-08-25,-397000.0,5370058000.0,,,,,5.604,-12784000.0,47761000.0,47761000.0,69641000.0,-18641000.0,,5.094,3442345000.0,,,3442345000.0,0.0,39473000.0,0.0,0.041,0.136,33639000.0,73112000.0,0.386,73112000.0,33639000.0,-18641000.0,-0.157,-0.157,-0.157,881237000.0,,881237000.0,5401686089.0,17.0,11.851,2309000.0,0.015,1.0,119901000.0,0.633,0.0,52280000.0,8764642000.0,,0.0,798014000.0,,,4488821000.0,,,2063039089.0,25666000.0,10671000.0,223000.0,81603000.0,-27778000.0,32686000.0,-22113000.0,-20000000.0,15093000.0,0.0,-18641000.0,-24758000.0,-24758000.0,0.0,0.0,-0.131,104404000.0,15497000.0,191001000.0,-0.866,2.341,31.552,31.463,4280721000.0,6117000.0,13.12,2.741,2.741,88092000.0,-325801000.0,189542000.0,189542000.0,0.0,,,,,0.0,1827000.0,1.0,157243833.0,157243833.0,,1.205,5370058000.0,0.0,0.0,0.0,34.151,
69,GGP,MRQ,2001-03-31,2001-03-31,2001-03-31,2021-08-25,-1270000.0,5359577000.0,,,,,5.937,-112267000.0,22095000.0,22095000.0,70357000.0,26737000.0,,4.746,3360742000.0,,,3360742000.0,0.0,35012000.0,0.0,0.045,0.136,81999000.0,117011000.0,0.61,117011000.0,81999000.0,26737000.0,0.13,0.13,0.13,932803000.0,,932803000.0,5047369488.0,14.0,10.146,-77936000.0,-0.496,1.0,121613000.0,0.634,0.0,55262000.0,8698224000.0,,0.0,742887000.0,,,4426774000.0,,,1830472488.0,-5134000.0,5042000.0,1221000.0,116616000.0,-27744000.0,67760000.0,-107225000.0,0.0,34331000.0,0.0,26737000.0,20620000.0,20620000.0,0.0,0.0,0.107,35817000.0,85796000.0,200993000.0,1.046,1.962,16.347,16.339,4333761000.0,6117000.0,11.65,2.514,2.514,106300000.0,-273242000.0,191970000.0,191970000.0,0.0,,,,,0.0,1517000.0,1.0,157122102.0,157122102.0,,1.222,5359577000.0,0.0,0.0,0.0,34.111,
70,GGP,MRQ,2000-12-31,2000-12-31,2000-12-31,2021-08-25,0.0,5284104000.0,,,,,5.995,-92670000.0,27229000.0,27229000.0,61323000.0,50394000.0,,4.631,3244126000.0,,,3244126000.0,0.0,32504000.0,0.0,0.043,0.131,113824000.0,146328000.0,0.739,146328000.0,113824000.0,50394000.0,0.283,0.283,0.283,938418000.0,,938418000.0,5037408110.0,14.0,10.286,-12269000.0,-0.078,1.0,136649000.0,0.69,0.0,63430000.0,8501001000.0,,0.0,828805000.0,,,4345686000.0,,,1888178110.0,-8443000.0,3291000.0,-169980000.0,59225000.0,-66931000.0,11763000.0,-100607000.0,0.0,80401000.0,0.0,50394000.0,44278000.0,44278000.0,0.0,0.0,0.224,24610000.0,112039000.0,233902000.0,0.463,2.012,16.639,16.593,4188610000.0,6116000.0,12.063,2.702,2.702,96157000.0,-9449000.0,197972000.0,197972000.0,0.0,,,,,0.0,1630000.0,1.0,156522087.0,156522087.0,,1.265,5284104000.0,0.0,0.0,0.0,33.759,
71,GGP,MRQ,2000-09-30,2000-09-30,2000-09-30,2021-08-25,-1714000.0,5172495000.0,,,,,5.882,-88885000.0,35672000.0,35672000.0,54167000.0,31363000.0,,4.626,3184902000.0,,,3184902000.0,0.0,32427000.0,0.0,0.037,0.131,86913000.0,119340000.0,0.689,119340000.0,86913000.0,31363000.0,0.16,0.16,0.16,919328000.0,,919328000.0,4737695464.0,13.0,9.841,-16948000.0,-0.108,1.0,119119000.0,0.687,0.0,55550000.0,8321725000.0,,0.0,780479000.0,,,4253167000.0,,,1677123464.0,-4591000.0,-15527000.0,1681000.0,84066000.0,-26541000.0,37566000.0,-114094000.0,0.0,71937000.0,0.0,31363000.0,25246000.0,25246000.0,0.0,0.0,0.146,34510000.0,84609000.0,205262000.0,0.819,1.824,16.528,16.184,4137253000.0,6117000.0,10.73,2.441,2.441,75297000.0,-282617000.0,173286000.0,173286000.0,0.0,,,,,0.0,1699000.0,1.0,156302280.0,156302280.0,,1.109,5172495000.0,0.0,0.0,0.0,33.093,
72,GGP,MRQ,2000-06-30,2000-06-30,2000-06-30,2021-08-25,-1714000.0,5080081000.0,,,,,5.885,-54970000.0,40263000.0,40263000.0,49356000.0,27950000.0,,4.536,3100835000.0,,,3100835000.0,0.0,32355000.0,0.0,0.037,0.131,82451000.0,114806000.0,0.696,114806000.0,82451000.0,27950000.0,0.14,0.14,0.14,917644000.0,,917644000.0,4822449382.0,14.0,10.51,22924000.0,0.147,1.0,115670000.0,0.701,0.0,54501000.0,8140653000.0,,0.0,757863000.0,,,4162437000.0,,,1651158382.0,18746000.0,-12883000.0,172238000.0,-138565000.0,-26483000.0,-9029000.0,-50119000.0,0.0,77894000.0,0.0,27950000.0,21833000.0,21833000.0,0.0,0.0,0.132,35632000.0,80038000.0,196762000.0,0.936,1.799,17.603,17.081,4077305000.0,6117000.0,10.59,2.466,2.466,74007000.0,-281267000.0,165026000.0,165026000.0,0.0,,,,,0.0,1593000.0,1.0,155916750.0,155916750.0,,1.058,5080081000.0,0.0,0.0,0.0,32.582,
73,GGP,MRQ,2000-03-31,2000-03-31,2000-03-31,2021-08-25,-1714000.0,5013133000.0,,,,,5.929,-50209000.0,21517000.0,21517000.0,53013000.0,28241000.0,,4.427,3192808000.0,,,3192808000.0,0.0,29403000.0,0.0,0.038,0.131,76226000.0,105629000.0,0.65,105629000.0,76226000.0,28241000.0,0.143,0.143,0.143,923692000.0,,923692000.0,4674616413.0,15.0,10.834,6662000.0,0.043,1.0,109470000.0,0.674,0.0,47985000.0,8184424000.0,,0.0,804208000.0,,,4089441000.0,,,1580675413.0,-4076000.0,-45061000.0,735000.0,73274000.0,-26481000.0,31147000.0,-92094000.0,0.0,56871000.0,0.0,28241000.0,22124000.0,22124000.0,0.0,0.0,0.136,33286000.0,76184000.0,203597000.0,0.916,1.711,17.512,16.183,3973161000.0,6117000.0,10.147,2.468,2.468,78106000.0,-276558000.0,162483000.0,162483000.0,0.0,,,,,0.0,1429000.0,1.0,155782728.0,155782728.0,,1.043,5013133000.0,0.0,0.0,0.0,32.18,
74,GGP,MRQ,1999-12-31,1999-12-31,1999-12-31,2021-08-25,-1714000.0,4954895000.0,,,,,5.982,-197137000.0,25593000.0,25593000.0,56293000.0,38384000.0,,4.341,3119534000.0,,,3119534000.0,0.0,32824000.0,0.0,0.053,0.126,108849000.0,141673000.0,0.761,141673000.0,108849000.0,38384000.0,0.22,0.217,0.22,927758000.0,,927758000.0,4819805900.0,17.0,11.913,-130793000.0,-0.843,1.0,129846000.0,0.698,0.0,70465000.0,8048836000.0,,0.0,762446000.0,,,4027137000.0,,,1447527900.0,19601000.0,-2148000.0,-1355000.0,147520000.0,-25322000.0,108341000.0,-155084000.0,-31065000.0,66344000.0,0.0,38384000.0,32268000.0,32268000.0,0.0,0.0,0.173,33774000.0,96072000.0,213563000.0,0.573,1.56,18.883,16.756,3949878000.0,6116000.0,9.333,2.364,2.364,84123000.0,-272199000.0,186139000.0,186139000.0,0.0,,,,,0.0,1671000.0,1.0,155092275.0,155092275.0,,1.2,4954895000.0,0.0,0.0,0.0,31.948,
75,GGP,MRQ,1999-09-30,1999-09-30,1999-09-30,2021-08-25,-1758000.0,5256528000.0,,,,,6.13,-869547000.0,5992000.0,5992000.0,46789000.0,23690000.0,,4.7,3378270000.0,,,3378270000.0,0.0,29283000.0,0.0,0.047,0.0,67454000.0,96737000.0,0.62,96737000.0,67454000.0,23690000.0,0.117,0.117,0.117,922247000.0,,922247000.0,4417530888.0,17.0,12.179,-839083000.0,-5.577,1.0,109238000.0,0.7,0.0,43764000.0,8628806000.0,,0.0,618501000.0,,,4334281000.0,,,1627838888.0,-12613000.0,-31518000.0,331725000.0,569973000.0,-19651000.0,848364000.0,-891441000.0,0.0,30464000.0,0.0,23690000.0,17573000.0,17573000.0,0.0,0.0,0.113,32729000.0,76509000.0,264094000.0,0.0,1.765,27.094,22.199,4398292000.0,6117000.0,10.5,2.853,2.768,84187000.0,-277985000.0,156027000.0,156027000.0,0.0,,,,,0.0,1089000.0,1.0,155032275.0,150447000.0,150642000.0,1.037,5256528000.0,0.0,0.0,0.0,34.939,
76,GGP,MRQ,1999-06-30,1999-06-30,1999-06-30,2021-08-25,0.0,4260247000.0,,,,,5.188,-68452000.0,18605000.0,18605000.0,43128000.0,24415000.0,,5.574,2808297000.0,,,2808297000.0,0.0,25752000.0,0.0,0.052,0.126,61685000.0,87437000.0,0.643,87437000.0,61685000.0,24415000.0,0.147,0.147,0.147,648080000.0,,648080000.0,4162534833.0,17.0,12.351,-3138000.0,-0.025,1.0,92788000.0,0.683,0.0,37270000.0,7049939000.0,,0.0,560678000.0,,,3612167000.0,,,1423701833.0,4065000.0,-5694000.0,-25000.0,54924000.0,-19136000.0,18962000.0,-80211000.0,0.0,65314000.0,0.0,24415000.0,18298000.0,18298000.0,0.0,0.0,0.135,29810000.0,62978000.0,156499000.0,0.857,2.197,26.156,25.339,3496359000.0,6117000.0,11.833,2.698,2.801,75907000.0,-270237000.0,135916000.0,135916000.0,0.0,,,,,0.0,1596000.0,1.0,120312831.0,124914000.0,125328000.0,1.088,4260247000.0,0.0,0.0,0.0,34.105,
77,GGP,MRQ,1999-03-31,1999-03-31,1999-03-31,2021-08-25,0.0,4139322000.0,,,,,5.022,-113235000.0,14540000.0,14540000.0,42985000.0,14636000.0,,5.859,2753373000.0,,,2753373000.0,0.0,25015000.0,0.0,0.056,0.247,53723000.0,78738000.0,0.586,78738000.0,53723000.0,14636000.0,0.07,0.07,0.07,603516000.0,,603516000.0,3895995962.0,18.0,12.734,-69652000.0,-0.58,1.0,91275000.0,0.68,0.0,39087000.0,6878155000.0,,0.0,500867000.0,,,3535806000.0,,,1266849962.0,-5090000.0,-9330000.0,711000.0,95942000.0,-18330000.0,62859000.0,-111532000.0,0.0,43583000.0,0.0,14636000.0,8519000.0,8519000.0,0.0,0.0,0.063,28853000.0,62422000.0,145101000.0,3.529,2.099,23.869,22.669,3464951000.0,6117000.0,10.813,2.637,2.705,74012000.0,-268883000.0,134260000.0,134260000.0,0.0,,,,,0.0,1501000.0,1.0,117156285.0,120165000.0,120756000.0,1.117,4139322000.0,0.0,0.0,0.0,34.447,
78,GGP,MRQ,1998-12-31,1998-12-31,1998-12-31,2021-08-25,0.0,4027474000.0,,,,,5.438,-65342000.0,19630000.0,19630000.0,47427000.0,21809000.0,,5.876,2648776000.0,,,2648776000.0,0.0,22640000.0,0.0,0.029,0.121,77153000.0,99793000.0,0.691,99793000.0,77153000.0,21809000.0,0.14,0.14,0.14,585707000.0,,585707000.0,3847200427.0,20.0,14.381,-73585000.0,-0.683,1.0,97029000.0,0.672,0.0,55344000.0,6656620000.0,,0.0,471017000.0,,,3441767000.0,,,1359989427.0,-6546000.0,1682000.0,0.0,115692000.0,-16875000.0,81102000.0,-79405000.0,0.0,-8243000.0,0.0,21809000.0,15692000.0,15692000.0,0.0,0.0,0.109,26635000.0,70394000.0,156060000.0,0.864,2.322,25.654,25.927,3375007000.0,6117000.0,12.627,3.188,3.188,74585000.0,-258267000.0,144456000.0,144456000.0,0.0,,,,,0.0,1394000.0,1.0,107707716.0,107707716.0,,1.341,4027474000.0,0.0,0.0,0.0,37.393,
79,GGP,MRQ,1998-09-30,1998-09-30,1998-09-30,2021-08-25,0.0,3927368000.0,,,,,5.009,-370942000.0,26176000.0,26176000.0,38149000.0,18040000.0,,6.281,2513387000.0,,,2513387000.0,0.0,23488000.0,0.0,0.04,0.121,47576000.0,71064000.0,0.629,71064000.0,47576000.0,18040000.0,0.11,0.11,0.11,539433000.0,,539433000.0,3389976860.0,21.0,15.188,-311339000.0,-2.891,1.0,74906000.0,0.663,0.0,29536000.0,6414579000.0,,0.0,473489000.0,,,3387935000.0,,,1278994860.0,-3737000.0,-89539000.0,0.0,373745000.0,-16871000.0,348036000.0,-411376000.0,50061000.0,59603000.0,0.0,18040000.0,11923000.0,11923000.0,0.0,0.0,0.105,26011000.0,48895000.0,192190000.0,1.1,2.371,24.186,24.589,3300016000.0,6117000.0,11.877,3.513,3.514,55228000.0,-255630000.0,113055000.0,113055000.0,0.0,,,,,0.0,972000.0,1.0,107689716.0,107697000.0,107970000.0,1.05,3927368000.0,0.0,0.0,0.0,36.467,
80,GGP,MRQ,1998-06-30,1998-06-30,1998-06-30,2021-08-25,0.0,3394889000.0,,,,,4.547,-883434000.0,29913000.0,29913000.0,27065000.0,18141000.0,,5.936,2140895000.0,,,2140895000.0,0.0,15132000.0,0.0,0.038,0.121,41229000.0,56361000.0,0.636,56361000.0,41229000.0,18141000.0,0.157,0.157,0.157,489425000.0,,489425000.0,2684386861.0,19.0,13.53,-851469000.0,-7.911,1.0,61553000.0,0.695,0.0,23088000.0,5505871000.0,,0.0,447922000.0,,,2905464000.0,,,1341813861.0,23477000.0,-31114000.0,0.0,617109000.0,-16864000.0,913911000.0,-922399000.0,-113000.0,31965000.0,0.0,18141000.0,16942000.0,16942000.0,0.0,0.0,0.191,17235000.0,44318000.0,164550000.0,0.771,2.742,23.857,23.643,2813102000.0,1199000.0,12.46,4.126,4.124,41913000.0,-249477000.0,88618000.0,88618000.0,0.0,,,,,0.0,997000.0,1.0,107689716.0,107631000.0,108168000.0,0.823,3394889000.0,0.0,0.0,0.0,31.542,
81,GGP,MRQ,1998-03-31,1998-03-31,1998-03-31,2021-08-25,0.0,2162360000.0,,,,,4.587,-40353000.0,6436000.0,6436000.0,27893000.0,8455000.0,,3.403,1349009000.0,,,1349009000.0,0.0,13967000.0,0.0,0.038,0.0,26338000.0,40305000.0,0.501,40305000.0,26338000.0,8455000.0,0.08,0.08,0.08,491165000.0,,491165000.0,2569044843.0,20.0,14.041,-5374000.0,-0.05,1.0,52554000.0,0.653,0.0,17883000.0,3504933000.0,,0.0,407158000.0,,,1671195000.0,,,1319157843.0,-19462000.0,-7050000.0,-1136000.0,73225000.0,-16029000.0,45526000.0,-99967000.0,-49948000.0,34979000.0,0.0,8455000.0,8455000.0,8455000.0,0.0,0.0,0.105,16596000.0,35958000.0,66134000.0,0.0,2.686,26.158,25.088,1658062000.0,0.0,12.293,4.307,4.298,35332000.0,-250218000.0,80447000.0,80447000.0,0.0,,,,,0.0,1146000.0,1.0,107306766.0,107067000.0,107811000.0,0.751,2162360000.0,0.0,0.0,0.0,20.196,
82,GGP,MRQ,1997-12-31,1997-12-31,1997-12-31,2021-08-25,0.0,2097719000.0,,,,,4.659,-29644000.0,25898000.0,25898000.0,30561000.0,15561000.0,,3.208,1275785000.0,,,1275785000.0,0.0,12672000.0,0.0,0.038,0.231,42794000.0,55466000.0,0.677,55466000.0,42794000.0,15561000.0,0.137,0.133,0.137,498505000.0,,498505000.0,,,,46513000.0,0.435,1.0,51365000.0,0.627,0.0,27233000.0,3347606000.0,,0.0,355354000.0,,,1599214000.0,,,1288610990.0,19777000.0,-18590000.0,-2552000.0,16100000.0,-16048000.0,-10717000.0,-45663000.0,0.0,76157000.0,0.0,15561000.0,15561000.0,15561000.0,0.0,0.0,0.19,15107000.0,36258000.0,60961000.0,1.686,2.585,14.39,13.133,1630190000.0,0.0,12.043,4.426,4.426,34849000.0,-239139000.0,81926000.0,81926000.0,0.0,,,,,0.0,899000.0,1.0,106997868.0,106997868.0,,0.766,2097719000.0,0.0,0.0,0.0,19.605,
83,GGP,MRQ,1997-09-30,1997-09-30,1997-09-30,2021-08-25,0.0,2044390000.0,,,,,4.952,-24377000.0,6121000.0,6121000.0,25035000.0,15287000.0,,3.143,1237941000.0,,,1237941000.0,0.0,12661000.0,0.0,0.037,0.116,33605000.0,46266000.0,0.624,46266000.0,33605000.0,15287000.0,0.153,0.153,0.153,493496000.0,,493496000.0,,,,-37043000.0,-0.372,1.0,49164000.0,0.663,0.0,18318000.0,3276210000.0,,0.0,351992000.0,,,1550894000.0,,,1319640372.0,-368000.0,-45010000.0,164362000.0,-58772000.0,-14088000.0,83653000.0,-71355000.0,0.0,-12666000.0,0.0,15287000.0,15287000.0,15287000.0,0.0,0.0,0.206,15138000.0,34026000.0,60284000.0,0.758,2.674,15.51,13.598,1577558000.0,0.0,12.333,4.858,4.525,29804000.0,-269304000.0,74199000.0,74199000.0,0.0,,,,,0.0,807000.0,1.0,106997868.0,99657000.0,99837000.0,0.745,2044390000.0,0.0,0.0,0.0,20.514,
84,GGP,MRQ,1997-06-30,1997-06-30,1997-06-30,2021-08-25,0.0,1935887000.0,,,,,3.955,-58389000.0,6489000.0,6489000.0,22805000.0,11127000.0,,4.301,1294739000.0,,,1294739000.0,0.0,12013000.0,0.0,0.04,0.116,28912000.0,40925000.0,0.587,40925000.0,28912000.0,11127000.0,0.12,0.12,0.12,365195000.0,,365195000.0,,,,-46594000.0,-0.505,1.0,46889000.0,0.673,0.0,17785000.0,3224137000.0,,0.0,298086000.0,,,1570692000.0,,,,-7156000.0,-37380000.0,-931000.0,101747000.0,-13614000.0,78889000.0,-97840000.0,0.0,11795000.0,0.0,11127000.0,11127000.0,11127000.0,0.0,0.0,0.16,14621000.0,32268000.0,58881000.0,0.967,,,9.329,1564830000.0,0.0,11.167,,4.141,26760000.0,-232683000.0,69694000.0,69694000.0,0.0,,,,,0.0,862000.0,1.0,,92343000.0,92493000.0,0.755,1935887000.0,0.0,0.0,0.0,20.964,
85,GGP,MRQ,1997-03-31,1997-03-31,1997-03-31,2021-08-25,0.0,1782374000.0,,,,,3.949,-88154000.0,13645000.0,13645000.0,21535000.0,47576000.0,,3.887,1131128000.0,,,1131128000.0,0.0,11162000.0,0.0,0.042,0.0,63015000.0,74177000.0,1.135,74177000.0,63015000.0,47576000.0,0.517,0.513,0.517,364738000.0,,364738000.0,,,,-62291000.0,-0.674,1.0,43793000.0,0.67,0.0,15439000.0,2899857000.0,,0.0,258750000.0,,,1417636000.0,,,,-2302000.0,121202000.0,-3000.0,-38741000.0,-13239000.0,-59488000.0,31323000.0,0.0,25863000.0,0.0,47576000.0,47576000.0,47576000.0,0.0,0.0,0.728,13384000.0,30409000.0,75365000.0,0.0,,,9.069,1445055000.0,0.0,10.583,,4.232,28418000.0,-234017000.0,65328000.0,65328000.0,0.0,,,,,0.0,840000.0,1.0,,92367000.0,92505000.0,0.707,1782374000.0,0.0,0.0,0.0,19.297,
86,GGP,MRQ,1996-12-31,1996-12-31,1996-12-31,2021-08-25,0.0,1757717000.0,,,,,,-56408000.0,15947000.0,15947000.0,18144000.0,11095000.0,,4.322,1168522000.0,,,1168522000.0,0.0,11681000.0,0.0,0.041,0.221,31230000.0,42911000.0,0.687,42911000.0,31230000.0,11095000.0,0.117,,0.117,330267000.0,,330267000.0,,,,-31537000.0,,1.0,44279000.0,0.709,0.0,20135000.0,2910292000.0,,0.0,310853000.0,,,1427450000.0,,,,0.0,5424000.0,31000.0,0.0,-12422000.0,2419000.0,-52000000.0,0.0,24871000.0,0.0,11095000.0,11095000.0,11095000.0,0.0,0.0,0.178,15965000.0,28314000.0,66551000.0,1.889,,,15.205,1366324000.0,0.0,10.75,,,25384000.0,-268440000.0,62423000.0,62423000.0,0.0,,,,,0.0,728000.0,1.0,,,,,1757717000.0,0.0,0.0,0.0,,
87,GGP,MRQ,1996-09-30,1996-09-30,1996-09-30,2021-08-25,,,,,,,,-32097000.0,,,15114000.0,36667000.0,,,,,,,,9728000.0,,0.053,0.111,51712000.0,61440000.0,1.191,61440000.0,51712000.0,36667000.0,0.443,,0.443,,,,,,,-15265000.0,,1.0,36456000.0,0.707,,15045000.0,,,,,,,,,,,292000.0,80296000.0,-31000.0,-43639000.0,-11727000.0,-62321000.0,45781000.0,0.0,16832000.0,0.0,36667000.0,36667000.0,36667000.0,0.0,0.0,0.711,10782000.0,25674000.0,,0.251,,,,,0.0,8.293,,,,,51570000.0,51570000.0,0.0,,,,,0.0,801000.0,1.0,,,,,,,0.0,,,
88,GGP,MRQ,1996-06-30,1996-06-30,1996-06-30,2021-08-25,,,,,,,,-13496000.0,,,16539000.0,7275000.0,,,,,,,,9259000.0,,0.053,0.111,24827000.0,34086000.0,0.66,34086000.0,24827000.0,7275000.0,0.09,,0.09,,,,,,,-66000.0,,1.0,35132000.0,0.68,,17552000.0,,,,,,,,,,,-1706000.0,8752000.0,1000.0,9040000.0,-11728000.0,-9610000.0,-5526000.0,0.0,13430000.0,0.0,7275000.0,7275000.0,7275000.0,0.0,0.0,0.141,10675000.0,24457000.0,,1.233,,,,,0.0,8.083,,,,,51671000.0,51671000.0,0.0,,,,,0.0,758000.0,1.0,,,,,,,0.0,,,
89,GGP,MRQ,1996-03-31,1996-03-31,1996-03-31,2021-08-25,,,,,,,,-19137000.0,,,18001000.0,4705000.0,,,,,,,,9141000.0,,0.055,0.0,22245000.0,31386000.0,0.607,31386000.0,22245000.0,4705000.0,0.06,,0.06,,,,,,,-7068000.0,,1.0,33740000.0,0.652,,17540000.0,,,,,,,,,,,-11486000.0,6927000.0,-63000.0,12698000.0,-11727000.0,-6015000.0,-17540000.0,0.0,12069000.0,0.0,4705000.0,4705000.0,4705000.0,0.0,0.0,0.091,10543000.0,23197000.0,,0.0,,,,,0.0,7.833,,,,,51741000.0,51741000.0,0.0,,,,,0.0,735000.0,1.0,,,,,,,0.0,,,
90,GGP,MRQ,1995-12-31,1995-12-31,1995-12-31,2021-08-25,0.0,1455982000.0,,,,,,,18298000.0,18298000.0,,,,5.347,1027932000.0,,,1027932000.0,0.0,,0.0,0.077,0.216,,,,,,,,,,229383000.0,,229383000.0,,,,,,1.0,,,0.0,,2465616000.0,,0.0,298729000.0,,,1226599000.0,,,,,,,,,,,,,,,,,,,,,,63250000.0,,,,12.285,1095617000.0,,6.917,,,14831000.0,-279451000.0,,,,,,,,,,1.0,,,,,1455982000.0,0.0,,0.0,,
0,GGP,MRT,2018-06-30,2018-06-30,2018-06-30,2021-08-25,-82229000.0,23132598000.0,23266691250.0,,,0.102,8.902,-936600000.0,194675000.0,194675000.0,724831000.0,589645000.0,,1.673,13076235000.0,,,13076235000.0,0.0,707766000.0,0.0,0.043,0.88,1116310000.0,1824076000.0,0.772,1824076000.0,1116310000.0,562410000.0,0.62,0.59,0.62,8531396000.0,8568796750.0,8531396000.0,32558472151.0,29.0,17.849,397581000.0,0.415,1.0,1638211000.0,0.693,0.0,553900000.0,36014158000.0,36309718000.0,0.0,3712261000.0,,,14275197000.0,,,19579948151.0,-20007000.0,116600000.0,354812000.0,-78912000.0,-840934000.0,-575060000.0,-779003000.0,41433000.0,1334181000.0,-125000.0,581962000.0,566026000.0,566026000.0,0.0,7683000.0,0.24,816530000.0,821681000.0,878526000.0,1.419,2.295,34.592,32.952,18069126000.0,39840000.0,20.43,8.286,8.286,311660000.0,-2396371000.0,2363042000.0,2363042000.0,0.0,0.024,0.066,0.031,0.472,0.0,60639000.0,1.0,958391980.0,958391980.0,,2.466,23132598000.0,0.0,-19552000.0,2245000.0,24.137,
1,GGP,MRT,2018-03-31,2018-03-31,2018-03-31,2021-08-25,-72231000.0,23258197000.0,23052903250.0,,,0.101,9.047,-980087000.0,178210000.0,178210000.0,721285000.0,622399000.0,,1.649,13156734000.0,,,13156734000.0,0.0,708422000.0,0.0,0.043,0.88,1146071000.0,1854493000.0,0.794,1854493000.0,1146071000.0,598524000.0,0.67,0.63,0.67,8658569000.0,8542469000.0,8658569000.0,32476025211.0,28.0,17.512,331848000.0,0.347,1.0,1614409000.0,0.691,0.0,547547000.0,36236721000.0,36000679000.0,0.0,3825713000.0,,,14277080000.0,,,19580577211.0,-73305000.0,93732000.0,348928000.0,-25675000.0,-824264000.0,-495819000.0,-885419000.0,1372000.0,1311935000.0,-4002000.0,614210000.0,598274000.0,598274000.0,0.0,8189000.0,0.256,821491000.0,792918000.0,894729000.0,1.313,2.261,32.728,30.537,18192363000.0,39840000.0,20.46,8.383,8.383,309128000.0,-2275096000.0,2335694000.0,2335694000.0,0.0,0.026,0.07,0.032,0.491,0.0,64012000.0,1.0,957017459.0,957017459.0,,2.441,23258197000.0,0.0,-15686000.0,2333000.0,24.303,
2,GGP,MRT,2017-12-31,2017-12-31,2017-12-31,2021-08-25,-71906000.0,23349954000.0,22855217500.0,,,0.102,9.298,-893516000.0,164604000.0,164604000.0,718401000.0,666873000.0,,1.615,13060052000.0,,,13060052000.0,0.0,693327000.0,0.0,0.038,0.88,1188383000.0,1881710000.0,0.808,1881710000.0,1188383000.0,646438000.0,0.72,0.68,0.72,8795660000.0,8506299000.0,8795660000.0,35542976586.0,30.0,18.889,401096000.0,0.424,1.0,1609461000.0,0.691,0.0,541945000.0,36245402000.0,35700080750.0,0.0,3794670000.0,,,14201420000.0,,,22126401586.0,-299766000.0,38220000.0,278231000.0,15345000.0,-1038390000.0,-738263000.0,-855296000.0,0.0,1294612000.0,-819000.0,657334000.0,641398000.0,641398000.0,0.0,9539000.0,0.276,771204000.0,838257000.0,919432000.0,1.222,2.516,34.497,32.486,18256231000.0,31872000.0,23.39,9.505,9.505,334081000.0,-2107498000.0,2327862000.0,2327862000.0,0.0,0.028,0.075,0.033,0.511,0.0,67176000.0,1.0,945976981.0,945976981.0,,2.461,23349954000.0,0.0,-10896000.0,2428000.0,24.683,
3,GGP,MRT,2017-09-30,2017-09-30,2017-09-30,2021-08-25,-67700000.0,23326016000.0,22700915500.0,,,0.102,9.399,-1372243000.0,311107000.0,311107000.0,713036000.0,706245000.0,,1.775,13727682000.0,,,13727682000.0,0.0,667352000.0,0.0,0.041,0.86,1244160000.0,1911512000.0,0.827,1911512000.0,1244160000.0,707786000.0,0.77,0.72,0.77,8289562000.0,8466325000.0,8289562000.0,30819767449.0,25.0,16.123,-137362000.0,-0.156,1.0,1597783000.0,0.691,0.0,536374000.0,36742591000.0,35372258500.0,0.0,3895310000.0,,,14710500000.0,,,18319211449.0,-389334000.0,433462000.0,-300687000.0,642744000.0,-995529000.0,-660408000.0,-967002000.0,-226000.0,1234881000.0,3195000.0,692266000.0,676330000.0,676330000.0,0.0,13979000.0,0.293,746996000.0,850787000.0,778613000.0,1.117,2.21,27.086,26.974,18032302000.0,39839000.0,20.77,7.928,7.928,324579000.0,-2077510000.0,2310819000.0,2310819000.0,0.0,0.03,0.08,0.035,0.538,0.0,68318000.0,1.0,882003440.0,882003440.0,,2.62,23326016000.0,0.0,15520000.0,4890000.0,26.447,
4,GGP,MRT,2017-06-30,2017-06-30,2017-06-30,2021-08-25,-71593000.0,22277446000.0,22547708750.0,,,0.101,9.547,-1139963000.0,227626000.0,227626000.0,711250000.0,1161721000.0,,1.605,12728182000.0,,,12728182000.0,0.0,688423000.0,0.0,0.035,0.83,1693930000.0,2382353000.0,1.042,2382353000.0,1693930000.0,1152240000.0,1.28,1.19,1.28,8426085000.0,8603090500.0,8426085000.0,33361175872.0,20.0,14.003,-67480000.0,-0.076,1.0,1575705000.0,0.689,0.0,541690000.0,34778002000.0,34877147500.0,0.0,4475933000.0,,,13524107000.0,,,20794301872.0,-42329000.0,1343340000.0,-109853000.0,-247652000.0,-969582000.0,-1314382000.0,200264000.0,-3841000.0,1072483000.0,-694000.0,1143664000.0,1127728000.0,1127728000.0,0.0,18057000.0,0.493,789807000.0,785898000.0,591023000.0,0.648,2.468,18.439,18.406,16530454000.0,39839000.0,23.56,9.093,9.093,301515000.0,-2032093000.0,2286955000.0,2286955000.0,0.0,0.05,0.131,0.049,0.741,0.0,70018000.0,1.0,882610436.0,882610436.0,,2.591,22277446000.0,0.0,8576000.0,3664000.0,25.24,
5,GGP,MRT,2017-03-31,2017-03-31,2017-03-31,2021-08-25,-67881000.0,22467454000.0,22876718250.0,,,0.101,9.621,-1094414000.0,252718000.0,252718000.0,712016000.0,1223304000.0,,1.602,12819592000.0,,,12819592000.0,0.0,670373000.0,0.0,0.035,0.8,1762083000.0,2432456000.0,1.055,2432456000.0,1762083000.0,1206236000.0,1.35,1.25,1.35,8513889000.0,8573028750.0,8513889000.0,32714460342.0,19.0,13.449,35849000.0,0.041,1.0,1593729000.0,0.691,0.0,555847000.0,35034328000.0,35514469750.0,0.0,4563031000.0,,,13636437000.0,,,20513093342.0,25017000.0,1382132000.0,-103860000.0,-348986000.0,-943215000.0,-1414058000.0,305629000.0,17169000.0,1130263000.0,3183000.0,1203746000.0,1187811000.0,1187811000.0,0.0,19558000.0,0.515,774589000.0,819140000.0,611119000.0,0.593,2.409,17.27,17.17,16598825000.0,35854000.0,23.18,8.897,8.897,318259000.0,-1927067000.0,2305745000.0,2305745000.0,0.0,0.052,0.139,0.05,0.764,0.0,70248000.0,1.0,884947944.0,884947944.0,,2.606,22467454000.0,0.0,2490000.0,3719000.0,25.388,
6,GGP,MRT,2016-12-31,2016-12-31,2016-12-31,2021-08-25,-70456000.0,22732746000.0,23151433250.0,,,0.101,9.749,-1125292000.0,474757000.0,474757000.0,705855000.0,1308273000.0,,1.594,12676124000.0,,,12676124000.0,0.0,660746000.0,0.0,0.032,0.8,1860468000.0,2521214000.0,1.074,2521214000.0,1860468000.0,1289268000.0,1.44,1.34,1.44,8635764000.0,8508775750.0,8635764000.0,34175457278.0,18.0,13.555,10859000.0,0.012,1.0,1640591000.0,0.699,0.0,571200000.0,34934113000.0,36127597500.0,0.0,4547489000.0,,,13769290000.0,,,22126499278.0,93448000.0,1599633000.0,-33132000.0,-834737000.0,-686257000.0,-1564114000.0,521411000.0,46408000.0,1136151000.0,0.0,1288367000.0,1272432000.0,1272432000.0,0.0,19906000.0,0.542,840338000.0,800253000.0,655362000.0,0.556,2.562,17.389,17.347,16671931000.0,31870000.0,24.98,9.43,9.43,322196000.0,-1824866000.0,2346446000.0,2346446000.0,0.0,0.055,0.15,0.051,0.793,0.0,68900000.0,1.0,885768586.0,885768586.0,,2.649,22732746000.0,0.0,901000.0,3843000.0,25.664,
7,GGP,MRT,2016-09-30,2016-09-30,2016-09-30,2021-08-25,-70134000.0,22713189000.0,23486635500.0,,,0.101,9.988,-722093000.0,656769000.0,656769000.0,719565000.0,1263614000.0,,1.532,12705727000.0,,,12705727000.0,0.0,659932000.0,0.0,0.027,0.75,1822143000.0,2482075000.0,1.043,2482075000.0,1822143000.0,1237418000.0,1.4,1.29,1.4,8836624000.0,8417345500.0,8836624000.0,38152566609.0,21.0,15.371,403078000.0,0.456,1.0,1661004000.0,0.698,0.0,584725000.0,34762147000.0,36938446250.0,0.0,3844177000.0,,,13537942000.0,,,24418759609.0,488598000.0,986233000.0,-7712000.0,-519682000.0,-663389000.0,-1221730000.0,585157000.0,264657000.0,1125171000.0,0.0,1245943000.0,1230007000.0,1230007000.0,0.0,17671000.0,0.517,849021000.0,811983000.0,646216000.0,0.536,2.763,19.853,19.714,16203222000.0,31873000.0,27.6,10.258,10.258,883072000.0,-1618628000.0,2380569000.0,2380569000.0,0.0,0.052,0.146,0.049,0.765,0.0,70469000.0,1.0,884737667.0,884737667.0,,2.691,22713189000.0,0.0,-8525000.0,1365000.0,25.672,
8,GGP,MRT,2016-06-30,2016-06-30,2016-06-30,2021-08-25,-69131000.0,23593484000.0,23755787000.0,,,0.102,9.404,-705968000.0,226283000.0,226283000.0,726110000.0,709232000.0,,1.798,13960090000.0,,,13960090000.0,0.0,631811000.0,0.0,0.024,0.73,1257367000.0,1889178000.0,0.783,1889178000.0,1257367000.0,669047000.0,0.78,0.72,0.78,8305838000.0,8270278250.0,8305838000.0,40257447403.0,32.0,21.31,423243000.0,0.479,1.0,1685290000.0,0.699,0.0,588320000.0,37327291000.0,37720030750.0,0.0,3609486000.0,,,14934761000.0,,,26336922403.0,43389000.0,79757000.0,-108527000.0,161814000.0,-645253000.0,-639659000.0,-446163000.0,180983000.0,1129211000.0,0.0,695617000.0,679681000.0,679681000.0,0.0,13615000.0,0.282,801749000.0,883541000.0,682925000.0,0.936,3.171,38.749,38.231,17489118000.0,31873000.0,29.82,10.922,10.922,969924000.0,-2111939000.0,2411400000.0,2411400000.0,0.0,0.029,0.082,0.033,0.521,0.0,71888000.0,1.0,883196593.0,883196593.0,,2.73,23593484000.0,0.0,-26570000.0,1642000.0,26.714,
9,GGP,MRT,2016-03-31,2016-03-31,2016-03-31,2021-08-25,-77750000.0,23566314000.0,23751473500.0,,,0.102,9.356,-856003000.0,193099000.0,193099000.0,729158000.0,947184000.0,,1.812,14113624000.0,,,14113624000.0,0.0,628412000.0,0.0,0.024,0.71,1490059000.0,2118471000.0,0.877,2118471000.0,1490059000.0,907358000.0,1.04,0.97,1.04,8256877000.0,8288447500.0,8256877000.0,40340831615.0,27.0,19.042,227399000.0,0.258,1.0,1687637000.0,0.698,0.0,582701000.0,37486839000.0,37738250500.0,0.0,3535457000.0,,,14961025000.0,,,26236878615.0,12325000.0,385893000.0,-108742000.0,187034000.0,-628809000.0,-629573000.0,-441504000.0,29652000.0,1083402000.0,0.0,931612000.0,915675000.0,915675000.0,0.0,15572000.0,0.379,792576000.0,895061000.0,667410000.0,0.683,3.178,28.653,28.587,17719869000.0,31874000.0,29.73,10.856,10.856,962397000.0,-2125825000.0,2416795000.0,2416795000.0,0.0,0.039,0.11,0.039,0.617,0.0,70576000.0,1.0,882505167.0,882505167.0,,2.739,23566314000.0,0.0,-24254000.0,4665000.0,26.704,
10,GGP,MRT,2015-12-31,2015-12-31,2015-12-31,2021-08-25,-72804000.0,24073555000.0,23716812000.0,,,0.101,9.371,-1078891000.0,356895000.0,356895000.0,747276000.0,1393596000.0,,1.872,14460848000.0,,,14460848000.0,0.0,643689000.0,0.0,0.026,0.71,1943902000.0,2587591000.0,1.076,2587591000.0,1943902000.0,1336227000.0,1.54,1.43,1.54,8270043000.0,8244380750.0,8270043000.0,38111373862.0,20.0,14.729,-10305000.0,-0.012,1.0,1656630000.0,0.689,0.0,607675000.0,38177508000.0,37681475000.0,0.0,4147485000.0,,,15477634000.0,,,24012683862.0,-23077000.0,798703000.0,-108912000.0,5816000.0,-611504000.0,-778175000.0,-313488000.0,-33300000.0,1068586000.0,0.0,1374561000.0,1358624000.0,1358624000.0,0.0,19035000.0,0.565,732737000.0,923893000.0,784493000.0,0.461,2.904,17.674,17.669,17832919000.0,31874000.0,27.21,9.989,9.989,336572000.0,-2141549000.0,2403906000.0,2403906000.0,0.0,0.057,0.165,0.052,0.809,0.0,72363000.0,1.0,882494813.0,882494813.0,,2.724,24073555000.0,0.0,-38334000.0,1289000.0,27.279,
11,GGP,MRT,2015-09-30,2015-09-30,2015-09-30,2021-08-25,-77437000.0,23789795000.0,24018831250.0,,,0.101,9.313,-1427614000.0,160670000.0,160670000.0,755565000.0,1490483000.0,,1.846,14259360000.0,,,14259360000.0,0.0,664152000.0,0.0,0.026,0.67,2076638000.0,2740790000.0,1.127,2740790000.0,2076638000.0,1445337000.0,1.65,1.53,1.65,8248355000.0,8078349750.0,8248355000.0,36824439435.0,18.0,13.436,-517296000.0,-0.584,1.0,1676905000.0,0.689,0.0,631301000.0,37888485000.0,38410884500.0,0.0,3490157000.0,,,15225723000.0,,,23000499435.0,-118906000.0,1430478000.0,-100093000.0,72099000.0,-593884000.0,-663847000.0,-365377000.0,-340690000.0,910318000.0,0.0,1470001000.0,1454065000.0,1454065000.0,-78234000.0,20482000.0,0.598,747237000.0,929668000.0,800248000.0,0.406,2.788,15.818,15.739,18078248000.0,31872000.0,25.97,9.456,9.456,881564000.0,-2162995000.0,2432470000.0,2432470000.0,0.0,0.061,0.18,0.054,0.854,0.0,70413000.0,1.0,885656505.0,885656505.0,,2.747,23789795000.0,0.0,-24664000.0,0.0,26.861,
12,GGP,MRT,2015-06-30,2015-06-30,2015-06-30,2021-08-25,-66352000.0,23576230000.0,24401359500.0,,,0.101,9.454,-1612740000.0,175393000.0,175393000.0,757799000.0,1440516000.0,,1.777,13999333000.0,,,13999333000.0,0.0,694407000.0,0.0,0.025,0.65,2069808000.0,2764215000.0,1.117,2764215000.0,2069808000.0,1409289000.0,1.59,1.47,1.59,8378515000.0,7891181750.0,8378515000.0,36572038622.0,18.0,13.231,-721785000.0,-0.814,1.0,1717105000.0,0.694,0.0,660519000.0,37400170000.0,39229673000.0,0.0,3488329000.0,,,14886222000.0,,,22739969622.0,-66614000.0,1734547000.0,506000.0,-198479000.0,-576499000.0,-820094000.0,-137475000.0,-260930000.0,890955000.0,0.0,1420757000.0,1404821000.0,1404821000.0,-87056000.0,19759000.0,0.568,774481000.0,942624000.0,719545000.0,0.409,2.714,16.187,16.138,18000937000.0,31872000.0,25.66,9.188,9.188,823704000.0,-2075319000.0,2474904000.0,2474904000.0,0.0,0.058,0.178,0.053,0.836,0.0,70915000.0,1.0,886203025.0,886203025.0,,2.793,23576230000.0,0.0,-11468000.0,9443000.0,26.604,
13,GGP,MRT,2015-03-31,2015-03-31,2015-03-31,2021-08-25,-69263000.0,23427668000.0,24851441750.0,,,0.101,9.126,-1397633000.0,173273000.0,173273000.0,770031000.0,1189752000.0,,1.851,14005342000.0,,,14005342000.0,0.0,719513000.0,0.0,0.021,0.63,1857833000.0,2577346000.0,1.028,2577346000.0,1857833000.0,1164943000.0,1.32,1.21,1.32,8080610000.0,7689511250.0,8080610000.0,42032333042.0,23.0,16.308,-461832000.0,-0.522,1.0,1736787000.0,0.693,0.0,692890000.0,37259737000.0,40196728250.0,0.0,3474620000.0,,,14954211000.0,,,26164717042.0,-229856000.0,1249991000.0,506000.0,-288298000.0,-557695000.0,-847791000.0,-317866000.0,-174570000.0,935801000.0,0.0,1172541000.0,1156605000.0,1156605000.0,-208909000.0,17211000.0,0.461,815368000.0,921419000.0,715313000.0,0.477,3.238,22.622,22.386,18040018000.0,31872000.0,29.55,10.437,10.437,624153000.0,-2342725000.0,2506818000.0,2506818000.0,0.0,0.047,0.15,0.046,0.741,0.0,88031000.0,1.0,885438817.0,885438817.0,,2.831,23427668000.0,0.0,-7598000.0,8588000.0,26.459,
14,GGP,MRT,2014-12-31,2014-12-31,2014-12-31,2021-08-25,-51753000.0,25281632000.0,25356653750.0,,,0.1,8.603,-1162186000.0,372471000.0,372471000.0,783602000.0,679894000.0,,2.274,16185985000.0,,,16185985000.0,0.0,718064000.0,0.0,0.022,0.63,1372388000.0,2090452000.0,0.824,2090452000.0,1372388000.0,673103000.0,0.74,0.69,0.74,7605919000.0,7553046500.0,7605919000.0,40713671515.0,30.0,19.476,-212462000.0,-0.24,1.0,1751957000.0,0.691,0.0,699285000.0,41095146000.0,41199428250.0,0.0,2604762000.0,,,17296816000.0,,,24869940515.0,-204800000.0,617917000.0,-555295000.0,641375000.0,-534869000.0,-476599000.0,-677925000.0,-137070000.0,949724000.0,0.0,665850000.0,649914000.0,649914000.0,-281883000.0,14044000.0,0.256,810444000.0,941513000.0,934897000.0,0.851,3.27,38.267,38.014,20696465000.0,31872000.0,28.13,9.808,9.808,663768000.0,-2822740000.0,2535559000.0,2535559000.0,0.0,0.026,0.086,0.033,0.541,0.0,88705000.0,1.0,884107377.0,884107377.0,,2.868,25281632000.0,0.0,7253000.0,21240000.0,28.596,
15,GGP,MRT,2014-09-30,2014-09-30,2014-09-30,2021-08-25,-43290000.0,25319908000.0,25476821500.0,,,0.099,8.485,-1943119000.0,279576000.0,279576000.0,792850000.0,467531000.0,,2.331,16123307000.0,,,16123307000.0,0.0,730358000.0,0.0,0.024,0.57,1157384000.0,1887742000.0,0.748,1887742000.0,1157384000.0,455504000.0,0.5,0.47,0.5,7499683000.0,7677347000.0,7499683000.0,36705877521.0,32.0,19.444,-853403000.0,-0.966,1.0,1729362000.0,0.686,0.0,701880000.0,41163639000.0,41195910250.0,0.0,2512129000.0,,,17480660000.0,,,20814045521.0,-323942000.0,1397077000.0,-555633000.0,408839000.0,-548046000.0,-738647000.0,-675011000.0,-133060000.0,1089716000.0,0.0,453559000.0,437623000.0,437623000.0,-179497000.0,13972000.0,0.174,810206000.0,919156000.0,865441000.0,1.14,2.775,47.562,47.1,20876923000.0,30014000.0,23.55,8.252,8.252,603735000.0,-2957989000.0,2522212000.0,2522212000.0,0.0,0.017,0.057,0.028,0.459,0.0,92222000.0,1.0,883823589.0,883823589.0,,2.854,25319908000.0,0.0,1945000.0,343469000.0,28.648,
16,GGP,MRT,2014-06-30,2014-06-30,2014-06-30,2021-08-25,-30913000.0,25376559000.0,25584089750.0,,,0.098,8.568,-1357887000.0,242007000.0,242007000.0,809784000.0,420986000.0,,2.306,16133839000.0,,,16133839000.0,0.0,738479000.0,0.0,0.023,0.54,1113593000.0,1852072000.0,0.741,1852072000.0,1113593000.0,412892000.0,0.45,0.42,0.45,7571833000.0,7843449000.0,7571833000.0,36642753352.0,33.0,19.785,-237984000.0,-0.269,1.0,1690782000.0,0.676,0.0,700701000.0,41268391000.0,41138034000.0,0.0,2580966000.0,,,17463990000.0,,,20820732352.0,-462911000.0,1061018000.0,-1122050000.0,518110000.0,-528211000.0,-1173239000.0,-409575000.0,-119540000.0,1119903000.0,0.0,406434000.0,390498000.0,390498000.0,-168667000.0,14552000.0,0.156,815624000.0,875158000.0,839386000.0,1.2,2.75,53.318,52.356,20907039000.0,30014000.0,23.56,8.326,8.326,594011000.0,-2888099000.0,2500566000.0,2500566000.0,0.0,0.015,0.05,0.027,0.445,0.0,91136000.0,1.0,883732273.0,883732273.0,,2.83,25376559000.0,0.0,6458000.0,350325000.0,28.715,
17,GGP,MRT,2014-03-31,2014-03-31,2014-03-31,2021-08-25,-34237000.0,25448516000.0,25776059000.0,,,0.097,8.527,-1004350000.0,403129000.0,403129000.0,808708000.0,457820000.0,,2.334,16225150000.0,,,16225150000.0,0.0,751869000.0,0.0,0.023,0.51,1158466000.0,1910335000.0,0.768,1910335000.0,1158466000.0,445981000.0,0.47,0.45,0.47,7534751000.0,8127775250.0,7534751000.0,34759710628.0,30.0,18.196,7233000.0,0.008,1.0,1679506000.0,0.675,0.0,712485000.0,41270537000.0,41102444500.0,0.0,2402793000.0,,,17586157000.0,,,19440939628.0,-161679000.0,1119247000.0,-1122050000.0,380566000.0,-508378000.0,-1264568000.0,91306000.0,-32161000.0,1011583000.0,0.0,442085000.0,426149000.0,426149000.0,-43474000.0,15735000.0,0.171,812061000.0,867445000.0,893257000.0,1.085,2.58,45.62,46.809,21019846000.0,30014000.0,22.0,7.813,7.813,492718000.0,-2924336000.0,2488214000.0,2488214000.0,0.0,0.017,0.052,0.028,0.466,0.0,76832000.0,1.0,883679074.0,883679074.0,,2.816,25448516000.0,0.0,3896000.0,328253000.0,28.798,
18,GGP,MRT,2013-12-31,2013-12-31,2013-12-31,2021-08-25,-38173000.0,25762303000.0,26147810000.0,,,0.095,8.893,-950311000.0,577271000.0,577271000.0,815095000.0,317199000.0,,2.141,15896042000.0,,,15896042000.0,0.0,773255000.0,0.0,0.025,0.51,1026025000.0,1799280000.0,0.724,1799280000.0,1026025000.0,302873000.0,0.31,0.31,0.31,8103121000.0,8411232000.0,8103121000.0,33470542444.0,33.0,18.602,-60780000.0,-0.067,1.0,1670922000.0,0.672,0.0,723152000.0,41081074000.0,41491739500.0,0.0,2407698000.0,,,17348138000.0,,,18287389444.0,-47544000.0,1140501000.0,-566249000.0,345594000.0,-484089000.0,-1103935000.0,166860000.0,-32161000.0,889531000.0,0.0,302528000.0,288450000.0,288450000.0,11622000.0,14671000.0,0.116,830506000.0,840416000.0,970995000.0,1.645,2.257,63.399,64.742,21113414000.0,28156000.0,20.07,7.356,7.356,478899000.0,-2915723000.0,2486017000.0,2486017000.0,0.0,0.011,0.034,0.025,0.413,0.0,76864000.0,1.0,911180341.0,911180341.0,,2.728,25762303000.0,0.0,345000.0,346625000.0,28.274,
19,GGP,MRT,2013-09-30,2013-09-30,2013-09-30,2021-08-25,-33261000.0,25748981000.0,26527835500.0,,,0.092,8.443,288165000.0,603518000.0,603518000.0,793402000.0,271707000.0,,2.113,15786671000.0,,,15786671000.0,0.0,772400000.0,0.0,0.024,0.46,1000943000.0,1773343000.0,0.729,1773343000.0,1000943000.0,262310000.0,0.27,0.25,0.27,8164091000.0,8290876250.0,8164091000.0,33634086535.0,34.0,18.966,1094224000.0,1.132,1.0,1639558000.0,0.674,0.0,738633000.0,40932134000.0,41929135000.0,0.0,2461847000.0,,,17249483000.0,,,18652489535.0,-34428000.0,92148000.0,-561733000.0,184309000.0,-434261000.0,-1199617000.0,359130000.0,0.0,806059000.0,0.0,257536000.0,247443000.0,247443000.0,-37608000.0,14171000.0,0.102,782310000.0,857248000.0,1006198000.0,1.704,2.285,75.381,71.444,20927122000.0,12218000.0,19.29,7.667,7.667,449295000.0,-2861339000.0,2432960000.0,2432960000.0,0.0,0.009,0.03,0.024,0.411,0.0,71382000.0,1.0,966951246.0,966951246.0,,2.516,25748981000.0,0.0,4774000.0,331290000.0,26.629,
20,GGP,MRT,2013-06-30,2013-06-30,2013-06-30,2021-08-25,-137010000.0,26144436000.0,26946060250.0,,,0.091,9.007,-24398000.0,704918000.0,704918000.0,799119000.0,34245000.0,,1.962,15686515000.0,,,15686515000.0,0.0,789538000.0,0.0,0.022,0.44,795562000.0,1585100000.0,0.647,1585100000.0,795562000.0,29676000.0,0.01,0.0,0.01,8709138000.0,8170668250.0,8709138000.0,35104098487.0,44.0,22.146,715143000.0,0.74,1.0,1650489000.0,0.674,0.0,765886000.0,41126033000.0,42462138750.0,0.0,2963892000.0,,,17088756000.0,,,19211901487.0,207724000.0,390565000.0,9819000.0,-86622000.0,-416864000.0,-872362000.0,340545000.0,0.0,739541000.0,0.0,22166000.0,16057000.0,16057000.0,18909000.0,12079000.0,0.007,832063000.0,818426000.0,951849000.0,44.0,2.206,1196.481,1987.0,20941952000.0,8234000.0,19.87,7.843,7.843,254050000.0,-2766551000.0,2449608000.0,2449608000.0,0.0,0.001,0.002,0.019,0.325,0.0,72972000.0,1.0,966879793.0,966879793.0,,2.534,26144436000.0,0.0,7510000.0,330650000.0,27.04,
21,GGP,MRT,2013-03-31,2013-03-31,2013-03-31,2021-08-25,-77511000.0,26935520000.0,27363600500.0,,,0.09,9.228,-729819000.0,564808000.0,564808000.0,812961000.0,-286024000.0,,2.067,16457005000.0,,,16457005000.0,0.0,789770000.0,0.0,0.021,0.42,474987000.0,1264757000.0,0.515,1264757000.0,474987000.0,-287308000.0,-0.33,-0.33,-0.33,8668578000.0,7993042500.0,8668578000.0,34222671917.0,72.0,27.059,10330000.0,0.011,1.0,1643559000.0,0.669,0.0,762295000.0,42827717000.0,43131361250.0,0.0,2870477000.0,,,17920236000.0,,,18674420917.0,70036000.0,506360000.0,14949000.0,331476000.0,-397898000.0,-422071000.0,-248042000.0,0.0,740149000.0,0.0,-295145000.0,-297270000.0,-297270000.0,15070000.0,9121000.0,-0.121,830272000.0,813287000.0,1014754000.0,-1.273,2.154,-62.82,-60.242,21812797000.0,4250000.0,19.88,7.602,7.602,252624000.0,-2859206000.0,2456520000.0,2456520000.0,0.0,-0.011,-0.037,0.011,0.193,0.0,72364000.0,1.0,939357189.0,939357189.0,,2.615,26935520000.0,0.0,7837000.0,330583000.0,28.674,
22,GGP,MRT,2012-12-31,2012-12-31,2012-12-31,2021-08-25,-87354000.0,27282405000.0,27519687000.0,,,0.088,8.118,-702346000.0,624815000.0,624815000.0,800336000.0,-471533000.0,,2.533,16173066000.0,,,16173066000.0,0.0,813953000.0,0.0,0.021,0.42,309079000.0,1123032000.0,0.463,1123032000.0,309079000.0,-472142000.0,-0.52,-0.52,-0.52,7621698000.0,7887807000.0,7621698000.0,34279066775.0,111.0,30.524,104757000.0,0.112,1.0,1625965000.0,0.67,0.0,781221000.0,42830656000.0,43223795250.0,0.0,2865871000.0,,,19309166000.0,,,18636797775.0,51943000.0,504349000.0,48523000.0,-174131000.0,-388151000.0,-533708000.0,-221452000.0,0.0,807103000.0,0.0,-481233000.0,-481233000.0,-481233000.0,44548000.0,9700000.0,-0.198,844662000.0,781303000.0,1212231000.0,-0.808,2.445,-38.727,-38.173,22021557000.0,0.0,19.85,7.681,7.681,260860000.0,-2732787000.0,2426301000.0,2426301000.0,0.0,-0.017,-0.061,0.007,0.127,0.0,72163000.0,1.0,938881500.0,938881500.0,,2.584,27282405000.0,0.0,9091000.0,331924000.0,29.058,
23,GGP,MRT,2012-09-30,2012-09-30,2012-09-30,2021-08-25,-82026000.0,27421880000.0,28078623500.0,,,0.085,8.189,-1103781000.0,637946000.0,637946000.0,805576000.0,-875390000.0,,2.523,16280215000.0,,,16280215000.0,0.0,851922000.0,0.0,0.021,0.4,-90119000.0,761803000.0,0.318,761803000.0,-90119000.0,-874881000.0,-0.95,-0.66,-0.95,7683259000.0,8103214750.0,7683259000.0,34265628638.0,-380.0,44.98,-389524000.0,-0.415,1.0,1591153000.0,0.664,0.0,784762000.0,43064149000.0,44089754500.0,0.0,2717079000.0,,,19383204000.0,,,18277302638.0,145257000.0,1095409000.0,67999000.0,-326807000.0,-376601000.0,-651377000.0,82377000.0,0.0,714257000.0,0.0,-881276000.0,-881276000.0,-881276000.0,168760000.0,5886000.0,-0.368,895294000.0,695859000.0,1271364000.0,-0.421,2.379,-20.74,-20.505,22248481000.0,0.0,19.48,7.626,7.626,243503000.0,-2661759000.0,2396729000.0,2396729000.0,0.0,-0.031,-0.109,-0.002,-0.038,0.0,79098000.0,1.0,938259889.0,938259889.0,,2.554,27421880000.0,0.0,6395000.0,326270000.0,29.226,
24,GGP,MRT,2012-06-30,2012-06-30,2012-06-30,2021-08-25,-81785000.0,27814597000.0,28726690750.0,,,0.083,8.528,-936716000.0,497194000.0,497194000.0,824127000.0,-412221000.0,,2.435,16485520000.0,,,16485520000.0,0.0,893455000.0,0.0,0.022,0.4,390072000.0,1283527000.0,0.537,1283527000.0,390072000.0,-413439000.0,-0.45,-0.51,-0.45,7998635000.0,8524101500.0,7998635000.0,32603900637.0,84.0,25.402,-238370000.0,-0.254,1.0,1566824000.0,0.655,0.0,803511000.0,43802923000.0,45064533000.0,0.0,2783540000.0,,,19474965000.0,,,16966313637.0,-88354000.0,826227000.0,42670000.0,-312929000.0,-376289000.0,-680518000.0,-106182000.0,0.0,698346000.0,0.0,-421339000.0,-421339000.0,-421339000.0,114511000.0,9118000.0,-0.176,890647000.0,676177000.0,1284085000.0,-0.889,2.121,-40.268,-40.2,22629427000.0,0.0,18.09,7.096,7.096,227783000.0,-2350628000.0,2390951000.0,2390951000.0,0.0,-0.015,-0.049,0.009,0.163,0.0,84272000.0,1.0,937883562.0,937883562.0,,2.549,27814597000.0,0.0,7900000.0,332896000.0,29.657,
25,GGP,MRT,2012-03-31,2012-03-31,2012-03-31,2021-08-25,-34259000.0,27559866000.0,29466008750.0,,,0.081,8.797,-430130000.0,494772000.0,494772000.0,839086000.0,-507988000.0,,2.301,16132359000.0,,,16132359000.0,0.0,952801000.0,0.0,0.024,0.4,347303000.0,1300104000.0,0.545,1300104000.0,347303000.0,-509373000.0,-0.55,-0.61,-0.55,8247636000.0,8846356750.0,8247636000.0,32692599707.0,94.0,25.146,185010000.0,0.197,1.0,1548267000.0,0.649,0.0,856676000.0,43197453000.0,46101067500.0,0.0,3011449000.0,,,18976176000.0,,,15929765707.0,-538995000.0,780762000.0,-404573000.0,-647259000.0,-381849000.0,-1494654000.0,340519000.0,0.0,615140000.0,0.0,-516451000.0,-516451000.0,-516451000.0,119879000.0,8463000.0,-0.216,921820000.0,626447000.0,1284855000.0,-0.727,1.931,-30.845,-30.891,22051398000.0,0.0,16.99,6.673,6.673,219627000.0,-2152955000.0,2387353000.0,2387353000.0,0.0,-0.018,-0.058,0.008,0.145,0.0,74270000.0,1.0,937596569.0,937596569.0,,2.546,27559866000.0,0.0,7078000.0,333115000.0,29.394,
26,GGP,MRT,2011-12-31,2011-12-31,2011-12-31,2021-08-25,-47773000.0,29518151000.0,30499575000.0,,,0.079,9.07,-253276000.0,572872000.0,572872000.0,854582000.0,-306804000.0,,2.442,17349214000.0,,,17349214000.0,0.0,985686000.0,0.0,0.027,0.4,558995000.0,1544681000.0,0.644,1544681000.0,558995000.0,-304449000.0,-0.33,-0.37,-0.33,8483329000.0,9282200000.0,8483329000.0,30997975022.0,55.0,20.068,249526000.0,0.267,1.0,1542378000.0,0.643,0.0,863444000.0,46294493000.0,47458523250.0,0.0,3052973000.0,,,20715011000.0,,,14048861022.0,-448439000.0,741967000.0,-438147000.0,-651692000.0,-326601000.0,-1436664000.0,485423000.0,0.0,502802000.0,0.0,-313172000.0,-313172000.0,-313172000.0,112913000.0,6368000.0,-0.131,923992000.0,618386000.0,1445738000.0,-1.212,1.656,-44.86,-45.515,23623316000.0,0.0,15.02,5.861,5.861,218749000.0,-1883569000.0,2396960000.0,2396960000.0,0.0,-0.01,-0.034,0.012,0.233,0.0,63668000.0,1.0,935343610.0,935343610.0,,2.563,29518151000.0,0.0,8723000.0,332970000.0,31.559,
27,GGP,MRT,2011-09-30,2011-09-30,2011-09-30,2021-08-25,-42585000.0,30014149000.0,31211882000.0,,,,9.983,,492689000.0,492689000.0,,,,2.171,17441803000.0,,,17441803000.0,0.0,,0.0,0.048,0.58,,,,,,,,,,9366806000.0,9681143250.0,9366806000.0,28530453750.0,,,,,1.0,,,0.0,,46963263000.0,48233406250.0,0.0,3072302000.0,,,20337262000.0,,,11353261750.0,,,,,,,,,,,,,,,,,,,1633339000.0,,1.212,,,23817012000.0,,12.1,,,184595000.0,-994906000.0,,,,,,,,,,1.0,938286095.0,938286095.0,,,30014149000.0,0.0,,333259000.0,31.988,
28,GGP,MRT,2011-06-30,2011-06-30,2011-06-30,2021-08-25,42755000.0,30771869000.0,30644078000.0,,,,9.607,,585548000.0,585548000.0,,,,2.277,17762740000.0,,,17762740000.0,0.0,,0.0,0.029,0.48,,,,,,,,,,9287656000.0,7480045000.0,9287656000.0,33069019876.0,,,,,1.0,,,0.0,,47949061000.0,49423625000.0,0.0,3048438000.0,,,21150637000.0,,,16135874876.0,,,,,,,,,,,,,,,,,,,1650832000.0,,1.737,,,24369314000.0,,16.69,,,156456000.0,-1145656000.0,,,,,,,,,,1.0,966798974.0,966798974.0,,,30771869000.0,0.0,,328337000.0,31.829,
29,GGP,MRT,2011-03-31,2011-03-31,2011-03-31,2021-08-25,373000.0,31694131000.0,29910456500.0,,,,10.363,,1033767000.0,1033767000.0,,,,2.14,17966912000.0,,,17966912000.0,0.0,,0.0,0.025,0.38,,,,,,,,,,9991009000.0,5357781250.0,9991009000.0,31951504655.0,,,,,1.0,,,0.0,,48627276000.0,50385172000.0,0.0,3152234000.0,,,21378295000.0,,,14924858655.0,,,,,,,,,,,,,,,,,,,1761382000.0,,1.494,,,24660853000.0,,15.48,,,132125000.0,-702801000.0,,,,,,,,,,1.0,964138156.0,964138156.0,,,31694131000.0,0.0,,337891000.0,32.873,
30,GGP,MRT,2010-12-31,2010-12-31,2010-12-31,2021-08-25,172000.0,32367379000.0,,,,,,,1021311000.0,1021311000.0,,,,2.178,18047957000.0,,,18047957000.0,0.0,,0.0,,,,,,,,,,,,10079102000.0,,10079102000.0,29094099203.0,,,,,1.0,,,0.0,,49394025000.0,,0.0,3153698000.0,,,21953266000.0,,,4913230203.0,,,,,,,,,,,,,,,,,,,1893571000.0,,0.487,,,25010372000.0,,15.48,,,114099000.0,-612075000.0,,,,,,,,,,1.0,317392132.0,,,,32367379000.0,0.0,,340213000.0,,
31,GGP,MRT,2010-09-30,2010-09-30,2010-09-30,2021-08-25,15300000.0,27742933000.0,27905181000.0,,,0.112,1.772,-299114000.0,630014000.0,630014000.0,1058318000.0,-920031000.0,,47.866,24810883000.0,,,24810883000.0,0.0,707014000.0,0.0,0.009,0.147,484300000.0,1191314000.0,0.381,1191314000.0,484300000.0,-894026000.0,-2.89,-2.89,-2.89,562413000.0,770669250.0,562413000.0,29108857618.0,60.0,24.434,446618000.0,1.407,1.0,2072046000.0,0.662,199664000.0,1378326000.0,51724138000.0,51929998000.0,0.0,3821643000.0,,,26920675000.0,,,4951327618.0,-61751000.0,99613000.0,0.0,-374364000.0,-6302000.0,-591007000.0,-216476000.0,0.0,745732000.0,0.0,-909415000.0,-909415000.0,-909415000.0,940000.0,-10616000.0,-0.291,1547099000.0,524947000.0,1317622000.0,-0.051,8.804,-5.445,-5.398,21696066000.0,0.0,15.6,1.582,1.582,373001000.0,-3129683000.0,3130364000.0,3130364000.0,0.0,-0.033,-1.18,0.009,0.155,0.0,63776000.0,1.0,317392796.0,317392796.0,,9.863,27543269000.0,0.0,15389000.0,792170000.0,86.78,
32,GGP,MRT,2010-06-30,2010-06-30,2010-06-30,2021-08-25,-504000.0,27837383000.0,28229987000.0,,,0.111,2.517,-238328000.0,548265000.0,548265000.0,1065587000.0,-803733000.0,,33.554,24705795000.0,,,24705795000.0,0.0,716695000.0,0.0,0.011,0.147,494415000.0,1211110000.0,0.388,1211110000.0,494415000.0,-797031000.0,-2.54,-2.54,-2.54,798601000.0,1017473250.0,798601000.0,28315334842.0,57.0,23.38,500487000.0,1.577,1.0,2056046000.0,0.659,199664000.0,1291446000.0,51795249000.0,52421550250.0,0.0,3905437000.0,,,26796261000.0,,,4207727842.0,-74579000.0,-41379000.0,0.0,-306640000.0,-6659000.0,-519496000.0,-293898000.0,0.0,738815000.0,0.0,-796077000.0,-796077000.0,-796077000.0,911000.0,-7656000.0,-0.255,1534042000.0,522004000.0,1302668000.0,-0.058,5.269,-5.286,-5.22,21807822000.0,0.0,13.26,1.348,1.348,372621000.0,-2898498000.0,3121633000.0,3121633000.0,0.0,-0.028,-0.782,0.009,0.158,0.0,64342000.0,1.0,317324875.0,317324875.0,,9.837,27637719000.0,0.0,-954000.0,787798000.0,87.096,
33,GGP,MRT,2010-03-31,2010-03-31,2010-03-31,2021-08-25,-763000.0,27890634000.0,28550705500.0,,,0.109,2.832,-226627000.0,573120000.0,573120000.0,1051357000.0,-844787000.0,,29.743,24680727000.0,,,24680727000.0,0.0,727848000.0,0.0,0.009,0.147,481672000.0,1209520000.0,0.389,1209520000.0,481672000.0,-836399000.0,-2.68,-2.68,-2.68,898700000.0,1228651750.0,898700000.0,29557341806.0,61.0,24.437,683419000.0,2.154,1.0,2057054000.0,0.662,199664000.0,1318071000.0,51798577000.0,52910713000.0,0.0,3758465000.0,,,26730468000.0,,,5105423806.0,377375000.0,-77188000.0,0.0,-55721000.0,-7172000.0,-224734000.0,-307937000.0,0.0,910046000.0,0.0,-836953000.0,-836953000.0,-836953000.0,911000.0,-7834000.0,-0.269,1584988000.0,472066000.0,1190597000.0,-0.055,5.681,-6.1,-6.004,21963428000.0,0.0,16.09,1.642,1.642,393405000.0,-2780971000.0,3108411000.0,3108411000.0,0.0,-0.029,-0.681,0.009,0.155,0.0,91634000.0,1.0,317304152.0,317304152.0,,9.796,27690970000.0,0.0,554000.0,859144000.0,87.269,
34,GGP,MRT,2009-12-31,2009-12-31,2009-12-31,2021-08-25,-249000.0,28149774000.0,28803900000.0,,,0.109,2.622,-246428000.0,654396000.0,654396000.0,924910000.0,-1304827000.0,,32.924,25106314000.0,,,25106314000.0,0.0,755161000.0,0.0,0.013,0.147,11984000.0,767145000.0,0.245,767145000.0,11984000.0,-1299299000.0,-4.11,-4.11,-4.11,822963000.0,1445792000.0,822963000.0,28481352503.0,2377.0,37.126,624838000.0,1.991,1.0,2210904000.0,0.705,199664000.0,1311283000.0,52402028000.0,53263943250.0,0.0,3732488000.0,,,27095602000.0,,,3627905503.0,485403000.0,-89663000.0,43000.0,20441000.0,-1327000.0,-51309000.0,-334554000.0,0.0,871266000.0,0.0,-1284689000.0,-1284689000.0,-1284689000.0,966000.0,-20138000.0,-0.41,2226048000.0,-15144000.0,1122888000.0,-0.036,4.408,-2.824,-2.813,22102630000.0,0.0,11.56,1.157,1.157,404041000.0,-2832627000.0,3135814000.0,3135814000.0,0.0,-0.045,-0.889,0.0,0.004,0.0,130312000.0,1.0,313832656.0,313832656.0,,9.992,27950110000.0,0.0,-14610000.0,866400000.0,89.061,
35,GGP,MRT,2009-09-30,2009-09-30,2009-09-30,2021-08-25,-9082000.0,29042157000.0,29155789000.0,,,0.111,4.938,-330980000.0,691765000.0,691765000.0,1065729000.0,-684783000.0,,17.624,25545212000.0,,,25545212000.0,0.0,770145000.0,0.0,0.0,0.0,665766000.0,1435911000.0,0.443,1435911000.0,665766000.0,-667022000.0,-2.18,-2.18,-2.18,1549629000.0,1699086500.0,1549629000.0,26365179183.0,40.0,18.361,488682000.0,1.557,1.0,2176851000.0,0.671,205257000.0,1332788000.0,53690347000.0,53622665500.0,0.0,3748094000.0,,,27310924000.0,,,1521996183.0,552590000.0,-107743000.0,129000.0,182770000.0,-1176000.0,163704000.0,-430776000.0,0.0,819662000.0,0.0,-678865000.0,-678865000.0,-678865000.0,65000.0,-5918000.0,-0.209,1545400000.0,631451000.0,904271000.0,0.0,0.982,-2.242,-2.225,22949432000.0,0.0,4.85,0.469,0.469,388402000.0,-2160915000.0,3242580000.0,3242580000.0,0.0,-0.023,-0.4,0.012,0.205,0.0,163768000.0,1.0,313813646.0,313813646.0,,10.333,28836900000.0,0.0,11843000.0,861441000.0,91.892,
36,GGP,MRT,2009-06-30,2009-06-30,2009-06-30,2021-08-25,-32216000.0,29120257000.0,29310781500.0,,,0.112,5.237,-485578000.0,622844000.0,622844000.0,1018230000.0,-589621000.0,,16.609,25466027000.0,,,25466027000.0,0.0,775516000.0,0.0,0.211,0.386,766673000.0,1542189000.0,0.468,1542189000.0,766673000.0,-570445000.0,-1.88,-1.88,-1.88,1643315000.0,1765400500.0,1643315000.0,25113178412.0,33.0,16.284,378622000.0,1.207,1.0,2278090000.0,0.691,211540000.0,1337118000.0,53751900000.0,53689247000.0,0.0,3655912000.0,,,27293828000.0,,,574191412.0,535400000.0,-151779000.0,940000.0,506027000.0,-160685000.0,295815000.0,-624615000.0,0.0,864200000.0,0.0,-581877000.0,-581877000.0,-581877000.0,-17929000.0,-7744000.0,-0.177,1577159000.0,700931000.0,967423000.0,-0.205,0.349,-0.987,-0.973,23163270000.0,0.0,1.83,0.174,0.174,396252000.0,-2043067000.0,3296320000.0,3296320000.0,0.0,-0.02,-0.33,0.014,0.233,0.0,160442000.0,1.0,313765799.0,313765799.0,,10.506,28908717000.0,0.0,11432000.0,860378000.0,92.135,
37,GGP,MRT,2009-03-31,2009-03-31,2009-03-31,2021-08-25,-65243000.0,28903412000.0,29407114500.0,,,0.113,5.636,-651933000.0,195745000.0,195745000.0,1001709000.0,-393108000.0,,15.25,24734732000.0,,,24734732000.0,0.0,780286000.0,0.0,1.087,0.772,935902000.0,1716188000.0,0.517,1716188000.0,935902000.0,-392168000.0,-1.25,-1.25,-1.25,1767261000.0,1852322000.0,1767261000.0,24939251123.0,27.0,14.532,-74921000.0,-0.239,1.0,2318134000.0,0.698,230901000.0,1328070000.0,53211498000.0,53635946000.0,0.0,3639034000.0,,,26950452000.0,,,222637123.0,-60717000.0,-146818000.0,7704000.0,527017000.0,-319929000.0,162713000.0,-800442000.0,0.0,577012000.0,0.0,-394724000.0,-394724000.0,-394724000.0,-54989000.0,1616000.0,-0.119,1503278000.0,814856000.0,1347854000.0,-0.618,0.126,-0.564,-0.568,23337404000.0,0.0,0.71,0.067,0.067,385982000.0,-1884668000.0,3319843000.0,3319843000.0,0.0,-0.013,-0.213,0.017,0.282,0.0,134424000.0,1.0,313573413.0,313573413.0,,10.587,28672511000.0,0.0,2556000.0,867866000.0,91.438,
38,GGP,MRT,2008-12-31,2008-12-31,2008-12-31,2021-08-25,-56128000.0,29557330000.0,29561123000.0,,,0.114,6.843,-1114593000.0,168993000.0,168993000.0,959300000.0,18672000.0,,14.812,24788871000.0,,,24788871000.0,0.0,759930000.0,0.0,0.898,1.158,1353453000.0,2113383000.0,0.629,2113383000.0,1353453000.0,28180000.0,0.02,0.02,0.02,1836141000.0,1906620250.0,1836141000.0,25014086718.0,18.0,11.836,-558152000.0,-2.08,1.0,2402225000.0,0.715,340291000.0,1325273000.0,53836917000.0,53655485000.0,0.0,3693291000.0,,,27196998000.0,,,346125718.0,69459000.0,-102260000.0,829291000.0,418677000.0,-467783000.0,722008000.0,-1208990000.0,0.0,556441000.0,0.0,4719000.0,4719000.0,4719000.0,-55044000.0,13953000.0,0.001,1173654000.0,1228571000.0,1539149000.0,57.9,0.189,73.347,64.5,23800065000.0,0.0,1.29,0.103,0.103,385334000.0,-1488586000.0,3361525000.0,3361525000.0,0.0,0.0,0.002,0.025,0.403,0.0,101398000.0,1.0,268314510.0,268314510.0,,12.528,29217039000.0,0.0,23461000.0,868978000.0,108.891,
39,GGP,MRT,2008-09-30,2008-09-30,2008-09-30,2021-08-25,20051000.0,29662127000.0,29375370250.0,,,0.115,6.779,-1238227000.0,139175000.0,139175000.0,959573000.0,141620000.0,,15.057,24807136000.0,,,24807136000.0,0.0,708498000.0,0.0,0.102,1.544,1331759000.0,2040257000.0,0.602,2040257000.0,1331759000.0,19375000.0,0.23,0.23,0.23,1814885000.0,1811759000.0,1814885000.0,28461115628.0,21.0,13.95,-536534000.0,-2.004,1.0,2429738000.0,0.717,373415000.0,1312384000.0,53956673000.0,53362557000.0,0.0,3729505000.0,,,27326990000.0,,,4042325628.0,90881000.0,-107083000.0,832834000.0,540584000.0,-615547000.0,714148000.0,-1324960000.0,0.0,701693000.0,0.0,55667000.0,55667000.0,55667000.0,-55083000.0,85953000.0,0.016,1318345000.0,1111393000.0,1655813000.0,6.713,2.227,72.616,65.652,23869288000.0,0.0,15.1,1.193,1.193,372203000.0,-1451768000.0,3389311000.0,3389311000.0,0.0,0.002,0.031,0.025,0.393,0.0,84460000.0,1.0,267703684.0,267703684.0,,12.661,29288712000.0,0.0,-36292000.0,864041000.0,109.407,
40,GGP,MRT,2008-06-30,2008-06-30,2008-06-30,2021-08-25,51941000.0,29505589000.0,29093704500.0,,,0.118,7.443,-1822455000.0,87444000.0,87444000.0,998673000.0,154524000.0,,13.54,24506234000.0,,,24506234000.0,0.0,707547000.0,0.0,0.043,1.505,1352574000.0,2060121000.0,0.599,2060121000.0,1352574000.0,60009000.0,0.27,0.27,0.27,1991001000.0,1735529250.0,1991001000.0,33526157163.0,25.0,16.274,-1162315000.0,-4.345,1.0,2440195000.0,0.71,385683000.0,1292565000.0,53538696000.0,52933263000.0,0.0,3551584000.0,,,26958470000.0,,,9370266163.0,22245000.0,-119785000.0,832783000.0,1061299000.0,-588817000.0,1286065000.0,-1923960000.0,0.0,660140000.0,0.0,67167000.0,67167000.0,67167000.0,-37060000.0,87357000.0,0.02,1258930000.0,1181265000.0,1585110000.0,5.574,4.706,139.507,129.741,23969389000.0,0.0,35.03,2.725,2.725,373834000.0,-1302536000.0,3438868000.0,3438868000.0,0.0,0.002,0.039,0.026,0.393,0.0,85644000.0,1.0,267492611.0,267492611.0,,12.856,29119906000.0,0.0,-7158000.0,867126000.0,108.862,
41,GGP,MRT,2008-03-31,2008-03-31,2008-03-31,2021-08-25,32671000.0,29519446000.0,28092956750.0,,,0.12,8.135,-1823581000.0,256462000.0,256462000.0,994143000.0,124984000.0,,13.596,24412353000.0,,,24412353000.0,0.0,679595000.0,0.0,0.038,1.466,1299240000.0,1978835000.0,0.588,1978835000.0,1299240000.0,50431000.0,0.18,0.18,0.18,1984454000.0,1641349750.0,1984454000.0,33547660550.0,26.0,16.953,-1067631000.0,-4.377,1.0,2369189000.0,0.704,385683000.0,1248809000.0,53289654000.0,51148173500.0,0.0,3478508000.0,,,26980217000.0,,,9311091550.0,191544000.0,-200909000.0,739117000.0,1369130000.0,-562883000.0,1438372000.0,-2002778000.0,0.0,755950000.0,0.0,46808000.0,46808000.0,46808000.0,0.0,78176000.0,0.014,1215225000.0,1153964000.0,1701098000.0,8.144,4.692,198.921,212.056,23936808000.0,0.0,38.17,2.768,2.768,376443000.0,-1202905000.0,3363332000.0,3363332000.0,0.0,0.002,0.029,0.025,0.386,0.0,87195000.0,1.0,243937426.0,243937426.0,,13.788,29133763000.0,0.0,3623000.0,866766000.0,119.431,
42,GGP,MRT,2007-12-31,2007-12-31,2007-12-31,2021-08-25,35658000.0,28814319000.0,27039201750.0,,,0.121,5.975,-1492082000.0,99534000.0,99534000.0,980097000.0,347597000.0,,18.456,24336103000.0,,,24336103000.0,0.0,670454000.0,0.0,0.035,1.427,1170948000.0,1841402000.0,0.565,1841402000.0,1170948000.0,-20518000.0,1.12,1.12,1.12,1456696000.0,1601442000.0,1456696000.0,34129885306.0,29.0,18.535,-784666000.0,-3.218,1.0,2281704000.0,0.7,385683000.0,1191466000.0,52665205000.0,49259551000.0,0.0,3496702000.0,,,26884779000.0,,,10040169306.0,2395000.0,-300065000.0,-35023000.0,1763956000.0,-547832000.0,1075911000.0,-1780932000.0,0.0,707416000.0,0.0,273642000.0,273642000.0,273642000.0,0.0,73955000.0,0.084,1203843000.0,1077861000.0,1688241000.0,1.274,6.892,36.691,36.768,23347185000.0,0.0,41.18,3.078,3.078,388278000.0,-1087080000.0,3261801000.0,3261801000.0,0.0,0.01,0.171,0.024,0.359,0.0,91669000.0,1.0,243811785.0,243811785.0,,13.378,28428636000.0,0.0,-294160000.0,860435000.0,116.601,
43,GGP,MRT,2007-09-30,2007-09-30,2007-09-30,2021-08-25,30747000.0,28535464000.0,26145983250.0,,,0.126,6.148,-1462570000.0,48294000.0,48294000.0,1082076000.0,299460000.0,,17.577,24138010000.0,,,24138010000.0,0.0,705696000.0,0.0,0.026,1.388,1220395000.0,1926091000.0,0.583,1926091000.0,1220395000.0,89872000.0,1.23,1.22,1.23,1509966000.0,1653287750.0,1509966000.0,34464789591.0,28.0,17.894,-683703000.0,-2.784,1.0,2222877000.0,0.673,385683000.0,1130523000.0,52239497000.0,47460004750.0,0.0,3494790000.0,,,26540993000.0,,,13168167591.0,-31266000.0,-322849000.0,-25441000.0,1630427000.0,-532138000.0,965239000.0,-1780171000.0,0.0,778867000.0,4799000.0,299460000.0,299460000.0,299460000.0,823000.0,0.0,0.091,1006112000.0,1216765000.0,1490931000.0,1.128,8.721,43.973,43.593,23138040000.0,0.0,53.62,3.984,3.984,348708000.0,-1023878000.0,3304953000.0,3304953000.0,0.0,0.011,0.181,0.026,0.369,0.0,74757000.0,1.0,245583133.0,245583133.0,,13.458,28149781000.0,0.0,-209588000.0,912052000.0,114.624,
44,GGP,MRT,2007-06-30,2007-06-30,2007-06-30,2021-08-25,21019000.0,25502598000.0,25261224250.0,,,0.126,6.587,-835815000.0,65199000.0,65199000.0,1053906000.0,300658000.0,,14.483,21361821000.0,,,21361821000.0,0.0,684884000.0,0.0,0.026,1.357,1191930000.0,1876814000.0,0.589,1876814000.0,1191930000.0,88002000.0,1.24,1.23,1.24,1614283000.0,1696660500.0,1614283000.0,33807451827.0,28.0,18.013,-117726000.0,-0.48,1.0,2132820000.0,0.669,400882000.0,1103928000.0,46398338000.0,45651098750.0,0.0,3368394000.0,,,23380280000.0,,,12977254827.0,-10204000.0,160475000.0,-40608000.0,562870000.0,-519122000.0,-102558000.0,-630783000.0,0.0,718089000.0,5048000.0,300658000.0,300658000.0,300658000.0,823000.0,0.0,0.094,978243000.0,1154577000.0,1105128000.0,1.094,8.039,43.163,42.702,20320278000.0,0.0,52.95,4.072,4.072,311823000.0,-904820000.0,3186726000.0,3186726000.0,0.0,0.012,0.177,0.026,0.374,0.0,74344000.0,1.0,245085077.0,245085077.0,,13.003,25101716000.0,0.0,-212656000.0,913331000.0,102.42,
45,GGP,MRT,2007-03-31,2007-03-31,2007-03-31,2021-08-25,11204000.0,25304426000.0,25210406750.0,,,0.125,7.486,-710320000.0,64918000.0,64918000.0,1029853000.0,266453000.0,,12.563,20895115000.0,,,20895115000.0,0.0,699966000.0,0.0,0.021,1.326,1157632000.0,1857598000.0,0.589,1857598000.0,1157632000.0,50640000.0,1.1,1.09,1.1,1824823000.0,1734185250.0,1824823000.0,36337447940.0,31.0,19.562,467000.0,0.002,1.0,2126600000.0,0.674,399459000.0,1106992000.0,45735164000.0,45440805250.0,0.0,3230895000.0,,,22925754000.0,,,15740198940.0,-315000.0,321716000.0,1674000.0,168895000.0,-505845000.0,-370335000.0,-340767000.0,0.0,710787000.0,0.0,266453000.0,266453000.0,266453000.0,823000.0,0.0,0.084,1003721000.0,1122879000.0,1113743000.0,1.205,8.626,59.073,58.7,20249661000.0,0.0,64.57,4.987,4.987,321434000.0,-802971000.0,3156453000.0,3156453000.0,0.0,0.011,0.154,0.025,0.367,0.0,75088000.0,1.0,243769536.0,243769536.0,,12.949,24904967000.0,0.0,-215813000.0,916896000.0,102.166,
46,GGP,MRT,2006-12-31,2006-12-31,2006-12-31,2021-08-25,9582000.0,25241445000.0,25174976250.0,,,0.129,6.89,-676286000.0,97139000.0,97139000.0,1084741000.0,59273000.0,,13.85,20694388000.0,,,20694388000.0,0.0,690194000.0,0.0,0.025,1.295,1275694000.0,1965888000.0,0.604,1965888000.0,1275694000.0,158257000.0,0.25,0.24,0.25,1664079000.0,1756359500.0,1664079000.0,32984335912.0,26.0,16.778,140065000.0,0.58,1.0,2171542000.0,0.667,371674000.0,1117437000.0,45467020000.0,45302919750.0,0.0,3154874000.0,,,23046785000.0,,,12614993912.0,-5652000.0,409943000.0,-36658000.0,-17195000.0,-492823000.0,-611603000.0,-210400000.0,0.0,816351000.0,0.0,59273000.0,59273000.0,59273000.0,823000.0,0.0,0.018,983090000.0,1188452000.0,1050192000.0,5.18,7.581,212.829,208.92,20238892000.0,0.0,52.23,3.874,3.874,338709000.0,-868391000.0,3256283000.0,3256283000.0,0.0,0.002,0.034,0.028,0.392,0.0,67426000.0,1.0,241527741.0,241527741.0,,13.482,24869771000.0,0.0,98984000.0,1302205000.0,102.969,
47,GGP,MRT,2006-09-30,2006-09-30,2006-09-30,2021-08-25,12073000.0,24996428000.0,25191369750.0,,,0.125,6.977,-397798000.0,79560000.0,79560000.0,1037797000.0,55710000.0,,13.513,20448902000.0,,,20448902000.0,0.0,692764000.0,0.0,0.027,1.264,1242057000.0,1934821000.0,0.615,1934821000.0,1242057000.0,130160000.0,0.24,0.24,0.24,1683457000.0,1823569250.0,1683457000.0,32117452616.0,26.0,16.6,402518000.0,1.668,1.0,2108838000.0,0.67,361897000.0,1111897000.0,45003873000.0,45241277250.0,0.0,3027743000.0,,,22748902000.0,,,11497719616.0,58822000.0,481480000.0,-115741000.0,-198968000.0,-480439000.0,-872383000.0,135688000.0,0.0,800316000.0,-4799000.0,55710000.0,55710000.0,55710000.0,-6702000.0,0.0,0.018,968618000.0,1140220000.0,1032698000.0,5.267,6.83,206.385,198.542,20129007000.0,0.0,47.65,3.654,3.654,309629000.0,-824894000.0,3146635000.0,3146635000.0,0.0,0.002,0.031,0.027,0.395,0.0,74931000.0,1.0,241295270.0,241295270.0,,13.041,24634531000.0,0.0,74450000.0,1267302000.0,102.093,
48,GGP,MRT,2006-06-30,2006-06-30,2006-06-30,2021-08-25,15967000.0,25299328000.0,25269059500.0,,,0.125,7.318,-412090000.0,75403000.0,75403000.0,1034552000.0,57037000.0,,13.006,20695136000.0,,,20695136000.0,0.0,695398000.0,0.0,0.027,1.226,1233970000.0,1929368000.0,0.613,1929368000.0,1233970000.0,135126000.0,0.24,0.24,0.24,1764382000.0,1890291500.0,1764382000.0,31246432596.0,25.0,16.195,408762000.0,1.695,1.0,2111895000.0,0.671,361897000.0,1098844000.0,45557164000.0,45441211500.0,0.0,3371881000.0,,,22947202000.0,,,10863617596.0,24854000.0,153783000.0,-125843000.0,119992000.0,-465413000.0,-563075000.0,-227875000.0,0.0,820852000.0,-5048000.0,57037000.0,57037000.0,57037000.0,-8389000.0,0.0,0.018,975631000.0,1136264000.0,1002980000.0,5.108,6.157,190.466,187.75,20077322000.0,0.0,45.06,3.453,3.453,336917000.0,-718305000.0,3146447000.0,3146447000.0,0.0,0.002,0.03,0.027,0.392,0.0,76940000.0,1.0,241092268.0,241092268.0,,13.051,24937431000.0,0.0,78089000.0,1249086000.0,103.435,
49,GGP,MRT,2006-03-31,2006-03-31,2006-03-31,2021-08-25,14826000.0,25162704000.0,25283926500.0,,,0.126,7.94,-405856000.0,65233000.0,65233000.0,1102798000.0,85502000.0,,11.825,20448048000.0,,,20448048000.0,0.0,685197000.0,0.0,0.024,1.188,1229222000.0,1914419000.0,0.599,1914419000.0,1229222000.0,164460000.0,0.36,0.36,0.36,1913520000.0,1960257000.0,1913520000.0,32094029334.0,26.0,16.764,507551000.0,2.106,1.0,2092070000.0,0.655,361897000.0,1064762000.0,45183622000.0,45493582500.0,0.0,3430020000.0,,,22626537000.0,,,11777945334.0,16098000.0,217467000.0,-72302000.0,82784000.0,-449853000.0,-716307000.0,-181002000.0,0.0,913407000.0,0.0,85502000.0,85502000.0,85502000.0,-10157000.0,0.0,0.027,965818000.0,1126252000.0,925675000.0,3.3,6.155,137.751,135.75,19765450000.0,0.0,48.87,3.687,3.687,337391000.0,-593676000.0,3194868000.0,3194868000.0,0.0,0.003,0.044,0.027,0.385,0.0,79487000.0,1.0,241005634.0,241005634.0,,13.256,24800807000.0,0.0,78958000.0,1252814000.0,102.906,
50,GGP,MRT,2005-12-31,2005-12-31,2005-12-31,2021-08-25,10454000.0,25307019000.0,25430754000.0,,,0.121,8.096,-354434000.0,102791000.0,102791000.0,1052585000.0,75553000.0,,11.763,20436846000.0,,,20436846000.0,0.0,678395000.0,0.0,0.024,1.15,1158083000.0,1836478000.0,0.598,1836478000.0,1158083000.0,126842000.0,0.32,0.32,0.32,1932918000.0,2013036750.0,1932918000.0,31715404479.0,27.0,17.27,487544000.0,2.042,1.0,2020119000.0,0.657,420624000.0,1031241000.0,45220450000.0,45721099250.0,0.0,3469160000.0,,,22737865000.0,,,11218981479.0,63210000.0,191497000.0,-53731000.0,115276000.0,-434550000.0,-624571000.0,-154197000.0,0.0,841978000.0,0.0,75553000.0,75553000.0,75553000.0,-11686000.0,0.0,0.025,961135000.0,1058984000.0,1014443000.0,3.594,5.804,148.492,146.844,19830775000.0,0.0,46.99,3.651,3.651,356733000.0,-518555000.0,3072704000.0,3072704000.0,0.0,0.003,0.038,0.025,0.377,0.0,79061000.0,1.0,238752532.0,238752532.0,,12.87,24886395000.0,0.0,51289000.0,1286576000.0,104.235,
51,GGP,MRT,2005-09-30,2005-09-30,2005-09-30,2021-08-25,12217000.0,25307187000.0,25533655500.0,,,0.113,8.184,-7555381000.0,20738000.0,20738000.0,960514000.0,102492000.0,,11.649,20517161000.0,,,20517161000.0,0.0,618464000.0,0.0,0.025,1.112,1088395000.0,1706859000.0,0.593,1706859000.0,1088395000.0,133751000.0,0.46,0.46,0.46,1950346000.0,2065594750.0,1950346000.0,31115541923.0,29.0,18.23,-6867544000.0,-28.817,1.0,1918192000.0,0.666,0.0,954644000.0,45803610000.0,45824285500.0,0.0,3477271000.0,,,22719125000.0,,,10707689923.0,-225000.0,217317000.0,527811000.0,6775929000.0,-413488000.0,6640814000.0,-7328876000.0,0.0,687837000.0,0.0,102492000.0,102492000.0,102492000.0,-17282000.0,0.0,0.036,905912000.0,1012280000.0,992393000.0,2.417,5.49,104.473,97.674,20124396000.0,0.0,44.93,3.72,3.72,301708000.0,-486000000.0,2878706000.0,2878706000.0,0.0,0.004,0.05,0.024,0.378,0.0,70575000.0,1.0,238319384.0,238319384.0,,12.079,25307187000.0,0.0,31259000.0,1209571000.0,106.19,
52,GGP,MRT,2005-06-30,2005-06-30,2005-06-30,2021-08-25,4582000.0,25358796000.0,22091275250.0,,,0.115,8.595,-7821123000.0,50549000.0,50549000.0,823904000.0,173299000.0,,11.067,20458401000.0,,,20458401000.0,0.0,524758000.0,0.0,0.026,1.065,973785000.0,1498543000.0,0.592,1498543000.0,973785000.0,189344000.0,0.78,0.78,0.78,2044244000.0,1977667500.0,2044244000.0,30117001846.0,31.0,20.098,-7088384000.0,-29.802,1.0,1706460000.0,0.674,0.0,784441000.0,45766648000.0,39406264000.0,0.0,3494122000.0,,,22622754000.0,,,9773326846.0,35284000.0,166689000.0,554910000.0,7137428000.0,-390714000.0,6968970000.0,-7666425000.0,0.0,732739000.0,0.0,173299000.0,173299000.0,173299000.0,-16595000.0,0.0,0.068,787288000.0,919172000.0,880178000.0,1.365,4.781,56.396,52.679,20051326000.0,0.0,41.09,3.862,3.862,252670000.0,-381902000.0,2530364000.0,2530364000.0,0.0,0.008,0.088,0.025,0.385,0.0,66559000.0,1.0,237851712.0,237851712.0,,10.638,25358796000.0,0.0,16045000.0,1284175000.0,106.616,
53,GGP,MRT,2005-03-31,2005-03-31,2005-03-31,2021-08-25,2581000.0,25750014000.0,18538626500.0,,,0.116,8.944,-8895927000.0,49135000.0,49135000.0,642961000.0,221795000.0,,10.761,20392810000.0,,,20392810000.0,0.0,439988000.0,0.0,0.03,1.018,853235000.0,1293223000.0,0.602,1293223000.0,853235000.0,222863000.0,1.01,1.0,1.01,2124639000.0,1886514000.0,2124639000.0,28371980622.0,33.0,21.939,-8185468000.0,-34.457,1.0,1503548000.0,0.7,0.0,630372000.0,46093689000.0,32790808750.0,0.0,3642320000.0,,,22862722000.0,,,8100614622.0,40197000.0,-92792000.0,551494000.0,8280770000.0,-367872000.0,8307744000.0,-8978006000.0,0.0,710459000.0,0.0,221795000.0,221795000.0,221795000.0,-15728000.0,0.0,0.103,674343000.0,829205000.0,1055347000.0,1.008,3.813,36.523,33.762,20145704000.0,0.0,34.1,3.774,3.774,251082000.0,-298951000.0,2146509000.0,2146509000.0,0.0,0.012,0.118,0.026,0.397,0.0,61852000.0,1.0,237554681.0,237554681.0,,9.036,25750014000.0,0.0,1068000.0,1414565000.0,108.396,
54,GGP,MRT,2004-12-31,2004-12-31,2004-12-31,2021-08-25,-3685000.0,25718625000.0,14578989250.0,,,0.123,9.799,-8934840000.0,39581000.0,39581000.0,502390000.0,267852000.0,,10.555,20310947000.0,,,20310947000.0,0.0,348303000.0,0.0,0.027,0.971,742420000.0,1090723000.0,0.606,1090723000.0,742420000.0,270235000.0,1.22,1.21,1.22,2143150000.0,1771900500.0,2143150000.0,16502074083.0,22.0,15.129,-8215464000.0,-37.565,1.0,1297491000.0,0.721,356796000.0,472185000.0,45633195000.0,25485098750.0,0.0,3583554000.0,,,22621032000.0,,,7908216083.0,28904000.0,-86015000.0,531976000.0,8302807000.0,-345263000.0,8330343000.0,-9020815000.0,0.0,719376000.0,0.0,267852000.0,267852000.0,267852000.0,-14984000.0,0.0,0.149,556199000.0,741292000.0,895520000.0,0.796,3.69,29.525,29.639,20217291000.0,0.0,36.16,4.394,4.394,242425000.0,-227511000.0,1799881000.0,1799881000.0,0.0,0.018,0.151,0.029,0.412,0.0,57719000.0,1.0,218700666.0,218700666.0,,8.23,25361829000.0,0.0,2383000.0,1414565000.0,115.966,
55,GGP,MRT,2004-09-30,2004-09-30,2004-09-30,2021-08-25,-11680000.0,11537666000.0,10545057250.0,,,0.144,7.313,-2512633000.0,20963000.0,20963000.0,396022000.0,273631000.0,,6.217,8614821000.0,,,8614821000.0,0.0,290465000.0,0.0,0.03,0.924,631237000.0,921702000.0,0.609,921702000.0,631237000.0,273768000.0,1.28,1.25,1.28,1598637000.0,1653715250.0,1598637000.0,14933120197.0,24.0,16.202,-1738330000.0,-7.952,1.0,1118352000.0,0.738,0.0,357469000.0,20131524000.0,18132227500.0,0.0,759481000.0,,,9939029000.0,,,6776494197.0,-117368000.0,-140403000.0,22438000.0,2234292000.0,-328398000.0,1774345000.0,-2666016000.0,-476000.0,774303000.0,0.0,273631000.0,273631000.0,273631000.0,-2689000.0,0.0,0.181,470175000.0,648177000.0,531790000.0,0.722,4.239,24.765,24.219,10346044000.0,0.0,31.0,4.475,4.475,163009000.0,-321121000.0,1514374000.0,1514374000.0,0.0,0.026,0.165,0.035,0.417,0.0,52962000.0,1.0,218596587.0,218596587.0,,6.928,11537666000.0,0.0,137000.0,0.0,52.781,
56,GGP,MRT,2004-06-30,2004-06-30,2004-06-30,2021-08-25,-10138000.0,11148201000.0,9875875500.0,,,0.146,7.709,-2493789000.0,15265000.0,15265000.0,380822000.0,271091000.0,,5.637,8171891000.0,,,8171891000.0,0.0,247284000.0,0.0,0.036,1.053,602700000.0,849984000.0,0.589,849984000.0,602700000.0,271578000.0,1.28,1.24,1.28,1679630000.0,1653649750.0,1679630000.0,13402259980.0,22.0,15.768,-1803003000.0,-8.275,1.0,1061616000.0,0.736,0.0,331122000.0,19304827000.0,16793731000.0,0.0,755816000.0,,,9468571000.0,,,6442875980.0,-4750000.0,-143290000.0,26100000.0,2297525000.0,-305542000.0,1950440000.0,-2645976000.0,-476000.0,690786000.0,0.0,271091000.0,271091000.0,271091000.0,-1689000.0,0.0,0.188,438990000.0,622626000.0,485608000.0,0.823,3.836,23.766,23.102,9997981000.0,0.0,29.57,4.467,4.467,150074000.0,-240792000.0,1442438000.0,1442438000.0,0.0,0.027,0.164,0.036,0.418,0.0,49722000.0,1.0,217885559.0,217885559.0,,6.62,11148201000.0,0.0,487000.0,0.0,51.165,
57,GGP,MRT,2004-03-31,2004-03-31,2004-03-31,2021-08-25,-16032000.0,9911465000.0,9027080000.0,,,0.15,7.652,-1857679000.0,8938000.0,8938000.0,363776000.0,270946000.0,,4.949,6968322000.0,,,6968322000.0,0.0,218507000.0,0.0,0.023,0.822,575938000.0,794445000.0,0.587,794445000.0,575938000.0,271051000.0,1.27,1.24,1.27,1666185000.0,1538906750.0,1666185000.0,14292958580.0,25.0,17.991,-1261720000.0,-5.794,1.0,988974000.0,0.731,0.0,304887000.0,16870849000.0,15156026750.0,0.0,606098000.0,,,8245280000.0,,,7654145580.0,-15165000.0,-7657000.0,27831000.0,1583423000.0,-282693000.0,1260757000.0,-1871881000.0,-347000.0,595959000.0,0.0,270946000.0,263993000.0,263993000.0,-788000.0,0.0,0.195,395063000.0,593911000.0,358906000.0,0.647,4.594,28.994,27.677,8917836000.0,6953000.0,35.15,5.658,5.658,152573000.0,-226581000.0,1352750000.0,1352750000.0,0.0,0.029,0.172,0.038,0.426,0.0,46873000.0,1.0,217756631.0,217756631.0,,6.212,9911465000.0,0.0,105000.0,0.0,45.516,
58,GGP,MRT,2003-12-31,2003-12-31,2003-12-31,2021-08-25,-16275000.0,9582897000.0,8359552500.0,,,0.151,7.775,-1717380000.0,10677000.0,10677000.0,351392000.0,263411000.0,,4.737,6649490000.0,,,6649490000.0,0.0,205385000.0,0.0,0.035,0.961,542052000.0,747437000.0,0.592,747437000.0,542052000.0,263509000.0,1.25,1.22,1.25,1670409000.0,1425756000.0,1670409000.0,11878743970.0,22.0,15.893,-1131645000.0,-5.267,1.0,911399000.0,0.722,0.0,278543000.0,16221710000.0,13875511750.0,0.0,630613000.0,,,7912488000.0,,,5962144970.0,-42963000.0,-29848000.0,31308000.0,1425721000.0,-259801000.0,1124728000.0,-1753426000.0,0.0,585735000.0,0.0,263411000.0,250381000.0,250381000.0,0.0,0.0,0.198,362999000.0,548400000.0,359174000.0,0.769,3.569,23.812,22.2,8576113000.0,13030000.0,27.75,4.721,4.721,148485000.0,-220512000.0,1262791000.0,1262791000.0,0.0,0.03,0.176,0.039,0.429,0.0,44330000.0,1.0,214852071.0,214852071.0,,5.877,9582897000.0,0.0,98000.0,0.0,44.602,
59,GGP,MRT,2003-09-30,2003-09-30,2003-09-30,2021-08-25,-21389000.0,8860939000.0,7784033750.0,,,0.153,7.454,-1119504000.0,138331000.0,138331000.0,331094000.0,244350000.0,,4.544,6054930000.0,,,6054930000.0,0.0,186917000.0,0.0,0.048,1.155,506103000.0,693020000.0,0.584,693020000.0,506103000.0,244469000.0,1.157,1.137,1.157,1598375000.0,1307285000.0,1598375000.0,10125889606.0,20.0,14.611,-616531000.0,-2.875,1.0,856273000.0,0.721,0.0,261634000.0,14777538000.0,12774957500.0,0.0,624997000.0,,,7262564000.0,,,5124898606.0,113603000.0,-78144000.0,27327000.0,1093876000.0,-236906000.0,806516000.0,-1195886000.0,0.0,502973000.0,0.0,244350000.0,225204000.0,225204000.0,850000.0,0.0,0.19,349278000.0,506995000.0,312687000.0,0.998,3.206,22.757,20.657,7722120000.0,19146000.0,23.9,4.316,4.316,132485000.0,-255496000.0,1187367000.0,1187367000.0,0.0,0.029,0.172,0.04,0.426,0.0,47281000.0,1.0,214430904.0,214430904.0,,5.537,8860939000.0,0.0,119000.0,0.0,41.323,
60,GGP,MRT,2003-06-30,2003-06-30,2003-06-30,2021-08-25,-30676000.0,7753019000.0,7312547000.0,,,0.153,6.475,-1256157000.0,20015000.0,20015000.0,312949000.0,233501000.0,,5.352,5021006000.0,,,5021006000.0,0.0,200577000.0,0.0,0.046,0.962,480682000.0,681259000.0,0.609,681259000.0,480682000.0,233620000.0,1.103,1.093,1.103,1220658000.0,1198638500.0,1220658000.0,8431146866.0,18.0,12.376,-731854000.0,-3.882,1.0,806309000.0,0.72,0.0,247062000.0,12754010000.0,11926462000.0,0.0,785387000.0,,,6532361000.0,,,3923712866.0,-59151000.0,-142512000.0,24541000.0,1093434000.0,-230604000.0,813453000.0,-1396907000.0,0.0,524303000.0,0.0,233501000.0,208238000.0,208238000.0,576000.0,0.0,0.186,325932000.0,480377000.0,336412000.0,0.872,3.214,18.842,18.87,6602332000.0,25263000.0,20.813,3.506,3.506,129909000.0,-316929000.0,1119258000.0,1119258000.0,0.0,0.028,0.174,0.04,0.429,0.0,45083000.0,1.0,188519196.0,188519196.0,,5.937,7753019000.0,0.0,119000.0,0.0,41.126,
61,GGP,MRT,2003-03-31,2003-03-31,2003-03-31,2021-08-25,-29209000.0,7241355000.0,6788615250.0,,,0.154,6.447,-978609000.0,24103000.0,24103000.0,286260000.0,223311000.0,,4.967,4531537000.0,,,4531537000.0,0.0,187043000.0,0.0,0.052,0.944,454972000.0,642015000.0,0.615,642015000.0,454972000.0,223430000.0,1.06,1.05,1.06,1213582000.0,1189069500.0,1213582000.0,7923936282.0,17.0,12.342,-470404000.0,-2.499,1.0,757930000.0,0.726,0.0,231542000.0,11748789000.0,10972654750.0,0.0,778460000.0,,,6027773000.0,,,3385265282.0,-91662000.0,-118854000.0,23507000.0,520954000.0,-224377000.0,326532000.0,-926399000.0,154465000.0,508205000.0,0.0,223311000.0,198884000.0,198884000.0,141000.0,0.0,0.19,305523000.0,452407000.0,313043000.0,0.891,2.789,17.021,16.965,6132470000.0,24427000.0,17.983,3.242,3.242,127142000.0,-315562000.0,1044190000.0,1044190000.0,0.0,0.029,0.167,0.041,0.436,0.0,42369000.0,1.0,188244594.0,188244594.0,,5.547,7241355000.0,0.0,119000.0,0.0,38.468,
62,GGP,MRT,2002-12-31,2002-12-31,2002-12-31,2021-08-25,-29125000.0,7280822000.0,6384953000.0,,,0.152,6.396,-1006368000.0,53640000.0,53640000.0,263128000.0,209258000.0,,5.085,4592311000.0,,,4592311000.0,0.0,172593000.0,0.0,0.053,0.926,428406000.0,600999000.0,0.617,600999000.0,428406000.0,209377000.0,0.99,0.98,0.99,1196525000.0,1180892500.0,1196525000.0,7651245156.0,18.0,12.731,-545873000.0,-2.918,1.0,710312000.0,0.73,0.0,219029000.0,11819493000.0,10260786500.0,0.0,766995000.0,,,6084297000.0,,,3242681156.0,-107115000.0,-114031000.0,12867000.0,573895000.0,-218276000.0,381801000.0,-949411000.0,154627000.0,460495000.0,0.0,209258000.0,184791000.0,184791000.0,0.0,0.0,0.19,282714000.0,427598000.0,304416000.0,0.935,2.71,17.548,17.508,6159565000.0,24467000.0,17.333,3.331,3.331,126587000.0,-315844000.0,973440000.0,973440000.0,0.0,0.029,0.156,0.042,0.44,0.0,37401000.0,1.0,187077759.0,187077759.0,,5.203,7280822000.0,0.0,119000.0,0.0,38.919,
63,GGP,MRT,2002-09-30,2002-09-30,2002-09-30,2021-08-25,-27723000.0,6974992000.0,5976449250.0,,,0.149,6.234,-857746000.0,24728000.0,24728000.0,182738000.0,177806000.0,,4.993,4433292000.0,,,4433292000.0,0.0,160393000.0,0.0,0.039,0.668,399158000.0,559551000.0,0.627,559551000.0,399158000.0,177806000.0,0.863,0.863,0.863,1163789000.0,1177607750.0,1163789000.0,6486191088.0,16.0,11.592,-488790000.0,-2.618,1.0,709058000.0,0.795,0.0,221352000.0,11383556000.0,9526978000.0,0.0,675879000.0,,,5811203000.0,,,3204702088.0,-7935000.0,71294000.0,356144000.0,228568000.0,-206203000.0,394075000.0,-770966000.0,0.0,368956000.0,0.0,177806000.0,153339000.0,153339000.0,-2513000.0,0.0,0.172,315895000.0,393163000.0,238327000.0,0.774,2.754,20.899,19.892,5995525000.0,24467000.0,17.167,3.594,3.594,107388000.0,-344949000.0,891796000.0,891796000.0,0.0,0.026,0.13,0.042,0.448,0.0,51980000.0,1.0,186681675.0,186681675.0,,4.777,6974992000.0,0.0,0.0,0.0,37.363,
64,GGP,MRT,2002-06-30,2002-06-30,2002-06-30,2021-08-25,-8996000.0,5657292000.0,5607879750.0,,,0.148,6.34,-550373000.0,79166000.0,79166000.0,179400000.0,162578000.0,,3.785,3360655000.0,,,3360655000.0,0.0,150755000.0,0.0,0.037,0.637,376956000.0,527711000.0,0.635,527711000.0,376956000.0,162578000.0,0.813,0.813,0.813,1182382000.0,1105680000.0,1182382000.0,6444913208.0,17.0,12.213,-218110000.0,-1.17,1.0,651209000.0,0.784,0.0,214378000.0,8938781000.0,8944230750.0,0.0,609438000.0,,,4474910000.0,,,3170303208.0,31405000.0,167448000.0,354152000.0,-134982000.0,-211973000.0,46905000.0,-347763000.0,20000000.0,332263000.0,0.0,162578000.0,138111000.0,138111000.0,-2239000.0,0.0,0.166,284110000.0,367099000.0,163958000.0,0.784,2.681,22.955,20.91,4731435000.0,24467000.0,17.0,3.817,3.817,97856000.0,-344526000.0,830609000.0,830609000.0,0.0,0.025,0.125,0.042,0.454,0.0,44079000.0,1.0,186488424.0,186488424.0,,4.454,5657292000.0,0.0,0.0,0.0,30.336,
65,GGP,MRT,2002-03-31,2002-03-31,2002-03-31,2021-08-25,7811000.0,5626706000.0,5536071250.0,,,0.146,6.347,-318287000.0,115765000.0,115765000.0,190839000.0,103124000.0,,3.765,3390375000.0,,,3390375000.0,0.0,149138000.0,0.0,0.041,0.607,321077000.0,470215000.0,0.58,470215000.0,321077000.0,103124000.0,0.47,0.47,0.47,1180874000.0,1030393750.0,1180874000.0,5978636815.0,19.0,12.715,-69943000.0,-0.376,1.0,619693000.0,0.765,0.0,217953000.0,8901316000.0,8900696000.0,0.0,786868000.0,,,4445832000.0,,,2741184815.0,93670000.0,162005000.0,348173000.0,29633000.0,-186683000.0,156202000.0,-310876000.0,-154594000.0,248344000.0,0.0,103124000.0,78657000.0,78657000.0,-1804000.0,0.0,0.097,325881000.0,293812000.0,158721000.0,1.291,2.321,34.85,31.348,4474241000.0,24467000.0,14.733,3.382,3.382,97875000.0,-337232000.0,810532000.0,810532000.0,0.0,0.014,0.076,0.036,0.396,0.0,38142000.0,1.0,186053268.0,186053268.0,,4.356,5626706000.0,0.0,0.0,0.0,30.242,
66,GGP,MRT,2001-12-31,2001-12-31,2001-12-31,2021-08-25,2220000.0,5646807000.0,5469289000.0,,,0.146,7.483,-385273000.0,160755000.0,160755000.0,202985000.0,92310000.0,,3.772,3398207000.0,,,3398207000.0,0.0,144863000.0,0.0,0.045,0.576,317367000.0,462230000.0,0.578,462230000.0,317367000.0,92310000.0,0.43,0.43,0.43,1183386000.0,968376000.0,1183386000.0,5597206912.0,18.0,12.109,-178148000.0,-1.126,1.0,596380000.0,0.746,0.0,225057000.0,8884259000.0,8849923000.0,0.0,772964000.0,,,4463421000.0,,,2045353912.0,133526000.0,173010000.0,348346000.0,154081000.0,-161439000.0,293767000.0,-367366000.0,-155103000.0,207125000.0,0.0,92310000.0,67843000.0,67843000.0,-1362000.0,0.0,0.085,301603000.0,294777000.0,167194000.0,1.34,1.728,30.148,30.078,4464562000.0,24467000.0,12.933,2.559,2.559,93043000.0,-328349000.0,799365000.0,799365000.0,0.0,0.012,0.07,0.036,0.397,0.0,33496000.0,1.0,158145921.0,158145921.0,,5.055,5646807000.0,0.0,0.0,0.0,35.706,
67,GGP,MRT,2001-09-30,2001-09-30,2001-09-30,2021-08-25,-785000.0,5500714000.0,5378613250.0,,,0.144,5.567,-450906000.0,32663000.0,32663000.0,267496000.0,93846000.0,,5.279,3584516000.0,,,3584516000.0,0.0,145382000.0,0.0,0.047,0.54,317942000.0,463324000.0,0.597,463324000.0,317942000.0,93846000.0,0.443,0.443,0.443,876078000.0,907134000.0,876078000.0,5218465351.0,16.0,11.263,-238828000.0,-1.518,1.0,508257000.0,0.655,0.0,224096000.0,9052567000.0,8754108500.0,0.0,743364000.0,,,4624636000.0,,,1823881351.0,-3009000.0,40029000.0,-167062000.0,399615000.0,-181385000.0,207018000.0,-422105000.0,0.0,212078000.0,0.0,93846000.0,69379000.0,69379000.0,0.0,0.0,0.089,204867000.0,303390000.0,189157000.0,1.219,2.082,26.289,26.163,4482279000.0,24467000.0,11.59,2.351,2.351,84665000.0,-330824000.0,775753000.0,775753000.0,0.0,0.013,0.076,0.036,0.41,0.0,6083000.0,1.0,157366812.0,157366812.0,,4.93,5500714000.0,0.0,0.0,0.0,34.955,
68,GGP,MRT,2001-06-30,2001-06-30,2001-06-30,2021-08-25,-397000.0,5370058000.0,5296558500.0,,,0.142,5.604,-306606000.0,47761000.0,47761000.0,255488000.0,89853000.0,,5.094,3442345000.0,,,3442345000.0,0.0,139416000.0,0.0,0.041,0.535,316375000.0,455791000.0,0.605,455791000.0,316375000.0,89853000.0,0.417,0.417,0.417,881237000.0,917946500.0,881237000.0,5401686089.0,17.0,11.851,-104844000.0,-0.667,1.0,497282000.0,0.661,0.0,226522000.0,8764642000.0,8571398000.0,0.0,798014000.0,,,4488821000.0,,,2063039089.0,7498000.0,3477000.0,-166855000.0,341510000.0,-148994000.0,149775000.0,-344039000.0,-20000000.0,201762000.0,0.0,89853000.0,65386000.0,65386000.0,0.0,0.0,0.087,199341000.0,297941000.0,191001000.0,1.283,2.341,31.552,31.463,4280721000.0,24467000.0,13.12,2.741,2.741,88092000.0,-325801000.0,752770000.0,752770000.0,0.0,0.012,0.071,0.037,0.42,0.0,6673000.0,1.0,157243833.0,157243833.0,,4.787,5370058000.0,0.0,0.0,0.0,34.151,
69,GGP,MRT,2001-03-31,2001-03-31,2001-03-31,2021-08-25,-1270000.0,5359577000.0,5224064250.0,,,0.139,5.937,-348792000.0,22095000.0,22095000.0,235203000.0,136444000.0,,4.746,3360742000.0,,,3360742000.0,0.0,132298000.0,0.0,0.045,0.529,365187000.0,497485000.0,0.683,497485000.0,365187000.0,136444000.0,0.713,0.713,0.713,932803000.0,927048250.0,932803000.0,5047369488.0,14.0,10.146,-84229000.0,-0.536,1.0,493051000.0,0.677,0.0,228743000.0,8698224000.0,8415400750.0,0.0,742887000.0,,,4426774000.0,,,1830472488.0,578000.0,-20077000.0,5160000.0,121342000.0,-147699000.0,108060000.0,-372045000.0,0.0,264563000.0,0.0,136444000.0,111977000.0,111977000.0,0.0,0.0,0.154,130569000.0,362482000.0,200993000.0,0.742,1.962,16.347,16.339,4333761000.0,24467000.0,11.65,2.514,2.514,106300000.0,-273242000.0,728254000.0,728254000.0,0.0,0.021,0.121,0.043,0.501,0.0,6439000.0,1.0,157122102.0,157122102.0,,4.635,5359577000.0,0.0,0.0,0.0,34.111,
70,GGP,MRT,2000-12-31,2000-12-31,2000-12-31,2021-08-25,0.0,5284104000.0,5137453250.0,,,0.136,5.995,-286734000.0,27229000.0,27229000.0,217858000.0,137948000.0,,4.631,3244126000.0,,,3244126000.0,0.0,126689000.0,0.0,0.043,0.524,363049000.0,489738000.0,0.701,489738000.0,363049000.0,137948000.0,0.727,0.727,0.727,938418000.0,924770500.0,938418000.0,5037408110.0,14.0,10.286,369000.0,0.002,1.0,480909000.0,0.688,0.0,225101000.0,8501001000.0,8286950750.0,0.0,828805000.0,,,4345686000.0,,,1888178110.0,1636000.0,-70180000.0,4674000.0,78000000.0,-146436000.0,71447000.0,-356914000.0,0.0,287103000.0,0.0,137948000.0,113481000.0,113481000.0,0.0,0.0,0.162,128039000.0,352870000.0,233902000.0,0.721,2.012,16.639,16.593,4188610000.0,24467000.0,12.063,2.702,2.702,96157000.0,-9449000.0,698767000.0,698767000.0,0.0,0.022,0.123,0.044,0.52,0.0,6351000.0,1.0,156522087.0,156522087.0,,4.464,5284104000.0,0.0,0.0,0.0,33.759,
71,GGP,MRT,2000-09-30,2000-09-30,2000-09-30,2021-08-25,-1714000.0,5172495000.0,5055151000.0,,,0.136,5.882,-391201000.0,35672000.0,35672000.0,212829000.0,125938000.0,,4.626,3184902000.0,,,3184902000.0,0.0,127009000.0,0.0,0.037,0.393,354439000.0,481448000.0,0.701,481448000.0,354439000.0,125938000.0,0.663,0.66,0.663,919328000.0,922105500.0,919328000.0,4737695464.0,13.0,9.841,-118155000.0,-0.756,1.0,474105000.0,0.69,0.0,228501000.0,8321725000.0,8173909500.0,0.0,780479000.0,,,4253167000.0,,,1677123464.0,29680000.0,-75619000.0,173299000.0,166295000.0,-104827000.0,168025000.0,-411391000.0,-31065000.0,273046000.0,0.0,125938000.0,101471000.0,101471000.0,0.0,0.0,0.148,137202000.0,336903000.0,205262000.0,0.593,1.824,16.528,16.184,4137253000.0,24467000.0,10.73,2.441,2.441,75297000.0,-282617000.0,686934000.0,686934000.0,0.0,0.02,0.11,0.043,0.516,0.0,6392000.0,1.0,156302280.0,156302280.0,,4.395,5172495000.0,0.0,0.0,0.0,33.093,
72,GGP,MRT,2000-06-30,2000-06-30,2000-06-30,2021-08-25,-1714000.0,5080081000.0,5076159250.0,,,0.132,5.885,-1171863000.0,40263000.0,40263000.0,205451000.0,118265000.0,,4.536,3100835000.0,,,3100835000.0,0.0,123865000.0,0.0,0.037,0.388,334980000.0,458845000.0,0.685,458845000.0,334980000.0,118265000.0,0.62,0.617,0.62,917644000.0,922835250.0,917644000.0,4822449382.0,14.0,10.51,-940290000.0,-6.031,1.0,464224000.0,0.693,0.0,216715000.0,8140653000.0,8250679750.0,0.0,757863000.0,,,4162437000.0,,,1651158382.0,21658000.0,-91610000.0,503343000.0,652202000.0,-97937000.0,978823000.0,-1188738000.0,-31065000.0,231573000.0,0.0,118265000.0,93798000.0,93798000.0,0.0,0.0,0.14,135421000.0,328803000.0,196762000.0,0.626,1.799,17.603,17.081,4077305000.0,24467000.0,10.59,2.466,2.466,74007000.0,-281267000.0,669675000.0,669675000.0,0.0,0.018,0.102,0.041,0.5,0.0,5782000.0,1.0,155916750.0,155916750.0,,4.295,5080081000.0,0.0,0.0,0.0,32.582,
73,GGP,MRT,2000-03-31,2000-03-31,2000-03-31,2021-08-25,-1714000.0,5013133000.0,4871200750.0,,,0.132,5.929,-1185345000.0,21517000.0,21517000.0,199223000.0,114730000.0,,4.427,3192808000.0,,,3192808000.0,0.0,117262000.0,0.0,0.038,0.383,314214000.0,431476000.0,0.674,431476000.0,314214000.0,114730000.0,0.627,0.623,0.627,923692000.0,855444250.0,923692000.0,4674616413.0,15.0,10.834,-966352000.0,-6.203,1.0,441342000.0,0.689,0.0,199484000.0,8184424000.0,7978001250.0,0.0,804208000.0,,,4089441000.0,,,1580675413.0,6977000.0,-84421000.0,331080000.0,845691000.0,-90590000.0,1006814000.0,-1218830000.0,-31065000.0,218993000.0,0.0,114730000.0,90263000.0,90263000.0,0.0,0.0,0.141,129599000.0,311743000.0,203597000.0,0.611,1.711,17.512,16.183,3973161000.0,24467000.0,10.147,2.468,2.468,78106000.0,-276558000.0,640565000.0,640565000.0,0.0,0.019,0.106,0.039,0.491,0.0,5785000.0,1.0,155782728.0,155782728.0,,4.112,5013133000.0,0.0,0.0,0.0,32.18,
74,GGP,MRT,1999-12-31,1999-12-31,1999-12-31,2021-08-25,-1714000.0,4954895000.0,4652748000.0,,,0.132,5.982,-1248371000.0,25593000.0,25593000.0,189194000.0,101125000.0,,4.341,3119534000.0,,,3119534000.0,0.0,112874000.0,0.0,0.053,0.499,291711000.0,404585000.0,0.661,404585000.0,291711000.0,101125000.0,0.557,0.553,0.557,927758000.0,775400250.0,927758000.0,4819805900.0,17.0,11.913,-1042666000.0,-6.723,1.0,423148000.0,0.691,0.0,190586000.0,8048836000.0,7651434000.0,0.0,762446000.0,,,4027137000.0,,,1447527900.0,5963000.0,-48690000.0,331056000.0,868359000.0,-82439000.0,1038526000.0,-1238268000.0,-31065000.0,205705000.0,0.0,101125000.0,76658000.0,76658000.0,0.0,0.0,0.125,125166000.0,297982000.0,213563000.0,0.896,1.56,18.883,16.756,3949878000.0,24467000.0,9.333,2.364,2.364,84123000.0,-272199000.0,612342000.0,612342000.0,0.0,0.016,0.099,0.038,0.476,0.0,5857000.0,1.0,155092275.0,155092275.0,,3.948,4954895000.0,0.0,0.0,0.0,31.948,
75,GGP,MRT,1999-09-30,1999-09-30,1999-09-30,2021-08-25,-1758000.0,5256528000.0,4420892750.0,,,0.129,6.13,-1116576000.0,5992000.0,5992000.0,180329000.0,84550000.0,,4.7,3378270000.0,,,3378270000.0,0.0,102690000.0,0.0,0.047,0.493,260015000.0,362705000.0,0.636,362705000.0,260015000.0,84550000.0,0.473,0.473,0.473,922247000.0,689887500.0,922247000.0,4417530888.0,17.0,12.179,-985458000.0,-6.55,1.0,390330000.0,0.684,0.0,175465000.0,8628806000.0,7303380000.0,0.0,618501000.0,,,4334281000.0,,,1627838888.0,-20184000.0,-44860000.0,332411000.0,836531000.0,-73992000.0,1011287000.0,-1162589000.0,0.0,131118000.0,0.0,84550000.0,60082000.0,60082000.0,0.0,0.0,0.105,118027000.0,272303000.0,264094000.0,1.042,1.765,27.094,22.199,4398292000.0,24468000.0,10.5,2.853,2.768,84187000.0,-277985000.0,570659000.0,570659000.0,0.0,0.014,0.087,0.036,0.456,0.0,5580000.0,1.0,155032275.0,150447000.0,,3.793,5256528000.0,0.0,0.0,0.0,34.939,
76,GGP,MRT,1999-06-30,1999-06-30,1999-06-30,2021-08-25,0.0,4260247000.0,4088602750.0,,,0.129,5.188,-617971000.0,18605000.0,18605000.0,171689000.0,78900000.0,,5.574,2808297000.0,,,2808297000.0,0.0,96895000.0,0.0,0.052,0.614,240137000.0,337032000.0,0.639,337032000.0,240137000.0,78900000.0,0.467,0.467,0.467,648080000.0,594184000.0,648080000.0,4162534833.0,17.0,12.351,-457714000.0,-3.664,1.0,355998000.0,0.675,0.0,161237000.0,7049939000.0,6749823250.0,0.0,560678000.0,,,3612167000.0,,,1423701833.0,-11308000.0,-102881000.0,686000.0,640303000.0,-71212000.0,510959000.0,-682524000.0,50061000.0,160257000.0,0.0,78900000.0,54432000.0,54432000.0,0.0,0.0,0.103,111309000.0,244689000.0,156499000.0,1.315,2.197,26.156,25.339,3496359000.0,24468000.0,11.833,2.698,2.801,75907000.0,-270237000.0,527687000.0,527687000.0,0.0,0.013,0.092,0.036,0.455,0.0,5463000.0,1.0,120312831.0,124914000.0,,4.224,4260247000.0,0.0,0.0,0.0,34.105,
77,GGP,MRT,1999-03-31,1999-03-31,1999-03-31,2021-08-25,0.0,4139322000.0,3872263250.0,,,0.124,5.022,-1432953000.0,14540000.0,14540000.0,155626000.0,72626000.0,,5.859,2753373000.0,,,2753373000.0,0.0,86275000.0,0.0,0.056,0.609,219681000.0,305956000.0,0.637,305956000.0,219681000.0,72626000.0,0.477,0.477,0.477,603516000.0,554520250.0,603516000.0,3895995962.0,18.0,12.734,-1306045000.0,-10.869,1.0,324763000.0,0.676,0.0,147055000.0,6878155000.0,6363806250.0,0.0,500867000.0,,,3535806000.0,,,1266849962.0,8104000.0,-128301000.0,711000.0,1202488000.0,-68940000.0,1405908000.0,-1524712000.0,49948000.0,126908000.0,0.0,72626000.0,53076000.0,53076000.0,0.0,0.0,0.11,98734000.0,226029000.0,145101000.0,1.277,2.099,23.869,22.669,3464951000.0,19550000.0,10.813,2.637,2.705,74012000.0,-268883000.0,480389000.0,480389000.0,0.0,0.014,0.096,0.035,0.457,0.0,4864000.0,1.0,117156285.0,120165000.0,,3.998,4139322000.0,0.0,0.0,0.0,34.447,
78,GGP,MRT,1998-12-31,1998-12-31,1998-12-31,2021-08-25,0.0,4027474000.0,3378022750.0,,,0.126,5.438,-1360071000.0,19630000.0,19630000.0,140534000.0,66445000.0,,5.876,2648776000.0,,,2648776000.0,0.0,75227000.0,0.0,0.029,0.362,192296000.0,267523000.0,0.627,267523000.0,192296000.0,66445000.0,0.487,0.487,0.487,585707000.0,526432500.0,585707000.0,3847200427.0,20.0,14.381,-1241767000.0,-11.529,1.0,286042000.0,0.671,0.0,125851000.0,6656620000.0,5520500750.0,0.0,471017000.0,,,3441767000.0,,,1359989427.0,-6268000.0,-126021000.0,-1136000.0,1179771000.0,-66639000.0,1388575000.0,-1513147000.0,0.0,118304000.0,0.0,66445000.0,53012000.0,53012000.0,0.0,0.0,0.124,86477000.0,199565000.0,156060000.0,0.743,2.322,25.654,25.927,3375007000.0,13433000.0,12.627,3.188,3.188,74585000.0,-258267000.0,426576000.0,426576000.0,0.0,0.016,0.101,0.035,0.451,0.0,4511000.0,1.0,107707716.0,107707716.0,,3.96,4027474000.0,0.0,0.0,0.0,37.393,
79,GGP,MRT,1998-09-30,1998-09-30,1998-09-30,2021-08-25,0.0,3927368000.0,2895584000.0,,,0.126,5.009,-1324373000.0,26176000.0,26176000.0,123668000.0,60197000.0,,6.281,2513387000.0,,,2513387000.0,0.0,65259000.0,0.0,0.04,0.473,157937000.0,223196000.0,0.613,223196000.0,157937000.0,60197000.0,0.483,0.48,0.483,539433000.0,504632000.0,539433000.0,3389976860.0,21.0,15.188,-1121669000.0,-10.415,1.0,240378000.0,0.66,0.0,97740000.0,6414579000.0,4693247250.0,0.0,473489000.0,,,3387935000.0,,,1278994860.0,20055000.0,-146293000.0,-3688000.0,1080179000.0,-65812000.0,1296756000.0,-1479405000.0,0.0,202704000.0,0.0,60197000.0,52881000.0,52881000.0,0.0,0.0,0.145,74949000.0,165429000.0,192190000.0,0.979,2.371,24.186,24.589,3300016000.0,7316000.0,11.877,3.513,3.514,55228000.0,-255630000.0,364046000.0,364046000.0,0.0,0.018,0.105,0.034,0.434,0.0,4014000.0,1.0,107689716.0,107697000.0,,3.38,3927368000.0,0.0,0.0,0.0,36.467,
80,GGP,MRT,1998-06-30,1998-06-30,1998-06-30,2021-08-25,0.0,3394889000.0,2424839500.0,,,0.134,4.547,-977808000.0,29913000.0,29913000.0,110554000.0,57444000.0,,5.936,2140895000.0,,,2140895000.0,0.0,54432000.0,0.0,0.038,0.468,143966000.0,198398000.0,0.61,198398000.0,143966000.0,57444000.0,0.527,0.523,0.527,489425000.0,493147750.0,489425000.0,2684386861.0,19.0,13.53,-847373000.0,-7.873,1.0,214636000.0,0.66,0.0,86522000.0,5505871000.0,3908655000.0,0.0,447922000.0,,,2905464000.0,,,1341813861.0,23424000.0,-101764000.0,160674000.0,647662000.0,-63029000.0,1032373000.0,-1139384000.0,-50061000.0,130435000.0,0.0,57444000.0,56245000.0,56245000.0,0.0,0.0,0.173,64076000.0,150560000.0,164550000.0,0.888,2.742,23.857,23.643,2813102000.0,1199000.0,12.46,4.126,4.124,41913000.0,-249477000.0,325190000.0,325190000.0,0.0,0.023,0.114,0.037,0.443,0.0,3849000.0,1.0,107689716.0,107631000.0,,3.021,3394889000.0,0.0,0.0,0.0,31.542,
81,GGP,MRT,1998-03-31,1998-03-31,1998-03-31,2021-08-25,0.0,2162360000.0,2060089000.0,,,0.149,4.587,-152763000.0,6436000.0,6436000.0,106294000.0,50430000.0,,3.403,1349009000.0,,,1349009000.0,0.0,51313000.0,0.0,0.038,0.463,131649000.0,182962000.0,0.597,182962000.0,131649000.0,50430000.0,0.49,0.487,0.49,491165000.0,462090250.0,491165000.0,2569044843.0,20.0,14.041,-42498000.0,-0.397,1.0,199972000.0,0.653,0.0,81219000.0,3504933000.0,3338221500.0,0.0,407158000.0,,,1671195000.0,,,1319157843.0,-7209000.0,-108030000.0,159743000.0,132300000.0,-59779000.0,197351000.0,-314825000.0,-49948000.0,110265000.0,0.0,50430000.0,50430000.0,50430000.0,0.0,0.0,0.165,61462000.0,138510000.0,66134000.0,0.945,2.686,26.158,25.088,1658062000.0,0.0,12.293,4.307,4.298,35332000.0,-250218000.0,306266000.0,306266000.0,0.0,0.024,0.109,0.039,0.43,0.0,3714000.0,1.0,107306766.0,107067000.0,,2.861,2162360000.0,0.0,0.0,0.0,20.196,
82,GGP,MRT,1997-12-31,1997-12-31,1997-12-31,2021-08-25,0.0,2097719000.0,1965092500.0,,,0.148,4.659,-200564000.0,25898000.0,25898000.0,99936000.0,89551000.0,,3.208,1275785000.0,,,1275785000.0,0.0,48508000.0,0.0,0.038,0.463,168326000.0,216834000.0,0.745,216834000.0,168326000.0,89551000.0,0.917,0.91,0.917,498505000.0,430483500.0,498505000.0,,,,-99415000.0,-0.929,1.0,191211000.0,0.657,0.0,78775000.0,3347606000.0,3186952500.0,0.0,355354000.0,,,1599214000.0,,,1288610990.0,9951000.0,20222000.0,160876000.0,20334000.0,-56989000.0,92337000.0,-183535000.0,0.0,101149000.0,0.0,89551000.0,89551000.0,89551000.0,0.0,0.0,0.308,58250000.0,132961000.0,60961000.0,0.505,2.585,14.39,13.133,1630190000.0,0.0,12.043,4.426,4.426,34849000.0,-239139000.0,291147000.0,291147000.0,0.0,0.046,0.208,0.053,0.578,0.0,3408000.0,1.0,106997868.0,106997868.0,,2.721,2097719000.0,0.0,0.0,0.0,19.605,
83,GGP,MRT,1997-09-30,1997-09-30,1997-09-30,2021-08-25,0.0,2044390000.0,1880092000.0,,,0.144,4.952,-227328000.0,6121000.0,6121000.0,87519000.0,85085000.0,,3.143,1237941000.0,,,1237941000.0,0.0,47517000.0,0.0,0.037,0.453,156762000.0,204279000.0,0.752,204279000.0,156762000.0,85085000.0,0.907,,0.907,493496000.0,388424000.0,493496000.0,,,,-177465000.0,-1.781,1.0,184125000.0,0.678,0.0,71677000.0,3276210000.0,3077624000.0,0.0,351992000.0,,,1550894000.0,,,1319640372.0,-9826000.0,44236000.0,163459000.0,4234000.0,-53363000.0,105473000.0,-189872000.0,0.0,49863000.0,0.0,85085000.0,85085000.0,85085000.0,0.0,0.0,0.313,59108000.0,125017000.0,60284000.0,0.499,2.674,15.51,13.598,1577558000.0,0.0,12.333,4.858,4.525,29804000.0,-269304000.0,271644000.0,271644000.0,0.0,0.045,0.219,0.051,0.577,0.0,3237000.0,1.0,106997868.0,99657000.0,,2.726,2044390000.0,0.0,0.0,0.0,20.514,
84,GGP,MRT,1997-06-30,1997-06-30,1997-06-30,2021-08-25,0.0,1935887000.0,,,,,3.955,-235048000.0,6489000.0,6489000.0,77598000.0,106465000.0,,4.301,1294739000.0,,,1294739000.0,0.0,44584000.0,0.0,0.04,0.448,174869000.0,219453000.0,0.881,219453000.0,174869000.0,106465000.0,1.197,,1.197,365195000.0,,365195000.0,,,,-155687000.0,-1.686,1.0,171417000.0,0.688,0.0,68404000.0,3224137000.0,,0.0,298086000.0,,,1570692000.0,,,,-9166000.0,169542000.0,-934000.0,19367000.0,-51002000.0,-40501000.0,-72736000.0,0.0,79361000.0,0.0,106465000.0,106465000.0,106465000.0,0.0,0.0,0.428,54752000.0,116665000.0,58881000.0,0.374,,,9.329,1564830000.0,0.0,11.167,,4.141,26760000.0,-232683000.0,249015000.0,249015000.0,0.0,,,,0.702,0.0,3231000.0,1.0,,92343000.0,,2.697,1935887000.0,0.0,0.0,0.0,20.964,
85,GGP,MRT,1997-03-31,1997-03-31,1997-03-31,2021-08-25,0.0,1782374000.0,,,,,3.949,-190155000.0,13645000.0,13645000.0,71332000.0,102613000.0,,3.887,1131128000.0,,,1131128000.0,0.0,41830000.0,0.0,0.042,0.443,170784000.0,212614000.0,0.92,212614000.0,170784000.0,102613000.0,1.167,,1.167,364738000.0,,364738000.0,,,,-109159000.0,-1.182,1.0,159660000.0,0.691,0.0,68171000.0,2899857000.0,,0.0,258750000.0,,,1417636000.0,,,,-3716000.0,215674000.0,-2000.0,-73340000.0,-49116000.0,-129000000.0,19578000.0,0.0,80996000.0,0.0,102613000.0,102613000.0,102613000.0,0.0,0.0,0.444,50806000.0,108854000.0,75365000.0,0.38,,,9.069,1445055000.0,0.0,10.583,,4.232,28418000.0,-234017000.0,230992000.0,230992000.0,0.0,,,,0.739,0.0,3127000.0,1.0,,92367000.0,,2.501,1782374000.0,0.0,0.0,0.0,19.297,
86,GGP,MRT,1996-12-31,1996-12-31,1996-12-31,2021-08-25,0.0,1757717000.0,1606849500.0,,,0.135,,-121138000.0,15947000.0,15947000.0,67798000.0,59742000.0,,4.322,1168522000.0,,,1168522000.0,0.0,39809000.0,0.0,0.041,0.443,130014000.0,169823000.0,0.781,169823000.0,130014000.0,59742000.0,0.707,0.707,0.707,330267000.0,279825000.0,330267000.0,,,,-53936000.0,,1.0,149607000.0,0.688,0.0,70272000.0,2910292000.0,2687954000.0,0.0,310853000.0,,,1427450000.0,,,,0.0,101399000.0,-62000.0,0.0,-47604000.0,-75527000.0,-29285000.0,0.0,67202000.0,0.0,59742000.0,59742000.0,59742000.0,0.0,0.0,0.275,47965000.0,101642000.0,66551000.0,0.627,,,15.205,1366324000.0,0.0,10.75,,,25384000.0,-268440000.0,217405000.0,217405000.0,0.0,0.037,0.213,0.048,0.598,0.0,3022000.0,1.0,,,,,1757717000.0,0.0,0.0,0.0,,
87,GGP,MRT,1996-09-30,1996-09-30,1996-09-30,2021-08-25,,,,,,,,,,,,,,,,,,,,,,0.053,0.437,,,,,,,,,,,,,,,,,,1.0,,,,,,,,,,,,,,,,,,,,,,,,,,,,,,,,,,,,,,,,8.293,,,,,,,,,,,,,,1.0,,,,,,,,,,
88,GGP,MRT,1996-06-30,1996-06-30,1996-06-30,2021-08-25,,,,,,,,,,,,,,,,,,,,,,0.053,0.432,,,,,,,,,,,,,,,,,,1.0,,,,,,,,,,,,,,,,,,,,,,,,,,,,,,,,,,,,,,,,8.083,,,,,,,,,,,,,,1.0,,,,,,,,,,
89,GGP,MRT,1996-03-31,1996-03-31,1996-03-31,2021-08-25,,,,,,,,,,,,,,,,,,,,,,0.055,0.427,,,,,,,,,,,,,,,,,,1.0,,,,,,,,,,,,,,,,,,,,,,,,,,,,,,,,,,,,,,,,7.833,,,,,,,,,,,,,,1.0,,,,,,,,,,
90,GGP,MRT,1995-12-31,1995-12-31,1995-12-31,2021-08-25,0.0,1455982000.0,,,,,,-379976000.0,18298000.0,18298000.0,58087000.0,43054000.0,,5.347,1027932000.0,,,1027932000.0,0.0,30855000.0,0.0,0.077,0.532,89906000.0,120761000.0,0.721,120761000.0,89906000.0,43054000.0,0.563,0.563,0.563,229383000.0,,229383000.0,,,,-319316000.0,,1.0,109309000.0,0.653,0.0,46852000.0,2465616000.0,,0.0,298729000.0,,,1226599000.0,,,,12681000.0,-82039000.0,87893000.0,399863000.0,-41037000.0,421225000.0,-469204000.0,0.0,60660000.0,0.0,43054000.0,43054000.0,43054000.0,0.0,0.0,0.257,36736000.0,72573000.0,63250000.0,0.945,,,12.285,1095617000.0,0.0,6.917,,,14831000.0,-279451000.0,167396000.0,167396000.0,0.0,,,,0.537,0.0,2811000.0,1.0,,,,,1455982000.0,0.0,0.0,0.0,,
91,GGP,MRT,1994-12-31,1994-12-31,1994-12-31,2021-08-25,,,,,,,,-37100000.0,,,53745000.0,14165000.0,,,,,,,,28191000.0,,0.052,0.396,57777000.0,85968000.0,0.563,85968000.0,57777000.0,14165000.0,0.207,,0.207,,,,,,,11836000.0,,1.0,98838000.0,0.648,,43612000.0,,,,,,,,,,,63000.0,-166921000.0,5425000.0,149536000.0,-35070000.0,96380000.0,-145253000.0,61832000.0,48936000.0,0.0,14165000.0,14165000.0,14165000.0,0.0,0.0,0.093,37563000.0,61275000.0,,1.913,,,36.441,,0.0,7.543,,,,,152583000.0,152583000.0,0.0,,,,0.379,0.0,2745000.0,1.0,,,,,,,0.0,,,
