None,ticker,dimension,calendardate,datekey,reportperiod,lastupdated,accoci,assets,assetsavg,assetsc,assetsnc,assetturnover,bvps,capex,cashneq,cashnequsd,cor,consolinc,currentratio,de,debt,debtc,debtnc,debtusd,deferredrev,depamor,deposits,divyield,dps,ebit,ebitda,ebitdamargin,ebitdausd,ebitusd,ebt,eps,epsdil,epsusd,equity,equityavg,equityusd,ev,evebit,evebitda,fcf,fcfps,fxusd,gp,grossmargin,intangibles,intexp,invcap,invcapavg,inventory,investments,investmentsc,investmentsnc,liabilities,liabilitiesc,liabilitiesnc,marketcap,ncf,ncfbus,ncfcommon,ncfdebt,ncfdiv,ncff,ncfi,ncfinv,ncfo,ncfx,netinc,netinccmn,netinccmnusd,netincdis,netincnci,netmargin,opex,opinc,payables,payoutratio,pb,pe,pe1,ppnenet,prefdivis,price,ps,ps1,receivables,retearn,revenue,revenueusd,rnd,roa,roe,roic,ros,sbcomp,sgna,sharefactor,sharesbas,shareswa,shareswadil,sps,tangibles,taxassets,taxexp,taxliabilities,tbvps,workingcapital
0,EA,MRY,2021-12-31,2021-03-31,2021-03-31,2021-08-10,-50000000.0,13288000000.0,12115500000.0,7213000000.0,6075000000.0,0.465,27.128,-124000000.0,5260000000.0,5260000000.0,1494000000.0,837000000.0,2.434,0.695,1876000000.0,0.0,1876000000.0,1876000000.0,1527000000.0,181000000.0,0.0,0.003,0.34,1017000000.0,1198000000.0,0.213,1198000000.0,1017000000.0,1017000000.0,2.9,2.87,2.9,7840000000.0,7915000000.0,7840000000.0,35160935275.0,35.0,29.35,1810000000.0,6.263,1.0,4135000000.0,0.735,3177000000.0,0.0,3763000000.0,3683500000.0,0.0,1106000000.0,1106000000.0,0.0,5448000000.0,2964000000.0,2484000000.0,38935935275.0,1492000000.0,-1239000000.0,-643000000.0,878000000.0,-98000000.0,-15000000.0,-505000000.0,858000000.0,1934000000.0,78000000.0,837000000.0,837000000.0,837000000.0,0.0,0.0,0.149,3089000000.0,1046000000.0,96000000.0,0.117,4.966,46.518,46.679,491000000.0,0.0,135.37,6.917,6.95,521000000.0,7887000000.0,5629000000.0,5629000000.0,1778000000.0,0.069,0.106,0.276,0.181,435000000.0,1281000000.0,1.0,287626027.0,289000000,292000000.0,19.478,10111000000.0,2045000000.0,180000000.0,358000000.0,34.986,4249000000.0
1,EA,MRY,2020-12-31,2020-03-31,2020-03-31,2021-08-10,-50000000.0,11112000000.0,10653750000.0,6517000000.0,4595000000.0,0.52,25.464,-140000000.0,3768000000.0,3768000000.0,1369000000.0,3039000000.0,2.446,0.489,996000000.0,599000000.0,397000000.0,996000000.0,945000000.0,150000000.0,0.0,0.0,0.0,1508000000.0,1658000000.0,0.299,1658000000.0,1508000000.0,1508000000.0,10.37,10.3,10.37,7461000000.0,7085250000.0,7461000000.0,26408674731.0,18.0,15.928,1657000000.0,5.655,1.0,4168000000.0,0.753,1938000000.0,0.0,3738000000.0,4114000000.0,0.0,1967000000.0,1967000000.0,0.0,3651000000.0,2664000000.0,987000000.0,29016674731.0,-940000000.0,0.0,-1145000000.0,0.0,0.0,-1358000000.0,-1357000000.0,-1217000000.0,1797000000.0,-22000000.0,3039000000.0,3039000000.0,3039000000.0,0.0,0.0,0.549,2723000000.0,1445000000.0,68000000.0,0.0,3.889,9.548,9.66,449000000.0,0.0,100.17,5.241,5.301,461000000.0,7508000000.0,5537000000.0,5537000000.0,1559000000.0,0.285,0.429,0.367,0.272,347000000.0,1137000000.0,1.0,289674301.0,293000000,295000000.0,18.898,9174000000.0,1903000000.0,-1531000000.0,374000000.0,31.311,3853000000.0
2,EA,MRY,2019-12-31,2019-03-31,2019-03-31,2021-08-10,-30000000.0,8957000000.0,8627750000.0,6381000000.0,2576000000.0,0.574,17.594,-119000000.0,4708000000.0,4708000000.0,1322000000.0,1019000000.0,2.817,0.68,994000000.0,0.0,994000000.0,994000000.0,1100000000.0,145000000.0,0.0,0.0,0.0,1079000000.0,1224000000.0,0.247,1224000000.0,1079000000.0,1079000000.0,3.36,3.33,3.36,5331000000.0,5313000000.0,5331000000.0,27554897779.0,26.0,22.512,1428000000.0,4.713,1.0,3628000000.0,0.733,1979000000.0,0.0,999000000.0,1928750000.0,0.0,737000000.0,737000000.0,0.0,3626000000.0,2265000000.0,1361000000.0,30447897779.0,450000000.0,-58000000.0,-1131000000.0,0.0,0.0,-1253000000.0,169000000.0,346000000.0,1547000000.0,-13000000.0,1019000000.0,1019000000.0,1019000000.0,0.0,0.0,0.206,2632000000.0,996000000.0,113000000.0,0.0,5.711,29.88,30.247,448000000.0,0.0,101.63,6.151,6.221,623000000.0,5358000000.0,4950000000.0,4950000000.0,1433000000.0,0.118,0.192,0.559,0.218,284000000.0,1162000000.0,1.0,299595570.0,303000000,306000000.0,16.337,6978000000.0,35000000.0,60000000.0,235000000.0,23.03,4116000000.0
3,EA,MRY,2018-12-31,2018-03-31,2018-03-31,2021-08-10,-127000000.0,8584000000.0,8130750000.0,6004000000.0,2580000000.0,0.633,14.919,-107000000.0,4258000000.0,4258000000.0,1277000000.0,1043000000.0,2.41,0.868,992000000.0,0.0,992000000.0,992000000.0,1622000000.0,136000000.0,0.0,0.0,0.0,1449000000.0,1585000000.0,0.308,1585000000.0,1449000000.0,1449000000.0,3.39,3.34,3.39,4595000000.0,4388750000.0,4595000000.0,35613702114.0,25.0,22.469,1585000000.0,5.146,1.0,3873000000.0,0.752,1954000000.0,0.0,873000000.0,2126500000.0,0.0,1073000000.0,1073000000.0,0.0,3989000000.0,2491000000.0,1498000000.0,37187702114.0,1693000000.0,-150000000.0,-523000000.0,0.0,0.0,-643000000.0,622000000.0,879000000.0,1692000000.0,22000000.0,1043000000.0,1043000000.0,1043000000.0,0.0,0.0,0.203,2439000000.0,1434000000.0,48000000.0,0.0,8.093,35.655,35.764,453000000.0,0.0,121.24,7.221,7.251,385000000.0,4062000000.0,5150000000.0,5150000000.0,1320000000.0,0.128,0.238,0.681,0.281,242000000.0,1110000000.0,1.0,306727995.0,308000000,312000000.0,16.721,6630000000.0,84000000.0,406000000.0,251000000.0,21.526,3513000000.0
4,EA,MRY,2017-12-31,2017-03-31,2017-03-31,2021-08-10,-19000000.0,7718000000.0,7233500000.0,5199000000.0,2519000000.0,0.67,13.399,-123000000.0,2565000000.0,2565000000.0,1298000000.0,967000000.0,2.153,0.901,990000000.0,0.0,990000000.0,990000000.0,1539000000.0,172000000.0,0.0,0.0,0.0,1210000000.0,1382000000.0,0.285,1382000000.0,1210000000.0,1210000000.0,3.19,3.08,3.19,4060000000.0,3733250000.0,4060000000.0,26102840457.0,22.0,18.888,1455000000.0,4.802,1.0,3547000000.0,0.732,1715000000.0,0.0,2013000000.0,2056500000.0,0.0,1967000000.0,1967000000.0,0.0,3658000000.0,2415000000.0,1243000000.0,27595840457.0,72000000.0,0.0,-436000000.0,-163000000.0,0.0,-729000000.0,-759000000.0,-636000000.0,1578000000.0,-18000000.0,967000000.0,967000000.0,967000000.0,0.0,0.0,0.2,2323000000.0,1224000000.0,87000000.0,0.0,6.797,28.538,28.063,434000000.0,0.0,89.52,5.696,5.598,359000000.0,3027000000.0,4845000000.0,4845000000.0,1205000000.0,0.134,0.259,0.588,0.25,196000000.0,1112000000.0,1.0,308264527.0,303000000,314000000.0,15.99,6003000000.0,286000000.0,243000000.0,105000000.0,19.812,2784000000.0
5,EA,MRY,2016-12-31,2016-03-31,2016-03-31,2021-08-10,-16000000.0,7050000000.0,6310250000.0,4354000000.0,2696000000.0,0.697,10.955,-93000000.0,2493000000.0,2493000000.0,1354000000.0,1156000000.0,1.801,1.075,1152000000.0,161000000.0,991000000.0,1152000000.0,1458000000.0,197000000.0,0.0,0.0,0.0,877000000.0,1074000000.0,0.244,1074000000.0,877000000.0,877000000.0,3.73,3.5,3.73,3396000000.0,3222500000.0,3396000000.0,18525449062.0,21.0,17.249,1372000000.0,4.426,1.0,3042000000.0,0.692,1767000000.0,0.0,1524000000.0,592500000.0,0.0,1341000000.0,1341000000.0,0.0,3652000000.0,2418000000.0,1234000000.0,20448449062.0,425000000.0,0.0,-911000000.0,519000000.0,0.0,-548000000.0,-484000000.0,-391000000.0,1465000000.0,-8000000.0,1156000000.0,1156000000.0,1156000000.0,0.0,0.0,0.263,2144000000.0,898000000.0,89000000.0,0.0,6.021,17.689,17.724,439000000.0,0.0,66.11,4.652,4.662,233000000.0,2060000000.0,4396000000.0,4396000000.0,1109000000.0,0.183,0.359,1.48,0.199,178000000.0,1028000000.0,1.0,309309470.0,310000000,330000000.0,14.181,5283000000.0,387000000.0,-279000000.0,82000000.0,17.042,1936000000.0
6,EA,MRY,2015-12-31,2015-03-31,2015-03-31,2021-08-10,2000000.0,6147000000.0,5955250000.0,3720000000.0,2427000000.0,0.758,9.762,-95000000.0,2068000000.0,2068000000.0,1429000000.0,875000000.0,1.354,1.014,633000000.0,602000000.0,31000000.0,633000000.0,1283000000.0,220000000.0,0.0,0.0,0.0,925000000.0,1145000000.0,0.254,1145000000.0,925000000.0,925000000.0,2.81,2.69,2.81,3036000000.0,2776500000.0,3036000000.0,16701761106.0,18.0,14.587,972000000.0,3.125,1.0,3086000000.0,0.683,1824000000.0,0.0,141000000.0,360500000.0,36000000.0,953000000.0,953000000.0,0.0,3080000000.0,2747000000.0,333000000.0,18234761106.0,286000000.0,0.0,-277000000.0,0.0,0.0,-255000000.0,-470000000.0,-375000000.0,1067000000.0,-56000000.0,875000000.0,875000000.0,875000000.0,0.0,0.0,0.194,2138000000.0,948000000.0,68000000.0,0.0,6.006,20.84,20.931,459000000.0,0.0,58.815,4.039,4.051,362000000.0,904000000.0,4515000000.0,4515000000.0,1094000000.0,0.147,0.315,2.566,0.205,144000000.0,1033000000.0,1.0,310035894.0,311000000,325000000.0,14.518,4323000000.0,67000000.0,50000000.0,150000000.0,13.9,973000000.0
7,EA,MRY,2014-12-31,2014-03-31,2014-03-31,2021-08-10,37000000.0,5716000000.0,5232500000.0,3138000000.0,2578000000.0,0.683,7.864,-97000000.0,1782000000.0,1782000000.0,1347000000.0,8000000.0,1.313,1.36,580000000.0,0.0,580000000.0,580000000.0,1490000000.0,227000000.0,0.0,0.0,0.0,7000000.0,234000000.0,0.065,234000000.0,7000000.0,7000000.0,0.03,0.03,0.03,2422000000.0,2301000000.0,2422000000.0,7810212079.0,1116.0,33.377,615000000.0,1.997,1.0,2228000000.0,0.623,1900000000.0,0.0,224000000.0,425000000.0,56000000.0,583000000.0,583000000.0,0.0,3294000000.0,2390000000.0,904000000.0,8981212079.0,490000000.0,-5000000.0,77000000.0,0.0,0.0,89000000.0,-301000000.0,-199000000.0,712000000.0,-10000000.0,8000000.0,8000000.0,8000000.0,0.0,0.0,0.002,2195000000.0,33000000.0,119000000.0,0.0,3.708,1122.652,967.0,510000000.0,0.0,29.01,2.512,2.499,327000000.0,29000000.0,3575000000.0,3575000000.0,1125000000.0,0.002,0.003,0.016,0.002,150000000.0,1090000000.0,1.0,309590213.0,308000000,316000000.0,11.607,3816000000.0,102000000.0,-1000000.0,207000000.0,12.39,748000000.0
8,EA,MRY,2013-12-31,2013-03-31,2013-03-31,2021-08-10,69000000.0,5070000000.0,5031250000.0,2325000000.0,2745000000.0,0.755,7.313,-106000000.0,1292000000.0,1292000000.0,1388000000.0,98000000.0,1.213,1.236,559000000.0,0.0,559000000.0,559000000.0,1044000000.0,264000000.0,0.0,0.0,0.0,139000000.0,403000000.0,0.106,403000000.0,139000000.0,139000000.0,0.32,0.31,0.32,2267000000.0,2232750000.0,2267000000.0,4707345996.0,34.0,11.681,218000000.0,0.703,1.0,2409000000.0,0.634,1974000000.0,0.0,446000000.0,631000000.0,42000000.0,388000000.0,388000000.0,0.0,2803000000.0,1917000000.0,886000000.0,5311345996.0,-1000000.0,21000000.0,-315000000.0,-2000000.0,0.0,-345000000.0,32000000.0,117000000.0,324000000.0,-12000000.0,98000000.0,98000000.0,98000000.0,0.0,0.0,0.026,2288000000.0,121000000.0,136000000.0,0.0,2.343,54.197,55.312,548000000.0,0.0,17.7,1.399,1.445,312000000.0,21000000.0,3797000000.0,3797000000.0,1153000000.0,0.019,0.044,0.22,0.037,164000000.0,1142000000.0,1.0,300076045.0,310000000,313000000.0,12.248,3096000000.0,105000000.0,41000000.0,206000000.0,9.987,408000000.0
9,EA,MRY,2012-12-31,2012-03-31,2012-03-31,2021-08-10,173000000.0,5491000000.0,5244250000.0,2609000000.0,2882000000.0,0.79,7.426,-146000000.0,1293000000.0,1293000000.0,1598000000.0,76000000.0,1.231,1.234,539000000.0,0.0,539000000.0,539000000.0,1048000000.0,216000000.0,0.0,0.0,0.0,18000000.0,234000000.0,0.056,234000000.0,18000000.0,18000000.0,0.23,0.23,0.23,2458000000.0,2503250000.0,2458000000.0,4754936307.0,264.0,20.32,131000000.0,0.396,1.0,2545000000.0,0.614,2087000000.0,0.0,530000000.0,689500000.0,59000000.0,556000000.0,556000000.0,0.0,3033000000.0,2120000000.0,913000000.0,5462936307.0,-286000000.0,-601000000.0,-349000000.0,510000000.0,0.0,140000000.0,-689000000.0,58000000.0,277000000.0,-14000000.0,76000000.0,76000000.0,76000000.0,0.0,0.0,0.018,2510000000.0,35000000.0,215000000.0,0.0,2.223,71.881,71.674,568000000.0,0.0,16.485,1.319,1.317,366000000.0,-77000000.0,4143000000.0,4143000000.0,1180000000.0,0.014,0.03,0.026,0.004,170000000.0,1260000000.0,1.0,331388311.0,331000000,336000000.0,12.517,3404000000.0,109000000.0,-58000000.0,197000000.0,10.284,489000000.0
10,EA,MRY,2011-12-31,2011-03-31,2011-03-31,2021-08-10,219000000.0,4928000000.0,4598500000.0,3032000000.0,1896000000.0,0.78,7.77,-59000000.0,1579000000.0,1579000000.0,1499000000.0,-276000000.0,1.515,0.922,0.0,0.0,0.0,0.0,1005000000.0,180000000.0,0.0,0.0,0.0,-279000000.0,-99000000.0,-0.028,-99000000.0,-279000000.0,-279000000.0,-0.84,-0.84,-0.84,2564000000.0,2578000000.0,2564000000.0,5176195738.0,-19.0,-52.285,261000000.0,0.791,1.0,2090000000.0,0.582,1254000000.0,0.0,94000000.0,387250000.0,77000000.0,658000000.0,658000000.0,0.0,2364000000.0,2001000000.0,363000000.0,6529195738.0,306000000.0,-16000000.0,-24000000.0,0.0,0.0,-23000000.0,-15000000.0,60000000.0,320000000.0,24000000.0,-276000000.0,-276000000.0,-276000000.0,0.0,0.0,-0.077,2402000000.0,-312000000.0,228000000.0,0.0,2.546,-23.657,-23.25,513000000.0,0.0,19.53,1.819,1.796,335000000.0,-153000000.0,3589000000.0,3589000000.0,1124000000.0,-0.06,-0.107,-0.72,-0.078,176000000.0,1077000000.0,1.0,334316218.0,330000000,330000000.0,10.876,3674000000.0,105000000.0,-3000000.0,229000000.0,11.133,1031000000.0
11,EA,MRY,2010-12-31,2010-03-31,2010-03-31,2021-08-10,228000000.0,4646000000.0,4827250000.0,2585000000.0,2061000000.0,0.757,8.397,-305000000.0,1273000000.0,1273000000.0,1866000000.0,-677000000.0,1.642,0.702,0.0,0.0,0.0,0.0,766000000.0,192000000.0,0.0,0.0,0.0,-706000000.0,-514000000.0,-0.141,-514000000.0,-706000000.0,-706000000.0,-2.08,-2.08,-2.08,2729000000.0,2746250000.0,2729000000.0,4981181686.0,-7.0,-9.691,-153000000.0,-0.471,1.0,1788000000.0,0.489,1297000000.0,0.0,502000000.0,853750000.0,100000000.0,723000000.0,723000000.0,0.0,1917000000.0,1574000000.0,343000000.0,6095181686.0,-348000000.0,-383000000.0,39000000.0,0.0,0.0,53000000.0,-572000000.0,116000000.0,152000000.0,19000000.0,-677000000.0,-677000000.0,-677000000.0,0.0,0.0,-0.185,2474000000.0,-686000000.0,91000000.0,0.0,2.233,-9.003,-8.971,537000000.0,0.0,18.66,1.668,1.66,206000000.0,123000000.0,3654000000.0,3654000000.0,1229000000.0,-0.14,-0.247,-0.827,-0.193,187000000.0,1050000000.0,1.0,326644249.0,325000000,325000000.0,11.243,3349000000.0,96000000.0,-29000000.0,244000000.0,10.305,1011000000.0
12,EA,MRY,2009-12-31,2009-03-31,2009-03-31,2021-08-10,189000000.0,4678000000.0,5404500000.0,3120000000.0,1558000000.0,0.779,9.794,-115000000.0,1621000000.0,1621000000.0,2127000000.0,-1088000000.0,2.746,0.493,0.0,0.0,0.0,0.0,261000000.0,198000000.0,0.0,0.0,0.0,-855000000.0,-657000000.0,-0.156,-657000000.0,-855000000.0,-855000000.0,-3.4,-3.4,-3.4,3134000000.0,3635250000.0,3134000000.0,4474904017.0,-5.0,-6.811,-103000000.0,-0.322,1.0,2085000000.0,0.495,1028000000.0,0.0,893000000.0,1423000000.0,217000000.0,899000000.0,899000000.0,0.0,1544000000.0,1136000000.0,408000000.0,5853904017.0,68000000.0,-58000000.0,89000000.0,0.0,0.0,91000000.0,23000000.0,196000000.0,12000000.0,-58000000.0,-1088000000.0,-1088000000.0,-1088000000.0,0.0,0.0,-0.258,2912000000.0,-827000000.0,152000000.0,0.0,1.868,-5.38,-5.35,354000000.0,0.0,18.19,1.39,1.382,116000000.0,800000000.0,4212000000.0,4212000000.0,1359000000.0,-0.201,-0.299,-0.601,-0.203,203000000.0,1023000000.0,1.0,321819902.0,320000000,320000000.0,13.162,3650000000.0,112000000.0,233000000.0,310000000.0,11.406,1984000000.0
13,EA,MRY,2008-12-31,2008-03-31,2008-03-31,2021-08-10,584000000.0,6059000000.0,5762250000.0,3925000000.0,2134000000.0,0.636,13.818,-84000000.0,1553000000.0,1553000000.0,1805000000.0,-454000000.0,3.022,0.396,0.0,0.0,0.0,0.0,387000000.0,164000000.0,0.0,0.0,0.0,-507000000.0,-343000000.0,-0.094,-343000000.0,-507000000.0,-507000000.0,-1.45,-1.45,-1.45,4339000000.0,4191500000.0,4339000000.0,13935628397.0,-27.0,-40.629,254000000.0,0.809,1.0,1860000000.0,0.508,1417000000.0,0.0,1790000000.0,2249250000.0,168000000.0,1463000000.0,1463000000.0,0.0,1720000000.0,1299000000.0,421000000.0,15813628397.0,182000000.0,-607000000.0,192000000.0,0.0,0.0,243000000.0,-429000000.0,262000000.0,338000000.0,30000000.0,-454000000.0,-454000000.0,-454000000.0,0.0,0.0,-0.124,2347000000.0,-487000000.0,182000000.0,0.0,3.645,-34.832,-34.428,396000000.0,0.0,49.92,4.315,4.277,306000000.0,1888000000.0,3665000000.0,3665000000.0,1145000000.0,-0.079,-0.108,-0.225,-0.138,150000000.0,927000000.0,1.0,316779415.0,314000000,314000000.0,11.672,4642000000.0,309000000.0,-53000000.0,324000000.0,14.783,2626000000.0
14,EA,MRY,2007-12-31,2007-03-31,2007-03-31,2021-08-10,294000000.0,5146000000.0,4723250000.0,3597000000.0,1549000000.0,0.654,13.091,-176000000.0,1371000000.0,1371000000.0,1212000000.0,76000000.0,3.506,0.276,0.0,0.0,0.0,0.0,32000000.0,147000000.0,0.0,0.0,0.0,142000000.0,289000000.0,0.093,289000000.0,142000000.0,142000000.0,0.25,0.24,0.25,4032000000.0,3732500000.0,4032000000.0,14414757020.0,102.0,49.878,221000000.0,0.718,1.0,1879000000.0,0.608,944000000.0,0.0,1805000000.0,1633000000.0,62000000.0,1605000000.0,1605000000.0,0.0,1114000000.0,1026000000.0,88000000.0,15613757020.0,129000000.0,-103000000.0,168000000.0,-14000000.0,0.0,190000000.0,-487000000.0,-208000000.0,397000000.0,29000000.0,76000000.0,76000000.0,76000000.0,0.0,0.0,0.025,1840000000.0,39000000.0,180000000.0,0.0,3.872,205.444,201.44,484000000.0,0.0,50.36,5.051,5.018,256000000.0,2323000000.0,3091000000.0,3091000000.0,1041000000.0,0.016,0.02,0.087,0.046,133000000.0,754000000.0,1.0,310042832.0,308000000,317000000.0,10.036,4202000000.0,109000000.0,66000000.0,8000000.0,13.643,2571000000.0
15,EA,MRY,2006-12-31,2006-03-31,2006-03-31,2021-08-10,83000000.0,4386000000.0,4097250000.0,3012000000.0,1374000000.0,0.72,11.211,-121000000.0,1242000000.0,1242000000.0,1181000000.0,236000000.0,3.466,0.283,0.0,0.0,0.0,0.0,9000000.0,95000000.0,0.0,0.0,0.0,383000000.0,478000000.0,0.162,478000000.0,383000000.0,383000000.0,0.78,0.75,0.78,3408000000.0,3225000000.0,3408000000.0,15161662345.0,40.0,31.719,475000000.0,1.562,1.0,1770000000.0,0.6,879000000.0,0.0,1396000000.0,1886750000.0,61000000.0,1201000000.0,1190000000.0,11000000.0,966000000.0,869000000.0,97000000.0,16623662345.0,-28000000.0,-661000000.0,-503000000.0,0.0,0.0,-503000000.0,-108000000.0,674000000.0,596000000.0,-13000000.0,236000000.0,236000000.0,236000000.0,0.0,0.0,0.08,1445000000.0,325000000.0,163000000.0,0.0,4.878,70.439,70.154,392000000.0,0.0,54.72,5.633,5.637,199000000.0,2241000000.0,2951000000.0,2951000000.0,758000000.0,0.058,0.073,0.203,0.13,136000000.0,646000000.0,1.0,303794999.0,304000000,314000000.0,9.707,3507000000.0,86000000.0,147000000.0,29000000.0,11.536,2143000000.0
16,EA,MRY,2005-12-31,2005-03-31,2005-03-31,2021-08-10,56000000.0,4370000000.0,3969743250.0,3706000000.0,664000000.0,0.788,11.469,-110000000.0,1270000000.0,1270000000.0,1197000000.0,504000000.0,4.592,0.246,0.0,0.0,0.0,0.0,0.0,75000000.0,0.0,0.0,0.0,725000000.0,800000000.0,0.256,800000000.0,725000000.0,725000000.0,1.65,1.59,1.65,3498000000.0,3121551250.0,3498000000.0,14981679675.0,21.0,18.727,524000000.0,1.718,1.0,1932000000.0,0.617,189000000.0,0.0,2104000000.0,1835419000.0,62000000.0,1838000000.0,1828000000.0,10000000.0,861000000.0,807000000.0,54000000.0,15944918675.0,-880000000.0,-81000000.0,200000000.0,0.0,0.0,200000000.0,-1726000000.0,-1534000000.0,634000000.0,12000000.0,504000000.0,504000000.0,504000000.0,0.0,0.0,0.161,1263000000.0,669000000.0,134000000.0,0.0,4.558,31.637,31.382,353000000.0,0.0,51.78,5.096,5.047,296000000.0,2005000000.0,3129000000.0,3129000000.0,633000000.0,0.127,0.161,0.395,0.232,81000000.0,612000000.0,1.0,307935857.0,305000000,318000000.0,10.259,4181000000.0,105000000.0,221000000.0,0.0,13.708,2899000000.0
17,EA,MRY,2004-12-31,2004-03-31,2004-03-31,2021-08-10,20000000.0,3464000000.0,2941916250.0,2929000000.0,535000000.0,1.005,9.078,-89000000.0,2150000000.0,2150000000.0,1103000000.0,577000000.0,3.937,0.294,0.0,0.0,0.0,0.0,0.0,78000000.0,0.0,0.0,0.0,797000000.0,875000000.0,0.296,875000000.0,797000000.0,797000000.0,1.95,1.87,1.95,2678000000.0,2288700000.0,2678000000.0,15490183070.0,19.0,17.703,580000000.0,1.966,1.0,1854000000.0,0.627,110000000.0,0.0,460000000.0,1212582750.0,55000000.0,279000000.0,265000000.0,14000000.0,786000000.0,744000000.0,42000000.0,16063193070.0,1200000000.0,4000000.0,228000000.0,0.0,0.0,225000000.0,288000000.0,374000000.0,669000000.0,18000000.0,577000000.0,577000000.0,577000000.0,0.0,0.0,0.195,1078000000.0,776000000.0,114000000.0,0.0,5.998,27.839,27.559,298000000.0,0.0,53.74,5.432,5.361,212000000.0,1501000000.0,2957000000.0,2957000000.0,511000000.0,0.196,0.252,0.657,0.27,70000000.0,555000000.0,1.0,298905714.0,295000000,308000000.0,10.024,3354000000.0,125000000.0,220000000.0,0.0,11.369,2185000000.0
18,EA,MRY,2003-12-31,2003-03-31,2003-03-31,2021-08-10,1534000.0,2359533000.0,2085377000.0,1911137000.0,448396000.0,1.19,6.329,-58000000.0,949995000.0,949995000.0,1073000000.0,317000000.0,3.348,0.322,0.0,0.0,0.0,0.0,0.0,92000000.0,0.0,0.0,0.0,472000000.0,564000000.0,0.227,564000000.0,472000000.0,472000000.0,1.17,1.08,1.17,1784739000.0,1543547000.0,1784739000.0,7226781852.0,15.0,12.813,656000000.0,2.326,1.0,1409000000.0,0.568,107332000.0,0.0,731330000.0,466368500.0,39679000.0,659011000.0,638734000.0,20277000.0,574794000.0,570876000.0,3918000.0,8392107852.0,397000000.0,-22000000.0,132000000.0,0.0,0.0,132000000.0,-463000000.0,-385000000.0,714000000.0,14000000.0,329000000.0,329000000.0,329000000.0,0.0,-12000000.0,0.133,953000000.0,456000000.0,106329000.0,0.0,4.702,25.508,25.06,262252000.0,0.0,29.32,3.381,3.331,82083000.0,923892000.0,2482000000.0,2482000000.0,401000000.0,0.158,0.213,1.012,0.19,76000000.0,463000000.0,1.0,286224688.0,282000000,293000000.0,8.801,2252201000.0,130703000.0,143000000.0,0.0,7.987,1340261000.0
19,EA,MRY,2002-12-31,2002-03-31,2002-03-31,2021-08-10,-14724000.0,1699374000.0,1494469250.0,1152543000.0,546831000.0,1.154,4.543,-51219000.0,552826000.0,552826000.0,814783000.0,101509000.0,2.544,0.367,0.0,0.0,0.0,0.0,0.0,110901000.0,0.0,0.0,0.0,170225000.0,281126000.0,0.163,281126000.0,170225000.0,170225000.0,0.45,0.35,0.45,1243294000.0,1117013750.0,1243294000.0,7899899725.0,46.0,28.101,236851000.0,0.865,1.0,909892000.0,0.528,110512000.0,0.0,583054000.0,523497000.0,23780000.0,270056000.0,250979000.0,19077000.0,456080000.0,452982000.0,3098000.0,8386741725.0,133014000.0,3489000.0,83819000.0,0.0,0.0,81338000.0,-238072000.0,-190342000.0,288070000.0,1678000.0,124256000.0,124256000.0,124256000.0,0.0,-22747000.0,0.072,774453000.0,135439000.0,88563000.0,0.0,6.746,67.496,67.556,308827000.0,0.0,30.4,4.863,4.824,190495000.0,606795000.0,1724675000.0,1724675000.0,380564000.0,0.083,0.111,0.325,0.099,25640000.0,348168000.0,1.0,275879662.0,273665000,286284000.0,6.302,1588862000.0,102662000.0,45969000.0,0.0,5.806,699561000.0
20,EA,MRY,2001-12-31,2001-03-31,2001-03-31,2021-08-10,-12703000.0,1378918000.0,1217072000.0,818727000.0,560191000.0,1.086,3.936,-116213000.0,466492000.0,466492000.0,664991000.0,-11082000.0,2.408,0.333,0.0,0.0,0.0,0.0,0.0,78601000.0,0.0,0.0,0.0,7781000.0,86382000.0,0.065,86382000.0,7781000.0,7781000.0,0.045,-0.04,0.045,1034347000.0,956155000.0,1034347000.0,6920068788.0,889.0,80.11,80433000.0,0.306,1.0,657282000.0,0.497,136764000.0,0.0,435636000.0,516698500.0,15686000.0,37474000.0,10022000.0,27452000.0,344571000.0,340026000.0,4545000.0,7215445788.0,173547000.0,-40909000.0,99921000.0,0.0,0.0,99921000.0,-112694000.0,44428000.0,196646000.0,-10326000.0,11944000.0,11944000.0,11944000.0,0.0,-23026000.0,0.009,687598000.0,-30316000.0,73061000.0,0.0,6.976,604.106,602.778,337199000.0,0.0,27.125,5.457,5.391,174449000.0,505286000.0,1322273000.0,1322273000.0,378898000.0,0.01,0.012,0.015,0.006,28457000.0,289377000.0,1.0,266007218.0,262808000,264112000.0,5.031,1242154000.0,0.0,-4163000.0,0.0,4.726,478701000.0
21,EA,MRY,2000-12-31,2000-03-31,2000-03-31,2021-08-10,-6361000.0,1192312000.0,1059939000.0,705323000.0,486989000.0,1.34,3.674,-134440000.0,339804000.0,339804000.0,704702000.0,116751000.0,2.659,0.291,0.0,0.0,0.0,0.0,0.0,46725000.0,0.0,0.0,0.0,169393000.0,216118000.0,0.152,216118000.0,169393000.0,169393000.0,0.465,0.44,0.465,923393000.0,802883750.0,923393000.0,4326523812.0,26.0,20.019,-56541000.0,-0.225,1.0,715309000.0,0.504,117236000.0,0.0,469970000.0,429519500.0,22986000.0,31237000.0,236000.0,31001000.0,268919000.0,265302000.0,3617000.0,4573693812.0,4057000.0,-39853000.0,105589000.0,0.0,0.0,105589000.0,-179555000.0,-5262000.0,77899000.0,124000.0,116751000.0,116751000.0,116751000.0,0.0,0.0,0.082,561523000.0,153786000.0,97703000.0,0.0,4.953,39.175,38.274,285466000.0,0.0,17.797,3.221,3.15,234087000.0,516368000.0,1420011000.0,1420011000.0,268505000.0,0.11,0.145,0.394,0.119,32563000.0,281029000.0,1.0,256985184.0,251320000,265484000.0,5.65,1075076000.0,0.0,52642000.0,0.0,4.278,440021000.0
22,EA,MRY,1999-12-31,1999-03-31,1999-03-31,2021-08-10,-2567000.0,901873000.0,830207250.0,569465000.0,332408000.0,1.472,2.728,-107539000.0,312822000.0,312822000.0,627589000.0,72872000.0,2.411,0.36,0.0,0.0,0.0,0.0,0.0,40461000.0,0.0,0.0,0.0,118286000.0,158747000.0,0.13,158747000.0,118286000.0,118286000.0,0.3,0.29,0.3,662931000.0,610901000.0,662931000.0,2704814332.0,23.0,17.039,48843000.0,0.201,1.0,594274000.0,0.486,90682000.0,0.0,262160000.0,280737750.0,22376000.0,49148000.0,4884000.0,44264000.0,238942000.0,236209000.0,2733000.0,2906050332.0,26245000.0,-139971000.0,21576000.0,0.0,0.0,23685000.0,-151631000.0,95879000.0,156382000.0,-2191000.0,72872000.0,72872000.0,72872000.0,0.0,0.0,0.06,488996000.0,105278000.0,63881000.0,0.0,4.384,39.879,39.583,181266000.0,0.0,11.875,2.378,2.362,149468000.0,402112000.0,1221863000.0,1221863000.0,243490000.0,0.088,0.119,0.421,0.097,5614000.0,239626000.0,1.0,244720028.0,242990000,253090000.0,5.028,811191000.0,0.0,45414000.0,0.0,3.338,333256000.0
23,EA,MRY,1998-12-31,1998-03-31,1998-03-31,2021-08-10,-1468000.0,745681000.0,664861000.0,589811000.0,155870000.0,1.367,2.395,-45213000.0,374560000.0,374560000.0,481233000.0,72562000.0,3.246,0.322,0.0,0.0,0.0,0.0,0.0,26907000.0,0.0,0.0,0.0,108288000.0,135195000.0,0.149,135195000.0,108288000.0,108288000.0,0.307,0.297,0.307,563968000.0,505872000.0,563968000.0,2493048397.0,23.0,18.44,33780000.0,0.143,1.0,427619000.0,0.471,1585000.0,0.0,187823000.0,183743000.0,19626000.0,48462000.0,3721000.0,44741000.0,181713000.0,181713000.0,0.0,2780861397.0,73967000.0,13354000.0,37748000.0,0.0,0.0,45766000.0,-49519000.0,-17660000.0,78993000.0,-1273000.0,72562000.0,72562000.0,72562000.0,0.0,0.0,0.08,344170000.0,83449000.0,56233000.0,0.0,4.931,38.324,38.225,105095000.0,0.0,11.735,3.06,3.04,139374000.0,330540000.0,908852000.0,908852000.0,147232000.0,0.109,0.143,0.589,0.119,0.0,186146000.0,1.0,236971572.0,235468000,243832000.0,3.86,744096000.0,0.0,35726000.0,0.0,3.16,408098000.0
24,EA,MRY,1997-12-31,1997-03-31,1997-03-31,2021-08-10,668000.0,584041000.0,,421100000.0,162941000.0,,1.945,-38953000.0,268141000.0,268141000.0,328943000.0,51327000.0,3.091,0.304,0.0,0.0,0.0,0.0,0.0,22986000.0,0.0,0.0,0.0,77330000.0,100316000.0,0.149,100316000.0,77330000.0,77330000.0,0.223,0.215,0.223,447776000.0,,447776000.0,,,,12374000.0,0.054,1.0,344085000.0,0.511,0.0,0.0,179663000.0,,17873000.0,65683000.0,5548000.0,60135000.0,136265000.0,136237000.0,28000.0,,16266000.0,-11271000.0,21001000.0,0.0,0.0,30312000.0,-94233000.0,-44009000.0,51327000.0,185000.0,51327000.0,51327000.0,51327000.0,0.0,0.0,0.076,281316000.0,62769000.0,43450000.0,0.0,,,29.854,89762000.0,0.0,6.657,,2.277,103244000.0,257978000.0,673028000.0,673028000.0,130755000.0,,,,0.115,0.0,150561000.0,1.0,,230176000,238228000.0,2.924,584041000.0,5259000.0,26003000.0,0.0,2.537,284863000.0
25,EA,MRY,1996-12-31,1996-03-31,1996-03-31,2021-08-10,,,,,,,,-54963000.0,,,291491000.0,46677000.0,,,,,,,,16850000.0,,0.0,0.0,69261000.0,86111000.0,0.147,86111000.0,69261000.0,69261000.0,0.21,0.2,0.21,,,,,,,-8286000.0,-0.037,1.0,295808000.0,0.504,,0.0,,,,,,,,,,,-20301000.0,-9229000.0,0.0,0.0,0.0,67793000.0,-103509000.0,-39244000.0,46677000.0,-1366000.0,46677000.0,46677000.0,46677000.0,0.0,0.0,0.079,233757000.0,62051000.0,,0.0,,,30.208,,0.0,6.344,,2.406,,,587299000.0,587299000.0,110275000.0,,,,0.118,0.0,123482000.0,1.0,,222740000,232760000.0,2.637,,,22584000.0,,,
0,EA,MRQ,2021-06-30,2021-06-30,2021-06-30,2021-08-10,-35000000.0,12734000000.0,,4677000000.0,8057000000.0,,27.021,-44000000.0,2838000000.0,2838000000.0,315000000.0,204000000.0,1.893,0.648,1877000000.0,0.0,1877000000.0,1877000000.0,1305000000.0,105000000.0,0.0,0.004,0.17,308000000.0,413000000.0,0.266,413000000.0,308000000.0,308000000.0,0.71,0.71,0.71,7728000000.0,,7728000000.0,37778876844.0,44.0,34.158,-187000000.0,-0.654,1.0,1236000000.0,0.797,5165000000.0,0.0,4137000000.0,,0.0,881000000.0,881000000.0,0.0,5006000000.0,2471000000.0,2535000000.0,41162876844.0,-2422000000.0,-1989000000.0,-325000000.0,0.0,-49000000.0,-479000000.0,-1811000000.0,222000000.0,-143000000.0,11000000.0,204000000.0,204000000.0,204000000.0,0.0,0.0,0.132,914000000.0,322000000.0,73000000.0,0.239,5.326,60.892,61.204,510000000.0,0.0,143.83,7.195,7.19,557000000.0,7760000000.0,1551000000.0,1551000000.0,515000000.0,,,,,125000000.0,359000000.0,1.0,286191176.0,286000000,289000000.0,5.423,7569000000.0,1960000000.0,104000000.0,345000000.0,26.465,2206000000.0
1,EA,MRQ,2021-03-31,2021-03-31,2021-03-31,2021-08-10,-50000000.0,13288000000.0,,7213000000.0,6075000000.0,,27.128,-31000000.0,5260000000.0,5260000000.0,319000000.0,76000000.0,2.434,0.695,1876000000.0,0.0,1876000000.0,1876000000.0,1527000000.0,58000000.0,0.0,0.003,0.17,165000000.0,223000000.0,0.166,223000000.0,165000000.0,165000000.0,0.27,0.26,0.27,7840000000.0,,7840000000.0,35160935275.0,35.0,29.35,340000000.0,1.176,1.0,1027000000.0,0.763,3177000000.0,0.0,3763000000.0,,0.0,1106000000.0,1106000000.0,0.0,5448000000.0,2964000000.0,2484000000.0,38935935275.0,488000000.0,-1239000000.0,-295000000.0,878000000.0,-49000000.0,526000000.0,-444000000.0,826000000.0,371000000.0,35000000.0,76000000.0,76000000.0,76000000.0,0.0,0.0,0.056,852000000.0,175000000.0,96000000.0,0.63,4.966,46.518,46.679,491000000.0,0.0,135.37,6.917,6.95,521000000.0,7887000000.0,1346000000.0,1346000000.0,468000000.0,,,,,109000000.0,370000000.0,1.0,287626027.0,289000000,292000000.0,4.657,10111000000.0,2045000000.0,89000000.0,358000000.0,34.986,4249000000.0
2,EA,MRQ,2020-12-31,2020-12-31,2020-12-31,2021-08-10,-94000000.0,12420000000.0,,7721000000.0,4699000000.0,,27.459,-30000000.0,4772000000.0,4772000000.0,601000000.0,211000000.0,2.211,0.56,997000000.0,600000000.0,397000000.0,997000000.0,1380000000.0,46000000.0,0.0,0.001,0.17,245000000.0,291000000.0,0.174,291000000.0,245000000.0,245000000.0,0.73,0.72,0.73,7963000000.0,,7963000000.0,38592126272.0,30.0,27.025,1094000000.0,3.772,1.0,1072000000.0,0.641,1933000000.0,0.0,3220000000.0,,0.0,1938000000.0,1938000000.0,0.0,4457000000.0,3492000000.0,965000000.0,41655126272.0,713000000.0,0.0,-313000000.0,0.0,-49000000.0,-429000000.0,0.0,30000000.0,1124000000.0,18000000.0,211000000.0,211000000.0,211000000.0,0.0,0.0,0.126,821000000.0,251000000.0,89000000.0,0.233,5.231,35.331,35.024,467000000.0,0.0,143.6,7.347,7.345,778000000.0,8054000000.0,1673000000.0,1673000000.0,451000000.0,,,,,111000000.0,365000000.0,1.0,290077481.0,290000000,292000000.0,5.769,10487000000.0,1924000000.0,34000000.0,297000000.0,36.162,4229000000.0
3,EA,MRQ,2020-09-30,2020-09-30,2020-09-30,2021-08-10,-89000000.0,11470000000.0,,6830000000.0,4640000000.0,,27.941,-25000000.0,4059000000.0,4059000000.0,286000000.0,185000000.0,2.748,0.42,996000000.0,599000000.0,397000000.0,996000000.0,639000000.0,40000000.0,0.0,0.0,0.0,139000000.0,179000000.0,0.156,179000000.0,139000000.0,139000000.0,0.64,0.63,0.64,8075000000.0,,8075000000.0,34644992644.0,25.0,22.352,36000000.0,0.125,1.0,865000000.0,0.752,1933000000.0,0.0,3989000000.0,,0.0,1972000000.0,1972000000.0,0.0,3395000000.0,2485000000.0,910000000.0,37661992644.0,46000000.0,0.0,40000000.0,0.0,0.0,32000000.0,-53000000.0,-28000000.0,61000000.0,6000000.0,185000000.0,185000000.0,185000000.0,0.0,0.0,0.161,716000000.0,149000000.0,164000000.0,0.0,4.664,28.662,28.662,458000000.0,0.0,130.41,6.737,6.742,423000000.0,8016000000.0,1151000000.0,1151000000.0,421000000.0,,,,,113000000.0,289000000.0,1.0,288796815.0,289000000,293000000.0,3.983,9537000000.0,1937000000.0,-46000000.0,302000000.0,33.0,4345000000.0
4,EA,MRQ,2020-06-30,2020-06-30,2020-06-30,2021-08-10,-52000000.0,11284000000.0,,6690000000.0,4594000000.0,,27.021,-38000000.0,4013000000.0,4013000000.0,288000000.0,365000000.0,2.605,0.45,996000000.0,599000000.0,397000000.0,996000000.0,878000000.0,37000000.0,0.0,0.0,0.0,468000000.0,505000000.0,0.346,505000000.0,468000000.0,468000000.0,1.27,1.25,1.27,7782000000.0,,7782000000.0,35349200221.0,23.0,20.917,340000000.0,1.181,1.0,1171000000.0,0.803,1937000000.0,0.0,3762000000.0,,0.0,1947000000.0,1947000000.0,0.0,3502000000.0,2568000000.0,934000000.0,38121200221.0,245000000.0,0.0,-75000000.0,0.0,0.0,-144000000.0,-8000000.0,30000000.0,378000000.0,19000000.0,365000000.0,365000000.0,365000000.0,0.0,0.0,0.25,700000000.0,471000000.0,51000000.0,0.0,4.899,19.224,19.419,450000000.0,0.0,132.05,6.587,6.572,507000000.0,7831000000.0,1459000000.0,1459000000.0,438000000.0,,,,,102000000.0,257000000.0,1.0,288687620.0,288000000,292000000.0,5.066,9347000000.0,1894000000.0,103000000.0,313000000.0,32.455,4122000000.0
5,EA,MRQ,2020-03-31,2020-03-31,2020-03-31,2021-08-10,-50000000.0,11112000000.0,,6517000000.0,4595000000.0,,25.728,-40000000.0,3768000000.0,3768000000.0,269000000.0,418000000.0,2.446,0.489,996000000.0,599000000.0,397000000.0,996000000.0,945000000.0,39000000.0,0.0,0.0,0.0,414000000.0,453000000.0,0.327,453000000.0,414000000.0,414000000.0,1.46,1.45,1.46,7461000000.0,,7461000000.0,26408674731.0,18.0,15.928,458000000.0,1.579,1.0,1118000000.0,0.806,1938000000.0,0.0,3738000000.0,,0.0,1967000000.0,1967000000.0,0.0,3651000000.0,2664000000.0,987000000.0,29016674731.0,165000000.0,0.0,-263000000.0,0.0,0.0,-300000000.0,-11000000.0,29000000.0,498000000.0,-22000000.0,418000000.0,418000000.0,418000000.0,0.0,0.0,0.301,717000000.0,401000000.0,68000000.0,0.0,3.889,9.548,9.66,449000000.0,0.0,100.17,5.241,5.301,461000000.0,7508000000.0,1387000000.0,1387000000.0,402000000.0,,,,,91000000.0,309000000.0,1.0,289674301.0,290000000,292000000.0,4.783,9174000000.0,1903000000.0,-4000000.0,374000000.0,31.634,3853000000.0
6,EA,MRQ,2019-12-31,2019-12-31,2019-12-31,2021-08-10,-33000000.0,11161000000.0,,6629000000.0,4532000000.0,,24.784,-28000000.0,3603000000.0,3603000000.0,508000000.0,346000000.0,2.835,0.542,995000000.0,0.0,995000000.0,995000000.0,1073000000.0,39000000.0,0.0,0.0,0.0,374000000.0,413000000.0,0.259,413000000.0,374000000.0,374000000.0,1.18,1.18,1.18,7237000000.0,,7237000000.0,29445652937.0,22.0,20.154,1076000000.0,3.685,1.0,1085000000.0,0.681,1954000000.0,0.0,4261000000.0,,0.0,1999000000.0,1999000000.0,0.0,3924000000.0,2338000000.0,1586000000.0,31390652937.0,663000000.0,0.0,-304000000.0,0.0,0.0,-361000000.0,-83000000.0,-55000000.0,1104000000.0,3000000.0,346000000.0,346000000.0,346000000.0,0.0,0.0,0.217,724000000.0,361000000.0,61000000.0,0.0,4.338,11.092,11.258,439000000.0,0.0,107.51,5.826,5.826,798000000.0,7267000000.0,1593000000.0,1593000000.0,389000000.0,,,,,91000000.0,328000000.0,1.0,291978913.0,292000000,294000000.0,5.455,9207000000.0,1828000000.0,28000000.0,354000000.0,31.531,4291000000.0
7,EA,MRQ,2019-09-30,2019-09-30,2019-09-30,2021-08-10,-10000000.0,10593000000.0,,6040000000.0,4553000000.0,,24.264,-27000000.0,2940000000.0,2940000000.0,405000000.0,854000000.0,3.322,0.48,995000000.0,0.0,995000000.0,995000000.0,646000000.0,35000000.0,0.0,0.0,0.0,284000000.0,319000000.0,0.237,319000000.0,284000000.0,284000000.0,2.89,2.89,2.89,7158000000.0,,7158000000.0,26290286770.0,22.0,19.518,10000000.0,0.034,1.0,943000000.0,0.7,1962000000.0,0.0,4868000000.0,,0.0,1943000000.0,1943000000.0,0.0,3435000000.0,1818000000.0,1617000000.0,28828286770.0,-593000000.0,0.0,-276000000.0,0.0,0.0,-312000000.0,-313000000.0,-286000000.0,37000000.0,-5000000.0,854000000.0,854000000.0,854000000.0,0.0,0.0,0.634,675000000.0,268000000.0,148000000.0,0.0,4.027,10.498,10.587,442000000.0,0.0,97.82,5.67,5.676,856000000.0,7165000000.0,1348000000.0,1348000000.0,387000000.0,,,,,92000000.0,280000000.0,1.0,294707491.0,295000000,296000000.0,4.569,8631000000.0,1835000000.0,-570000000.0,363000000.0,29.258,4222000000.0
8,EA,MRQ,2019-06-30,2019-06-30,2019-06-30,2021-08-10,-17000000.0,9749000000.0,,5800000000.0,3949000000.0,,21.835,-45000000.0,3533000000.0,3533000000.0,187000000.0,1421000000.0,3.515,0.503,995000000.0,0.0,995000000.0,995000000.0,679000000.0,37000000.0,0.0,0.0,0.0,436000000.0,473000000.0,0.391,473000000.0,436000000.0,436000000.0,4.78,4.75,4.78,6485000000.0,,6485000000.0,26386671036.0,22.0,19.692,113000000.0,0.38,1.0,1022000000.0,0.845,1972000000.0,0.0,3589000000.0,,0.0,1654000000.0,1654000000.0,0.0,3264000000.0,1650000000.0,1614000000.0,30100671036.0,-1175000000.0,0.0,-302000000.0,0.0,0.0,-385000000.0,-950000000.0,-905000000.0,158000000.0,2000000.0,1421000000.0,1421000000.0,1421000000.0,0.0,0.0,1.175,607000000.0,415000000.0,56000000.0,0.0,4.642,14.02,14.083,446000000.0,0.0,101.26,5.994,5.988,329000000.0,6499000000.0,1209000000.0,1209000000.0,381000000.0,,,,,73000000.0,220000000.0,1.0,297261219.0,297000000,299000000.0,4.071,7777000000.0,1208000000.0,-985000000.0,347000000.0,26.185,4150000000.0
9,EA,MRQ,2019-03-31,2019-03-31,2019-03-31,2021-08-10,-30000000.0,8957000000.0,,6381000000.0,2576000000.0,,17.77,-35000000.0,4708000000.0,4708000000.0,276000000.0,209000000.0,2.817,0.68,994000000.0,0.0,994000000.0,994000000.0,1100000000.0,37000000.0,0.0,0.0,0.0,219000000.0,256000000.0,0.207,256000000.0,219000000.0,219000000.0,0.7,0.69,0.7,5331000000.0,,5331000000.0,27554897779.0,26.0,22.512,564000000.0,1.88,1.0,962000000.0,0.777,1979000000.0,0.0,999000000.0,,0.0,737000000.0,737000000.0,0.0,3626000000.0,2265000000.0,1361000000.0,30447897779.0,821000000.0,0.0,-276000000.0,0.0,0.0,-282000000.0,500000000.0,535000000.0,599000000.0,4000000.0,209000000.0,209000000.0,209000000.0,0.0,0.0,0.169,766000000.0,196000000.0,113000000.0,0.0,5.711,29.88,30.247,448000000.0,0.0,101.63,6.151,6.221,623000000.0,5358000000.0,1238000000.0,1238000000.0,398000000.0,,,,,73000000.0,352000000.0,1.0,299595570.0,300000000,303000000.0,4.127,6978000000.0,35000000.0,10000000.0,235000000.0,23.26,4116000000.0
10,EA,MRQ,2018-12-31,2018-12-31,2018-12-31,2021-08-10,-17000000.0,8857000000.0,,6247000000.0,2610000000.0,,17.695,-21000000.0,3887000000.0,3887000000.0,413000000.0,262000000.0,2.989,0.657,994000000.0,0.0,994000000.0,994000000.0,928000000.0,34000000.0,0.0,0.0,0.0,265000000.0,299000000.0,0.232,299000000.0,265000000.0,265000000.0,0.87,0.86,0.87,5344000000.0,,5344000000.0,21952975401.0,14.0,12.466,933000000.0,3.089,1.0,876000000.0,0.68,1984000000.0,0.0,1890000000.0,,0.0,1274000000.0,1274000000.0,0.0,3513000000.0,2090000000.0,1423000000.0,23840975401.0,1006000000.0,0.0,-292000000.0,0.0,0.0,-312000000.0,373000000.0,394000000.0,954000000.0,-9000000.0,262000000.0,262000000.0,262000000.0,0.0,0.0,0.203,634000000.0,242000000.0,70000000.0,0.0,4.461,16.825,16.97,426000000.0,0.0,78.91,4.503,4.501,806000000.0,5358000000.0,1289000000.0,1289000000.0,334000000.0,,,,,75000000.0,293000000.0,1.0,302128696.0,302000000,304000000.0,4.268,6873000000.0,106000000.0,3000000.0,265000000.0,22.758,4157000000.0
11,EA,MRQ,2018-09-30,2018-09-30,2018-09-30,2021-08-10,-19000000.0,8450000000.0,,5803000000.0,2647000000.0,,17.433,-31000000.0,2881000000.0,2881000000.0,418000000.0,255000000.0,3.519,0.589,993000000.0,0.0,993000000.0,993000000.0,574000000.0,36000000.0,0.0,0.0,0.0,276000000.0,312000000.0,0.243,312000000.0,276000000.0,276000000.0,0.84,0.83,0.84,5317000000.0,,5317000000.0,33844552147.0,25.0,22.868,-157000000.0,-0.515,1.0,868000000.0,0.675,1994000000.0,0.0,2919000000.0,,0.0,1664000000.0,1664000000.0,0.0,3133000000.0,1649000000.0,1484000000.0,36727552147.0,-995000000.0,-8000000.0,-264000000.0,0.0,0.0,-271000000.0,-601000000.0,-562000000.0,-126000000.0,3000000.0,255000000.0,255000000.0,255000000.0,0.0,0.0,0.198,610000000.0,258000000.0,168000000.0,0.0,6.908,37.903,37.89,440000000.0,0.0,120.49,7.111,7.115,966000000.0,5199000000.0,1286000000.0,1286000000.0,339000000.0,,,,,66000000.0,263000000.0,1.0,304818260.0,305000000,307000000.0,4.216,6456000000.0,112000000.0,21000000.0,274000000.0,21.167,4154000000.0
12,EA,MRQ,2018-06-30,2018-06-30,2018-06-30,2021-08-10,-26000000.0,8247000000.0,,5624000000.0,2623000000.0,,17.19,-32000000.0,3876000000.0,3876000000.0,215000000.0,293000000.0,3.842,0.568,993000000.0,0.0,993000000.0,993000000.0,602000000.0,38000000.0,0.0,0.0,0.0,319000000.0,357000000.0,0.314,357000000.0,319000000.0,319000000.0,0.96,0.95,0.96,5260000000.0,,5260000000.0,40003580635.0,39.0,34.426,88000000.0,0.288,1.0,922000000.0,0.811,1993000000.0,0.0,1907000000.0,,0.0,1095000000.0,1095000000.0,0.0,2987000000.0,1464000000.0,1523000000.0,43269580635.0,-382000000.0,-50000000.0,-299000000.0,0.0,0.0,-388000000.0,-103000000.0,-21000000.0,120000000.0,-11000000.0,293000000.0,293000000.0,293000000.0,0.0,0.0,0.258,622000000.0,300000000.0,47000000.0,0.0,8.226,62.528,62.123,440000000.0,0.0,141.02,8.944,8.919,371000000.0,4944000000.0,1137000000.0,1137000000.0,362000000.0,,,,,70000000.0,254000000.0,1.0,306832936.0,306000000,310000000.0,3.716,6254000000.0,92000000.0,26000000.0,277000000.0,20.438,4160000000.0
13,EA,MRQ,2018-03-31,2018-03-31,2018-03-31,2021-08-10,-127000000.0,8584000000.0,,6004000000.0,2580000000.0,,15.066,-20000000.0,4258000000.0,4258000000.0,233000000.0,607000000.0,2.41,0.868,992000000.0,0.0,992000000.0,992000000.0,1622000000.0,39000000.0,0.0,0.0,0.0,754000000.0,793000000.0,0.501,793000000.0,754000000.0,754000000.0,1.98,1.94,1.98,4595000000.0,,4595000000.0,35613702114.0,25.0,22.469,595000000.0,1.951,1.0,1349000000.0,0.853,1954000000.0,0.0,873000000.0,,0.0,1073000000.0,1073000000.0,0.0,3989000000.0,2491000000.0,1498000000.0,37187702114.0,1692000000.0,0.0,-127000000.0,0.0,0.0,-135000000.0,1215000000.0,1235000000.0,615000000.0,-3000000.0,607000000.0,607000000.0,607000000.0,0.0,0.0,0.384,596000000.0,753000000.0,48000000.0,0.0,8.093,35.655,35.764,453000000.0,0.0,121.24,7.221,7.251,385000000.0,4062000000.0,1582000000.0,1582000000.0,335000000.0,,,,,69000000.0,256000000.0,1.0,306727995.0,305000000,312000000.0,5.187,6630000000.0,84000000.0,147000000.0,251000000.0,21.738,3513000000.0
14,EA,MRQ,2017-12-31,2017-12-31,2017-12-31,2021-08-10,-95000000.0,8642000000.0,,5966000000.0,2676000000.0,,13.266,-24000000.0,2566000000.0,2566000000.0,501000000.0,-186000000.0,1.92,1.115,992000000.0,0.0,992000000.0,992000000.0,1946000000.0,34000000.0,0.0,0.0,0.0,-16000000.0,18000000.0,0.016,18000000.0,-16000000.0,-16000000.0,-0.6,-0.6,-0.6,4086000000.0,,4086000000.0,31274648092.0,22.0,20.308,825000000.0,2.679,1.0,659000000.0,0.568,1960000000.0,0.0,2001000000.0,,0.0,2318000000.0,2318000000.0,0.0,4556000000.0,3107000000.0,1449000000.0,32350648092.0,499000000.0,-150000000.0,-150000000.0,0.0,0.0,-157000000.0,-185000000.0,-11000000.0,849000000.0,-8000000.0,-186000000.0,-186000000.0,-186000000.0,0.0,0.0,-0.16,680000000.0,-21000000.0,91000000.0,0.0,7.917,32.286,32.128,447000000.0,0.0,105.06,6.349,6.351,886000000.0,3455000000.0,1160000000.0,1160000000.0,329000000.0,,,,,63000000.0,350000000.0,1.0,307925453.0,308000000,308000000.0,3.766,6682000000.0,159000000.0,170000000.0,196000000.0,21.695,2859000000.0
15,EA,MRQ,2017-09-30,2017-09-30,2017-09-30,2021-08-10,-73000000.0,7922000000.0,,5415000000.0,2507000000.0,,14.201,-30000000.0,2067000000.0,2067000000.0,389000000.0,-22000000.0,2.383,0.805,991000000.0,0.0,991000000.0,991000000.0,1116000000.0,32000000.0,0.0,0.0,0.0,-38000000.0,-6000000.0,-0.006,-6000000.0,-38000000.0,-38000000.0,-0.07,-0.07,-0.07,4388000000.0,,4388000000.0,35191394505.0,25.0,22.487,22000000.0,0.071,1.0,570000000.0,0.594,1716000000.0,0.0,2858000000.0,,0.0,2288000000.0,2288000000.0,0.0,3534000000.0,2272000000.0,1262000000.0,36448394505.0,-181000000.0,0.0,-126000000.0,0.0,0.0,-136000000.0,-120000000.0,-90000000.0,52000000.0,23000000.0,-22000000.0,-22000000.0,-22000000.0,0.0,0.0,-0.023,611000000.0,-41000000.0,187000000.0,0.0,8.306,30.706,30.506,444000000.0,0.0,118.06,7.169,7.176,812000000.0,3641000000.0,959000000.0,959000000.0,331000000.0,,,,,62000000.0,278000000.0,1.0,308727719.0,309000000,309000000.0,3.104,6206000000.0,248000000.0,-16000000.0,123000000.0,20.084,3143000000.0
16,EA,MRQ,2017-06-30,2017-06-30,2017-06-30,2021-08-10,-71000000.0,7375000000.0,,4902000000.0,2473000000.0,,14.518,-33000000.0,2248000000.0,2248000000.0,154000000.0,644000000.0,3.009,0.644,991000000.0,0.0,991000000.0,991000000.0,882000000.0,31000000.0,0.0,0.0,0.0,749000000.0,780000000.0,0.538,780000000.0,749000000.0,749000000.0,2.08,2.06,2.08,4486000000.0,,4486000000.0,31201197691.0,22.0,19.95,143000000.0,0.463,1.0,1295000000.0,0.894,1715000000.0,0.0,2774000000.0,,0.0,2222000000.0,2222000000.0,0.0,2889000000.0,1629000000.0,1260000000.0,32776197691.0,-317000000.0,0.0,-120000000.0,0.0,0.0,-215000000.0,-288000000.0,-255000000.0,176000000.0,10000000.0,644000000.0,644000000.0,644000000.0,0.0,0.0,0.444,552000000.0,743000000.0,38000000.0,0.0,7.306,27.99,27.748,436000000.0,0.0,105.72,6.525,6.504,222000000.0,3663000000.0,1449000000.0,1449000000.0,325000000.0,,,,,48000000.0,226000000.0,1.0,310028355.0,309000000,313000000.0,4.689,5660000000.0,232000000.0,105000000.0,115000000.0,18.317,3273000000.0
17,EA,MRQ,2017-03-31,2017-03-31,2017-03-31,2021-08-10,-19000000.0,7718000000.0,,5199000000.0,2519000000.0,,13.268,-29000000.0,2565000000.0,2565000000.0,202000000.0,566000000.0,2.153,0.901,990000000.0,0.0,990000000.0,990000000.0,1539000000.0,32000000.0,0.0,0.0,0.0,716000000.0,748000000.0,0.49,748000000.0,716000000.0,716000000.0,1.86,1.8,1.86,4060000000.0,,4060000000.0,26102840457.0,22.0,18.888,408000000.0,1.333,1.0,1325000000.0,0.868,1715000000.0,0.0,2013000000.0,,0.0,1967000000.0,1967000000.0,0.0,3658000000.0,2415000000.0,1243000000.0,27595840457.0,82000000.0,0.0,-86000000.0,0.0,0.0,-104000000.0,-261000000.0,-232000000.0,437000000.0,10000000.0,566000000.0,566000000.0,566000000.0,0.0,0.0,0.371,608000000.0,717000000.0,87000000.0,0.0,6.797,28.538,28.063,434000000.0,0.0,89.52,5.696,5.598,359000000.0,3027000000.0,1527000000.0,1527000000.0,335000000.0,,,,,52000000.0,272000000.0,1.0,308264527.0,306000000,314000000.0,4.99,6003000000.0,286000000.0,150000000.0,105000000.0,19.618,2784000000.0
18,EA,MRQ,2016-12-31,2016-12-31,2016-12-31,2021-08-10,-1000000.0,7719000000.0,,5101000000.0,2618000000.0,,11.713,-25000000.0,2483000000.0,2483000000.0,516000000.0,-1000000.0,1.737,1.175,990000000.0,0.0,990000000.0,990000000.0,1971000000.0,49000000.0,0.0,0.0,0.0,-6000000.0,43000000.0,0.037,43000000.0,-6000000.0,-6000000.0,0.0,0.0,0.0,3549000000.0,,3549000000.0,23010263889.0,23.0,19.048,1112000000.0,3.67,1.0,633000000.0,0.551,1713000000.0,0.0,1576000000.0,,35000000.0,1736000000.0,1736000000.0,0.0,4170000000.0,2937000000.0,1233000000.0,23766263889.0,737000000.0,0.0,-125000000.0,0.0,0.0,-131000000.0,-249000000.0,-224000000.0,1137000000.0,-20000000.0,-1000000.0,-1000000.0,-1000000.0,0.0,0.0,-0.001,637000000.0,-4000000.0,65000000.0,,6.697,18.282,18.619,424000000.0,0.0,78.76,5.138,5.159,587000000.0,2461000000.0,1149000000.0,1149000000.0,285000000.0,,,,,48000000.0,350000000.0,1.0,301755509.0,303000000,303000000.0,3.792,6006000000.0,386000000.0,-5000000.0,89000000.0,19.822,2164000000.0
19,EA,MRQ,2016-09-30,2016-09-30,2016-09-30,2021-08-10,-10000000.0,6892000000.0,,4260000000.0,2632000000.0,,11.987,-29000000.0,1746000000.0,1746000000.0,401000000.0,-38000000.0,2.078,0.91,990000000.0,0.0,990000000.0,990000000.0,1067000000.0,45000000.0,0.0,0.0,0.0,-52000000.0,-7000000.0,-0.008,-7000000.0,-52000000.0,-52000000.0,-0.13,-0.13,-0.13,3608000000.0,,3608000000.0,24768321094.0,25.0,20.902,93000000.0,0.309,1.0,497000000.0,0.553,1737000000.0,0.0,2349000000.0,,50000000.0,1520000000.0,1520000000.0,0.0,3284000000.0,2050000000.0,1234000000.0,25685321094.0,-296000000.0,0.0,-100000000.0,-136000000.0,0.0,-245000000.0,-168000000.0,-139000000.0,122000000.0,-5000000.0,-38000000.0,-38000000.0,-38000000.0,0.0,0.0,-0.042,546000000.0,-49000000.0,206000000.0,0.0,7.119,20.45,20.88,431000000.0,0.0,85.4,5.649,5.653,723000000.0,2462000000.0,898000000.0,898000000.0,291000000.0,,,,,48000000.0,254000000.0,1.0,300764884.0,301000000,301000000.0,2.983,5155000000.0,366000000.0,-14000000.0,88000000.0,17.126,2210000000.0
20,EA,MRQ,2016-06-30,2016-06-30,2016-06-30,2021-08-10,3000000.0,6605000000.0,,3972000000.0,2633000000.0,,12.346,-40000000.0,2042000000.0,2042000000.0,179000000.0,440000000.0,2.407,0.777,1125000000.0,136000000.0,989000000.0,1125000000.0,873000000.0,46000000.0,0.0,0.0,0.0,552000000.0,598000000.0,0.47,598000000.0,552000000.0,552000000.0,1.46,1.4,1.46,3716000000.0,,3716000000.0,21508942008.0,23.0,19.308,-158000000.0,-0.525,1.0,1092000000.0,0.859,1750000000.0,0.0,2288000000.0,,26000000.0,1385000000.0,1385000000.0,0.0,2889000000.0,1650000000.0,1239000000.0,22849942008.0,-451000000.0,0.0,-125000000.0,-27000000.0,0.0,-249000000.0,-81000000.0,-41000000.0,-118000000.0,-3000000.0,440000000.0,440000000.0,440000000.0,0.0,0.0,0.346,532000000.0,560000000.0,44000000.0,0.0,6.149,19.801,20.095,435000000.0,0.0,75.76,5.119,5.108,246000000.0,2500000000.0,1271000000.0,1271000000.0,294000000.0,,,,,48000000.0,236000000.0,1.0,301609583.0,301000000,315000000.0,4.223,4855000000.0,343000000.0,112000000.0,90000000.0,16.13,2322000000.0
21,EA,MRQ,2016-03-31,2016-03-31,2016-03-31,2021-08-10,-16000000.0,7050000000.0,,4354000000.0,2696000000.0,,11.062,-30000000.0,2493000000.0,2493000000.0,226000000.0,899000000.0,1.801,1.075,1152000000.0,161000000.0,991000000.0,1152000000.0,1458000000.0,48000000.0,0.0,0.0,0.0,526000000.0,574000000.0,0.439,574000000.0,526000000.0,526000000.0,2.9,2.73,2.9,3396000000.0,,3396000000.0,18525449062.0,21.0,17.249,608000000.0,1.98,1.0,1082000000.0,0.827,1767000000.0,0.0,1524000000.0,,0.0,1341000000.0,1341000000.0,0.0,3652000000.0,2418000000.0,1234000000.0,20448449062.0,230000000.0,0.0,-613000000.0,812000000.0,0.0,-30000000.0,-401000000.0,-371000000.0,638000000.0,23000000.0,899000000.0,899000000.0,899000000.0,0.0,0.0,0.687,546000000.0,536000000.0,89000000.0,0.0,6.021,17.689,17.724,439000000.0,0.0,66.11,4.652,4.662,233000000.0,2060000000.0,1308000000.0,1308000000.0,282000000.0,,,,,47000000.0,263000000.0,1.0,309309470.0,307000000,321000000.0,4.261,5283000000.0,387000000.0,-373000000.0,82000000.0,17.208,1936000000.0
22,EA,MRQ,2015-12-31,2015-12-31,2015-12-31,2021-08-10,-57000000.0,6470000000.0,,4152000000.0,2318000000.0,,9.685,-21000000.0,2263000000.0,2263000000.0,546000000.0,-45000000.0,1.32,1.146,340000000.0,333000000.0,7000000.0,340000000.0,1844000000.0,50000000.0,0.0,0.0,0.0,-30000000.0,20000000.0,0.019,20000000.0,-30000000.0,-30000000.0,-0.14,-0.14,-0.14,3012000000.0,,3012000000.0,20195714902.0,27.0,21.214,868000000.0,2.791,1.0,524000000.0,0.49,1779000000.0,0.0,-377000000.0,,42000000.0,966000000.0,966000000.0,0.0,3451000000.0,3145000000.0,306000000.0,21358714902.0,665000000.0,0.0,-124000000.0,-95000000.0,0.0,-211000000.0,-3000000.0,18000000.0,889000000.0,-10000000.0,-45000000.0,-45000000.0,-45000000.0,0.0,0.0,-0.042,555000000.0,-31000000.0,128000000.0,0.0,7.091,32.759,32.724,415000000.0,0.0,68.72,4.999,5.002,621000000.0,1161000000.0,1070000000.0,1070000000.0,266000000.0,,,,,42000000.0,287000000.0,1.0,310807842.0,311000000,311000000.0,3.441,4691000000.0,54000000.0,15000000.0,138000000.0,15.084,1007000000.0
23,EA,MRQ,2015-09-30,2015-09-30,2015-09-30,2021-08-10,-44000000.0,6000000000.0,,3646000000.0,2354000000.0,,10.083,-18000000.0,1598000000.0,1598000000.0,409000000.0,-140000000.0,1.444,0.903,435000000.0,422000000.0,13000000.0,435000000.0,1113000000.0,50000000.0,0.0,0.0,0.0,-128000000.0,-78000000.0,-0.096,-78000000.0,-128000000.0,-128000000.0,-0.45,-0.45,-0.45,3146000000.0,,3146000000.0,19943783776.0,21.0,17.479,-9000000.0,-0.029,1.0,406000000.0,0.498,1793000000.0,0.0,519000000.0,,62000000.0,990000000.0,990000000.0,0.0,2841000000.0,2525000000.0,316000000.0,21120783776.0,-212000000.0,0.0,-87000000.0,-198000000.0,0.0,-260000000.0,60000000.0,78000000.0,9000000.0,-21000000.0,-140000000.0,-140000000.0,-140000000.0,0.0,0.0,-0.172,525000000.0,-119000000.0,188000000.0,0.0,6.714,25.174,25.093,430000000.0,0.0,67.75,4.879,4.883,737000000.0,1206000000.0,815000000.0,815000000.0,265000000.0,,,,,44000000.0,257000000.0,1.0,311745886.0,312000000,312000000.0,2.612,4207000000.0,60000000.0,12000000.0,141000000.0,13.484,1121000000.0
24,EA,MRQ,2015-06-30,2015-06-30,2015-06-30,2021-08-10,-14000000.0,5721000000.0,,3326000000.0,2395000000.0,,10.727,-24000000.0,1810000000.0,1810000000.0,173000000.0,442000000.0,1.639,0.707,633000000.0,608000000.0,25000000.0,633000000.0,775000000.0,49000000.0,0.0,0.0,0.0,509000000.0,558000000.0,0.464,558000000.0,509000000.0,509000000.0,1.42,1.32,1.42,3336000000.0,,3336000000.0,19486455541.0,18.0,15.071,-95000000.0,-0.305,1.0,1030000000.0,0.856,1811000000.0,0.0,704000000.0,,34000000.0,1069000000.0,1069000000.0,0.0,2360000000.0,2029000000.0,331000000.0,20921455541.0,-258000000.0,0.0,-87000000.0,0.0,0.0,-47000000.0,-140000000.0,-116000000.0,-71000000.0,0.0,442000000.0,442000000.0,442000000.0,0.0,0.0,0.367,518000000.0,512000000.0,43000000.0,0.0,6.271,21.305,21.044,444000000.0,0.0,66.5,4.645,4.592,144000000.0,1346000000.0,1203000000.0,1203000000.0,296000000.0,,,,,45000000.0,221000000.0,1.0,314608354.0,311000000,335000000.0,3.868,3910000000.0,67000000.0,67000000.0,151000000.0,12.572,1297000000.0
25,EA,MRQ,2015-03-31,2015-03-31,2015-03-31,2021-08-10,2000000.0,6147000000.0,,3720000000.0,2427000000.0,,9.857,-32000000.0,2068000000.0,2068000000.0,234000000.0,395000000.0,1.354,1.014,633000000.0,602000000.0,31000000.0,633000000.0,1283000000.0,55000000.0,0.0,0.0,0.0,397000000.0,452000000.0,0.381,452000000.0,397000000.0,397000000.0,1.27,1.2,1.27,3036000000.0,,3036000000.0,16701761106.0,18.0,14.587,166000000.0,0.539,1.0,951000000.0,0.803,1824000000.0,0.0,141000000.0,,36000000.0,953000000.0,953000000.0,0.0,3080000000.0,2747000000.0,333000000.0,18234761106.0,-98000000.0,0.0,-66000000.0,0.0,0.0,-60000000.0,-210000000.0,-178000000.0,198000000.0,-26000000.0,395000000.0,395000000.0,395000000.0,0.0,0.0,0.333,551000000.0,400000000.0,68000000.0,0.0,6.006,20.84,20.931,459000000.0,0.0,58.815,4.039,4.051,362000000.0,904000000.0,1185000000.0,1185000000.0,285000000.0,,,,,36000000.0,264000000.0,1.0,310035894.0,308000000,334000000.0,3.847,4323000000.0,67000000.0,2000000.0,150000000.0,14.036,973000000.0
26,EA,MRQ,2014-12-31,2014-12-31,2014-12-31,2021-08-10,23000000.0,6167000000.0,,3754000000.0,2413000000.0,,8.64,-15000000.0,2166000000.0,2166000000.0,401000000.0,142000000.0,1.223,1.281,633000000.0,596000000.0,37000000.0,633000000.0,1583000000.0,53000000.0,0.0,0.0,0.0,156000000.0,209000000.0,0.186,209000000.0,156000000.0,156000000.0,0.46,0.44,0.46,2687000000.0,,2687000000.0,13585672495.0,16.0,12.498,667000000.0,2.145,1.0,725000000.0,0.644,1845000000.0,0.0,-280000000.0,,39000000.0,774000000.0,774000000.0,0.0,3443000000.0,3069000000.0,374000000.0,14618672495.0,542000000.0,0.0,-92000000.0,0.0,0.0,-90000000.0,-27000000.0,-12000000.0,682000000.0,-23000000.0,142000000.0,142000000.0,142000000.0,0.0,0.0,0.126,563000000.0,162000000.0,77000000.0,0.0,5.441,17.259,17.159,461000000.0,0.0,47.015,3.283,3.284,488000000.0,509000000.0,1126000000.0,1126000000.0,283000000.0,,,,,39000000.0,276000000.0,1.0,310936350.0,311000000,323000000.0,3.621,4322000000.0,63000000.0,14000000.0,173000000.0,13.897,685000000.0
27,EA,MRQ,2014-09-30,2014-09-30,2014-09-30,2021-08-10,53000000.0,6031000000.0,,3532000000.0,2499000000.0,,8.53,-21000000.0,1624000000.0,1624000000.0,427000000.0,3000000.0,1.48,1.259,591000000.0,0.0,591000000.0,591000000.0,1281000000.0,56000000.0,0.0,0.0,0.0,18000000.0,74000000.0,0.075,74000000.0,18000000.0,18000000.0,0.01,0.01,0.01,2670000000.0,,2670000000.0,10164152527.0,25.0,15.931,162000000.0,0.518,1.0,563000000.0,0.569,1866000000.0,0.0,745000000.0,,67000000.0,764000000.0,764000000.0,0.0,3361000000.0,2387000000.0,974000000.0,11132152527.0,70000000.0,0.0,-74000000.0,0.0,0.0,-72000000.0,-26000000.0,-5000000.0,183000000.0,-15000000.0,3000000.0,3000000.0,3000000.0,0.0,0.0,0.003,539000000.0,24000000.0,191000000.0,0.0,4.169,28.041,27.82,483000000.0,0.0,35.61,2.692,2.696,829000000.0,367000000.0,990000000.0,990000000.0,261000000.0,,,,,40000000.0,275000000.0,1.0,312613101.0,313000000,322000000.0,3.163,4165000000.0,67000000.0,15000000.0,174000000.0,13.307,1145000000.0
28,EA,MRQ,2014-06-30,2014-06-30,2014-06-30,2021-08-10,61000000.0,5476000000.0,,2930000000.0,2546000000.0,,8.668,-27000000.0,1554000000.0,1554000000.0,367000000.0,335000000.0,1.641,1.018,586000000.0,0.0,586000000.0,586000000.0,1051000000.0,56000000.0,0.0,0.0,0.0,354000000.0,410000000.0,0.338,410000000.0,354000000.0,354000000.0,1.07,1.04,1.07,2713000000.0,,2713000000.0,10080536779.0,76.0,28.001,-23000000.0,-0.073,1.0,847000000.0,0.698,1886000000.0,0.0,836000000.0,,37000000.0,762000000.0,762000000.0,0.0,2763000000.0,1786000000.0,977000000.0,11282536779.0,-228000000.0,0.0,-45000000.0,0.0,0.0,-33000000.0,-207000000.0,-180000000.0,4000000.0,8000000.0,335000000.0,335000000.0,335000000.0,0.0,0.0,0.276,485000000.0,362000000.0,69000000.0,0.0,4.159,93.244,94.395,503000000.0,0.0,35.87,2.938,2.924,219000000.0,364000000.0,1214000000.0,1214000000.0,265000000.0,,,,,29000000.0,218000000.0,1.0,314539637.0,313000000,322000000.0,3.879,3590000000.0,73000000.0,19000000.0,175000000.0,11.47,1144000000.0
29,EA,MRQ,2014-03-31,2014-03-31,2014-03-31,2021-08-10,37000000.0,5716000000.0,,3138000000.0,2578000000.0,,7.788,-16000000.0,1782000000.0,1782000000.0,223000000.0,367000000.0,1.313,1.36,580000000.0,0.0,580000000.0,580000000.0,1490000000.0,57000000.0,0.0,0.0,0.0,337000000.0,394000000.0,0.351,394000000.0,337000000.0,337000000.0,1.2,1.2,1.2,2422000000.0,,2422000000.0,7810212079.0,1116.0,33.377,265000000.0,0.852,1.0,900000000.0,0.801,1900000000.0,0.0,224000000.0,,56000000.0,583000000.0,583000000.0,0.0,3294000000.0,2390000000.0,904000000.0,8981212079.0,36000000.0,0.0,26000000.0,0.0,0.0,39000000.0,-276000000.0,-260000000.0,281000000.0,-8000000.0,367000000.0,367000000.0,367000000.0,0.0,0.0,0.327,556000000.0,344000000.0,119000000.0,0.0,3.708,1122.652,967.0,510000000.0,0.0,29.01,2.512,2.499,327000000.0,29000000.0,1123000000.0,1123000000.0,289000000.0,,,,,39000000.0,260000000.0,1.0,309590213.0,311000000,343000000.0,3.611,3816000000.0,102000000.0,-30000000.0,207000000.0,12.27,748000000.0
30,EA,MRQ,2013-12-31,2013-12-31,2013-12-31,2021-08-10,52000000.0,5573000000.0,,2921000000.0,2652000000.0,,6.485,-28000000.0,1746000000.0,1746000000.0,517000000.0,-308000000.0,1.099,1.781,575000000.0,0.0,575000000.0,575000000.0,1699000000.0,58000000.0,0.0,0.0,0.0,-298000000.0,-240000000.0,-0.297,-240000000.0,-298000000.0,-298000000.0,-1.0,-1.0,-1.0,2004000000.0,,2004000000.0,6571270884.0,,25.669,657000000.0,2.126,1.0,291000000.0,0.36,1921000000.0,0.0,-178000000.0,,55000000.0,324000000.0,324000000.0,0.0,3569000000.0,2659000000.0,910000000.0,7091270884.0,656000000.0,0.0,1000000.0,0.0,0.0,1000000.0,-26000000.0,2000000.0,685000000.0,-4000000.0,-308000000.0,-308000000.0,-308000000.0,0.0,0.0,-0.381,583000000.0,-292000000.0,137000000.0,0.0,3.539,-196.98,-191.167,518000000.0,0.0,22.94,1.937,1.936,526000000.0,-338000000.0,808000000.0,808000000.0,275000000.0,,,,,40000000.0,305000000.0,1.0,309122532.0,309000000,309000000.0,2.615,3652000000.0,97000000.0,10000000.0,211000000.0,11.819,262000000.0
31,EA,MRQ,2013-09-30,2013-09-30,2013-09-30,2021-08-10,62000000.0,5036000000.0,,2340000000.0,2696000000.0,,7.422,-24000000.0,1090000000.0,1090000000.0,413000000.0,-273000000.0,1.264,1.203,570000000.0,0.0,570000000.0,570000000.0,935000000.0,56000000.0,0.0,0.0,0.0,-260000000.0,-204000000.0,-0.294,-204000000.0,-260000000.0,-260000000.0,-0.89,-0.89,-0.89,2286000000.0,,2286000000.0,7342086170.0,28.0,13.879,-30000000.0,-0.097,1.0,282000000.0,0.406,1942000000.0,0.0,723000000.0,,58000000.0,328000000.0,328000000.0,0.0,2750000000.0,1851000000.0,899000000.0,7834086170.0,34000000.0,0.0,28000000.0,0.0,0.0,28000000.0,3000000.0,27000000.0,-6000000.0,9000000.0,-273000000.0,-273000000.0,-273000000.0,0.0,0.0,-0.393,534000000.0,-252000000.0,208000000.0,0.0,3.427,34.511,35.0,532000000.0,0.0,25.55,2.075,2.085,594000000.0,-30000000.0,695000000.0,695000000.0,283000000.0,,,,,38000000.0,293000000.0,1.0,306617854.0,308000000,308000000.0,2.256,3094000000.0,99000000.0,13000000.0,208000000.0,10.045,489000000.0
32,EA,MRQ,2013-06-30,2013-06-30,2013-06-30,2021-08-10,56000000.0,4605000000.0,,1884000000.0,2721000000.0,,8.197,-29000000.0,1056000000.0,1056000000.0,194000000.0,222000000.0,1.537,0.848,564000000.0,0.0,564000000.0,564000000.0,590000000.0,56000000.0,0.0,0.0,0.0,228000000.0,284000000.0,0.299,284000000.0,228000000.0,228000000.0,0.73,0.71,0.73,2492000000.0,,2492000000.0,6224563798.0,40.0,14.785,-277000000.0,-0.911,1.0,755000000.0,0.796,1956000000.0,0.0,931000000.0,,41000000.0,355000000.0,355000000.0,0.0,2113000000.0,1226000000.0,887000000.0,6957563798.0,-236000000.0,-5000000.0,22000000.0,0.0,0.0,21000000.0,-2000000.0,32000000.0,-248000000.0,-7000000.0,222000000.0,222000000.0,222000000.0,0.0,0.0,0.234,522000000.0,233000000.0,48000000.0,0.0,2.792,58.467,56.073,537000000.0,0.0,22.99,1.835,1.844,120000000.0,243000000.0,949000000.0,949000000.0,278000000.0,,,,,33000000.0,232000000.0,1.0,302634354.0,304000000,312000000.0,3.122,2649000000.0,101000000.0,6000000.0,202000000.0,8.714,658000000.0
33,EA,MRQ,2013-03-31,2013-03-31,2013-03-31,2021-08-10,69000000.0,5070000000.0,,2325000000.0,2745000000.0,,7.532,-25000000.0,1292000000.0,1292000000.0,309000000.0,323000000.0,1.213,1.236,559000000.0,0.0,559000000.0,559000000.0,1044000000.0,86000000.0,0.0,0.0,0.0,330000000.0,416000000.0,0.344,416000000.0,330000000.0,330000000.0,1.04,1.03,1.04,2267000000.0,,2267000000.0,4707345996.0,34.0,11.681,208000000.0,0.691,1.0,900000000.0,0.744,1974000000.0,0.0,446000000.0,,42000000.0,388000000.0,388000000.0,0.0,2803000000.0,1917000000.0,886000000.0,5311345996.0,134000000.0,6000000.0,2000000.0,0.0,0.0,2000000.0,-87000000.0,-68000000.0,233000000.0,-14000000.0,323000000.0,323000000.0,323000000.0,0.0,0.0,0.267,591000000.0,309000000.0,136000000.0,0.0,2.343,54.197,55.312,548000000.0,0.0,17.7,1.399,1.445,312000000.0,21000000.0,1209000000.0,1209000000.0,287000000.0,,,,,42000000.0,294000000.0,1.0,300076045.0,301000000,313000000.0,4.017,3096000000.0,105000000.0,7000000.0,206000000.0,10.286,408000000.0
34,EA,MRQ,2012-12-31,2012-12-31,2012-12-31,2021-08-10,119000000.0,5039000000.0,,2229000000.0,2810000000.0,,6.441,-25000000.0,1158000000.0,1158000000.0,429000000.0,-45000000.0,1.039,1.574,554000000.0,0.0,554000000.0,554000000.0,1213000000.0,66000000.0,0.0,0.0,0.0,-33000000.0,33000000.0,0.036,33000000.0,-33000000.0,-33000000.0,-0.15,-0.15,-0.15,1958000000.0,,1958000000.0,4108565471.0,24.0,9.876,338000000.0,1.112,1.0,493000000.0,0.535,2028000000.0,0.0,261000000.0,,59000000.0,334000000.0,334000000.0,0.0,3081000000.0,2146000000.0,935000000.0,4430565471.0,287000000.0,0.0,-156000000.0,0.0,0.0,-158000000.0,77000000.0,102000000.0,363000000.0,5000000.0,-45000000.0,-45000000.0,-45000000.0,0.0,0.0,-0.049,532000000.0,-39000000.0,93000000.0,0.0,2.263,25.318,30.25,550000000.0,0.0,14.52,1.12,1.116,382000000.0,-302000000.0,922000000.0,922000000.0,278000000.0,,,,,39000000.0,290000000.0,1.0,305135363.0,304000000,304000000.0,3.033,3011000000.0,114000000.0,12000000.0,213000000.0,9.905,83000000.0
35,EA,MRQ,2012-09-30,2012-09-30,2012-09-30,2021-08-10,149000000.0,5191000000.0,,2332000000.0,2859000000.0,,6.816,-25000000.0,871000000.0,871000000.0,445000000.0,-381000000.0,1.14,1.41,549000000.0,0.0,549000000.0,549000000.0,953000000.0,56000000.0,0.0,0.0,0.0,-368000000.0,-312000000.0,-0.439,-312000000.0,-368000000.0,-368000000.0,-1.21,-1.21,-1.21,2154000000.0,,2154000000.0,3665419035.0,367.0,15.022,-53000000.0,-0.168,1.0,266000000.0,0.374,2057000000.0,0.0,766000000.0,,71000000.0,444000000.0,444000000.0,0.0,3037000000.0,2046000000.0,991000000.0,4040419035.0,-48000000.0,15000000.0,-90000000.0,-2000000.0,0.0,-117000000.0,82000000.0,92000000.0,-28000000.0,15000000.0,-381000000.0,-381000000.0,-381000000.0,0.0,0.0,-0.536,630000000.0,-364000000.0,219000000.0,0.0,1.876,269.361,1269.0,561000000.0,0.0,12.69,0.987,0.979,643000000.0,-257000000.0,711000000.0,711000000.0,306000000.0,,,,,44000000.0,319000000.0,1.0,318393935.0,316000000,316000000.0,2.25,3134000000.0,113000000.0,13000000.0,211000000.0,9.918,286000000.0
36,EA,MRQ,2012-06-30,2012-06-30,2012-06-30,2021-08-10,115000000.0,4825000000.0,,1951000000.0,2874000000.0,,8.05,-31000000.0,919000000.0,919000000.0,205000000.0,201000000.0,1.46,0.891,544000000.0,0.0,544000000.0,544000000.0,584000000.0,56000000.0,0.0,0.0,0.0,210000000.0,266000000.0,0.279,266000000.0,210000000.0,210000000.0,0.63,0.63,0.63,2552000000.0,,2552000000.0,3171609174.0,793.0,13.612,-275000000.0,-0.868,1.0,750000000.0,0.785,2063000000.0,0.0,1051000000.0,,60000000.0,520000000.0,520000000.0,0.0,2273000000.0,1336000000.0,937000000.0,3925609174.0,-374000000.0,0.0,-71000000.0,0.0,0.0,-72000000.0,-40000000.0,-9000000.0,-244000000.0,-18000000.0,201000000.0,201000000.0,201000000.0,0.0,0.0,0.21,535000000.0,215000000.0,50000000.0,0.0,1.538,70.1,65.0,558000000.0,0.0,12.35,0.958,0.955,111000000.0,124000000.0,955000000.0,955000000.0,282000000.0,,,,,39000000.0,239000000.0,1.0,317863091.0,317000000,320000000.0,3.013,2762000000.0,112000000.0,9000000.0,200000000.0,8.713,615000000.0
37,EA,MRQ,2012-03-31,2012-03-31,2012-03-31,2021-08-10,173000000.0,5491000000.0,,2609000000.0,2882000000.0,,7.426,-44000000.0,1293000000.0,1293000000.0,374000000.0,400000000.0,1.231,1.234,539000000.0,0.0,539000000.0,539000000.0,1048000000.0,68000000.0,0.0,0.0,0.0,361000000.0,429000000.0,0.314,429000000.0,361000000.0,361000000.0,1.21,1.21,1.21,2458000000.0,,2458000000.0,4754936307.0,264.0,20.32,243000000.0,0.734,1.0,994000000.0,0.727,2087000000.0,0.0,530000000.0,,59000000.0,556000000.0,556000000.0,0.0,3033000000.0,2120000000.0,913000000.0,5462936307.0,51000000.0,75000000.0,-223000000.0,0.0,0.0,-248000000.0,0.0,-31000000.0,287000000.0,12000000.0,400000000.0,400000000.0,400000000.0,0.0,0.0,0.292,629000000.0,365000000.0,215000000.0,0.0,2.223,71.881,71.674,568000000.0,0.0,16.485,1.319,1.317,366000000.0,-77000000.0,1368000000.0,1368000000.0,252000000.0,,,,,41000000.0,369000000.0,1.0,331388311.0,331000000,351000000.0,4.133,3404000000.0,109000000.0,-39000000.0,197000000.0,10.284,489000000.0
38,EA,MRQ,2011-12-31,2011-12-31,2011-12-31,2021-08-10,190000000.0,5696000000.0,,2806000000.0,2890000000.0,,6.822,-44000000.0,1242000000.0,1242000000.0,552000000.0,-205000000.0,1.171,1.515,534000000.0,0.0,534000000.0,534000000.0,1439000000.0,54000000.0,0.0,0.0,0.0,-193000000.0,-139000000.0,-0.131,-139000000.0,-193000000.0,-193000000.0,-0.62,-0.62,-0.62,2265000000.0,,2265000000.0,6426364579.0,-34.0,3213.182,431000000.0,1.298,1.0,509000000.0,0.48,2118000000.0,0.0,473000000.0,,69000000.0,549000000.0,549000000.0,0.0,3431000000.0,2397000000.0,1034000000.0,6827364579.0,312000000.0,-19000000.0,-37000000.0,0.0,0.0,-36000000.0,-114000000.0,-51000000.0,475000000.0,-13000000.0,-205000000.0,-205000000.0,-205000000.0,0.0,0.0,-0.193,692000000.0,-183000000.0,112000000.0,0.0,3.014,-39.465,-38.868,547000000.0,0.0,20.6,1.766,1.77,526000000.0,-477000000.0,1061000000.0,1061000000.0,325000000.0,,,,,48000000.0,367000000.0,1.0,331425465.0,332000000,332000000.0,3.196,3578000000.0,136000000.0,12000000.0,265000000.0,10.777,409000000.0
39,EA,MRQ,2011-09-30,2011-09-30,2011-09-30,2021-08-10,258000000.0,5435000000.0,,2568000000.0,2867000000.0,,7.674,-26000000.0,930000000.0,930000000.0,432000000.0,-340000000.0,1.385,1.14,529000000.0,0.0,529000000.0,529000000.0,849000000.0,51000000.0,0.0,0.0,0.0,-374000000.0,-323000000.0,-0.452,-323000000.0,-374000000.0,-380000000.0,-1.03,-1.03,-1.03,2540000000.0,,2540000000.0,5574230628.0,-19.0,-47.239,-237000000.0,-0.716,1.0,283000000.0,0.396,2116000000.0,6000000.0,1064000000.0,,90000000.0,569000000.0,569000000.0,0.0,2895000000.0,1854000000.0,1041000000.0,6747230628.0,-243000000.0,-632000000.0,-12000000.0,510000000.0,0.0,499000000.0,-511000000.0,147000000.0,-211000000.0,-20000000.0,-340000000.0,-340000000.0,-340000000.0,0.0,0.0,-0.476,657000000.0,-374000000.0,213000000.0,0.0,2.656,-23.266,-23.239,532000000.0,0.0,20.45,1.749,1.755,562000000.0,-272000000.0,715000000.0,715000000.0,318000000.0,,,,,43000000.0,310000000.0,1.0,329937928.0,331000000,331000000.0,2.16,3319000000.0,142000000.0,-40000000.0,271000000.0,10.027,714000000.0
40,EA,MRQ,2011-06-30,2011-06-30,2011-06-30,2021-08-10,240000000.0,4355000000.0,,2354000000.0,2001000000.0,,8.308,-32000000.0,1173000000.0,1173000000.0,240000000.0,221000000.0,1.922,0.584,0.0,0.0,0.0,0.0,530000000.0,43000000.0,0.0,0.0,0.0,230000000.0,273000000.0,0.273,273000000.0,230000000.0,230000000.0,0.67,0.66,0.67,2750000000.0,,2750000000.0,6266768269.0,-44.0,189.902,-306000000.0,-0.924,1.0,759000000.0,0.76,1266000000.0,0.0,691000000.0,,75000000.0,675000000.0,675000000.0,0.0,1605000000.0,1225000000.0,380000000.0,7845768269.0,-406000000.0,-25000000.0,-77000000.0,0.0,0.0,-75000000.0,-64000000.0,-7000000.0,-274000000.0,7000000.0,221000000.0,221000000.0,221000000.0,0.0,0.0,0.221,532000000.0,227000000.0,91000000.0,0.0,2.853,-51.959,-51.304,516000000.0,0.0,23.6,2.079,2.07,30000000.0,68000000.0,999000000.0,999000000.0,285000000.0,,,,,38000000.0,214000000.0,1.0,332447808.0,331000000,337000000.0,3.018,3089000000.0,107000000.0,9000000.0,234000000.0,9.332,1129000000.0
41,EA,MRQ,2011-03-31,2011-03-31,2011-03-31,2021-08-10,219000000.0,4928000000.0,,3032000000.0,1896000000.0,,7.77,-21000000.0,1579000000.0,1579000000.0,328000000.0,151000000.0,1.515,0.922,0.0,0.0,0.0,0.0,1005000000.0,42000000.0,0.0,0.0,0.0,149000000.0,191000000.0,0.175,191000000.0,149000000.0,149000000.0,0.45,0.45,0.45,2564000000.0,,2564000000.0,5176195738.0,-19.0,-52.285,232000000.0,0.703,1.0,762000000.0,0.699,1254000000.0,0.0,94000000.0,,77000000.0,658000000.0,658000000.0,0.0,2364000000.0,2001000000.0,363000000.0,6529195738.0,226000000.0,0.0,-41000000.0,0.0,0.0,-40000000.0,-8000000.0,13000000.0,253000000.0,21000000.0,151000000.0,151000000.0,151000000.0,0.0,0.0,0.139,617000000.0,145000000.0,228000000.0,0.0,2.546,-23.657,-23.25,513000000.0,0.0,19.53,1.819,1.796,335000000.0,-153000000.0,1090000000.0,1090000000.0,299000000.0,,,,,38000000.0,298000000.0,1.0,334316218.0,330000000,330000000.0,3.303,3674000000.0,105000000.0,-2000000.0,229000000.0,11.133,1031000000.0
42,EA,MRQ,2010-12-31,2010-12-31,2010-12-31,2021-08-10,155000000.0,4727000000.0,,2714000000.0,2013000000.0,,7.102,-15000000.0,1353000000.0,1353000000.0,586000000.0,-322000000.0,1.352,1.005,0.0,0.0,0.0,0.0,1100000000.0,44000000.0,0.0,0.0,0.0,-303000000.0,-259000000.0,-0.246,-259000000.0,-303000000.0,-303000000.0,-0.97,-0.97,-0.97,2358000000.0,,2358000000.0,4379453647.0,-13.0,-27.372,334000000.0,1.006,1.0,467000000.0,0.443,1267000000.0,0.0,99000000.0,,105000000.0,618000000.0,618000000.0,0.0,2369000000.0,2008000000.0,361000000.0,5435453647.0,297000000.0,-16000000.0,0.0,0.0,0.0,0.0,-51000000.0,-20000000.0,349000000.0,-1000000.0,-322000000.0,-322000000.0,-322000000.0,0.0,0.0,-0.306,770000000.0,-303000000.0,162000000.0,0.0,2.305,-13.691,-13.765,502000000.0,0.0,16.38,1.563,1.564,390000000.0,-304000000.0,1053000000.0,1053000000.0,273000000.0,,,,,48000000.0,328000000.0,1.0,331834777.0,332000000,332000000.0,3.172,3460000000.0,66000000.0,19000000.0,188000000.0,10.422,706000000.0
43,EA,MRQ,2010-09-30,2010-09-30,2010-09-30,2021-08-10,144000000.0,4494000000.0,,2485000000.0,2009000000.0,,8.018,-12000000.0,1056000000.0,1056000000.0,363000000.0,-201000000.0,1.585,0.704,0.0,0.0,0.0,0.0,743000000.0,46000000.0,0.0,0.0,0.0,-218000000.0,-172000000.0,-0.273,-172000000.0,-218000000.0,-218000000.0,-0.61,-0.61,-0.61,2638000000.0,,2638000000.0,4375536453.0,-28.0,118.258,-146000000.0,-0.444,1.0,268000000.0,0.425,1262000000.0,0.0,608000000.0,,155000000.0,601000000.0,601000000.0,0.0,1856000000.0,1568000000.0,288000000.0,5432536453.0,-1000000.0,0.0,16000000.0,0.0,0.0,16000000.0,97000000.0,109000000.0,-134000000.0,20000000.0,-201000000.0,-201000000.0,-201000000.0,0.0,0.0,-0.319,520000000.0,-252000000.0,205000000.0,0.0,2.059,-34.602,-34.995,510000000.0,0.0,16.448,1.481,1.475,444000000.0,18000000.0,631000000.0,631000000.0,277000000.0,,,,,43000000.0,250000000.0,1.0,330295574.0,329000000,329000000.0,1.918,3232000000.0,70000000.0,-17000000.0,181000000.0,9.824,917000000.0
44,EA,MRQ,2010-06-30,2010-06-30,2010-06-30,2021-08-10,113000000.0,4245000000.0,,2228000000.0,2017000000.0,,8.39,-11000000.0,1057000000.0,1057000000.0,222000000.0,96000000.0,1.912,0.543,0.0,0.0,0.0,0.0,490000000.0,48000000.0,0.0,0.0,0.0,93000000.0,141000000.0,0.173,141000000.0,93000000.0,93000000.0,0.29,0.29,0.29,2752000000.0,,2752000000.0,3474348584.0,-10.0,-21.315,-159000000.0,-0.485,1.0,593000000.0,0.728,1275000000.0,0.0,748000000.0,,82000000.0,673000000.0,673000000.0,0.0,1493000000.0,1165000000.0,328000000.0,4747348584.0,-216000000.0,0.0,1000000.0,0.0,0.0,1000000.0,-53000000.0,-42000000.0,-148000000.0,-16000000.0,96000000.0,96000000.0,96000000.0,0.0,0.0,0.118,495000000.0,98000000.0,55000000.0,0.0,1.725,-13.681,-13.458,516000000.0,0.0,14.4,1.241,1.235,103000000.0,219000000.0,815000000.0,815000000.0,275000000.0,,,,,47000000.0,201000000.0,1.0,329676985.0,328000000,332000000.0,2.485,2970000000.0,92000000.0,-3000000.0,231000000.0,9.055,1063000000.0
45,EA,MRQ,2010-03-31,2010-03-31,2010-03-31,2021-08-10,228000000.0,4646000000.0,,2585000000.0,2061000000.0,,8.32,-22000000.0,1273000000.0,1273000000.0,298000000.0,30000000.0,1.642,0.702,0.0,0.0,0.0,0.0,766000000.0,50000000.0,0.0,0.0,0.0,80000000.0,130000000.0,0.133,130000000.0,80000000.0,80000000.0,0.1,0.1,0.1,2729000000.0,,2729000000.0,4981181686.0,-7.0,-9.691,231000000.0,0.704,1.0,681000000.0,0.696,1297000000.0,0.0,502000000.0,,100000000.0,723000000.0,723000000.0,0.0,1917000000.0,1574000000.0,343000000.0,6095181686.0,159000000.0,-5000000.0,14000000.0,0.0,0.0,15000000.0,-101000000.0,-74000000.0,253000000.0,-8000000.0,30000000.0,30000000.0,30000000.0,0.0,0.0,0.031,598000000.0,83000000.0,91000000.0,0.0,2.233,-9.003,-8.971,537000000.0,0.0,18.66,1.668,1.66,206000000.0,123000000.0,979000000.0,979000000.0,311000000.0,,,,,42000000.0,250000000.0,1.0,326644249.0,328000000,328000000.0,2.985,3349000000.0,96000000.0,50000000.0,244000000.0,10.21,1011000000.0
46,EA,MRQ,2009-12-31,2009-12-31,2009-12-31,2021-08-10,238000000.0,4939000000.0,,2782000000.0,2157000000.0,,7.997,-16000000.0,1114000000.0,1114000000.0,654000000.0,-82000000.0,1.487,0.9,0.0,0.0,0.0,0.0,895000000.0,48000000.0,0.0,0.0,0.0,-110000000.0,-62000000.0,-0.05,-62000000.0,-110000000.0,-110000000.0,-0.25,-0.25,-0.25,2599000000.0,,2599000000.0,4735181818.0,-6.0,-7.207,205000000.0,0.631,1.0,589000000.0,0.474,1312000000.0,0.0,642000000.0,,144000000.0,670000000.0,670000000.0,0.0,2340000000.0,1871000000.0,469000000.0,5777181818.0,72000000.0,-375000000.0,0.0,0.0,0.0,13000000.0,-155000000.0,236000000.0,221000000.0,-7000000.0,-82000000.0,-82000000.0,-82000000.0,0.0,0.0,-0.066,696000000.0,-107000000.0,186000000.0,0.0,2.223,-7.713,-7.717,550000000.0,0.0,17.75,1.634,1.632,495000000.0,93000000.0,1243000000.0,1243000000.0,290000000.0,,,,,68000000.0,292000000.0,1.0,325475032.0,325000000,325000000.0,3.825,3627000000.0,169000000.0,-28000000.0,330000000.0,11.16,911000000.0
47,EA,MRQ,2009-09-30,2009-09-30,2009-09-30,2021-08-10,297000000.0,5002000000.0,,3227000000.0,1775000000.0,,8.198,-259000000.0,1042000000.0,1042000000.0,593000000.0,-391000000.0,1.687,0.883,0.0,0.0,0.0,0.0,792000000.0,46000000.0,0.0,0.0,0.0,-418000000.0,-372000000.0,-0.472,-372000000.0,-418000000.0,-418000000.0,-1.21,-1.21,-1.21,2656000000.0,,2656000000.0,4958104749.0,-5.0,-5.739,-253000000.0,-0.781,1.0,195000000.0,0.247,1011000000.0,0.0,1036000000.0,,250000000.0,970000000.0,970000000.0,0.0,2346000000.0,1913000000.0,433000000.0,6163104749.0,-163000000.0,0.0,22000000.0,0.0,0.0,22000000.0,-204000000.0,55000000.0,6000000.0,13000000.0,-391000000.0,-391000000.0,-391000000.0,0.0,0.0,-0.496,612000000.0,-417000000.0,273000000.0,0.0,2.32,-4.712,-4.704,569000000.0,0.0,19.05,1.562,1.564,646000000.0,175000000.0,788000000.0,788000000.0,316000000.0,,,,,44000000.0,278000000.0,1.0,323522559.0,324000000,324000000.0,2.432,3991000000.0,145000000.0,-27000000.0,344000000.0,12.318,1314000000.0
48,EA,MRQ,2009-06-30,2009-06-30,2009-06-30,2021-08-10,314000000.0,4722000000.0,,3176000000.0,1546000000.0,,9.291,-8000000.0,1205000000.0,1205000000.0,321000000.0,-234000000.0,2.521,0.573,0.0,0.0,0.0,0.0,433000000.0,48000000.0,0.0,0.0,0.0,-258000000.0,-210000000.0,-0.326,-210000000.0,-258000000.0,-258000000.0,-0.72,-0.72,-0.72,3001000000.0,,3001000000.0,5393579776.0,-5.0,-6.506,-336000000.0,-1.04,1.0,323000000.0,0.502,1022000000.0,0.0,1235000000.0,,215000000.0,1074000000.0,1074000000.0,0.0,1721000000.0,1260000000.0,461000000.0,7014579776.0,-416000000.0,-3000000.0,3000000.0,0.0,0.0,3000000.0,-112000000.0,-101000000.0,-328000000.0,21000000.0,-234000000.0,-234000000.0,-234000000.0,0.0,0.0,-0.363,568000000.0,-245000000.0,166000000.0,0.0,2.337,-5.717,-5.701,341000000.0,0.0,21.72,1.731,1.731,375000000.0,566000000.0,644000000.0,644000000.0,312000000.0,,,,,33000000.0,230000000.0,1.0,322954870.0,323000000,323000000.0,1.994,3700000000.0,123000000.0,-24000000.0,355000000.0,11.455,1916000000.0
49,EA,MRQ,2009-03-31,2009-03-31,2009-03-31,2021-08-10,189000000.0,4678000000.0,,3120000000.0,1558000000.0,,9.703,-25000000.0,1621000000.0,1621000000.0,349000000.0,-42000000.0,2.746,0.493,0.0,0.0,0.0,0.0,261000000.0,46000000.0,0.0,0.0,0.0,-59000000.0,-13000000.0,-0.015,-13000000.0,-59000000.0,-59000000.0,-0.12,-0.12,-0.12,3134000000.0,,3134000000.0,4474904017.0,-5.0,-6.811,190000000.0,0.588,1.0,511000000.0,0.594,1028000000.0,0.0,893000000.0,,217000000.0,899000000.0,899000000.0,0.0,1544000000.0,1136000000.0,408000000.0,5853904017.0,242000000.0,0.0,14000000.0,0.0,0.0,14000000.0,20000000.0,45000000.0,215000000.0,-7000000.0,-42000000.0,-42000000.0,-42000000.0,0.0,0.0,-0.049,573000000.0,-62000000.0,152000000.0,0.0,1.868,-5.38,-5.35,354000000.0,0.0,18.19,1.39,1.382,116000000.0,800000000.0,860000000.0,860000000.0,332000000.0,,,,,56000000.0,190000000.0,1.0,321819902.0,323000000,323000000.0,2.663,3650000000.0,112000000.0,-17000000.0,310000000.0,11.3,1984000000.0
50,EA,MRQ,2008-12-31,2008-12-31,2008-12-31,2021-08-10,134000000.0,5204000000.0,,3637000000.0,1567000000.0,,9.511,-27000000.0,1379000000.0,1379000000.0,925000000.0,-641000000.0,2.034,0.705,0.0,0.0,0.0,0.0,512000000.0,48000000.0,0.0,0.0,0.0,-317000000.0,-269000000.0,-0.163,-269000000.0,-317000000.0,-317000000.0,-2.0,-2.0,-2.0,3053000000.0,,3053000000.0,3849930727.0,-4.0,-5.267,185000000.0,0.576,1.0,729000000.0,0.441,1044000000.0,0.0,993000000.0,,295000000.0,882000000.0,882000000.0,0.0,2151000000.0,1788000000.0,363000000.0,5146930727.0,82000000.0,-16000000.0,6000000.0,0.0,0.0,-8000000.0,-89000000.0,-46000000.0,212000000.0,-33000000.0,-641000000.0,-641000000.0,-641000000.0,0.0,0.0,-0.388,1033000000.0,-304000000.0,333000000.0,0.0,1.686,-4.519,-4.493,372000000.0,0.0,16.04,1.149,1.149,794000000.0,842000000.0,1654000000.0,1654000000.0,299000000.0,,,,,44000000.0,332000000.0,1.0,320880968.0,321000000,321000000.0,5.153,4160000000.0,81000000.0,324000000.0,270000000.0,12.96,1849000000.0
51,EA,MRQ,2008-09-30,2008-09-30,2008-09-30,2021-08-10,508000000.0,5962000000.0,,3835000000.0,2127000000.0,,12.627,-32000000.0,1297000000.0,1297000000.0,557000000.0,-310000000.0,2.5,0.48,0.0,0.0,0.0,0.0,424000000.0,54000000.0,0.0,0.0,0.0,-391000000.0,-337000000.0,-0.377,-337000000.0,-391000000.0,-391000000.0,-0.97,-0.97,-0.97,4028000000.0,,4028000000.0,10594227408.0,-18.0,-26.957,-156000000.0,-0.489,1.0,337000000.0,0.377,1422000000.0,0.0,1709000000.0,,328000000.0,1168000000.0,1168000000.0,0.0,1934000000.0,1534000000.0,400000000.0,11793227408.0,98000000.0,0.0,44000000.0,0.0,0.0,51000000.0,188000000.0,220000000.0,-124000000.0,-17000000.0,-310000000.0,-310000000.0,-310000000.0,0.0,0.0,-0.347,701000000.0,-364000000.0,309000000.0,0.0,2.928,-22.209,-22.15,417000000.0,0.0,36.99,2.724,2.726,547000000.0,1483000000.0,894000000.0,894000000.0,372000000.0,,,,,53000000.0,289000000.0,1.0,318822044.0,319000000,319000000.0,2.803,4540000000.0,425000000.0,-81000000.0,289000000.0,14.232,2301000000.0
52,EA,MRQ,2008-06-30,2008-06-30,2008-06-30,2021-08-10,587000000.0,5774000000.0,,3617000000.0,2157000000.0,,13.604,-31000000.0,1199000000.0,1199000000.0,296000000.0,-95000000.0,3.491,0.335,0.0,0.0,0.0,0.0,192000000.0,50000000.0,0.0,0.0,0.0,-88000000.0,-38000000.0,-0.047,-38000000.0,-88000000.0,-88000000.0,-0.3,-0.3,-0.3,4326000000.0,,4326000000.0,12594316805.0,-29.0,-48.254,-322000000.0,-1.013,1.0,508000000.0,0.632,1442000000.0,0.0,2097000000.0,,223000000.0,1480000000.0,1480000000.0,0.0,1448000000.0,1036000000.0,412000000.0,14147316805.0,-354000000.0,-42000000.0,25000000.0,0.0,0.0,34000000.0,-96000000.0,-23000000.0,-291000000.0,-1000000.0,-95000000.0,-95000000.0,-95000000.0,0.0,0.0,-0.118,605000000.0,-97000000.0,167000000.0,0.0,3.27,-34.008,-33.659,392000000.0,0.0,44.43,3.472,3.467,269000000.0,1793000000.0,804000000.0,804000000.0,356000000.0,,,,,50000000.0,212000000.0,1.0,318418114.0,318000000,318000000.0,2.528,4332000000.0,331000000.0,7000000.0,306000000.0,13.623,2581000000.0
53,EA,MRQ,2008-03-31,2008-03-31,2008-03-31,2021-08-10,584000000.0,6059000000.0,,3925000000.0,2134000000.0,,13.688,-22000000.0,1553000000.0,1553000000.0,463000000.0,-93000000.0,3.022,0.396,0.0,0.0,0.0,0.0,387000000.0,49000000.0,0.0,0.0,0.0,-136000000.0,-87000000.0,-0.077,-87000000.0,-136000000.0,-136000000.0,-0.3,-0.3,-0.3,4339000000.0,,4339000000.0,13935628397.0,-27.0,-40.629,263000000.0,0.83,1.0,665000000.0,0.59,1417000000.0,0.0,1790000000.0,,168000000.0,1463000000.0,1463000000.0,0.0,1720000000.0,1299000000.0,421000000.0,15813628397.0,-325000000.0,-607000000.0,32000000.0,0.0,0.0,38000000.0,-650000000.0,-21000000.0,285000000.0,2000000.0,-93000000.0,-93000000.0,-93000000.0,0.0,0.0,-0.082,703000000.0,-38000000.0,182000000.0,0.0,3.645,-34.832,-34.428,396000000.0,0.0,49.92,4.315,4.277,306000000.0,1888000000.0,1128000000.0,1128000000.0,316000000.0,,,,,45000000.0,218000000.0,1.0,316779415.0,317000000,317000000.0,3.558,4642000000.0,309000000.0,-43000000.0,324000000.0,14.644,2626000000.0
54,EA,MRQ,2007-12-31,2007-12-31,2007-12-31,2021-08-10,593000000.0,6445000000.0,,4897000000.0,1548000000.0,,13.66,-25000000.0,1878000000.0,1878000000.0,782000000.0,-33000000.0,2.801,0.498,0.0,0.0,0.0,0.0,595000000.0,42000000.0,0.0,0.0,0.0,27000000.0,69000000.0,0.046,69000000.0,27000000.0,27000000.0,-0.1,-0.1,-0.1,4303000000.0,,4303000000.0,17323636655.0,-42.0,-66.374,324000000.0,1.029,1.0,721000000.0,0.48,907000000.0,0.0,1912000000.0,,178000000.0,1571000000.0,1542000000.0,29000000.0,2142000000.0,1748000000.0,394000000.0,18397636655.0,804000000.0,0.0,74000000.0,0.0,0.0,88000000.0,353000000.0,378000000.0,349000000.0,14000000.0,-33000000.0,-33000000.0,-33000000.0,0.0,0.0,-0.022,714000000.0,7000000.0,371000000.0,0.0,4.276,-47.786,-47.877,393000000.0,0.0,58.41,5.839,5.839,830000000.0,1981000000.0,1503000000.0,1503000000.0,321000000.0,,,,,38000000.0,308000000.0,1.0,314974091.0,315000000,315000000.0,4.771,5538000000.0,211000000.0,60000000.0,309000000.0,17.581,3149000000.0
55,EA,MRQ,2007-09-30,2007-09-30,2007-09-30,2021-08-10,452000000.0,5520000000.0,,3853000000.0,1667000000.0,,13.006,-23000000.0,1074000000.0,1074000000.0,395000000.0,-195000000.0,3.635,0.356,0.0,0.0,0.0,0.0,364000000.0,37000000.0,0.0,0.0,0.0,-242000000.0,-205000000.0,-0.32,-205000000.0,-242000000.0,-242000000.0,-0.62,-0.62,-0.62,4071000000.0,,4071000000.0,16802429504.0,-86.0,-350.051,-127000000.0,-0.406,1.0,245000000.0,0.383,919000000.0,0.0,2467000000.0,,103000000.0,1851000000.0,1818000000.0,33000000.0,1449000000.0,1060000000.0,389000000.0,17465429504.0,411000000.0,0.0,68000000.0,0.0,0.0,91000000.0,415000000.0,438000000.0,-104000000.0,9000000.0,-195000000.0,-195000000.0,-195000000.0,0.0,0.0,-0.305,519000000.0,-274000000.0,224000000.0,0.0,4.29,-90.966,-93.317,507000000.0,0.0,55.99,5.963,5.983,424000000.0,2014000000.0,640000000.0,640000000.0,259000000.0,,,,,39000000.0,248000000.0,1.0,311938373.0,313000000,313000000.0,2.045,4601000000.0,251000000.0,-47000000.0,302000000.0,14.7,2793000000.0
56,EA,MRQ,2007-06-30,2007-06-30,2007-06-30,2021-08-10,361000000.0,5025000000.0,,3395000000.0,1630000000.0,,13.032,-14000000.0,663000000.0,663000000.0,166000000.0,-132000000.0,5.64,0.24,0.0,0.0,0.0,0.0,68000000.0,36000000.0,0.0,0.0,0.0,-156000000.0,-120000000.0,-0.304,-120000000.0,-156000000.0,-156000000.0,-0.42,-0.42,-0.42,4053000000.0,,4053000000.0,13367906335.0,159.0,57.62,-206000000.0,-0.662,1.0,229000000.0,0.58,932000000.0,0.0,2828000000.0,,74000000.0,2219000000.0,2186000000.0,33000000.0,972000000.0,602000000.0,370000000.0,14738906335.0,-708000000.0,0.0,18000000.0,0.0,0.0,26000000.0,-547000000.0,-533000000.0,-192000000.0,5000000.0,-132000000.0,-132000000.0,-132000000.0,0.0,0.0,-0.334,412000000.0,-183000000.0,119000000.0,0.0,3.637,589.556,525.778,494000000.0,0.0,47.32,4.796,4.789,123000000.0,2209000000.0,395000000.0,395000000.0,250000000.0,,,,,28000000.0,153000000.0,1.0,311473084.0,311000000,311000000.0,1.27,4093000000.0,163000000.0,-24000000.0,290000000.0,13.161,2793000000.0
57,EA,MRQ,2007-03-31,2007-03-31,2007-03-31,2021-08-10,294000000.0,5146000000.0,,3597000000.0,1549000000.0,,12.965,-58000000.0,1371000000.0,1371000000.0,235000000.0,-25000000.0,3.506,0.276,0.0,0.0,0.0,0.0,32000000.0,37000000.0,0.0,0.0,0.0,-42000000.0,-5000000.0,-0.008,-5000000.0,-42000000.0,-42000000.0,-0.08,-0.08,-0.08,4032000000.0,,4032000000.0,14414757020.0,102.0,49.878,156000000.0,0.502,1.0,378000000.0,0.617,944000000.0,0.0,1805000000.0,,62000000.0,1605000000.0,1605000000.0,0.0,1114000000.0,1026000000.0,88000000.0,15613757020.0,172000000.0,-9000000.0,35000000.0,0.0,0.0,44000000.0,-99000000.0,-32000000.0,214000000.0,13000000.0,-25000000.0,-25000000.0,-25000000.0,0.0,0.0,-0.041,450000000.0,-72000000.0,180000000.0,0.0,3.872,205.444,201.44,484000000.0,0.0,50.36,5.051,5.018,256000000.0,2323000000.0,613000000.0,613000000.0,258000000.0,,,,,28000000.0,182000000.0,1.0,310042832.0,311000000,320000000.0,1.971,4202000000.0,109000000.0,-17000000.0,8000000.0,13.511,2571000000.0
58,EA,MRQ,2006-12-31,2006-12-31,2006-12-31,2021-08-10,188000000.0,5043000000.0,,3531000000.0,1512000000.0,,12.55,-32000000.0,1199000000.0,1199000000.0,470000000.0,160000000.0,3.222,0.3,0.0,0.0,0.0,0.0,75000000.0,38000000.0,0.0,0.0,0.0,244000000.0,282000000.0,0.22,282000000.0,244000000.0,244000000.0,0.52,0.5,0.52,3878000000.0,,3878000000.0,14323809106.0,65.0,39.899,195000000.0,0.631,1.0,811000000.0,0.633,951000000.0,0.0,1797000000.0,,72000000.0,1453000000.0,1447000000.0,6000000.0,1165000000.0,1096000000.0,69000000.0,15535809106.0,-13000000.0,-27000000.0,48000000.0,0.0,0.0,63000000.0,-313000000.0,-254000000.0,227000000.0,10000000.0,160000000.0,160000000.0,160000000.0,0.0,0.0,0.125,596000000.0,215000000.0,170000000.0,0.0,4.006,182.774,179.857,451000000.0,0.0,50.36,4.981,4.989,551000000.0,2342000000.0,1281000000.0,1281000000.0,330000000.0,,,,,35000000.0,256000000.0,1.0,308495018.0,309000000,319000000.0,4.146,4092000000.0,92000000.0,84000000.0,6000000.0,13.243,2435000000.0
59,EA,MRQ,2006-09-30,2006-09-30,2006-09-30,2021-08-10,157000000.0,4511000000.0,,3009000000.0,1502000000.0,,11.697,-48000000.0,1212000000.0,1212000000.0,339000000.0,22000000.0,3.612,0.253,0.0,0.0,0.0,0.0,0.0,37000000.0,0.0,0.0,0.0,38000000.0,75000000.0,0.096,75000000.0,38000000.0,38000000.0,0.07,0.07,0.07,3591000000.0,,3591000000.0,15876174940.0,46.0,34.216,-54000000.0,-0.176,1.0,445000000.0,0.568,940000000.0,0.0,1526000000.0,,67000000.0,1175000000.0,1164000000.0,11000000.0,907000000.0,833000000.0,74000000.0,17124174940.0,-36000000.0,-67000000.0,48000000.0,0.0,0.0,56000000.0,-86000000.0,29000000.0,-6000000.0,0.0,22000000.0,22000000.0,22000000.0,0.0,0.0,0.028,431000000.0,14000000.0,199000000.0,0.0,4.769,93.066,90.065,448000000.0,0.0,55.84,5.51,5.516,267000000.0,2182000000.0,784000000.0,784000000.0,238000000.0,,,,,33000000.0,180000000.0,1.0,306665024.0,307000000,315000000.0,2.554,3571000000.0,89000000.0,16000000.0,13000000.0,11.632,2176000000.0
60,EA,MRQ,2006-06-30,2006-06-30,2006-06-30,2021-08-10,107000000.0,4193000000.0,,2814000000.0,1379000000.0,,11.206,-38000000.0,1248000000.0,1248000000.0,168000000.0,-81000000.0,4.169,0.219,0.0,0.0,0.0,0.0,0.0,35000000.0,0.0,0.0,0.0,-98000000.0,-63000000.0,-0.153,-63000000.0,-98000000.0,-98000000.0,-0.26,-0.26,-0.26,3429000000.0,,3429000000.0,11934992589.0,33.0,25.286,-76000000.0,-0.248,1.0,245000000.0,0.593,866000000.0,0.0,1404000000.0,,59000000.0,1160000000.0,1149000000.0,11000000.0,751000000.0,675000000.0,76000000.0,13176992589.0,6000000.0,0.0,37000000.0,-14000000.0,0.0,27000000.0,11000000.0,49000000.0,-38000000.0,6000000.0,-81000000.0,-81000000.0,-81000000.0,0.0,0.0,-0.196,364000000.0,-119000000.0,114000000.0,0.0,3.843,61.864,59.778,418000000.0,0.0,43.04,4.394,4.392,41000000.0,2160000000.0,413000000.0,413000000.0,216000000.0,,,,,37000000.0,136000000.0,1.0,306156891.0,306000000,306000000.0,1.35,3327000000.0,86000000.0,-17000000.0,18000000.0,10.873,2139000000.0
61,EA,MRQ,2006-03-31,2006-03-31,2006-03-31,2021-08-10,83000000.0,4386000000.0,,3012000000.0,1374000000.0,,11.211,-34000000.0,1242000000.0,1242000000.0,244000000.0,-16000000.0,3.466,0.283,0.0,0.0,0.0,0.0,9000000.0,27000000.0,0.0,0.0,0.0,38000000.0,65000000.0,0.101,65000000.0,38000000.0,38000000.0,-0.05,-0.05,-0.05,3408000000.0,,3408000000.0,15161662345.0,40.0,31.719,303000000.0,0.997,1.0,397000000.0,0.619,879000000.0,0.0,1396000000.0,,61000000.0,1201000000.0,1190000000.0,11000000.0,966000000.0,869000000.0,97000000.0,16623662345.0,-220000000.0,-660000000.0,55000000.0,0.0,0.0,55000000.0,-621000000.0,71000000.0,337000000.0,9000000.0,-16000000.0,-16000000.0,-16000000.0,0.0,0.0,-0.025,373000000.0,24000000.0,163000000.0,0.0,4.878,70.439,70.154,392000000.0,0.0,54.72,5.633,5.637,199000000.0,2241000000.0,641000000.0,641000000.0,187000000.0,,,,,18000000.0,157000000.0,1.0,303794999.0,304000000,311000000.0,2.109,3507000000.0,86000000.0,54000000.0,29000000.0,11.536,2143000000.0
62,EA,MRQ,2005-12-31,2005-12-31,2005-12-31,2021-08-10,87000000.0,4331000000.0,,3662000000.0,669000000.0,,11.1,-31000000.0,1462000000.0,1462000000.0,502000000.0,259000000.0,3.867,0.292,0.0,0.0,0.0,0.0,0.0,22000000.0,0.0,0.0,0.0,365000000.0,387000000.0,0.305,387000000.0,365000000.0,365000000.0,0.86,0.83,0.86,3341000000.0,,3341000000.0,15148263375.0,43.0,33.965,247000000.0,0.821,1.0,768000000.0,0.605,182000000.0,0.0,1740000000.0,,76000000.0,1272000000.0,1261000000.0,11000000.0,977000000.0,947000000.0,30000000.0,15723263375.0,887000000.0,2000000.0,91000000.0,0.0,0.0,91000000.0,529000000.0,559000000.0,278000000.0,-11000000.0,259000000.0,259000000.0,259000000.0,0.0,0.0,0.204,421000000.0,347000000.0,187000000.0,0.0,4.706,60.708,60.826,375000000.0,0.0,52.31,5.49,5.498,567000000.0,2257000000.0,1270000000.0,1270000000.0,206000000.0,,,,,26000000.0,205000000.0,1.0,300578539.0,301000000,311000000.0,4.219,4149000000.0,103000000.0,106000000.0,0.0,13.784,2715000000.0
63,EA,MRQ,2005-09-30,2005-09-30,2005-09-30,2021-08-10,106000000.0,3754000000.0,,3107000000.0,647000000.0,,9.881,-23000000.0,575000000.0,575000000.0,284000000.0,51000000.0,4.262,0.254,0.0,0.0,0.0,0.0,0.0,23000000.0,0.0,0.0,0.0,60000000.0,83000000.0,0.123,83000000.0,60000000.0,60000000.0,0.17,0.16,0.17,2984000000.0,,2984000000.0,16393227712.0,31.0,26.398,-11000000.0,-0.036,1.0,391000000.0,0.579,185000000.0,0.0,2265000000.0,,74000000.0,1847000000.0,1837000000.0,10000000.0,758000000.0,729000000.0,29000000.0,17267227712.0,-299000000.0,0.0,-331000000.0,0.0,0.0,-331000000.0,21000000.0,44000000.0,12000000.0,-1000000.0,51000000.0,51000000.0,51000000.0,0.0,0.0,0.076,342000000.0,49000000.0,171000000.0,0.0,5.787,46.046,46.252,364000000.0,0.0,56.89,5.714,5.685,328000000.0,1998000000.0,675000000.0,675000000.0,182000000.0,,,,,87000000.0,159000000.0,1.0,303519559.0,302000000,314000000.0,2.235,3569000000.0,101000000.0,9000000.0,0.0,11.818,2378000000.0
64,EA,MRQ,2005-06-30,2005-06-30,2005-06-30,2021-08-10,96000000.0,3918000000.0,,3263000000.0,655000000.0,,10.282,-33000000.0,874000000.0,874000000.0,151000000.0,-58000000.0,4.596,0.234,0.0,0.0,0.0,0.0,0.0,23000000.0,0.0,0.0,0.0,-81000000.0,-58000000.0,-0.159,-58000000.0,-81000000.0,-81000000.0,-0.19,-0.19,-0.19,3167000000.0,,3167000000.0,16081636734.0,26.0,23.239,-64000000.0,-0.208,1.0,214000000.0,0.586,188000000.0,0.0,2146000000.0,,66000000.0,1884000000.0,1875000000.0,9000000.0,741000000.0,710000000.0,31000000.0,17351636734.0,-396000000.0,-3000000.0,-318000000.0,0.0,0.0,-318000000.0,-37000000.0,0.0,-31000000.0,-10000000.0,-58000000.0,-58000000.0,-58000000.0,0.0,0.0,-0.159,310000000.0,-96000000.0,113000000.0,0.0,5.479,41.215,41.022,359000000.0,0.0,56.61,5.665,5.692,167000000.0,1947000000.0,365000000.0,365000000.0,183000000.0,,,,,5000000.0,126000000.0,1.0,306511866.0,308000000,308000000.0,1.185,3730000000.0,104000000.0,-23000000.0,0.0,12.11,2553000000.0
65,EA,MRQ,2005-03-31,2005-03-31,2005-03-31,2021-08-10,56000000.0,4370000000.0,,3706000000.0,664000000.0,,11.357,-44000000.0,1270000000.0,1270000000.0,234000000.0,7000000.0,4.592,0.246,0.0,0.0,0.0,0.0,0.0,22000000.0,0.0,0.0,0.0,12000000.0,34000000.0,0.061,34000000.0,12000000.0,12000000.0,0.02,0.02,0.02,3498000000.0,,3498000000.0,14981679675.0,21.0,18.727,430000000.0,1.396,1.0,320000000.0,0.578,189000000.0,0.0,2104000000.0,,62000000.0,1838000000.0,1828000000.0,10000000.0,861000000.0,807000000.0,54000000.0,15944918675.0,307000000.0,-21000000.0,84000000.0,0.0,0.0,84000000.0,-250000000.0,-184000000.0,474000000.0,-1000000.0,7000000.0,7000000.0,7000000.0,0.0,0.0,0.013,320000000.0,0.0,134000000.0,0.0,4.558,31.637,31.382,353000000.0,0.0,51.78,5.096,5.047,296000000.0,2005000000.0,554000000.0,554000000.0,160000000.0,,,,,42000000.0,153000000.0,1.0,307935857.0,308000000,324000000.0,1.799,4181000000.0,105000000.0,5000000.0,0.0,13.575,2899000000.0
66,EA,MRQ,2004-12-31,2004-12-31,2004-12-31,2021-08-10,23725000.0,4436081000.0,,3815383000.0,620698000.0,,10.898,-36000000.0,963239000.0,963239000.0,503000000.0,375000000.0,3.585,0.33,0.0,0.0,0.0,0.0,0.0,20000000.0,0.0,0.0,0.0,542000000.0,562000000.0,0.394,562000000.0,542000000.0,542000000.0,1.23,1.18,1.23,3334862000.0,,3334862000.0,17446858545.0,21.0,19.714,101000000.0,0.33,1.0,925000000.0,0.648,159729000.0,0.0,2248890000.0,,84424000.0,1630827000.0,1605909000.0,24918000.0,1101219000.0,1064223000.0,36996000.0,18832884545.0,-423000000.0,-60000000.0,30000000.0,0.0,0.0,30000000.0,-603000000.0,-507000000.0,137000000.0,13000000.0,375000000.0,375000000.0,375000000.0,0.0,0.0,0.263,406000000.0,519000000.0,196409000.0,0.0,5.647,32.152,32.125,329010000.0,0.0,61.68,5.933,5.946,892133000.0,1997762000.0,1428000000.0,1428000000.0,185000000.0,,,,,14000000.0,211000000.0,1.0,305332110.0,306000000,317000000.0,4.667,4276352000.0,133115000.0,167000000.0,0.0,13.975,2751160000.0
67,EA,MRQ,2004-09-30,2004-09-30,2004-09-30,2021-08-10,16472000.0,3702655000.0,,3170266000.0,532389000.0,,9.562,-19000000.0,1386026000.0,1386026000.0,284000000.0,97000000.0,4.175,0.274,0.0,0.0,0.0,0.0,0.0,17000000.0,0.0,0.0,0.0,137000000.0,154000000.0,0.215,154000000.0,137000000.0,137000000.0,0.32,0.31,0.32,2906748000.0,,2906748000.0,12832892931.0,15.0,14.094,70000000.0,0.23,1.0,432000000.0,0.603,109863000.0,0.0,1447474000.0,,79272000.0,1119233000.0,1103892000.0,15341000.0,795907000.0,759292000.0,36615000.0,13966063931.0,253000000.0,0.0,42000000.0,0.0,0.0,42000000.0,123000000.0,142000000.0,89000000.0,-1000000.0,97000000.0,97000000.0,97000000.0,0.0,0.0,0.135,307000000.0,125000000.0,172017000.0,0.0,4.805,23.159,22.881,297485000.0,0.0,45.99,4.335,4.34,379389000.0,1622662000.0,716000000.0,716000000.0,157000000.0,,,,,12000000.0,149000000.0,1.0,303676102.0,304000000,316000000.0,2.355,3592792000.0,124443000.0,40000000.0,0.0,11.818,2410974000.0
68,EA,MRQ,2004-06-30,2004-06-30,2004-06-30,2021-08-10,7212000.0,3370237000.0,,2841798000.0,528439000.0,,9.095,-11000000.0,1133171000.0,1133171000.0,177000000.0,24000000.0,4.85,0.227,0.0,0.0,0.0,0.0,0.0,16000000.0,0.0,0.0,0.0,34000000.0,50000000.0,0.116,50000000.0,34000000.0,34000000.0,0.08,0.08,0.08,2746595000.0,,2746595000.0,14372973317.0,18.0,16.238,-77000000.0,-0.255,1.0,255000000.0,0.59,109766000.0,0.0,1541312000.0,,53033000.0,1253144000.0,1238193000.0,14951000.0,623642000.0,585988000.0,37654000.0,16522858317.0,-1017000000.0,0.0,44000000.0,0.0,0.0,44000000.0,-996000000.0,-985000000.0,-66000000.0,1000000.0,24000000.0,24000000.0,24000000.0,0.0,0.0,0.056,230000000.0,25000000.0,65556000.0,0.0,6.016,28.359,27.974,292867000.0,0.0,54.55,5.443,5.427,169620000.0,1525409000.0,432000000.0,432000000.0,131000000.0,,,,,13000000.0,98000000.0,1.0,302893828.0,302000000,316000000.0,1.43,3260471000.0,127210000.0,10000000.0,0.0,10.796,2255810000.0
69,EA,MRQ,2004-03-31,2004-03-31,2004-03-31,2021-08-10,20000000.0,3464000000.0,,2929000000.0,535000000.0,,8.987,-33176000.0,2150000000.0,2150000000.0,226020000.0,89748000.0,3.937,0.294,0.0,0.0,0.0,0.0,0.0,18085000.0,0.0,0.0,0.0,100926000.0,119011000.0,0.199,119011000.0,100926000.0,100926000.0,0.29,0.28,0.29,2678000000.0,,2678000000.0,15490183070.0,19.0,17.703,528732000.0,1.774,1.0,372271000.0,0.622,110000000.0,0.0,460000000.0,,55000000.0,279000000.0,265000000.0,14000000.0,786000000.0,744000000.0,42000000.0,16063193070.0,1576985000.0,-996000.0,61965000.0,0.0,0.0,61424000.0,956557000.0,991729000.0,561908000.0,-2904000.0,89748000.0,89748000.0,89748000.0,0.0,0.0,0.15,277418000.0,94853000.0,114000000.0,0.0,5.998,27.839,27.559,298000000.0,0.0,53.74,5.432,5.361,212000000.0,1501000000.0,598291000.0,598291000.0,155210000.0,,,,,27489000.0,112917000.0,1.0,298905714.0,297997000,311789000.0,2.008,3354000000.0,125000000.0,11178000.0,0.0,11.255,2185000000.0
70,EA,MRQ,2003-12-31,2003-12-31,2003-12-31,2021-08-10,17789000.0,3338428000.0,,2908240000.0,430188000.0,,8.385,-27222000.0,573010000.0,573010000.0,513255000.0,392296000.0,3.456,0.337,0.0,0.0,0.0,0.0,0.0,29068000.0,0.0,0.0,0.0,558456000.0,587524000.0,0.398,587524000.0,558456000.0,558456000.0,1.32,1.26,1.32,2496920000.0,,2496920000.0,13826301438.0,19.0,17.507,51623000.0,0.173,1.0,962068000.0,0.652,109008000.0,0.0,1814902000.0,,64766000.0,1267300000.0,1253749000.0,13551000.0,841508000.0,841508000.0,0.0,14202426438.0,196885000.0,-958000.0,26385000.0,0.0,0.0,26385000.0,76878000.0,105058000.0,78845000.0,14777000.0,392296000.0,392296000.0,392296000.0,0.0,0.0,0.266,404560000.0,557508000.0,158743000.0,0.0,5.688,28.476,28.381,280026000.0,0.0,47.68,5.033,5.032,837021000.0,1411144000.0,1475323000.0,1475323000.0,151175000.0,,,,,1913000.0,252166000.0,1.0,297869682.0,297787000,311463000.0,4.954,3229420000.0,75363000.0,166160000.0,0.0,10.845,2066732000.0
71,EA,MRQ,2003-09-30,2003-09-30,2003-09-30,2021-08-10,12898000.0,2617034000.0,,2193043000.0,423991000.0,,7.026,-16453000.0,376125000.0,376125000.0,213762000.0,76588000.0,4.02,0.263,0.0,0.0,0.0,0.0,0.0,17624000.0,0.0,0.0,0.0,110997000.0,128621000.0,0.243,128621000.0,110997000.0,110997000.0,0.26,0.25,0.26,2071435000.0,,2071435000.0,12760007940.0,25.0,21.484,46105000.0,0.156,1.0,316243000.0,0.597,108434000.0,0.0,1586876000.0,,39209000.0,1371729000.0,1358820000.0,12909000.0,545599000.0,545599000.0,0.0,13570704940.0,-434572000.0,0.0,66785000.0,0.0,0.0,66778000.0,-565810000.0,-549357000.0,62558000.0,1902000.0,76588000.0,76588000.0,76588000.0,0.0,0.0,0.145,214376000.0,101867000.0,129348000.0,0.0,6.551,37.68,36.872,273305000.0,0.0,46.09,5.26,5.267,202802000.0,1018848000.0,530005000.0,530005000.0,113493000.0,,,,,20261000.0,100073000.0,1.0,294439248.0,294836000,307779000.0,1.798,2508600000.0,131522000.0,34409000.0,0.0,8.508,1647444000.0
72,EA,MRQ,2003-06-30,2003-06-30,2003-06-30,2021-08-10,13535000.0,2348203000.0,,1916510000.0,431693000.0,,6.583,-12149000.0,810697000.0,810697000.0,149963000.0,18368000.0,4.358,0.23,0.0,0.0,0.0,0.0,0.0,13223000.0,0.0,0.0,0.0,26621000.0,39844000.0,0.113,39844000.0,26621000.0,26621000.0,0.06,0.06,0.06,1908445000.0,,1908445000.0,9827126219.0,20.0,17.356,-46460000.0,-0.16,1.0,203418000.0,0.576,109195000.0,0.0,988553000.0,,17034000.0,825053000.0,812593000.0,12460000.0,439758000.0,439758000.0,0.0,10777121219.0,-139298000.0,5954000.0,72865000.0,0.0,0.0,70413000.0,-179625000.0,-173430000.0,-34311000.0,4225000.0,18368000.0,18368000.0,18368000.0,0.0,0.0,0.052,181646000.0,21772000.0,67378000.0,0.0,5.647,31.982,31.314,273263000.0,0.0,36.95,4.305,4.279,37211000.0,942260000.0,353381000.0,353381000.0,91122000.0,,,,,20337000.0,89844000.0,1.0,291667692.0,289910000,299632000.0,1.219,2239008000.0,130689000.0,8253000.0,0.0,7.723,1476752000.0
73,EA,MRQ,2003-03-31,2003-03-31,2003-03-31,2021-08-10,1534000.0,2359533000.0,,1911137000.0,448396000.0,,6.222,-24209000.0,949995000.0,949995000.0,164568000.0,9143000.0,3.348,0.322,0.0,0.0,0.0,0.0,0.0,17671000.0,0.0,0.0,0.0,16079000.0,33750000.0,0.073,33750000.0,16079000.0,16079000.0,0.04,0.03,0.04,1784739000.0,,1784739000.0,7226781852.0,15.0,12.813,406281000.0,1.416,1.0,298318000.0,0.644,107332000.0,0.0,731330000.0,,39679000.0,659011000.0,638734000.0,20277000.0,574794000.0,570876000.0,3918000.0,8392107852.0,183758000.0,-12132000.0,22123000.0,0.0,0.0,22874000.0,-271974000.0,-237633000.0,430490000.0,2368000.0,11505000.0,11505000.0,11505000.0,0.0,-2362000.0,0.025,288969000.0,9349000.0,106329000.0,0.0,4.702,25.508,25.06,262252000.0,0.0,29.32,3.381,3.331,82083000.0,923892000.0,462886000.0,462886000.0,108829000.0,,,,,38371000.0,107254000.0,1.0,286224688.0,286842000,290837000.0,1.614,2252201000.0,130703000.0,4574000.0,0.0,7.852,1340261000.0
74,EA,MRQ,2002-12-31,2002-12-31,2002-12-31,2021-08-10,-1524000.0,2461025000.0,,1929283000.0,531742000.0,,6.031,-10816000.0,1165326000.0,1165326000.0,565111000.0,250219000.0,2.584,0.438,0.0,0.0,0.0,0.0,0.0,24956000.0,0.0,0.0,0.0,366746000.0,391702000.0,0.317,391702000.0,366746000.0,366746000.0,0.89,0.85,0.89,1711549000.0,,1711549000.0,6111350816.0,12.0,9.683,187125000.0,0.659,1.0,668615000.0,0.542,119406000.0,0.0,429693000.0,,33216000.0,11572000.0,1341000.0,10231000.0,749476000.0,746600000.0,2876000.0,7032118816.0,138597000.0,0.0,48595000.0,0.0,0.0,48595000.0,-111566000.0,-100750000.0,197941000.0,3627000.0,253694000.0,253694000.0,253694000.0,0.0,-3475000.0,0.206,299492000.0,369123000.0,146816000.0,0.0,4.109,19.038,19.142,302231000.0,0.0,24.885,2.826,2.837,609029000.0,914652000.0,1233726000.0,1233726000.0,106127000.0,,,,,18602000.0,181742000.0,1.0,282584642.0,283777000,296050000.0,4.348,2341619000.0,93360000.0,113052000.0,0.0,8.252,1182683000.0
75,EA,MRQ,2002-09-30,2002-09-30,2002-09-30,2021-08-10,-3870000.0,1847085000.0,,1299185000.0,547900000.0,,4.976,-14945000.0,920768000.0,920768000.0,200867000.0,50234000.0,2.862,0.327,0.0,0.0,0.0,0.0,0.0,25067000.0,0.0,0.0,0.0,75858000.0,100925000.0,0.223,100925000.0,75858000.0,75858000.0,0.19,0.17,0.19,1391787000.0,,1391787000.0,8357111406.0,23.0,17.925,63981000.0,0.229,1.0,252623000.0,0.557,121484000.0,0.0,350955000.0,,36827000.0,23849000.0,6525000.0,17324000.0,455298000.0,453878000.0,1420000.0,9183977406.0,38933000.0,-9868000.0,41388000.0,0.0,0.0,40637000.0,-79063000.0,-54250000.0,78926000.0,-1567000.0,53407000.0,53407000.0,53407000.0,0.0,-3173000.0,0.118,181377000.0,71246000.0,120320000.0,0.0,6.599,36.063,36.044,307056000.0,0.0,32.98,4.399,4.418,139366000.0,664433000.0,453490000.0,453490000.0,96164000.0,,,,,12673000.0,82967000.0,1.0,278471116.0,279686000,293237000.0,1.621,1725601000.0,92061000.0,22451000.0,0.0,6.17,845307000.0
76,EA,MRQ,2002-06-30,2002-06-30,2002-06-30,2021-08-10,-5499000.0,1673865000.0,,1130272000.0,543593000.0,,4.635,-8030000.0,826866000.0,826866000.0,142454000.0,7404000.0,2.934,0.301,0.0,0.0,0.0,0.0,0.0,24306000.0,0.0,0.0,0.0,13317000.0,37623000.0,0.113,37623000.0,13317000.0,13317000.0,0.035,0.025,0.035,1286113000.0,,1286113000.0,8788978109.0,36.0,25.031,-1387000.0,-0.005,1.0,189444000.0,0.571,108213000.0,0.0,353496000.0,,24074000.0,24402000.0,5403000.0,18999000.0,387752000.0,385290000.0,2462000.0,9585914109.0,35712000.0,0.0,19894000.0,0.0,0.0,19894000.0,-397000.0,7633000.0,6643000.0,9572000.0,10394000.0,10394000.0,10394000.0,0.0,-2990000.0,0.031,183162000.0,6282000.0,86326000.0,0.0,7.453,55.084,52.84,309892000.0,0.0,33.025,5.114,4.889,118347000.0,614199000.0,331898000.0,331898000.0,89880000.0,,,,,6354000.0,91037000.0,1.0,290262350.0,277496000,290444000.0,1.196,1565652000.0,101724000.0,2923000.0,0.0,5.642,744982000.0
77,EA,MRQ,2002-03-31,2002-03-31,2002-03-31,2021-08-10,-14724000.0,1699374000.0,,1152543000.0,546831000.0,,4.506,-11421000.0,552826000.0,552826000.0,207141000.0,47295000.0,2.544,0.367,0.0,0.0,0.0,0.0,0.0,27350000.0,0.0,0.0,0.0,73547000.0,100897000.0,0.215,100897000.0,73547000.0,73547000.0,0.185,0.16,0.185,1243294000.0,,1243294000.0,7899899725.0,46.0,28.101,284992000.0,1.033,1.0,262550000.0,0.559,110512000.0,0.0,583054000.0,,23780000.0,270056000.0,250979000.0,19077000.0,456080000.0,452982000.0,3098000.0,8386741725.0,178288000.0,1000.0,22185000.0,0.0,0.0,19704000.0,-137138000.0,-125718000.0,296413000.0,-691000.0,51869000.0,51869000.0,51869000.0,0.0,-4574000.0,0.11,195177000.0,67373000.0,88563000.0,0.0,6.746,67.496,67.556,308827000.0,0.0,30.4,4.863,4.824,190495000.0,606795000.0,469691000.0,469691000.0,94798000.0,,,,,6588000.0,88018000.0,1.0,275879662.0,275918000,288054000.0,1.702,1588862000.0,102662000.0,21678000.0,0.0,5.758,699561000.0
78,EA,MRQ,2001-12-31,2001-12-31,2001-12-31,2021-08-10,-11405000.0,1695373000.0,,1169089000.0,526284000.0,,4.269,-10312000.0,486842000.0,486842000.0,400853000.0,132292000.0,2.243,0.448,0.0,0.0,0.0,0.0,0.0,28257000.0,0.0,0.0,0.0,198523000.0,226780000.0,0.272,226780000.0,198523000.0,198523000.0,0.505,0.46,0.505,1170545000.0,,1170545000.0,7810049500.0,99.0,40.924,61269000.0,0.223,1.0,432025000.0,0.519,116161000.0,0.0,571134000.0,,24918000.0,33895000.0,7282000.0,26613000.0,524828000.0,521236000.0,3592000.0,8217994500.0,95733000.0,-100000.0,19448000.0,0.0,0.0,19448000.0,6068000.0,16480000.0,71581000.0,-1364000.0,138998000.0,138998000.0,138998000.0,0.0,-6706000.0,0.167,243524000.0,188501000.0,153699000.0,0.0,7.021,131.722,136.25,322790000.0,0.0,29.975,5.26,5.261,463384000.0,559500000.0,832878000.0,832878000.0,97406000.0,,,,,1109000.0,125708000.0,1.0,274161618.0,274206000,286798000.0,3.037,1579212000.0,60071000.0,59525000.0,0.0,5.759,647853000.0
79,EA,MRQ,2001-09-30,2001-09-30,2001-09-30,2021-08-10,-12548000.0,1294152000.0,,742810000.0,551342000.0,,3.719,-14621000.0,407945000.0,407945000.0,117760000.0,-32824000.0,2.714,0.273,0.0,0.0,0.0,0.0,0.0,27939000.0,0.0,0.0,0.0,-42115000.0,-14176000.0,-0.059,-14176000.0,-42115000.0,-42115000.0,-0.1,-0.12,-0.1,1016553000.0,,1016553000.0,5779431479.0,372.0,49.034,-65058000.0,-0.238,1.0,122396000.0,0.51,124227000.0,0.0,488299000.0,,20819000.0,28800000.0,4581000.0,24219000.0,277599000.0,273681000.0,3918000.0,6239625479.0,-118418000.0,-3000.0,8924000.0,0.0,0.0,8924000.0,-79353000.0,-64729000.0,-50437000.0,2448000.0,-27236000.0,-27236000.0,-27236000.0,0.0,-5588000.0,-0.113,174453000.0,-52057000.0,79689000.0,0.0,6.138,331.771,304.467,337130000.0,0.0,22.835,4.556,4.556,103538000.0,427208000.0,240156000.0,240156000.0,97555000.0,,,,,2804000.0,70423000.0,1.0,273248324.0,273304000,274608000.0,0.879,1169925000.0,60511000.0,-14879000.0,0.0,4.281,469129000.0
80,EA,MRQ,2001-06-30,2001-06-30,2001-06-30,2021-08-10,-12534000.0,1288978000.0,,733606000.0,555372000.0,,3.823,-14865000.0,460194000.0,460194000.0,89029000.0,-45254000.0,2.97,0.242,0.0,0.0,0.0,0.0,0.0,27355000.0,0.0,0.0,0.0,-59730000.0,-32375000.0,-0.178,-32375000.0,-59730000.0,-59730000.0,-0.145,-0.165,-0.145,1037663000.0,,1037663000.0,7788500101.0,1434.0,80.823,-44352000.0,-0.163,1.0,92921000.0,0.511,130278000.0,0.0,451501000.0,,16020000.0,32854000.0,8768000.0,24086000.0,251315000.0,247005000.0,4310000.0,8254992101.0,-22589000.0,3591000.0,33262000.0,0.0,0.0,33262000.0,-27649000.0,-16375000.0,-29487000.0,1285000.0,-39375000.0,-39375000.0,-39375000.0,0.0,-5879000.0,-0.216,161299000.0,-68378000.0,59168000.0,0.0,7.955,738.173,723.75,337358000.0,0.0,28.95,6.117,5.824,76991000.0,460032000.0,181950000.0,181950000.0,90805000.0,,,,,15139000.0,64019000.0,1.0,285146532.0,271460000,272764000.0,0.67,1158700000.0,59682000.0,-20355000.0,0.0,4.268,486601000.0
81,EA,MRQ,2001-03-31,2001-03-31,2001-03-31,2021-08-10,-12703000.0,1378918000.0,,818727000.0,560191000.0,,3.875,-15311000.0,466492000.0,466492000.0,159627000.0,-17880000.0,2.408,0.333,0.0,0.0,0.0,0.0,0.0,28329000.0,0.0,0.0,0.0,-17715000.0,10614000.0,0.035,10614000.0,-17715000.0,-17715000.0,-0.04,-0.065,-0.04,1034347000.0,,1034347000.0,6920068788.0,889.0,80.11,180010000.0,0.674,1.0,147628000.0,0.48,136764000.0,0.0,435636000.0,,15686000.0,37474000.0,10022000.0,27452000.0,344571000.0,340026000.0,4545000.0,7215445788.0,195522000.0,-41571000.0,99921000.0,0.0,0.0,39059000.0,-32418000.0,24464000.0,195321000.0,-6440000.0,-9998000.0,-9998000.0,-9998000.0,0.0,-7882000.0,-0.033,178781000.0,-31153000.0,73061000.0,0.0,6.976,604.106,602.778,337199000.0,0.0,27.125,5.457,5.391,174449000.0,505286000.0,307255000.0,307255000.0,99958000.0,,,,,13125000.0,73551000.0,1.0,266007218.0,266936000,232216000.0,1.151,1242154000.0,0.0,-7717000.0,0.0,4.653,478701000.0
82,EA,MRQ,2000-12-31,2000-12-31,2000-12-31,2021-08-10,170000.0,1337276000.0,,809410000.0,527866000.0,,3.827,-17999000.0,295377000.0,295377000.0,306797000.0,87978000.0,2.529,0.32,0.0,0.0,0.0,0.0,0.0,18689000.0,0.0,0.0,0.0,135114000.0,153803000.0,0.24,153803000.0,135114000.0,135114000.0,0.36,0.315,0.36,1012916000.0,,1012916000.0,5381907239.0,175.0,55.896,26280000.0,0.099,1.0,333522000.0,0.521,103889000.0,0.0,617957000.0,,19852000.0,44429000.0,17249000.0,27180000.0,324360000.0,320053000.0,4307000.0,5635724239.0,44456000.0,-60000.0,-47434000.0,0.0,0.0,13428000.0,-15262000.0,2797000.0,44279000.0,2011000.0,95416000.0,95416000.0,95416000.0,0.0,-7438000.0,0.149,208154000.0,125368000.0,68192000.0,0.0,5.564,222.106,250.765,340187000.0,0.0,21.315,4.304,4.309,356484000.0,523166000.0,640319000.0,640319000.0,109604000.0,,,,,15332000.0,93869000.0,1.0,264401794.0,264678000,277808000.0,2.419,1233387000.0,27143000.0,39698000.0,0.0,4.66,489357000.0
83,EA,MRQ,2000-09-30,2000-09-30,2000-09-30,2021-08-10,-2010000.0,1115100000.0,,582104000.0,532996000.0,,3.42,-32552000.0,253817000.0,253817000.0,120615000.0,-38909000.0,2.684,0.247,0.0,0.0,0.0,0.0,0.0,16559000.0,0.0,0.0,0.0,-52236000.0,-35677000.0,-0.162,-35677000.0,-52236000.0,-52236000.0,-0.135,-0.15,-0.135,893998000.0,,893998000.0,6117901979.0,206.0,70.053,-77791000.0,-0.298,1.0,99285000.0,0.452,108586000.0,0.0,535789000.0,,19285000.0,44523000.0,17148000.0,27375000.0,221102000.0,216908000.0,4194000.0,6414845979.0,-24622000.0,-1499000.0,40857000.0,0.0,0.0,40857000.0,-17890000.0,16161000.0,-45239000.0,-2350000.0,-34860000.0,-34860000.0,-34860000.0,0.0,-4049000.0,-0.159,159439000.0,-60154000.0,74689000.0,0.0,7.175,281.119,274.333,335962000.0,0.0,24.69,5.052,5.083,148096000.0,435188000.0,219900000.0,219900000.0,90168000.0,,,,,0.0,64555000.0,1.0,259815552.0,261382000,262686000.0,0.841,1006514000.0,27058000.0,-17376000.0,0.0,3.851,365196000.0
84,EA,MRQ,2000-06-30,2000-06-30,2000-06-30,2021-08-10,-10701000.0,1036994000.0,,525673000.0,511321000.0,,3.42,-50351000.0,296944000.0,296944000.0,77952000.0,-42271000.0,3.516,0.174,0.0,0.0,0.0,0.0,0.0,15024000.0,0.0,0.0,0.0,-57382000.0,-42358000.0,-0.274,-42358000.0,-57382000.0,-57382000.0,-0.15,-0.165,-0.15,883359000.0,,883359000.0,4374919583.0,40.0,27.261,-48066000.0,-0.186,1.0,76847000.0,0.496,113141000.0,0.0,477412000.0,,25705000.0,29232000.0,2260000.0,26972000.0,153635000.0,149497000.0,4138000.0,4714723583.0,-41809000.0,2221000.0,6577000.0,0.0,0.0,6577000.0,-47124000.0,1006000.0,2285000.0,-3547000.0,-38614000.0,-38614000.0,-38614000.0,0.0,-3657000.0,-0.249,141224000.0,-64377000.0,47573000.0,0.0,5.337,62.19,60.783,318448000.0,0.0,18.235,3.395,3.391,84974000.0,474097000.0,154799000.0,154799000.0,79168000.0,,,,,0.0,57402000.0,1.0,258553528.0,258270000,259574000.0,0.599,923853000.0,27189000.0,-18768000.0,0.0,3.577,376176000.0
85,EA,MRQ,2000-03-31,2000-03-31,2000-03-31,2021-08-10,-6361000.0,1192312000.0,,705323000.0,486989000.0,,3.599,-49473000.0,339804000.0,339804000.0,141881000.0,3432000.0,2.659,0.291,0.0,0.0,0.0,0.0,0.0,15295000.0,0.0,0.0,0.0,5222000.0,20517000.0,0.07,20517000.0,5222000.0,5222000.0,0.01,0.01,0.01,923393000.0,,923393000.0,4326523812.0,26.0,20.019,87732000.0,0.342,1.0,152432000.0,0.518,117236000.0,0.0,469970000.0,,22986000.0,31237000.0,236000.0,31001000.0,268919000.0,265302000.0,3617000.0,4573693812.0,88853000.0,-45164000.0,105589000.0,0.0,0.0,37112000.0,-86306000.0,8331000.0,137205000.0,842000.0,3432000.0,3432000.0,3432000.0,0.0,0.0,0.012,151030000.0,1402000.0,97703000.0,0.0,4.953,39.175,38.274,285466000.0,0.0,17.797,3.221,3.15,234087000.0,516368000.0,294313000.0,294313000.0,81480000.0,,,,,7766000.0,65361000.0,1.0,256985184.0,256600000,271916000.0,1.147,1075076000.0,0.0,1790000.0,0.0,4.19,440021000.0
86,EA,MRQ,1999-12-31,1999-12-31,1999-12-31,2021-08-10,-6758000.0,1180769000.0,,764141000.0,416628000.0,,3.416,-37684000.0,247170000.0,247170000.0,299423000.0,92861000.0,2.446,0.365,0.0,0.0,0.0,0.0,0.0,10775000.0,0.0,0.0,0.0,134075000.0,144850000.0,0.241,144850000.0,134075000.0,134075000.0,0.365,0.345,0.365,865333000.0,,865333000.0,5084920772.0,26.0,21.449,-3040000.0,-0.012,1.0,301268000.0,0.502,83542000.0,0.0,537673000.0,,22838000.0,40785000.0,1447000.0,39338000.0,315436000.0,312384000.0,3052000.0,5309264772.0,22152000.0,0.0,0.0,0.0,0.0,25490000.0,-33346000.0,4338000.0,34644000.0,-4636000.0,92861000.0,92861000.0,92861000.0,0.0,0.0,0.155,171732000.0,129536000.0,89973000.0,0.0,6.136,39.26,38.889,243795000.0,0.0,21.0,3.783,3.79,377920000.0,512936000.0,600691000.0,600691000.0,73424000.0,,,,,14908000.0,95712000.0,1.0,252822132.0,253302000,269910000.0,2.371,1097227000.0,30165000.0,41214000.0,0.0,4.332,451757000.0
87,EA,MRQ,1999-09-30,1999-09-30,1999-09-30,2021-08-10,909000.0,1003610000.0,,635397000.0,368213000.0,,2.963,-28536000.0,224344000.0,224344000.0,177147000.0,18132000.0,2.437,0.357,0.0,0.0,0.0,0.0,0.0,10758000.0,0.0,0.0,0.0,26718000.0,37476000.0,0.111,37476000.0,26718000.0,26718000.0,0.075,0.07,0.075,739741000.0,,739741000.0,4190769206.0,25.0,19.585,-124730000.0,-0.5,1.0,161740000.0,0.477,86065000.0,0.0,432511000.0,,23878000.0,45146000.0,6097000.0,39049000.0,263869000.0,260690000.0,3179000.0,4510436206.0,-66678000.0,-3381000.0,0.0,0.0,0.0,29258000.0,-3581000.0,28336000.0,-96194000.0,3839000.0,18132000.0,18132000.0,18132000.0,0.0,0.0,0.054,138043000.0,23697000.0,95858000.0,0.0,6.097,39.254,38.337,215679000.0,0.0,18.095,3.41,3.415,265749000.0,420075000.0,338887000.0,338887000.0,67026000.0,,,,,4946000.0,68401000.0,1.0,249264228.0,249668000,262430000.0,1.357,917545000.0,28122000.0,8586000.0,0.0,3.675,374707000.0
88,EA,MRQ,1999-06-30,1999-06-30,1999-06-30,2021-08-10,-3428000.0,863065000.0,,515289000.0,347776000.0,,2.779,-18747000.0,319667000.0,319667000.0,86251000.0,2326000.0,2.905,0.264,0.0,0.0,0.0,0.0,0.0,9897000.0,0.0,0.0,0.0,3378000.0,13275000.0,0.071,13275000.0,3378000.0,3378000.0,0.01,0.01,0.01,683068000.0,,683068000.0,3028379351.0,26.0,19.049,-16503000.0,-0.067,1.0,99869000.0,0.537,88099000.0,0.0,277924000.0,,16003000.0,39813000.0,4327000.0,35486000.0,179997000.0,177375000.0,2622000.0,3341201351.0,-40270000.0,8692000.0,0.0,0.0,0.0,13729000.0,-56322000.0,-46267000.0,2244000.0,79000.0,2326000.0,2326000.0,2326000.0,0.0,0.0,0.012,100718000.0,-849000.0,44111000.0,0.0,4.891,46.731,46.447,192628000.0,0.0,13.562,2.717,2.711,73297000.0,401943000.0,186120000.0,186120000.0,46575000.0,,,,,4943000.0,51555000.0,1.0,246355860.0,245820000,256476000.0,0.757,774966000.0,31566000.0,1052000.0,0.0,3.153,337914000.0
89,EA,MRQ,1999-03-31,1999-03-31,1999-03-31,2021-08-10,-2567000.0,901873000.0,,569465000.0,332408000.0,,2.711,-20076000.0,312822000.0,312822000.0,130324000.0,21914000.0,2.411,0.36,0.0,0.0,0.0,0.0,0.0,9316000.0,0.0,0.0,0.0,32156000.0,41472000.0,0.149,41472000.0,32156000.0,32156000.0,0.09,0.087,0.09,662931000.0,,662931000.0,2704814332.0,23.0,17.039,113576000.0,0.465,1.0,147400000.0,0.531,90682000.0,0.0,262160000.0,,22376000.0,49148000.0,4884000.0,44264000.0,238942000.0,236209000.0,2733000.0,2906050332.0,64747000.0,-350000.0,21576000.0,0.0,0.0,-3861000.0,-61187000.0,-40761000.0,133652000.0,-3857000.0,21914000.0,21914000.0,21914000.0,0.0,0.0,0.079,118066000.0,29334000.0,63881000.0,0.0,4.384,39.879,39.583,181266000.0,0.0,11.875,2.378,2.362,149468000.0,402112000.0,277724000.0,277724000.0,55017000.0,,,,,5614000.0,60554000.0,1.0,244720028.0,244508000,253840000.0,1.136,811191000.0,0.0,10242000.0,0.0,3.318,333256000.0
90,EA,MRQ,1998-12-31,1998-12-31,1998-12-31,2021-08-10,-578000.0,936490000.0,,616097000.0,320393000.0,,2.631,-19592000.0,201236000.0,201236000.0,274378000.0,72531000.0,2.108,0.46,0.0,0.0,0.0,0.0,0.0,15425000.0,0.0,0.0,0.0,106331000.0,121756000.0,0.234,121756000.0,106331000.0,106331000.0,0.297,0.287,0.297,641253000.0,,641253000.0,3261767898.0,30.0,22.234,33724000.0,0.138,1.0,245777000.0,0.473,101407000.0,0.0,341559000.0,,30249000.0,52403000.0,2644000.0,49759000.0,295237000.0,292288000.0,2949000.0,3422106898.0,53351000.0,1850000.0,0.0,0.0,0.0,6409000.0,-5288000.0,12454000.0,53316000.0,-1086000.0,72531000.0,72531000.0,72531000.0,0.0,0.0,0.139,143338000.0,102439000.0,70581000.0,0.0,5.337,51.608,51.972,169227000.0,0.0,14.033,2.98,2.979,314650000.0,381498000.0,520155000.0,520155000.0,61011000.0,,,,,0.0,79848000.0,1.0,243870080.0,243744000,252916000.0,2.134,835083000.0,0.0,33800000.0,0.0,3.426,323809000.0
91,EA,MRQ,1998-09-30,1998-09-30,1998-09-30,2021-08-10,953000.0,779321000.0,,468418000.0,310903000.0,,2.324,-56473000.0,160339000.0,160339000.0,134299000.0,-25273000.0,2.199,0.382,0.0,0.0,0.0,0.0,0.0,8311000.0,0.0,0.0,0.0,-25836000.0,-17525000.0,-0.071,-17525000.0,-25836000.0,-25836000.0,-0.105,-0.105,-0.105,563844000.0,,563844000.0,2294187107.0,25.0,19.269,-82843000.0,-0.342,1.0,111464000.0,0.454,101349000.0,0.0,304636000.0,,26113000.0,54534000.0,2727000.0,51807000.0,215477000.0,212997000.0,2480000.0,2657506107.0,-77598000.0,-136504000.0,0.0,0.0,0.0,10584000.0,-65878000.0,127099000.0,-26370000.0,4066000.0,-25273000.0,-25273000.0,-25273000.0,0.0,0.0,-0.103,141009000.0,-29545000.0,78108000.0,0.0,4.713,50.717,49.864,157747000.0,0.0,10.97,2.607,2.611,202250000.0,308967000.0,245763000.0,245763000.0,90185000.0,,,,,0.0,49918000.0,1.0,242252152.0,242568000,242568000.0,1.013,677972000.0,0.0,-563000.0,0.0,2.795,255421000.0
92,EA,MRQ,1998-06-30,1998-06-30,1998-06-30,2021-08-10,-2004000.0,703145000.0,,540795000.0,162350000.0,,2.386,-11398000.0,363319000.0,363319000.0,87589000.0,3700000.0,4.318,0.222,0.0,0.0,0.0,0.0,0.0,7409000.0,0.0,0.0,0.0,5635000.0,13044000.0,0.073,13044000.0,5635000.0,5635000.0,0.015,0.015,0.015,575576000.0,,575576000.0,2885327984.0,25.0,19.968,-15614000.0,-0.065,1.0,90632000.0,0.509,0.0,0.0,214596000.0,,19010000.0,52096000.0,4861000.0,47235000.0,127569000.0,125230000.0,2339000.0,3259887984.0,-14255000.0,-4967000.0,0.0,0.0,0.0,10553000.0,-19278000.0,-2913000.0,-4216000.0,-1314000.0,3700000.0,3700000.0,3700000.0,0.0,0.0,0.021,87582000.0,3050000.0,41552000.0,0.0,5.664,41.948,41.538,108681000.0,0.0,13.5,3.384,3.38,100046000.0,334240000.0,178221000.0,178221000.0,38521000.0,,,,,0.0,49061000.0,1.0,241473184.0,241216000,251984000.0,0.739,703145000.0,17405000.0,1935000.0,0.0,2.915,415565000.0
93,EA,MRQ,1998-03-31,1998-03-31,1998-03-31,2021-08-10,-1468000.0,745681000.0,,589811000.0,155870000.0,,2.365,-19880000.0,374560000.0,374560000.0,104481000.0,15352000.0,3.246,0.322,0.0,0.0,0.0,0.0,0.0,6514000.0,0.0,0.0,0.0,22914000.0,29428000.0,0.144,29428000.0,22914000.0,22914000.0,0.062,0.062,0.062,563968000.0,,563968000.0,2493048397.0,23.0,18.44,60152000.0,0.252,1.0,99586000.0,0.488,1585000.0,0.0,187823000.0,,19626000.0,48462000.0,3721000.0,44741000.0,181713000.0,181713000.0,0.0,2780861397.0,60447000.0,-500000.0,18442000.0,0.0,0.0,23671000.0,-43117000.0,-22737000.0,80032000.0,-139000.0,15352000.0,15352000.0,15352000.0,0.0,0.0,0.075,79233000.0,20353000.0,56233000.0,0.0,4.931,38.324,38.225,105095000.0,0.0,11.735,3.06,3.04,139374000.0,330540000.0,204067000.0,204067000.0,36440000.0,,,,,0.0,42793000.0,1.0,236971572.0,238492000,248476000.0,0.856,744096000.0,0.0,7562000.0,0.0,3.12,408098000.0
94,EA,MRQ,1997-12-31,1997-12-31,1997-12-31,2021-08-10,-1832000.0,780777000.0,,629848000.0,150929000.0,,2.224,-8687000.0,287813000.0,287813000.0,210799000.0,58620000.0,2.458,0.488,0.0,0.0,0.0,0.0,0.0,6575000.0,0.0,0.0,0.0,87541000.0,94116000.0,0.241,94116000.0,87541000.0,87541000.0,0.247,0.24,0.247,524581000.0,,524581000.0,,,,14151000.0,0.06,1.0,180446000.0,0.461,0.0,0.0,236768000.0,,32259000.0,50480000.0,3128000.0,47352000.0,256196000.0,256196000.0,0.0,2239973784.0,13153000.0,12950000.0,19306000.0,0.0,0.0,12337000.0,-22068000.0,-26195000.0,22838000.0,46000.0,58620000.0,58620000.0,58620000.0,0.0,0.0,0.15,109463000.0,70983000.0,95491000.0,0.0,4.27,33.025,32.936,93101000.0,0.0,9.453,2.602,2.589,273257000.0,315188000.0,391245000.0,391245000.0,46858000.0,,,,,0.0,62605000.0,1.0,236971572.0,235844000,244536000.0,1.659,780777000.0,6008000.0,28921000.0,0.0,3.311,373652000.0
95,EA,MRQ,1997-09-30,1997-09-30,1997-09-30,2021-08-10,,,,,,,,-9578000.0,,,103641000.0,41000.0,,,,,,,,7846000.0,,0.0,0.0,62000.0,7908000.0,0.042,7908000.0,62000.0,62000.0,0.0,0.0,0.0,,,,,,,-26026000.0,-0.111,1.0,86187000.0,0.454,,0.0,,,,,,,,,,,18943000.0,548000.0,0.0,0.0,0.0,6870000.0,31184000.0,40078000.0,-16448000.0,-2663000.0,41000.0,41000.0,41000.0,0.0,0.0,0.0,89267000.0,-3080000.0,,,,,46.43,,0.0,9.658,,2.973,,,189828000.0,189828000.0,36252000.0,,,,,0.0,42223000.0,1.0,,234112000,242544000.0,0.811,,,21000.0,,,
96,EA,MRQ,1997-06-30,1997-06-30,1997-06-30,2021-08-10,,,,,,,,-7068000.0,,,62312000.0,-1451000.0,,,,,,,,5972000.0,,0.0,0.0,-2229000.0,3743000.0,0.03,3743000.0,-2229000.0,-2229000.0,-0.005,-0.005,-0.005,,,,,,,-14497000.0,-0.062,1.0,61400000.0,0.496,,0.0,,,,,,,,,,,-18576000.0,356000.0,0.0,0.0,0.0,2888000.0,-15518000.0,-8806000.0,-7429000.0,1483000.0,-1451000.0,-1451000.0,-1451000.0,0.0,0.0,-0.012,66207000.0,-4807000.0,,0.0,,,,,0.0,8.408,,,,,123712000.0,123712000.0,27682000.0,,,,,0.0,38525000.0,1.0,,233268000,233268000.0,0.53,,,-778000.0,,,
97,EA,MRQ,1997-03-31,1997-03-31,1997-03-31,2021-08-10,668000.0,584041000.0,,421100000.0,162941000.0,,1.927,-9159000.0,268141000.0,268141000.0,75801000.0,10617000.0,3.091,0.304,0.0,0.0,0.0,0.0,0.0,6739000.0,0.0,0.0,0.0,15562000.0,22301000.0,0.143,22301000.0,15562000.0,15562000.0,0.045,0.045,0.045,447776000.0,,447776000.0,,,,31966000.0,0.138,1.0,80372000.0,0.515,0.0,0.0,179663000.0,,17873000.0,65683000.0,5548000.0,60135000.0,136265000.0,136237000.0,28000.0,,-3552000.0,-6501000.0,4827000.0,0.0,0.0,6701000.0,-78073000.0,-62197000.0,41125000.0,-1980000.0,10617000.0,10617000.0,10617000.0,0.0,0.0,0.068,67933000.0,12439000.0,43450000.0,0.0,,,29.854,89762000.0,0.0,6.657,,2.277,103244000.0,257978000.0,156173000.0,156173000.0,33777000.0,,,,,0.0,34156000.0,1.0,,232312000,239572000.0,0.672,584041000.0,5259000.0,4945000.0,0.0,2.514,284863000.0
98,EA,MRQ,1996-12-31,1996-12-31,1996-12-31,2021-08-10,,,,,,,,,,,142655000.0,38703000.0,,,,,,,,,,0.0,0.0,59984000.0,,,,59984000.0,59984000.0,0.168,0.163,0.168,,,,,,,,,1.0,148194000.0,0.51,,0.0,,,,,,,,,,,,,,,,,,,,,38703000.0,38703000.0,38703000.0,0.0,0.0,0.133,89553000.0,58641000.0,,0.0,,,,,0.0,7.485,,,,,290849000.0,290849000.0,37053000.0,,,,,,52500000.0,1.0,,231200000,239956000.0,1.258,,,21281000.0,,,
0,EA,MRT,2021-06-30,2021-06-30,2021-06-30,2021-08-10,-35000000.0,12734000000.0,12478000000.0,4677000000.0,8057000000.0,0.458,27.021,-130000000.0,2838000000.0,2838000000.0,1521000000.0,676000000.0,1.893,0.648,1877000000.0,0.0,1877000000.0,1877000000.0,1305000000.0,249000000.0,0.0,0.004,0.51,857000000.0,1106000000.0,0.193,1106000000.0,857000000.0,857000000.0,2.35,2.32,2.35,7728000000.0,7901500000.0,7728000000.0,37778876844.0,44.0,34.158,1283000000.0,4.486,1.0,4200000000.0,0.734,5165000000.0,0.0,4137000000.0,3777250000.0,0.0,881000000.0,881000000.0,0.0,5006000000.0,2471000000.0,2535000000.0,41162876844.0,-1175000000.0,-3228000000.0,-893000000.0,878000000.0,-147000000.0,-350000000.0,-2308000000.0,1050000000.0,1413000000.0,70000000.0,676000000.0,676000000.0,676000000.0,0.0,0.0,0.118,3303000000.0,897000000.0,73000000.0,0.217,5.326,60.892,61.204,510000000.0,0.0,143.83,7.195,7.19,557000000.0,7760000000.0,5721000000.0,5721000000.0,1855000000.0,0.054,0.086,0.227,0.15,458000000.0,1383000000.0,1.0,286191176.0,286000000,289000000.0,20.003,7569000000.0,1960000000.0,181000000.0,345000000.0,26.465,2206000000.0
1,EA,MRT,2021-03-31,2021-03-31,2021-03-31,2021-08-10,-50000000.0,13288000000.0,12115500000.0,7213000000.0,6075000000.0,0.465,27.128,-124000000.0,5260000000.0,5260000000.0,1494000000.0,837000000.0,2.434,0.695,1876000000.0,0.0,1876000000.0,1876000000.0,1527000000.0,181000000.0,0.0,0.003,0.34,1017000000.0,1198000000.0,0.213,1198000000.0,1017000000.0,1017000000.0,2.9,2.87,2.9,7840000000.0,7915000000.0,7840000000.0,35160935275.0,35.0,29.35,1810000000.0,6.263,1.0,4135000000.0,0.735,3177000000.0,0.0,3763000000.0,3683500000.0,0.0,1106000000.0,1106000000.0,0.0,5448000000.0,2964000000.0,2484000000.0,38935935275.0,1492000000.0,-1239000000.0,-643000000.0,878000000.0,-98000000.0,-15000000.0,-505000000.0,858000000.0,1934000000.0,78000000.0,837000000.0,837000000.0,837000000.0,0.0,0.0,0.149,3089000000.0,1046000000.0,96000000.0,0.117,4.966,46.518,46.679,491000000.0,0.0,135.37,6.917,6.95,521000000.0,7887000000.0,5629000000.0,5629000000.0,1778000000.0,0.069,0.106,0.276,0.181,435000000.0,1281000000.0,1.0,287626027.0,289000000,292000000.0,19.478,10111000000.0,2045000000.0,180000000.0,358000000.0,34.986,4249000000.0
2,EA,MRT,2020-12-31,2020-12-31,2020-12-31,2021-08-10,-94000000.0,12420000000.0,11571500000.0,7721000000.0,4699000000.0,0.49,27.459,-133000000.0,4772000000.0,4772000000.0,1444000000.0,1179000000.0,2.211,0.56,997000000.0,600000000.0,397000000.0,997000000.0,1380000000.0,162000000.0,0.0,0.001,0.17,1266000000.0,1428000000.0,0.252,1428000000.0,1266000000.0,1266000000.0,4.1,4.05,4.1,7963000000.0,7820250000.0,7963000000.0,38592126272.0,30.0,27.025,1928000000.0,6.648,1.0,4226000000.0,0.745,1933000000.0,0.0,3220000000.0,3677250000.0,0.0,1938000000.0,1938000000.0,0.0,4457000000.0,3492000000.0,965000000.0,41655126272.0,1169000000.0,0.0,-611000000.0,0.0,-49000000.0,-841000000.0,-72000000.0,61000000.0,2061000000.0,21000000.0,1179000000.0,1179000000.0,1179000000.0,0.0,0.0,0.208,2954000000.0,1272000000.0,89000000.0,0.041,5.231,35.331,35.024,467000000.0,0.0,143.6,7.347,7.345,778000000.0,8054000000.0,5670000000.0,5670000000.0,1712000000.0,0.102,0.151,0.344,0.223,417000000.0,1220000000.0,1.0,290077481.0,290000000,292000000.0,19.552,10487000000.0,1924000000.0,87000000.0,297000000.0,36.162,4229000000.0
3,EA,MRT,2020-09-30,2020-09-30,2020-09-30,2021-08-10,-89000000.0,11470000000.0,11256750000.0,6830000000.0,4640000000.0,0.497,27.941,-131000000.0,4059000000.0,4059000000.0,1351000000.0,1314000000.0,2.748,0.42,996000000.0,599000000.0,397000000.0,996000000.0,639000000.0,155000000.0,0.0,0.0,0.0,1395000000.0,1550000000.0,0.277,1550000000.0,1395000000.0,1395000000.0,4.55,4.51,4.55,8075000000.0,7638750000.0,8075000000.0,34644992644.0,25.0,22.352,1910000000.0,6.609,1.0,4239000000.0,0.758,1933000000.0,0.0,3989000000.0,3937500000.0,0.0,1972000000.0,1972000000.0,0.0,3395000000.0,2485000000.0,910000000.0,37661992644.0,1119000000.0,0.0,-602000000.0,0.0,0.0,-773000000.0,-155000000.0,-24000000.0,2041000000.0,6000000.0,1314000000.0,1314000000.0,1314000000.0,0.0,0.0,0.235,2857000000.0,1382000000.0,164000000.0,0.0,4.664,28.662,28.662,458000000.0,0.0,130.41,6.737,6.742,423000000.0,8016000000.0,5590000000.0,5590000000.0,1650000000.0,0.117,0.172,0.354,0.25,397000000.0,1183000000.0,1.0,288796815.0,289000000,293000000.0,19.343,9537000000.0,1937000000.0,81000000.0,302000000.0,33.0,4345000000.0
4,EA,MRT,2020-06-30,2020-06-30,2020-06-30,2021-08-10,-52000000.0,11284000000.0,11037500000.0,6690000000.0,4594000000.0,0.524,27.021,-133000000.0,4013000000.0,4013000000.0,1470000000.0,1983000000.0,2.605,0.45,996000000.0,599000000.0,397000000.0,996000000.0,878000000.0,150000000.0,0.0,0.0,0.0,1540000000.0,1690000000.0,0.292,1690000000.0,1540000000.0,1540000000.0,6.8,6.77,6.8,7782000000.0,7409500000.0,7782000000.0,35349200221.0,23.0,20.917,1884000000.0,6.542,1.0,4317000000.0,0.746,1937000000.0,0.0,3762000000.0,4157250000.0,0.0,1947000000.0,1947000000.0,0.0,3502000000.0,2568000000.0,934000000.0,38121200221.0,480000000.0,0.0,-918000000.0,0.0,0.0,-1117000000.0,-415000000.0,-282000000.0,2017000000.0,-5000000.0,1983000000.0,1983000000.0,1983000000.0,0.0,0.0,0.343,2816000000.0,1501000000.0,51000000.0,0.0,4.899,19.224,19.419,450000000.0,0.0,132.05,6.587,6.572,507000000.0,7831000000.0,5787000000.0,5787000000.0,1616000000.0,0.18,0.268,0.37,0.266,376000000.0,1174000000.0,1.0,288687620.0,288000000,292000000.0,20.094,9347000000.0,1894000000.0,-443000000.0,313000000.0,32.455,4122000000.0
5,EA,MRT,2020-03-31,2020-03-31,2020-03-31,2021-08-10,-50000000.0,11112000000.0,10653750000.0,6517000000.0,4595000000.0,0.52,25.464,-140000000.0,3768000000.0,3768000000.0,1369000000.0,3039000000.0,2.446,0.489,996000000.0,599000000.0,397000000.0,996000000.0,945000000.0,150000000.0,0.0,0.0,0.0,1508000000.0,1658000000.0,0.299,1658000000.0,1508000000.0,1508000000.0,10.37,10.3,10.37,7461000000.0,7085250000.0,7461000000.0,26408674731.0,18.0,15.928,1657000000.0,5.655,1.0,4168000000.0,0.753,1938000000.0,0.0,3738000000.0,4114000000.0,0.0,1967000000.0,1967000000.0,0.0,3651000000.0,2664000000.0,987000000.0,29016674731.0,-940000000.0,0.0,-1145000000.0,0.0,0.0,-1358000000.0,-1357000000.0,-1217000000.0,1797000000.0,-22000000.0,3039000000.0,3039000000.0,3039000000.0,0.0,0.0,0.549,2723000000.0,1445000000.0,68000000.0,0.0,3.889,9.548,9.66,449000000.0,0.0,100.17,5.241,5.301,461000000.0,7508000000.0,5537000000.0,5537000000.0,1559000000.0,0.285,0.429,0.367,0.272,347000000.0,1137000000.0,1.0,289674301.0,293000000,295000000.0,18.898,9174000000.0,1903000000.0,-1531000000.0,374000000.0,31.311,3853000000.0
6,EA,MRT,2019-12-31,2019-12-31,2019-12-31,2021-08-10,-33000000.0,11161000000.0,10115000000.0,6629000000.0,4532000000.0,0.533,24.784,-135000000.0,3603000000.0,3603000000.0,1376000000.0,2830000000.0,2.835,0.542,995000000.0,0.0,995000000.0,995000000.0,1073000000.0,148000000.0,0.0,0.0,0.0,1313000000.0,1461000000.0,0.271,1461000000.0,1313000000.0,1313000000.0,9.55,9.51,9.55,7237000000.0,6552750000.0,7237000000.0,29445652937.0,22.0,20.154,1763000000.0,6.038,1.0,4012000000.0,0.745,1954000000.0,0.0,4261000000.0,3429250000.0,0.0,1999000000.0,1999000000.0,0.0,3924000000.0,2338000000.0,1586000000.0,31390652937.0,-284000000.0,0.0,-1158000000.0,0.0,0.0,-1340000000.0,-846000000.0,-711000000.0,1898000000.0,4000000.0,2830000000.0,2830000000.0,2830000000.0,0.0,0.0,0.525,2772000000.0,1240000000.0,61000000.0,0.0,4.338,11.092,11.258,439000000.0,0.0,107.51,5.826,5.826,798000000.0,7267000000.0,5388000000.0,5388000000.0,1555000000.0,0.28,0.432,0.383,0.244,329000000.0,1180000000.0,1.0,291978913.0,292000000,294000000.0,18.452,9207000000.0,1828000000.0,-1517000000.0,354000000.0,31.531,4291000000.0
7,EA,MRT,2019-09-30,2019-09-30,2019-09-30,2021-08-10,-10000000.0,10593000000.0,9539000000.0,6040000000.0,4553000000.0,0.533,24.264,-128000000.0,2940000000.0,2940000000.0,1281000000.0,2746000000.0,3.322,0.48,995000000.0,0.0,995000000.0,995000000.0,646000000.0,143000000.0,0.0,0.0,0.0,1204000000.0,1347000000.0,0.265,1347000000.0,1204000000.0,1204000000.0,9.24,9.19,9.24,7158000000.0,6079500000.0,7158000000.0,26290286770.0,22.0,19.518,1620000000.0,5.492,1.0,3803000000.0,0.748,1962000000.0,0.0,4868000000.0,2836500000.0,0.0,1943000000.0,1943000000.0,0.0,3435000000.0,1818000000.0,1617000000.0,28828286770.0,59000000.0,0.0,-1146000000.0,0.0,0.0,-1291000000.0,-390000000.0,-262000000.0,1748000000.0,-8000000.0,2746000000.0,2746000000.0,2746000000.0,0.0,0.0,0.54,2682000000.0,1121000000.0,148000000.0,0.0,4.027,10.498,10.587,442000000.0,0.0,97.82,5.67,5.676,856000000.0,7165000000.0,5084000000.0,5084000000.0,1500000000.0,0.288,0.452,0.424,0.237,313000000.0,1145000000.0,1.0,294707491.0,295000000,296000000.0,17.234,8631000000.0,1835000000.0,-1542000000.0,363000000.0,29.258,4222000000.0
8,EA,MRT,2019-06-30,2019-06-30,2019-06-30,2021-08-10,-17000000.0,9749000000.0,9003250000.0,5800000000.0,3949000000.0,0.558,21.835,-132000000.0,3533000000.0,3533000000.0,1294000000.0,2147000000.0,3.515,0.503,995000000.0,0.0,995000000.0,995000000.0,679000000.0,144000000.0,0.0,0.0,0.0,1196000000.0,1340000000.0,0.267,1340000000.0,1196000000.0,1196000000.0,7.19,7.13,7.19,6485000000.0,5619250000.0,6485000000.0,26386671036.0,22.0,19.692,1453000000.0,4.892,1.0,3728000000.0,0.742,1972000000.0,0.0,3589000000.0,2349250000.0,0.0,1654000000.0,1654000000.0,0.0,3264000000.0,1650000000.0,1614000000.0,30100671036.0,-343000000.0,-8000000.0,-1134000000.0,0.0,0.0,-1250000000.0,-678000000.0,-538000000.0,1585000000.0,0.0,2147000000.0,2147000000.0,2147000000.0,0.0,0.0,0.428,2617000000.0,1111000000.0,56000000.0,0.0,4.642,14.02,14.083,446000000.0,0.0,101.26,5.994,5.988,329000000.0,6499000000.0,5022000000.0,5022000000.0,1452000000.0,0.238,0.382,0.509,0.238,287000000.0,1128000000.0,1.0,297261219.0,297000000,299000000.0,16.909,7777000000.0,1208000000.0,-951000000.0,347000000.0,26.185,4150000000.0
9,EA,MRT,2019-03-31,2019-03-31,2019-03-31,2021-08-10,-30000000.0,8957000000.0,8627750000.0,6381000000.0,2576000000.0,0.574,17.594,-119000000.0,4708000000.0,4708000000.0,1322000000.0,1019000000.0,2.817,0.68,994000000.0,0.0,994000000.0,994000000.0,1100000000.0,145000000.0,0.0,0.0,0.0,1079000000.0,1224000000.0,0.247,1224000000.0,1079000000.0,1079000000.0,3.36,3.33,3.36,5331000000.0,5313000000.0,5331000000.0,27554897779.0,26.0,22.512,1428000000.0,4.713,1.0,3628000000.0,0.733,1979000000.0,0.0,999000000.0,1928750000.0,0.0,737000000.0,737000000.0,0.0,3626000000.0,2265000000.0,1361000000.0,30447897779.0,450000000.0,-58000000.0,-1131000000.0,0.0,0.0,-1253000000.0,169000000.0,346000000.0,1547000000.0,-13000000.0,1019000000.0,1019000000.0,1019000000.0,0.0,0.0,0.206,2632000000.0,996000000.0,113000000.0,0.0,5.711,29.88,30.247,448000000.0,0.0,101.63,6.151,6.221,623000000.0,5358000000.0,4950000000.0,4950000000.0,1433000000.0,0.118,0.192,0.559,0.218,284000000.0,1162000000.0,1.0,299595570.0,303000000,306000000.0,16.337,6978000000.0,35000000.0,60000000.0,235000000.0,23.03,4116000000.0
10,EA,MRT,2018-12-31,2018-12-31,2018-12-31,2021-08-10,-17000000.0,8857000000.0,8534500000.0,6247000000.0,2610000000.0,0.62,17.695,-104000000.0,3887000000.0,3887000000.0,1279000000.0,1417000000.0,2.989,0.657,994000000.0,0.0,994000000.0,994000000.0,928000000.0,147000000.0,0.0,0.0,0.0,1614000000.0,1761000000.0,0.333,1761000000.0,1614000000.0,1614000000.0,4.65,4.58,4.65,5344000000.0,5129000000.0,5344000000.0,21952975401.0,14.0,12.466,1459000000.0,4.831,1.0,4015000000.0,0.758,1984000000.0,0.0,1890000000.0,1897250000.0,0.0,1274000000.0,1274000000.0,0.0,3513000000.0,2090000000.0,1423000000.0,23840975401.0,1321000000.0,-58000000.0,-982000000.0,0.0,0.0,-1106000000.0,884000000.0,1046000000.0,1563000000.0,-20000000.0,1417000000.0,1417000000.0,1417000000.0,0.0,0.0,0.268,2462000000.0,1553000000.0,70000000.0,0.0,4.461,16.825,16.97,426000000.0,0.0,78.91,4.503,4.501,806000000.0,5358000000.0,5294000000.0,5294000000.0,1370000000.0,0.166,0.276,0.851,0.305,280000000.0,1066000000.0,1.0,302128696.0,302000000,304000000.0,17.53,6873000000.0,106000000.0,197000000.0,265000000.0,22.758,4157000000.0
11,EA,MRT,2018-09-30,2018-09-30,2018-09-30,2021-08-10,-19000000.0,8450000000.0,8480750000.0,5803000000.0,2647000000.0,0.609,17.433,-107000000.0,2881000000.0,2881000000.0,1367000000.0,969000000.0,3.519,0.589,993000000.0,0.0,993000000.0,993000000.0,574000000.0,147000000.0,0.0,0.0,0.0,1333000000.0,1480000000.0,0.287,1480000000.0,1333000000.0,1333000000.0,3.18,3.12,3.18,5317000000.0,4814500000.0,5317000000.0,33844552147.0,25.0,22.868,1351000000.0,4.43,1.0,3798000000.0,0.735,1994000000.0,0.0,2919000000.0,1925000000.0,0.0,1664000000.0,1664000000.0,0.0,3133000000.0,1649000000.0,1484000000.0,36727552147.0,814000000.0,-208000000.0,-840000000.0,0.0,0.0,-951000000.0,326000000.0,641000000.0,1458000000.0,-19000000.0,969000000.0,969000000.0,969000000.0,0.0,0.0,0.188,2508000000.0,1290000000.0,168000000.0,0.0,6.908,37.903,37.89,440000000.0,0.0,120.49,7.111,7.115,966000000.0,5199000000.0,5165000000.0,5165000000.0,1365000000.0,0.114,0.201,0.692,0.258,268000000.0,1123000000.0,1.0,304818260.0,305000000,307000000.0,16.934,6456000000.0,112000000.0,364000000.0,274000000.0,21.167,4154000000.0
12,EA,MRT,2018-06-30,2018-06-30,2018-06-30,2021-08-10,-26000000.0,8247000000.0,8348750000.0,5624000000.0,2623000000.0,0.579,17.19,-106000000.0,3876000000.0,3876000000.0,1338000000.0,692000000.0,3.842,0.568,993000000.0,0.0,993000000.0,993000000.0,602000000.0,143000000.0,0.0,0.0,0.0,1019000000.0,1162000000.0,0.24,1162000000.0,1019000000.0,1019000000.0,2.27,2.22,2.27,5260000000.0,4582250000.0,5260000000.0,40003580635.0,39.0,34.426,1530000000.0,5.0,1.0,3500000000.0,0.723,1993000000.0,0.0,1907000000.0,1909750000.0,0.0,1095000000.0,1095000000.0,0.0,2987000000.0,1464000000.0,1523000000.0,43269580635.0,1628000000.0,-200000000.0,-702000000.0,0.0,0.0,-816000000.0,807000000.0,1113000000.0,1636000000.0,1000000.0,692000000.0,692000000.0,692000000.0,0.0,0.0,0.143,2509000000.0,991000000.0,47000000.0,0.0,8.226,62.528,62.123,440000000.0,0.0,141.02,8.944,8.919,371000000.0,4944000000.0,4838000000.0,4838000000.0,1357000000.0,0.083,0.151,0.534,0.211,264000000.0,1138000000.0,1.0,306832936.0,306000000,310000000.0,15.81,6254000000.0,92000000.0,327000000.0,277000000.0,20.438,4160000000.0
13,EA,MRT,2018-03-31,2018-03-31,2018-03-31,2021-08-10,-127000000.0,8584000000.0,8130750000.0,6004000000.0,2580000000.0,0.633,14.919,-107000000.0,4258000000.0,4258000000.0,1277000000.0,1043000000.0,2.41,0.868,992000000.0,0.0,992000000.0,992000000.0,1622000000.0,136000000.0,0.0,0.0,0.0,1449000000.0,1585000000.0,0.308,1585000000.0,1449000000.0,1449000000.0,3.39,3.34,3.39,4595000000.0,4388750000.0,4595000000.0,35613702114.0,25.0,22.469,1585000000.0,5.146,1.0,3873000000.0,0.752,1954000000.0,0.0,873000000.0,2126500000.0,0.0,1073000000.0,1073000000.0,0.0,3989000000.0,2491000000.0,1498000000.0,37187702114.0,1693000000.0,-150000000.0,-523000000.0,0.0,0.0,-643000000.0,622000000.0,879000000.0,1692000000.0,22000000.0,1043000000.0,1043000000.0,1043000000.0,0.0,0.0,0.203,2439000000.0,1434000000.0,48000000.0,0.0,8.093,35.655,35.764,453000000.0,0.0,121.24,7.221,7.251,385000000.0,4062000000.0,5150000000.0,5150000000.0,1320000000.0,0.128,0.238,0.681,0.281,242000000.0,1110000000.0,1.0,306727995.0,308000000,312000000.0,16.721,6630000000.0,84000000.0,406000000.0,251000000.0,21.526,3513000000.0
14,EA,MRT,2017-12-31,2017-12-31,2017-12-31,2021-08-10,-95000000.0,8642000000.0,7914250000.0,5966000000.0,2676000000.0,0.644,13.266,-116000000.0,2566000000.0,2566000000.0,1246000000.0,1002000000.0,1.92,1.115,992000000.0,0.0,992000000.0,992000000.0,1946000000.0,129000000.0,0.0,0.0,0.0,1411000000.0,1540000000.0,0.302,1540000000.0,1411000000.0,1411000000.0,3.27,3.19,3.27,4086000000.0,4255000000.0,4086000000.0,31274648092.0,22.0,20.308,1398000000.0,4.539,1.0,3849000000.0,0.755,1960000000.0,0.0,2001000000.0,2411500000.0,0.0,2318000000.0,2318000000.0,0.0,4556000000.0,3107000000.0,1449000000.0,32350648092.0,83000000.0,-150000000.0,-482000000.0,0.0,0.0,-612000000.0,-854000000.0,-588000000.0,1514000000.0,35000000.0,1002000000.0,1002000000.0,1002000000.0,0.0,0.0,0.197,2451000000.0,1398000000.0,91000000.0,0.0,7.917,32.286,32.128,447000000.0,0.0,105.06,6.349,6.351,886000000.0,3455000000.0,5095000000.0,5095000000.0,1320000000.0,0.127,0.235,0.585,0.277,225000000.0,1126000000.0,1.0,307925453.0,308000000,308000000.0,16.542,6682000000.0,159000000.0,409000000.0,196000000.0,21.695,2859000000.0
15,EA,MRT,2017-09-30,2017-09-30,2017-09-30,2021-08-10,-73000000.0,7922000000.0,7683500000.0,5415000000.0,2507000000.0,0.662,14.201,-117000000.0,2067000000.0,2067000000.0,1261000000.0,1187000000.0,2.383,0.805,991000000.0,0.0,991000000.0,991000000.0,1116000000.0,144000000.0,0.0,0.0,0.0,1421000000.0,1565000000.0,0.308,1565000000.0,1421000000.0,1421000000.0,3.87,3.79,3.87,4388000000.0,4120750000.0,4388000000.0,35191394505.0,25.0,22.487,1685000000.0,5.453,1.0,3823000000.0,0.752,1716000000.0,0.0,2858000000.0,2305250000.0,0.0,2288000000.0,2288000000.0,0.0,3534000000.0,2272000000.0,1262000000.0,36448394505.0,321000000.0,0.0,-457000000.0,0.0,0.0,-586000000.0,-918000000.0,-801000000.0,1802000000.0,23000000.0,1187000000.0,1187000000.0,1187000000.0,0.0,0.0,0.233,2408000000.0,1415000000.0,187000000.0,0.0,8.306,30.706,30.506,444000000.0,0.0,118.06,7.169,7.176,812000000.0,3641000000.0,5084000000.0,5084000000.0,1276000000.0,0.154,0.288,0.616,0.28,210000000.0,1126000000.0,1.0,308727719.0,309000000,309000000.0,16.453,6206000000.0,248000000.0,234000000.0,123000000.0,20.084,3143000000.0
16,EA,MRT,2017-06-30,2017-06-30,2017-06-30,2021-08-10,-71000000.0,7375000000.0,7426000000.0,4902000000.0,2473000000.0,0.676,14.518,-116000000.0,2248000000.0,2248000000.0,1273000000.0,1171000000.0,3.009,0.644,991000000.0,0.0,991000000.0,991000000.0,882000000.0,157000000.0,0.0,0.0,0.0,1407000000.0,1564000000.0,0.311,1564000000.0,1407000000.0,1407000000.0,3.81,3.73,3.81,4486000000.0,3925750000.0,4486000000.0,31201197691.0,22.0,19.95,1756000000.0,5.683,1.0,3750000000.0,0.747,1715000000.0,0.0,2774000000.0,2178000000.0,0.0,2222000000.0,2222000000.0,0.0,2889000000.0,1629000000.0,1260000000.0,32776197691.0,206000000.0,0.0,-431000000.0,-136000000.0,0.0,-695000000.0,-966000000.0,-850000000.0,1872000000.0,-5000000.0,1171000000.0,1171000000.0,1171000000.0,0.0,0.0,0.233,2343000000.0,1407000000.0,38000000.0,0.0,7.306,27.99,27.748,436000000.0,0.0,105.72,6.525,6.504,222000000.0,3663000000.0,5023000000.0,5023000000.0,1236000000.0,0.158,0.298,0.646,0.28,196000000.0,1102000000.0,1.0,310028355.0,309000000,313000000.0,16.256,5660000000.0,232000000.0,236000000.0,115000000.0,18.317,3273000000.0
17,EA,MRT,2017-03-31,2017-03-31,2017-03-31,2021-08-10,-19000000.0,7718000000.0,7233500000.0,5199000000.0,2519000000.0,0.67,13.399,-123000000.0,2565000000.0,2565000000.0,1298000000.0,967000000.0,2.153,0.901,990000000.0,0.0,990000000.0,990000000.0,1539000000.0,172000000.0,0.0,0.0,0.0,1210000000.0,1382000000.0,0.285,1382000000.0,1210000000.0,1210000000.0,3.19,3.08,3.19,4060000000.0,3733250000.0,4060000000.0,26102840457.0,22.0,18.888,1455000000.0,4.802,1.0,3547000000.0,0.732,1715000000.0,0.0,2013000000.0,2056500000.0,0.0,1967000000.0,1967000000.0,0.0,3658000000.0,2415000000.0,1243000000.0,27595840457.0,72000000.0,0.0,-436000000.0,-163000000.0,0.0,-729000000.0,-759000000.0,-636000000.0,1578000000.0,-18000000.0,967000000.0,967000000.0,967000000.0,0.0,0.0,0.2,2323000000.0,1224000000.0,87000000.0,0.0,6.797,28.538,28.063,434000000.0,0.0,89.52,5.696,5.598,359000000.0,3027000000.0,4845000000.0,4845000000.0,1205000000.0,0.134,0.259,0.588,0.25,196000000.0,1112000000.0,1.0,308264527.0,303000000,314000000.0,15.99,6003000000.0,286000000.0,243000000.0,105000000.0,19.812,2784000000.0
18,EA,MRT,2016-12-31,2016-12-31,2016-12-31,2021-08-10,-1000000.0,7719000000.0,7066500000.0,5101000000.0,2618000000.0,0.655,11.713,-124000000.0,2483000000.0,2483000000.0,1322000000.0,1300000000.0,1.737,1.175,990000000.0,0.0,990000000.0,990000000.0,1971000000.0,188000000.0,0.0,0.0,0.0,1020000000.0,1208000000.0,0.261,1208000000.0,1020000000.0,1020000000.0,4.23,4.0,4.23,3549000000.0,3567250000.0,3549000000.0,23010263889.0,23.0,19.048,1655000000.0,5.462,1.0,3304000000.0,0.714,1713000000.0,0.0,1576000000.0,1934250000.0,35000000.0,1736000000.0,1736000000.0,0.0,4170000000.0,2937000000.0,1233000000.0,23766263889.0,220000000.0,0.0,-963000000.0,649000000.0,0.0,-655000000.0,-899000000.0,-775000000.0,1779000000.0,-5000000.0,1300000000.0,1300000000.0,1300000000.0,0.0,0.0,0.281,2261000000.0,1043000000.0,65000000.0,0.0,6.697,18.282,18.619,424000000.0,0.0,78.76,5.138,5.159,587000000.0,2461000000.0,4626000000.0,4626000000.0,1152000000.0,0.184,0.364,0.527,0.22,191000000.0,1103000000.0,1.0,301755509.0,303000000,303000000.0,15.267,6006000000.0,386000000.0,-280000000.0,89000000.0,19.822,2164000000.0
19,EA,MRT,2016-09-30,2016-09-30,2016-09-30,2021-08-10,-10000000.0,6892000000.0,6754250000.0,4260000000.0,2632000000.0,0.673,11.987,-120000000.0,1746000000.0,1746000000.0,1352000000.0,1256000000.0,2.078,0.91,990000000.0,0.0,990000000.0,990000000.0,1067000000.0,189000000.0,0.0,0.0,0.0,996000000.0,1185000000.0,0.261,1185000000.0,996000000.0,996000000.0,4.09,3.86,4.09,3608000000.0,3433000000.0,3608000000.0,24768321094.0,25.0,20.902,1411000000.0,4.688,1.0,3195000000.0,0.703,1737000000.0,0.0,2349000000.0,1446000000.0,50000000.0,1520000000.0,1520000000.0,0.0,3284000000.0,2050000000.0,1234000000.0,25685321094.0,148000000.0,0.0,-962000000.0,554000000.0,0.0,-735000000.0,-653000000.0,-533000000.0,1531000000.0,5000000.0,1256000000.0,1256000000.0,1256000000.0,0.0,0.0,0.276,2179000000.0,1016000000.0,206000000.0,0.0,7.119,20.45,20.88,431000000.0,0.0,85.4,5.649,5.653,723000000.0,2462000000.0,4547000000.0,4547000000.0,1133000000.0,0.186,0.366,0.689,0.219,185000000.0,1040000000.0,1.0,300764884.0,301000000,301000000.0,15.106,5155000000.0,366000000.0,-260000000.0,88000000.0,17.126,2210000000.0
20,EA,MRT,2016-06-30,2016-06-30,2016-06-30,2021-08-10,3000000.0,6605000000.0,6531250000.0,3972000000.0,2633000000.0,0.683,12.346,-109000000.0,2042000000.0,2042000000.0,1360000000.0,1154000000.0,2.407,0.777,1125000000.0,136000000.0,989000000.0,1125000000.0,873000000.0,194000000.0,0.0,0.0,0.0,920000000.0,1114000000.0,0.25,1114000000.0,920000000.0,920000000.0,3.77,3.54,3.77,3716000000.0,3317500000.0,3716000000.0,21508942008.0,23.0,19.308,1309000000.0,4.349,1.0,3104000000.0,0.695,1750000000.0,0.0,2288000000.0,988500000.0,26000000.0,1385000000.0,1385000000.0,0.0,2889000000.0,1650000000.0,1239000000.0,22849942008.0,232000000.0,0.0,-949000000.0,492000000.0,0.0,-750000000.0,-425000000.0,-316000000.0,1418000000.0,-11000000.0,1154000000.0,1154000000.0,1154000000.0,0.0,0.0,0.259,2158000000.0,946000000.0,44000000.0,0.0,6.149,19.801,20.095,435000000.0,0.0,75.76,5.119,5.108,246000000.0,2500000000.0,4464000000.0,4464000000.0,1107000000.0,0.177,0.348,0.931,0.206,181000000.0,1043000000.0,1.0,301609583.0,301000000,315000000.0,14.831,4855000000.0,343000000.0,-234000000.0,90000000.0,16.13,2322000000.0
21,EA,MRT,2016-03-31,2016-03-31,2016-03-31,2021-08-10,-16000000.0,7050000000.0,6310250000.0,4354000000.0,2696000000.0,0.697,10.955,-93000000.0,2493000000.0,2493000000.0,1354000000.0,1156000000.0,1.801,1.075,1152000000.0,161000000.0,991000000.0,1152000000.0,1458000000.0,197000000.0,0.0,0.0,0.0,877000000.0,1074000000.0,0.244,1074000000.0,877000000.0,877000000.0,3.73,3.5,3.73,3396000000.0,3222500000.0,3396000000.0,18525449062.0,21.0,17.249,1372000000.0,4.426,1.0,3042000000.0,0.692,1767000000.0,0.0,1524000000.0,592500000.0,0.0,1341000000.0,1341000000.0,0.0,3652000000.0,2418000000.0,1234000000.0,20448449062.0,425000000.0,0.0,-911000000.0,519000000.0,0.0,-548000000.0,-484000000.0,-391000000.0,1465000000.0,-8000000.0,1156000000.0,1156000000.0,1156000000.0,0.0,0.0,0.263,2144000000.0,898000000.0,89000000.0,0.0,6.021,17.689,17.724,439000000.0,0.0,66.11,4.652,4.662,233000000.0,2060000000.0,4396000000.0,4396000000.0,1109000000.0,0.183,0.359,1.48,0.199,178000000.0,1028000000.0,1.0,309309470.0,310000000,330000000.0,14.181,5283000000.0,387000000.0,-279000000.0,82000000.0,17.042,1936000000.0
22,EA,MRT,2015-12-31,2015-12-31,2015-12-31,2021-08-10,-57000000.0,6470000000.0,6084500000.0,4152000000.0,2318000000.0,0.702,9.685,-95000000.0,2263000000.0,2263000000.0,1362000000.0,652000000.0,1.32,1.146,340000000.0,333000000.0,7000000.0,340000000.0,1844000000.0,204000000.0,0.0,0.0,0.0,748000000.0,952000000.0,0.223,952000000.0,748000000.0,748000000.0,2.1,1.93,2.1,3012000000.0,3132500000.0,3012000000.0,20195714902.0,27.0,21.214,930000000.0,2.99,1.0,2911000000.0,0.681,1779000000.0,0.0,-377000000.0,246750000.0,42000000.0,966000000.0,966000000.0,0.0,3451000000.0,3145000000.0,306000000.0,21358714902.0,97000000.0,0.0,-364000000.0,-293000000.0,0.0,-578000000.0,-293000000.0,-198000000.0,1025000000.0,-57000000.0,652000000.0,652000000.0,652000000.0,0.0,0.0,0.153,2149000000.0,762000000.0,128000000.0,0.0,7.091,32.759,32.724,415000000.0,0.0,68.72,4.999,5.002,621000000.0,1161000000.0,4273000000.0,4273000000.0,1112000000.0,0.107,0.208,3.031,0.175,167000000.0,1029000000.0,1.0,310807842.0,311000000,311000000.0,13.74,4691000000.0,54000000.0,96000000.0,138000000.0,15.084,1007000000.0
23,EA,MRT,2015-09-30,2015-09-30,2015-09-30,2021-08-10,-44000000.0,6000000000.0,6008750000.0,3646000000.0,2354000000.0,0.72,10.083,-89000000.0,1598000000.0,1598000000.0,1217000000.0,839000000.0,1.444,0.903,435000000.0,422000000.0,13000000.0,435000000.0,1113000000.0,207000000.0,0.0,0.0,0.0,934000000.0,1141000000.0,0.264,1141000000.0,934000000.0,934000000.0,2.7,2.51,2.7,3146000000.0,3051250000.0,3146000000.0,19943783776.0,21.0,17.479,729000000.0,2.337,1.0,3112000000.0,0.719,1793000000.0,0.0,519000000.0,271000000.0,62000000.0,990000000.0,990000000.0,0.0,2841000000.0,2525000000.0,316000000.0,21120783776.0,-26000000.0,0.0,-332000000.0,-198000000.0,0.0,-457000000.0,-317000000.0,-228000000.0,818000000.0,-70000000.0,839000000.0,839000000.0,839000000.0,0.0,0.0,0.194,2157000000.0,955000000.0,188000000.0,0.0,6.714,25.174,25.093,430000000.0,0.0,67.75,4.879,4.883,737000000.0,1206000000.0,4329000000.0,4329000000.0,1129000000.0,0.14,0.275,3.446,0.216,164000000.0,1018000000.0,1.0,311745886.0,312000000,312000000.0,13.875,4207000000.0,60000000.0,95000000.0,141000000.0,13.484,1121000000.0
24,EA,MRT,2015-06-30,2015-06-30,2015-06-30,2021-08-10,-14000000.0,5721000000.0,6016500000.0,3326000000.0,2395000000.0,0.749,10.727,-92000000.0,1810000000.0,1810000000.0,1235000000.0,982000000.0,1.639,0.707,633000000.0,608000000.0,25000000.0,633000000.0,775000000.0,213000000.0,0.0,0.0,0.0,1080000000.0,1293000000.0,0.287,1293000000.0,1080000000.0,1080000000.0,3.16,2.97,3.16,3336000000.0,2932250000.0,3336000000.0,19486455541.0,18.0,15.071,900000000.0,2.894,1.0,3269000000.0,0.726,1811000000.0,0.0,704000000.0,327500000.0,34000000.0,1069000000.0,1069000000.0,0.0,2360000000.0,2029000000.0,331000000.0,20921455541.0,256000000.0,0.0,-319000000.0,0.0,0.0,-269000000.0,-403000000.0,-311000000.0,992000000.0,-64000000.0,982000000.0,982000000.0,982000000.0,0.0,0.0,0.218,2171000000.0,1098000000.0,43000000.0,0.0,6.271,21.305,21.044,444000000.0,0.0,66.5,4.645,4.592,144000000.0,1346000000.0,4504000000.0,4504000000.0,1125000000.0,0.163,0.335,3.298,0.24,160000000.0,1036000000.0,1.0,314608354.0,311000000,335000000.0,14.482,3910000000.0,67000000.0,98000000.0,151000000.0,12.572,1297000000.0
25,EA,MRT,2015-03-31,2015-03-31,2015-03-31,2021-08-10,2000000.0,6147000000.0,5955250000.0,3720000000.0,2427000000.0,0.758,9.762,-95000000.0,2068000000.0,2068000000.0,1429000000.0,875000000.0,1.354,1.014,633000000.0,602000000.0,31000000.0,633000000.0,1283000000.0,220000000.0,0.0,0.0,0.0,925000000.0,1145000000.0,0.254,1145000000.0,925000000.0,925000000.0,2.81,2.69,2.81,3036000000.0,2776500000.0,3036000000.0,16701761106.0,18.0,14.587,972000000.0,3.125,1.0,3086000000.0,0.683,1824000000.0,0.0,141000000.0,360500000.0,36000000.0,953000000.0,953000000.0,0.0,3080000000.0,2747000000.0,333000000.0,18234761106.0,286000000.0,0.0,-277000000.0,0.0,0.0,-255000000.0,-470000000.0,-375000000.0,1067000000.0,-56000000.0,875000000.0,875000000.0,875000000.0,0.0,0.0,0.194,2138000000.0,948000000.0,68000000.0,0.0,6.006,20.84,20.931,459000000.0,0.0,58.815,4.039,4.051,362000000.0,904000000.0,4515000000.0,4515000000.0,1094000000.0,0.147,0.315,2.566,0.205,144000000.0,1033000000.0,1.0,310035894.0,311000000,325000000.0,14.518,4323000000.0,67000000.0,50000000.0,150000000.0,13.9,973000000.0
26,EA,MRT,2014-12-31,2014-12-31,2014-12-31,2021-08-10,23000000.0,6167000000.0,5847500000.0,3754000000.0,2413000000.0,0.762,8.64,-79000000.0,2166000000.0,2166000000.0,1418000000.0,847000000.0,1.223,1.281,633000000.0,596000000.0,37000000.0,633000000.0,1583000000.0,222000000.0,0.0,0.0,0.0,865000000.0,1087000000.0,0.244,1087000000.0,865000000.0,865000000.0,2.74,2.69,2.74,2687000000.0,2623000000.0,2687000000.0,13585672495.0,16.0,12.498,1071000000.0,3.444,1.0,3035000000.0,0.682,1845000000.0,0.0,-280000000.0,381250000.0,39000000.0,774000000.0,774000000.0,0.0,3443000000.0,3069000000.0,374000000.0,14618672495.0,420000000.0,0.0,-185000000.0,0.0,0.0,-156000000.0,-536000000.0,-457000000.0,1150000000.0,-38000000.0,847000000.0,847000000.0,847000000.0,0.0,0.0,0.19,2143000000.0,892000000.0,77000000.0,0.0,5.441,17.259,17.159,461000000.0,0.0,47.015,3.283,3.284,488000000.0,509000000.0,4453000000.0,4453000000.0,1098000000.0,0.145,0.323,2.269,0.194,147000000.0,1029000000.0,1.0,310936350.0,311000000,323000000.0,14.318,4322000000.0,63000000.0,18000000.0,173000000.0,13.897,685000000.0
27,EA,MRT,2014-09-30,2014-09-30,2014-09-30,2021-08-10,53000000.0,6031000000.0,5699000000.0,3532000000.0,2499000000.0,0.726,8.53,-92000000.0,1624000000.0,1624000000.0,1534000000.0,397000000.0,1.48,1.259,591000000.0,0.0,591000000.0,591000000.0,1281000000.0,227000000.0,0.0,0.0,0.0,411000000.0,638000000.0,0.154,638000000.0,411000000.0,411000000.0,1.28,1.25,1.28,2670000000.0,2452250000.0,2670000000.0,10164152527.0,25.0,15.931,1061000000.0,3.39,1.0,2601000000.0,0.629,1866000000.0,0.0,745000000.0,406750000.0,67000000.0,764000000.0,764000000.0,0.0,3361000000.0,2387000000.0,974000000.0,11132152527.0,534000000.0,0.0,-92000000.0,0.0,0.0,-65000000.0,-535000000.0,-443000000.0,1153000000.0,-19000000.0,397000000.0,397000000.0,397000000.0,0.0,0.0,0.096,2163000000.0,438000000.0,191000000.0,0.0,4.169,28.041,27.82,483000000.0,0.0,35.61,2.692,2.696,829000000.0,367000000.0,4135000000.0,4135000000.0,1090000000.0,0.07,0.162,1.01,0.099,148000000.0,1058000000.0,1.0,312613101.0,313000000,322000000.0,13.211,4165000000.0,67000000.0,14000000.0,174000000.0,13.307,1145000000.0
28,EA,MRT,2014-06-30,2014-06-30,2014-06-30,2021-08-10,61000000.0,5476000000.0,5450250000.0,2930000000.0,2546000000.0,0.705,8.668,-95000000.0,1554000000.0,1554000000.0,1520000000.0,121000000.0,1.641,1.018,586000000.0,0.0,586000000.0,586000000.0,1051000000.0,227000000.0,0.0,0.0,0.0,133000000.0,360000000.0,0.094,360000000.0,133000000.0,133000000.0,0.38,0.35,0.38,2713000000.0,2356250000.0,2713000000.0,10080536779.0,76.0,28.001,869000000.0,2.776,1.0,2320000000.0,0.604,1886000000.0,0.0,836000000.0,401250000.0,37000000.0,762000000.0,762000000.0,0.0,2763000000.0,1786000000.0,977000000.0,11282536779.0,498000000.0,0.0,10000000.0,0.0,0.0,35000000.0,-506000000.0,-411000000.0,964000000.0,5000000.0,121000000.0,121000000.0,121000000.0,0.0,0.0,0.032,2158000000.0,162000000.0,69000000.0,0.0,4.159,93.244,94.395,503000000.0,0.0,35.87,2.938,2.924,219000000.0,364000000.0,3840000000.0,3840000000.0,1112000000.0,0.022,0.051,0.331,0.035,146000000.0,1076000000.0,1.0,314539637.0,313000000,322000000.0,12.268,3590000000.0,73000000.0,12000000.0,175000000.0,11.47,1144000000.0
29,EA,MRT,2014-03-31,2014-03-31,2014-03-31,2021-08-10,37000000.0,5716000000.0,5232500000.0,3138000000.0,2578000000.0,0.683,7.864,-97000000.0,1782000000.0,1782000000.0,1347000000.0,8000000.0,1.313,1.36,580000000.0,0.0,580000000.0,580000000.0,1490000000.0,227000000.0,0.0,0.0,0.0,7000000.0,234000000.0,0.065,234000000.0,7000000.0,7000000.0,0.03,0.03,0.03,2422000000.0,2301000000.0,2422000000.0,7810212079.0,1116.0,33.377,615000000.0,1.997,1.0,2228000000.0,0.623,1900000000.0,0.0,224000000.0,425000000.0,56000000.0,583000000.0,583000000.0,0.0,3294000000.0,2390000000.0,904000000.0,8981212079.0,490000000.0,-5000000.0,77000000.0,0.0,0.0,89000000.0,-301000000.0,-199000000.0,712000000.0,-10000000.0,8000000.0,8000000.0,8000000.0,0.0,0.0,0.002,2195000000.0,33000000.0,119000000.0,0.0,3.708,1122.652,967.0,510000000.0,0.0,29.01,2.512,2.499,327000000.0,29000000.0,3575000000.0,3575000000.0,1125000000.0,0.002,0.003,0.016,0.002,150000000.0,1090000000.0,1.0,309590213.0,308000000,316000000.0,11.607,3816000000.0,102000000.0,-1000000.0,207000000.0,12.39,748000000.0
30,EA,MRT,2013-12-31,2013-12-31,2013-12-31,2021-08-10,52000000.0,5573000000.0,5071000000.0,2921000000.0,2652000000.0,0.722,6.485,-106000000.0,1746000000.0,1746000000.0,1433000000.0,-36000000.0,1.099,1.781,575000000.0,0.0,575000000.0,575000000.0,1699000000.0,256000000.0,0.0,0.0,0.0,0.0,256000000.0,0.07,256000000.0,0.0,0.0,-0.12,-0.15,-0.12,2004000000.0,2262250000.0,2004000000.0,6571270884.0,,25.669,558000000.0,1.806,1.0,2228000000.0,0.609,1921000000.0,0.0,-178000000.0,480500000.0,55000000.0,324000000.0,324000000.0,0.0,3569000000.0,2659000000.0,910000000.0,7091270884.0,588000000.0,1000000.0,53000000.0,0.0,0.0,52000000.0,-112000000.0,-7000000.0,664000000.0,-16000000.0,-36000000.0,-36000000.0,-36000000.0,0.0,0.0,-0.01,2230000000.0,-2000000.0,137000000.0,0.0,3.539,-196.98,-191.167,518000000.0,0.0,22.94,1.937,1.936,526000000.0,-338000000.0,3661000000.0,3661000000.0,1123000000.0,-0.007,-0.016,0.0,0.0,153000000.0,1124000000.0,1.0,309122532.0,309000000,309000000.0,11.848,3652000000.0,97000000.0,36000000.0,211000000.0,11.819,262000000.0
31,EA,MRT,2013-09-30,2013-09-30,2013-09-30,2021-08-10,62000000.0,5036000000.0,4937500000.0,2340000000.0,2696000000.0,0.765,7.422,-103000000.0,1090000000.0,1090000000.0,1345000000.0,227000000.0,1.264,1.203,570000000.0,0.0,570000000.0,570000000.0,935000000.0,264000000.0,0.0,0.0,0.0,265000000.0,529000000.0,0.14,529000000.0,265000000.0,265000000.0,0.73,0.7,0.73,2286000000.0,2250750000.0,2286000000.0,7342086170.0,28.0,13.879,239000000.0,0.776,1.0,2430000000.0,0.644,1942000000.0,0.0,723000000.0,590250000.0,58000000.0,328000000.0,328000000.0,0.0,2750000000.0,1851000000.0,899000000.0,7834086170.0,219000000.0,1000000.0,-104000000.0,0.0,0.0,-107000000.0,-9000000.0,93000000.0,342000000.0,-7000000.0,227000000.0,227000000.0,227000000.0,0.0,0.0,0.06,2179000000.0,251000000.0,208000000.0,0.0,3.427,34.511,35.0,532000000.0,0.0,25.55,2.075,2.085,594000000.0,-30000000.0,3775000000.0,3775000000.0,1126000000.0,0.046,0.101,0.449,0.07,152000000.0,1109000000.0,1.0,306617854.0,308000000,308000000.0,12.256,3094000000.0,99000000.0,38000000.0,208000000.0,10.045,489000000.0
32,EA,MRT,2013-06-30,2013-06-30,2013-06-30,2021-08-10,56000000.0,4605000000.0,4976250000.0,1884000000.0,2721000000.0,0.762,8.197,-104000000.0,1056000000.0,1056000000.0,1377000000.0,119000000.0,1.537,0.848,564000000.0,0.0,564000000.0,564000000.0,590000000.0,264000000.0,0.0,0.0,0.0,157000000.0,421000000.0,0.111,421000000.0,157000000.0,157000000.0,0.41,0.38,0.41,2492000000.0,2217750000.0,2492000000.0,6224563798.0,40.0,14.785,216000000.0,0.711,1.0,2414000000.0,0.637,1956000000.0,0.0,931000000.0,601000000.0,41000000.0,355000000.0,355000000.0,0.0,2113000000.0,1226000000.0,887000000.0,6957563798.0,137000000.0,16000000.0,-222000000.0,-2000000.0,0.0,-252000000.0,70000000.0,158000000.0,320000000.0,-1000000.0,119000000.0,119000000.0,119000000.0,0.0,0.0,0.031,2275000000.0,139000000.0,48000000.0,0.0,2.792,58.467,56.073,537000000.0,0.0,22.99,1.835,1.844,120000000.0,243000000.0,3791000000.0,3791000000.0,1149000000.0,0.024,0.054,0.261,0.041,158000000.0,1135000000.0,1.0,302634354.0,304000000,312000000.0,12.47,2649000000.0,101000000.0,38000000.0,202000000.0,8.714,658000000.0
33,EA,MRT,2013-03-31,2013-03-31,2013-03-31,2021-08-10,69000000.0,5070000000.0,5031250000.0,2325000000.0,2745000000.0,0.755,7.313,-106000000.0,1292000000.0,1292000000.0,1388000000.0,98000000.0,1.213,1.236,559000000.0,0.0,559000000.0,559000000.0,1044000000.0,264000000.0,0.0,0.0,0.0,139000000.0,403000000.0,0.106,403000000.0,139000000.0,139000000.0,0.32,0.31,0.32,2267000000.0,2232750000.0,2267000000.0,4707345996.0,34.0,11.681,218000000.0,0.703,1.0,2409000000.0,0.634,1974000000.0,0.0,446000000.0,631000000.0,42000000.0,388000000.0,388000000.0,0.0,2803000000.0,1917000000.0,886000000.0,5311345996.0,-1000000.0,21000000.0,-315000000.0,-2000000.0,0.0,-345000000.0,32000000.0,117000000.0,324000000.0,-12000000.0,98000000.0,98000000.0,98000000.0,0.0,0.0,0.026,2288000000.0,121000000.0,136000000.0,0.0,2.343,54.197,55.312,548000000.0,0.0,17.7,1.399,1.445,312000000.0,21000000.0,3797000000.0,3797000000.0,1153000000.0,0.019,0.044,0.22,0.037,164000000.0,1142000000.0,1.0,300076045.0,310000000,313000000.0,12.248,3096000000.0,105000000.0,41000000.0,206000000.0,9.987,408000000.0
34,EA,MRT,2012-12-31,2012-12-31,2012-12-31,2021-08-10,119000000.0,5039000000.0,5136500000.0,2229000000.0,2810000000.0,0.77,6.441,-125000000.0,1158000000.0,1158000000.0,1453000000.0,175000000.0,1.039,1.574,554000000.0,0.0,554000000.0,554000000.0,1213000000.0,246000000.0,0.0,0.0,0.0,170000000.0,416000000.0,0.105,416000000.0,170000000.0,170000000.0,0.48,0.48,0.48,1958000000.0,2280500000.0,1958000000.0,4108565471.0,24.0,9.876,253000000.0,0.832,1.0,2503000000.0,0.633,2028000000.0,0.0,261000000.0,652000000.0,59000000.0,334000000.0,334000000.0,0.0,3081000000.0,2146000000.0,935000000.0,4430565471.0,-84000000.0,90000000.0,-540000000.0,-2000000.0,0.0,-595000000.0,119000000.0,154000000.0,378000000.0,14000000.0,175000000.0,175000000.0,175000000.0,0.0,0.0,0.044,2326000000.0,177000000.0,93000000.0,0.0,2.263,25.318,30.25,550000000.0,0.0,14.52,1.12,1.116,382000000.0,-302000000.0,3956000000.0,3956000000.0,1118000000.0,0.034,0.077,0.261,0.043,163000000.0,1217000000.0,1.0,305135363.0,304000000,304000000.0,13.013,3011000000.0,114000000.0,-5000000.0,213000000.0,9.905,83000000.0
35,EA,MRT,2012-09-30,2012-09-30,2012-09-30,2021-08-10,149000000.0,5191000000.0,5300750000.0,2332000000.0,2859000000.0,0.773,6.816,-144000000.0,871000000.0,871000000.0,1576000000.0,15000000.0,1.14,1.41,549000000.0,0.0,549000000.0,549000000.0,953000000.0,234000000.0,0.0,0.0,0.0,10000000.0,244000000.0,0.06,244000000.0,10000000.0,10000000.0,0.01,0.01,0.01,2154000000.0,2357250000.0,2154000000.0,3665419035.0,367.0,15.022,346000000.0,1.095,1.0,2519000000.0,0.615,2057000000.0,0.0,766000000.0,705000000.0,71000000.0,444000000.0,444000000.0,0.0,3037000000.0,2046000000.0,991000000.0,4040419035.0,-59000000.0,71000000.0,-421000000.0,-2000000.0,0.0,-473000000.0,-72000000.0,1000000.0,490000000.0,-4000000.0,15000000.0,15000000.0,15000000.0,0.0,0.0,0.004,2486000000.0,33000000.0,219000000.0,0.0,1.876,269.361,1269.0,561000000.0,0.0,12.69,0.987,0.979,643000000.0,-257000000.0,4095000000.0,4095000000.0,1165000000.0,0.003,0.006,0.014,0.002,172000000.0,1294000000.0,1.0,318393935.0,316000000,316000000.0,12.959,3134000000.0,113000000.0,-5000000.0,211000000.0,9.918,286000000.0
36,EA,MRT,2012-06-30,2012-06-30,2012-06-30,2021-08-10,115000000.0,4825000000.0,5361750000.0,1951000000.0,2874000000.0,0.764,8.05,-145000000.0,919000000.0,919000000.0,1563000000.0,56000000.0,1.46,0.891,544000000.0,0.0,544000000.0,544000000.0,584000000.0,229000000.0,0.0,0.0,0.0,4000000.0,233000000.0,0.057,233000000.0,4000000.0,-2000000.0,0.19,0.19,0.19,2552000000.0,2453750000.0,2552000000.0,3171609174.0,793.0,13.612,162000000.0,0.511,1.0,2536000000.0,0.619,2063000000.0,6000000.0,1051000000.0,779500000.0,60000000.0,520000000.0,520000000.0,0.0,2273000000.0,1336000000.0,937000000.0,3925609174.0,-254000000.0,-576000000.0,-343000000.0,510000000.0,0.0,143000000.0,-665000000.0,56000000.0,307000000.0,-39000000.0,56000000.0,56000000.0,56000000.0,0.0,0.0,0.014,2513000000.0,23000000.0,50000000.0,0.0,1.538,70.1,65.0,558000000.0,0.0,12.35,0.958,0.955,111000000.0,124000000.0,4099000000.0,4099000000.0,1177000000.0,0.01,0.023,0.005,0.001,171000000.0,1285000000.0,1.0,317863091.0,317000000,320000000.0,12.931,2762000000.0,112000000.0,-58000000.0,200000000.0,8.713,615000000.0
37,EA,MRT,2012-03-31,2012-03-31,2012-03-31,2021-08-10,173000000.0,5491000000.0,5244250000.0,2609000000.0,2882000000.0,0.79,7.426,-146000000.0,1293000000.0,1293000000.0,1598000000.0,76000000.0,1.231,1.234,539000000.0,0.0,539000000.0,539000000.0,1048000000.0,216000000.0,0.0,0.0,0.0,18000000.0,234000000.0,0.056,234000000.0,18000000.0,18000000.0,0.23,0.23,0.23,2458000000.0,2503250000.0,2458000000.0,4754936307.0,264.0,20.32,131000000.0,0.396,1.0,2545000000.0,0.614,2087000000.0,0.0,530000000.0,689500000.0,59000000.0,556000000.0,556000000.0,0.0,3033000000.0,2120000000.0,913000000.0,5462936307.0,-286000000.0,-601000000.0,-349000000.0,510000000.0,0.0,140000000.0,-689000000.0,58000000.0,277000000.0,-14000000.0,76000000.0,76000000.0,76000000.0,0.0,0.0,0.018,2510000000.0,35000000.0,215000000.0,0.0,2.223,71.881,71.674,568000000.0,0.0,16.485,1.319,1.317,366000000.0,-77000000.0,4143000000.0,4143000000.0,1180000000.0,0.014,0.03,0.026,0.004,170000000.0,1260000000.0,1.0,331388311.0,331000000,336000000.0,12.517,3404000000.0,109000000.0,-58000000.0,197000000.0,10.284,489000000.0
38,EA,MRT,2011-12-31,2011-12-31,2011-12-31,2021-08-10,190000000.0,5696000000.0,5103500000.0,2806000000.0,2890000000.0,0.757,6.822,-123000000.0,1242000000.0,1242000000.0,1552000000.0,-173000000.0,1.171,1.515,534000000.0,0.0,534000000.0,534000000.0,1439000000.0,190000000.0,0.0,0.0,0.0,-188000000.0,2000000.0,0.001,2000000.0,-188000000.0,-194000000.0,-0.53,-0.54,-0.53,2265000000.0,2529750000.0,2265000000.0,6426364579.0,-34.0,3213.182,120000000.0,0.361,1.0,2313000000.0,0.598,2118000000.0,6000000.0,473000000.0,580500000.0,69000000.0,549000000.0,549000000.0,0.0,3431000000.0,2397000000.0,1034000000.0,6827364579.0,-111000000.0,-676000000.0,-167000000.0,510000000.0,0.0,348000000.0,-697000000.0,102000000.0,243000000.0,-5000000.0,-173000000.0,-173000000.0,-173000000.0,0.0,0.0,-0.045,2498000000.0,-185000000.0,112000000.0,0.0,3.014,-39.465,-38.868,547000000.0,0.0,20.6,1.766,1.77,526000000.0,-477000000.0,3865000000.0,3865000000.0,1227000000.0,-0.034,-0.068,-0.324,-0.049,167000000.0,1189000000.0,1.0,331425465.0,332000000,332000000.0,11.642,3578000000.0,136000000.0,-21000000.0,265000000.0,10.777,409000000.0
39,EA,MRT,2011-09-30,2011-09-30,2011-09-30,2021-08-10,258000000.0,5435000000.0,4861250000.0,2568000000.0,2867000000.0,0.793,7.674,-94000000.0,930000000.0,930000000.0,1586000000.0,-290000000.0,1.385,1.14,529000000.0,0.0,529000000.0,529000000.0,849000000.0,180000000.0,0.0,0.0,0.0,-298000000.0,-118000000.0,-0.031,-118000000.0,-298000000.0,-304000000.0,-0.88,-0.89,-0.88,2540000000.0,2553000000.0,2540000000.0,5574230628.0,-19.0,-47.239,23000000.0,0.069,1.0,2271000000.0,0.589,2116000000.0,6000000.0,1064000000.0,487000000.0,90000000.0,569000000.0,569000000.0,0.0,2895000000.0,1854000000.0,1041000000.0,6747230628.0,-126000000.0,-673000000.0,-130000000.0,510000000.0,0.0,384000000.0,-634000000.0,133000000.0,117000000.0,7000000.0,-290000000.0,-290000000.0,-290000000.0,0.0,0.0,-0.075,2576000000.0,-305000000.0,213000000.0,0.0,2.656,-23.266,-23.239,532000000.0,0.0,20.45,1.749,1.755,562000000.0,-272000000.0,3857000000.0,3857000000.0,1175000000.0,-0.06,-0.114,-0.612,-0.077,167000000.0,1150000000.0,1.0,329937928.0,331000000,331000000.0,11.653,3319000000.0,142000000.0,-14000000.0,271000000.0,10.027,714000000.0
40,EA,MRT,2011-06-30,2011-06-30,2011-06-30,2021-08-10,240000000.0,4355000000.0,4626000000.0,2354000000.0,2001000000.0,0.816,8.308,-80000000.0,1173000000.0,1173000000.0,1517000000.0,-151000000.0,1.922,0.584,0.0,0.0,0.0,0.0,530000000.0,175000000.0,0.0,0.0,0.0,-142000000.0,33000000.0,0.009,33000000.0,-142000000.0,-142000000.0,-0.46,-0.47,-0.46,2750000000.0,2577500000.0,2750000000.0,6266768269.0,-44.0,189.902,114000000.0,0.344,1.0,2256000000.0,0.598,1266000000.0,0.0,691000000.0,373000000.0,75000000.0,675000000.0,675000000.0,0.0,1605000000.0,1225000000.0,380000000.0,7845768269.0,116000000.0,-41000000.0,-102000000.0,0.0,0.0,-99000000.0,-26000000.0,95000000.0,194000000.0,47000000.0,-151000000.0,-151000000.0,-151000000.0,0.0,0.0,-0.04,2439000000.0,-183000000.0,91000000.0,0.0,2.853,-51.959,-51.304,516000000.0,0.0,23.6,2.079,2.07,30000000.0,68000000.0,3773000000.0,3773000000.0,1134000000.0,-0.033,-0.059,-0.381,-0.038,167000000.0,1090000000.0,1.0,332447808.0,331000000,337000000.0,11.399,3089000000.0,107000000.0,9000000.0,234000000.0,9.332,1129000000.0
41,EA,MRT,2011-03-31,2011-03-31,2011-03-31,2021-08-10,219000000.0,4928000000.0,4598500000.0,3032000000.0,1896000000.0,0.78,7.77,-59000000.0,1579000000.0,1579000000.0,1499000000.0,-276000000.0,1.515,0.922,0.0,0.0,0.0,0.0,1005000000.0,180000000.0,0.0,0.0,0.0,-279000000.0,-99000000.0,-0.028,-99000000.0,-279000000.0,-279000000.0,-0.84,-0.84,-0.84,2564000000.0,2578000000.0,2564000000.0,5176195738.0,-19.0,-52.285,261000000.0,0.791,1.0,2090000000.0,0.582,1254000000.0,0.0,94000000.0,387250000.0,77000000.0,658000000.0,658000000.0,0.0,2364000000.0,2001000000.0,363000000.0,6529195738.0,306000000.0,-16000000.0,-24000000.0,0.0,0.0,-23000000.0,-15000000.0,60000000.0,320000000.0,24000000.0,-276000000.0,-276000000.0,-276000000.0,0.0,0.0,-0.077,2402000000.0,-312000000.0,228000000.0,0.0,2.546,-23.657,-23.25,513000000.0,0.0,19.53,1.819,1.796,335000000.0,-153000000.0,3589000000.0,3589000000.0,1124000000.0,-0.06,-0.107,-0.72,-0.078,176000000.0,1077000000.0,1.0,334316218.0,330000000,330000000.0,10.876,3674000000.0,105000000.0,-3000000.0,229000000.0,11.133,1031000000.0
42,EA,MRT,2010-12-31,2010-12-31,2010-12-31,2021-08-10,155000000.0,4727000000.0,4528000000.0,2714000000.0,2013000000.0,0.768,7.102,-60000000.0,1353000000.0,1353000000.0,1469000000.0,-397000000.0,1.352,1.005,0.0,0.0,0.0,0.0,1100000000.0,188000000.0,0.0,0.0,0.0,-348000000.0,-160000000.0,-0.046,-160000000.0,-348000000.0,-348000000.0,-1.19,-1.19,-1.19,2358000000.0,2619250000.0,2358000000.0,4379453647.0,-13.0,-27.372,260000000.0,0.783,1.0,2009000000.0,0.578,1267000000.0,0.0,99000000.0,489250000.0,105000000.0,618000000.0,618000000.0,0.0,2369000000.0,2008000000.0,361000000.0,5435453647.0,239000000.0,-21000000.0,31000000.0,0.0,0.0,32000000.0,-108000000.0,-27000000.0,320000000.0,-5000000.0,-397000000.0,-397000000.0,-397000000.0,0.0,0.0,-0.114,2383000000.0,-374000000.0,162000000.0,0.0,2.305,-13.691,-13.765,502000000.0,0.0,16.38,1.563,1.564,390000000.0,-304000000.0,3478000000.0,3478000000.0,1136000000.0,-0.088,-0.152,-0.711,-0.1,180000000.0,1029000000.0,1.0,331834777.0,332000000,332000000.0,10.476,3460000000.0,66000000.0,49000000.0,188000000.0,10.422,706000000.0
43,EA,MRT,2010-09-30,2010-09-30,2010-09-30,2021-08-10,144000000.0,4494000000.0,4581000000.0,2485000000.0,2009000000.0,0.801,8.018,-61000000.0,1056000000.0,1056000000.0,1537000000.0,-157000000.0,1.585,0.704,0.0,0.0,0.0,0.0,743000000.0,192000000.0,0.0,0.0,0.0,-155000000.0,37000000.0,0.01,37000000.0,-155000000.0,-155000000.0,-0.47,-0.47,-0.47,2638000000.0,2679500000.0,2638000000.0,4375536453.0,-28.0,118.258,131000000.0,0.398,1.0,2131000000.0,0.581,1262000000.0,0.0,608000000.0,625000000.0,155000000.0,601000000.0,601000000.0,0.0,1856000000.0,1568000000.0,288000000.0,5432536453.0,14000000.0,-380000000.0,31000000.0,0.0,0.0,45000000.0,-212000000.0,229000000.0,192000000.0,-11000000.0,-157000000.0,-157000000.0,-157000000.0,0.0,0.0,-0.043,2309000000.0,-178000000.0,205000000.0,0.0,2.059,-34.602,-34.995,510000000.0,0.0,16.448,1.481,1.475,444000000.0,18000000.0,3668000000.0,3668000000.0,1153000000.0,-0.034,-0.059,-0.248,-0.042,200000000.0,993000000.0,1.0,330295574.0,329000000,329000000.0,11.149,3232000000.0,70000000.0,2000000.0,181000000.0,9.824,917000000.0
44,EA,MRT,2010-06-30,2010-06-30,2010-06-30,2021-08-10,113000000.0,4245000000.0,4708000000.0,2228000000.0,2017000000.0,0.812,8.39,-308000000.0,1057000000.0,1057000000.0,1767000000.0,-347000000.0,1.912,0.543,0.0,0.0,0.0,0.0,490000000.0,192000000.0,0.0,0.0,0.0,-355000000.0,-163000000.0,-0.043,-163000000.0,-355000000.0,-355000000.0,-1.07,-1.07,-1.07,2752000000.0,2684000000.0,2752000000.0,3474348584.0,-10.0,-21.315,24000000.0,0.073,1.0,2058000000.0,0.538,1275000000.0,0.0,748000000.0,732000000.0,82000000.0,673000000.0,673000000.0,0.0,1493000000.0,1165000000.0,328000000.0,4747348584.0,-148000000.0,-380000000.0,37000000.0,0.0,0.0,51000000.0,-513000000.0,175000000.0,332000000.0,-18000000.0,-347000000.0,-347000000.0,-347000000.0,0.0,0.0,-0.091,2401000000.0,-343000000.0,55000000.0,0.0,1.725,-13.681,-13.458,516000000.0,0.0,14.4,1.241,1.235,103000000.0,219000000.0,3825000000.0,3825000000.0,1192000000.0,-0.074,-0.129,-0.485,-0.093,201000000.0,1021000000.0,1.0,329676985.0,328000000,332000000.0,11.662,2970000000.0,92000000.0,-8000000.0,231000000.0,9.055,1063000000.0
45,EA,MRT,2010-03-31,2010-03-31,2010-03-31,2021-08-10,228000000.0,4646000000.0,4827250000.0,2585000000.0,2061000000.0,0.757,8.397,-305000000.0,1273000000.0,1273000000.0,1866000000.0,-677000000.0,1.642,0.702,0.0,0.0,0.0,0.0,766000000.0,192000000.0,0.0,0.0,0.0,-706000000.0,-514000000.0,-0.141,-514000000.0,-706000000.0,-706000000.0,-2.08,-2.08,-2.08,2729000000.0,2746250000.0,2729000000.0,4981181686.0,-7.0,-9.691,-153000000.0,-0.471,1.0,1788000000.0,0.489,1297000000.0,0.0,502000000.0,853750000.0,100000000.0,723000000.0,723000000.0,0.0,1917000000.0,1574000000.0,343000000.0,6095181686.0,-348000000.0,-383000000.0,39000000.0,0.0,0.0,53000000.0,-572000000.0,116000000.0,152000000.0,19000000.0,-677000000.0,-677000000.0,-677000000.0,0.0,0.0,-0.185,2474000000.0,-686000000.0,91000000.0,0.0,2.233,-9.003,-8.971,537000000.0,0.0,18.66,1.668,1.66,206000000.0,123000000.0,3654000000.0,3654000000.0,1229000000.0,-0.14,-0.247,-0.827,-0.193,187000000.0,1050000000.0,1.0,326644249.0,325000000,325000000.0,11.243,3349000000.0,96000000.0,-29000000.0,244000000.0,10.305,1011000000.0
46,EA,MRT,2009-12-31,2009-12-31,2009-12-31,2021-08-10,238000000.0,4939000000.0,4835250000.0,2782000000.0,2157000000.0,0.731,7.997,-308000000.0,1114000000.0,1114000000.0,1917000000.0,-749000000.0,1.487,0.9,0.0,0.0,0.0,0.0,895000000.0,188000000.0,0.0,0.0,0.0,-845000000.0,-657000000.0,-0.186,-657000000.0,-845000000.0,-845000000.0,-2.3,-2.3,-2.3,2599000000.0,2847500000.0,2599000000.0,4735181818.0,-6.0,-7.207,-194000000.0,-0.597,1.0,1618000000.0,0.458,1312000000.0,0.0,642000000.0,951500000.0,144000000.0,670000000.0,670000000.0,0.0,2340000000.0,1871000000.0,469000000.0,5777181818.0,-265000000.0,-378000000.0,39000000.0,0.0,0.0,52000000.0,-451000000.0,235000000.0,114000000.0,20000000.0,-749000000.0,-749000000.0,-749000000.0,0.0,0.0,-0.212,2449000000.0,-831000000.0,186000000.0,0.0,2.223,-7.713,-7.717,550000000.0,0.0,17.75,1.634,1.632,495000000.0,93000000.0,3535000000.0,3535000000.0,1250000000.0,-0.155,-0.263,-0.888,-0.239,201000000.0,990000000.0,1.0,325475032.0,325000000,325000000.0,10.877,3627000000.0,169000000.0,-96000000.0,330000000.0,11.16,911000000.0
47,EA,MRT,2009-09-30,2009-09-30,2009-09-30,2021-08-10,297000000.0,5002000000.0,4901500000.0,3227000000.0,1775000000.0,0.805,8.198,-319000000.0,1042000000.0,1042000000.0,2188000000.0,-1308000000.0,1.687,0.883,0.0,0.0,0.0,0.0,792000000.0,188000000.0,0.0,0.0,0.0,-1052000000.0,-864000000.0,-0.219,-864000000.0,-1052000000.0,-1052000000.0,-4.05,-4.05,-4.05,2656000000.0,2961000000.0,2656000000.0,4958104749.0,-5.0,-5.739,-214000000.0,-0.66,1.0,1758000000.0,0.446,1011000000.0,0.0,1036000000.0,1039250000.0,250000000.0,970000000.0,970000000.0,0.0,2346000000.0,1913000000.0,433000000.0,6163104749.0,-255000000.0,-19000000.0,45000000.0,0.0,0.0,31000000.0,-385000000.0,-47000000.0,105000000.0,-6000000.0,-1308000000.0,-1308000000.0,-1308000000.0,0.0,0.0,-0.331,2786000000.0,-1028000000.0,273000000.0,0.0,2.32,-4.712,-4.704,569000000.0,0.0,19.05,1.562,1.564,646000000.0,175000000.0,3946000000.0,3946000000.0,1259000000.0,-0.267,-0.442,-1.012,-0.267,177000000.0,1030000000.0,1.0,323522559.0,324000000,324000000.0,12.179,3991000000.0,145000000.0,256000000.0,344000000.0,12.318,1314000000.0
48,EA,MRT,2009-06-30,2009-06-30,2009-06-30,2021-08-10,314000000.0,4722000000.0,5141500000.0,3176000000.0,1546000000.0,0.788,9.291,-92000000.0,1205000000.0,1205000000.0,2152000000.0,-1227000000.0,2.521,0.573,0.0,0.0,0.0,0.0,433000000.0,196000000.0,0.0,0.0,0.0,-1025000000.0,-829000000.0,-0.205,-829000000.0,-1025000000.0,-1025000000.0,-3.81,-3.81,-3.81,3001000000.0,3304000000.0,3001000000.0,5393579776.0,-5.0,-6.506,-117000000.0,-0.362,1.0,1900000000.0,0.469,1022000000.0,0.0,1235000000.0,1207500000.0,215000000.0,1074000000.0,1074000000.0,0.0,1721000000.0,1260000000.0,461000000.0,7014579776.0,6000000.0,-19000000.0,67000000.0,0.0,0.0,60000000.0,7000000.0,118000000.0,-25000000.0,-36000000.0,-1227000000.0,-1227000000.0,-1227000000.0,0.0,0.0,-0.303,2875000000.0,-975000000.0,166000000.0,0.0,2.337,-5.717,-5.701,341000000.0,0.0,21.72,1.731,1.731,375000000.0,566000000.0,4052000000.0,4052000000.0,1315000000.0,-0.239,-0.371,-0.849,-0.253,186000000.0,1041000000.0,1.0,322954870.0,323000000,323000000.0,12.545,3700000000.0,123000000.0,202000000.0,355000000.0,11.455,1916000000.0
49,EA,MRT,2009-03-31,2009-03-31,2009-03-31,2021-08-10,189000000.0,4678000000.0,5404500000.0,3120000000.0,1558000000.0,0.779,9.794,-115000000.0,1621000000.0,1621000000.0,2127000000.0,-1088000000.0,2.746,0.493,0.0,0.0,0.0,0.0,261000000.0,198000000.0,0.0,0.0,0.0,-855000000.0,-657000000.0,-0.156,-657000000.0,-855000000.0,-855000000.0,-3.4,-3.4,-3.4,3134000000.0,3635250000.0,3134000000.0,4474904017.0,-5.0,-6.811,-103000000.0,-0.322,1.0,2085000000.0,0.495,1028000000.0,0.0,893000000.0,1423000000.0,217000000.0,899000000.0,899000000.0,0.0,1544000000.0,1136000000.0,408000000.0,5853904017.0,68000000.0,-58000000.0,89000000.0,0.0,0.0,91000000.0,23000000.0,196000000.0,12000000.0,-58000000.0,-1088000000.0,-1088000000.0,-1088000000.0,0.0,0.0,-0.258,2912000000.0,-827000000.0,152000000.0,0.0,1.868,-5.38,-5.35,354000000.0,0.0,18.19,1.39,1.382,116000000.0,800000000.0,4212000000.0,4212000000.0,1359000000.0,-0.201,-0.299,-0.601,-0.203,203000000.0,1023000000.0,1.0,321819902.0,320000000,320000000.0,13.162,3650000000.0,112000000.0,233000000.0,310000000.0,11.406,1984000000.0
50,EA,MRT,2008-12-31,2008-12-31,2008-12-31,2021-08-10,134000000.0,5204000000.0,5749750000.0,3637000000.0,1567000000.0,0.779,9.511,-112000000.0,1379000000.0,1379000000.0,2241000000.0,-1139000000.0,2.034,0.705,0.0,0.0,0.0,0.0,512000000.0,201000000.0,0.0,0.0,0.0,-932000000.0,-731000000.0,-0.163,-731000000.0,-932000000.0,-932000000.0,-3.57,-3.57,-3.57,3053000000.0,3936500000.0,3053000000.0,3849930727.0,-4.0,-5.267,-30000000.0,-0.093,1.0,2239000000.0,0.5,1044000000.0,0.0,993000000.0,1647250000.0,295000000.0,882000000.0,882000000.0,0.0,2151000000.0,1788000000.0,363000000.0,5146930727.0,-499000000.0,-665000000.0,107000000.0,0.0,0.0,115000000.0,-647000000.0,130000000.0,82000000.0,-49000000.0,-1139000000.0,-1139000000.0,-1139000000.0,0.0,0.0,-0.254,3042000000.0,-803000000.0,333000000.0,0.0,1.686,-4.519,-4.493,372000000.0,0.0,16.04,1.149,1.149,794000000.0,842000000.0,4480000000.0,4480000000.0,1343000000.0,-0.198,-0.289,-0.566,-0.208,192000000.0,1051000000.0,1.0,320880968.0,321000000,321000000.0,13.956,4160000000.0,81000000.0,207000000.0,270000000.0,12.96,1849000000.0
51,EA,MRT,2008-09-30,2008-09-30,2008-09-30,2021-08-10,508000000.0,5962000000.0,6060000000.0,3835000000.0,2127000000.0,0.714,12.627,-110000000.0,1297000000.0,1297000000.0,2098000000.0,-531000000.0,2.5,0.48,0.0,0.0,0.0,0.0,424000000.0,195000000.0,0.0,0.0,0.0,-588000000.0,-393000000.0,-0.091,-393000000.0,-588000000.0,-588000000.0,-1.67,-1.67,-1.67,4028000000.0,4249000000.0,4028000000.0,10594227408.0,-18.0,-26.957,109000000.0,0.342,1.0,2231000000.0,0.515,1422000000.0,0.0,1709000000.0,1877000000.0,328000000.0,1168000000.0,1168000000.0,0.0,1934000000.0,1534000000.0,400000000.0,11793227408.0,223000000.0,-649000000.0,175000000.0,0.0,0.0,211000000.0,-205000000.0,554000000.0,219000000.0,-2000000.0,-531000000.0,-531000000.0,-531000000.0,0.0,0.0,-0.123,2723000000.0,-492000000.0,309000000.0,0.0,2.928,-22.209,-22.15,417000000.0,0.0,36.99,2.724,2.726,547000000.0,1483000000.0,4329000000.0,4329000000.0,1365000000.0,-0.088,-0.125,-0.313,-0.136,186000000.0,1027000000.0,1.0,318822044.0,319000000,319000000.0,13.571,4540000000.0,425000000.0,-57000000.0,289000000.0,14.232,2301000000.0
52,EA,MRT,2008-06-30,2008-06-30,2008-06-30,2021-08-10,587000000.0,5774000000.0,5949500000.0,3617000000.0,2157000000.0,0.685,13.604,-101000000.0,1199000000.0,1199000000.0,1936000000.0,-416000000.0,3.491,0.335,0.0,0.0,0.0,0.0,192000000.0,178000000.0,0.0,0.0,0.0,-439000000.0,-261000000.0,-0.064,-261000000.0,-439000000.0,-439000000.0,-1.32,-1.32,-1.32,4326000000.0,4259750000.0,4326000000.0,12594316805.0,-29.0,-48.254,138000000.0,0.434,1.0,2139000000.0,0.525,1442000000.0,0.0,2097000000.0,2066500000.0,223000000.0,1480000000.0,1480000000.0,0.0,1448000000.0,1036000000.0,412000000.0,14147316805.0,536000000.0,-649000000.0,199000000.0,0.0,0.0,251000000.0,22000000.0,772000000.0,239000000.0,24000000.0,-416000000.0,-416000000.0,-416000000.0,0.0,0.0,-0.102,2541000000.0,-402000000.0,167000000.0,0.0,3.27,-34.008,-33.659,392000000.0,0.0,44.43,3.472,3.467,269000000.0,1793000000.0,4075000000.0,4075000000.0,1252000000.0,-0.07,-0.098,-0.212,-0.108,172000000.0,986000000.0,1.0,318418114.0,318000000,318000000.0,12.814,4332000000.0,331000000.0,-23000000.0,306000000.0,13.623,2581000000.0
53,EA,MRT,2008-03-31,2008-03-31,2008-03-31,2021-08-10,584000000.0,6059000000.0,5762250000.0,3925000000.0,2134000000.0,0.636,13.818,-84000000.0,1553000000.0,1553000000.0,1805000000.0,-454000000.0,3.022,0.396,0.0,0.0,0.0,0.0,387000000.0,164000000.0,0.0,0.0,0.0,-507000000.0,-343000000.0,-0.094,-343000000.0,-507000000.0,-507000000.0,-1.45,-1.45,-1.45,4339000000.0,4191500000.0,4339000000.0,13935628397.0,-27.0,-40.629,254000000.0,0.809,1.0,1860000000.0,0.508,1417000000.0,0.0,1790000000.0,2249250000.0,168000000.0,1463000000.0,1463000000.0,0.0,1720000000.0,1299000000.0,421000000.0,15813628397.0,182000000.0,-607000000.0,192000000.0,0.0,0.0,243000000.0,-429000000.0,262000000.0,338000000.0,30000000.0,-454000000.0,-454000000.0,-454000000.0,0.0,0.0,-0.124,2347000000.0,-487000000.0,182000000.0,0.0,3.645,-34.832,-34.428,396000000.0,0.0,49.92,4.315,4.277,306000000.0,1888000000.0,3665000000.0,3665000000.0,1145000000.0,-0.079,-0.108,-0.225,-0.138,150000000.0,927000000.0,1.0,316779415.0,314000000,314000000.0,11.672,4642000000.0,309000000.0,-53000000.0,324000000.0,14.783,2626000000.0
54,EA,MRT,2007-12-31,2007-12-31,2007-12-31,2021-08-10,593000000.0,6445000000.0,5534000000.0,4897000000.0,1548000000.0,0.569,13.66,-120000000.0,1878000000.0,1878000000.0,1578000000.0,-385000000.0,2.801,0.498,0.0,0.0,0.0,0.0,595000000.0,152000000.0,0.0,0.0,0.0,-413000000.0,-261000000.0,-0.083,-261000000.0,-413000000.0,-413000000.0,-1.22,-1.22,-1.22,4303000000.0,4114750000.0,4303000000.0,17323636655.0,-42.0,-66.374,147000000.0,0.467,1.0,1573000000.0,0.499,907000000.0,0.0,1912000000.0,2253000000.0,178000000.0,1571000000.0,1542000000.0,29000000.0,2142000000.0,1748000000.0,394000000.0,18397636655.0,679000000.0,-9000000.0,195000000.0,0.0,0.0,249000000.0,122000000.0,251000000.0,267000000.0,41000000.0,-385000000.0,-385000000.0,-385000000.0,0.0,0.0,-0.122,2095000000.0,-522000000.0,371000000.0,0.0,4.276,-47.786,-47.877,393000000.0,0.0,58.41,5.839,5.839,830000000.0,1981000000.0,3151000000.0,3151000000.0,1088000000.0,-0.07,-0.094,-0.183,-0.131,133000000.0,891000000.0,1.0,314974091.0,315000000,315000000.0,10.003,5538000000.0,211000000.0,-28000000.0,309000000.0,17.581,3149000000.0
55,EA,MRT,2007-09-30,2007-09-30,2007-09-30,2021-08-10,452000000.0,5520000000.0,5183500000.0,3853000000.0,1667000000.0,0.565,13.006,-127000000.0,1074000000.0,1074000000.0,1266000000.0,-192000000.0,3.635,0.356,0.0,0.0,0.0,0.0,364000000.0,148000000.0,0.0,0.0,0.0,-196000000.0,-48000000.0,-0.016,-48000000.0,-196000000.0,-196000000.0,-0.6,-0.62,-0.6,4071000000.0,4008500000.0,4071000000.0,16802429504.0,-86.0,-350.051,18000000.0,0.058,1.0,1663000000.0,0.568,919000000.0,0.0,2467000000.0,2224250000.0,103000000.0,1851000000.0,1818000000.0,33000000.0,1449000000.0,1060000000.0,389000000.0,17465429504.0,-138000000.0,-36000000.0,169000000.0,0.0,0.0,224000000.0,-544000000.0,-381000000.0,145000000.0,37000000.0,-192000000.0,-192000000.0,-192000000.0,0.0,0.0,-0.066,1977000000.0,-314000000.0,224000000.0,0.0,4.29,-90.966,-93.317,507000000.0,0.0,55.99,5.963,5.983,424000000.0,2014000000.0,2929000000.0,2929000000.0,1097000000.0,-0.037,-0.048,-0.088,-0.067,130000000.0,839000000.0,1.0,311938373.0,313000000,313000000.0,9.358,4601000000.0,251000000.0,-4000000.0,302000000.0,14.7,2793000000.0
56,EA,MRT,2007-06-30,2007-06-30,2007-06-30,2021-08-10,361000000.0,5025000000.0,4931250000.0,3395000000.0,1630000000.0,0.623,13.032,-152000000.0,663000000.0,663000000.0,1210000000.0,25000000.0,5.64,0.24,0.0,0.0,0.0,0.0,68000000.0,148000000.0,0.0,0.0,0.0,84000000.0,232000000.0,0.075,232000000.0,84000000.0,84000000.0,0.09,0.07,0.09,4053000000.0,3888500000.0,4053000000.0,13367906335.0,159.0,57.62,91000000.0,0.293,1.0,1863000000.0,0.606,932000000.0,0.0,2828000000.0,1989000000.0,74000000.0,2219000000.0,2186000000.0,33000000.0,972000000.0,602000000.0,370000000.0,14738906335.0,-585000000.0,-103000000.0,149000000.0,0.0,0.0,189000000.0,-1045000000.0,-790000000.0,243000000.0,28000000.0,25000000.0,25000000.0,25000000.0,0.0,0.0,0.008,1889000000.0,-26000000.0,119000000.0,0.0,3.637,589.556,525.778,494000000.0,0.0,47.32,4.796,4.789,123000000.0,2209000000.0,3073000000.0,3073000000.0,1076000000.0,0.005,0.006,0.042,0.027,124000000.0,771000000.0,1.0,311473084.0,311000000,311000000.0,9.881,4093000000.0,163000000.0,59000000.0,290000000.0,13.161,2793000000.0
57,EA,MRT,2007-03-31,2007-03-31,2007-03-31,2021-08-10,294000000.0,5146000000.0,4723250000.0,3597000000.0,1549000000.0,0.654,13.091,-176000000.0,1371000000.0,1371000000.0,1212000000.0,76000000.0,3.506,0.276,0.0,0.0,0.0,0.0,32000000.0,147000000.0,0.0,0.0,0.0,142000000.0,289000000.0,0.093,289000000.0,142000000.0,142000000.0,0.25,0.24,0.25,4032000000.0,3732500000.0,4032000000.0,14414757020.0,102.0,49.878,221000000.0,0.718,1.0,1879000000.0,0.608,944000000.0,0.0,1805000000.0,1633000000.0,62000000.0,1605000000.0,1605000000.0,0.0,1114000000.0,1026000000.0,88000000.0,15613757020.0,129000000.0,-103000000.0,168000000.0,-14000000.0,0.0,190000000.0,-487000000.0,-208000000.0,397000000.0,29000000.0,76000000.0,76000000.0,76000000.0,0.0,0.0,0.025,1840000000.0,39000000.0,180000000.0,0.0,3.872,205.444,201.44,484000000.0,0.0,50.36,5.051,5.018,256000000.0,2323000000.0,3091000000.0,3091000000.0,1041000000.0,0.016,0.02,0.087,0.046,133000000.0,754000000.0,1.0,310042832.0,308000000,317000000.0,10.036,4202000000.0,109000000.0,66000000.0,8000000.0,13.643,2571000000.0
58,EA,MRT,2006-12-31,2006-12-31,2006-12-31,2021-08-10,188000000.0,5043000000.0,4533250000.0,3531000000.0,1512000000.0,0.688,12.55,-152000000.0,1199000000.0,1199000000.0,1221000000.0,85000000.0,3.222,0.3,0.0,0.0,0.0,0.0,75000000.0,137000000.0,0.0,0.0,0.0,222000000.0,359000000.0,0.115,359000000.0,222000000.0,222000000.0,0.28,0.26,0.28,3878000000.0,3576500000.0,3878000000.0,14323809106.0,65.0,39.899,368000000.0,1.191,1.0,1898000000.0,0.609,951000000.0,0.0,1797000000.0,1530750000.0,72000000.0,1453000000.0,1447000000.0,6000000.0,1165000000.0,1096000000.0,69000000.0,15535809106.0,-263000000.0,-754000000.0,188000000.0,-14000000.0,0.0,201000000.0,-1009000000.0,-105000000.0,520000000.0,25000000.0,85000000.0,85000000.0,85000000.0,0.0,0.0,0.027,1764000000.0,134000000.0,170000000.0,0.0,4.006,182.774,179.857,451000000.0,0.0,50.36,4.981,4.989,551000000.0,2342000000.0,3119000000.0,3119000000.0,971000000.0,0.019,0.024,0.145,0.071,123000000.0,729000000.0,1.0,308495018.0,309000000,319000000.0,10.094,4092000000.0,92000000.0,137000000.0,6000000.0,13.243,2435000000.0
59,EA,MRT,2006-09-30,2006-09-30,2006-09-30,2021-08-10,157000000.0,4511000000.0,4355250000.0,3009000000.0,1502000000.0,0.714,11.697,-151000000.0,1212000000.0,1212000000.0,1253000000.0,184000000.0,3.612,0.253,0.0,0.0,0.0,0.0,0.0,121000000.0,0.0,0.0,0.0,343000000.0,464000000.0,0.149,464000000.0,343000000.0,343000000.0,0.62,0.59,0.62,3591000000.0,3442250000.0,3591000000.0,15876174940.0,46.0,34.216,420000000.0,1.368,1.0,1855000000.0,0.597,940000000.0,0.0,1526000000.0,1516500000.0,67000000.0,1175000000.0,1164000000.0,11000000.0,907000000.0,833000000.0,74000000.0,17124174940.0,637000000.0,-725000000.0,231000000.0,-14000000.0,0.0,229000000.0,-167000000.0,708000000.0,571000000.0,4000000.0,184000000.0,184000000.0,184000000.0,0.0,0.0,0.059,1589000000.0,266000000.0,199000000.0,0.0,4.769,93.066,90.065,448000000.0,0.0,55.84,5.51,5.516,267000000.0,2182000000.0,3108000000.0,3108000000.0,847000000.0,0.042,0.053,0.226,0.11,114000000.0,678000000.0,1.0,306665024.0,307000000,315000000.0,10.124,3571000000.0,89000000.0,159000000.0,13000000.0,11.632,2176000000.0
60,EA,MRT,2006-06-30,2006-06-30,2006-06-30,2021-08-10,107000000.0,4193000000.0,4166000000.0,2814000000.0,1379000000.0,0.72,11.206,-126000000.0,1248000000.0,1248000000.0,1198000000.0,213000000.0,4.169,0.219,0.0,0.0,0.0,0.0,0.0,107000000.0,0.0,0.0,0.0,365000000.0,472000000.0,0.157,472000000.0,365000000.0,365000000.0,0.72,0.68,0.72,3429000000.0,3290500000.0,3429000000.0,11934992589.0,33.0,25.286,463000000.0,1.513,1.0,1801000000.0,0.601,866000000.0,0.0,1404000000.0,1701250000.0,59000000.0,1160000000.0,1149000000.0,11000000.0,751000000.0,675000000.0,76000000.0,13176992589.0,374000000.0,-658000000.0,-148000000.0,-14000000.0,0.0,-158000000.0,-60000000.0,723000000.0,589000000.0,3000000.0,213000000.0,213000000.0,213000000.0,0.0,0.0,0.071,1500000000.0,301000000.0,114000000.0,0.0,3.843,61.864,59.778,418000000.0,0.0,43.04,4.394,4.392,41000000.0,2160000000.0,2999000000.0,2999000000.0,791000000.0,0.051,0.065,0.215,0.122,168000000.0,657000000.0,1.0,306156891.0,306000000,306000000.0,9.801,3327000000.0,86000000.0,152000000.0,18000000.0,10.873,2139000000.0
61,EA,MRT,2006-03-31,2006-03-31,2006-03-31,2021-08-10,83000000.0,4386000000.0,4097250000.0,3012000000.0,1374000000.0,0.72,11.211,-121000000.0,1242000000.0,1242000000.0,1181000000.0,236000000.0,3.466,0.283,0.0,0.0,0.0,0.0,9000000.0,95000000.0,0.0,0.0,0.0,383000000.0,478000000.0,0.162,478000000.0,383000000.0,383000000.0,0.78,0.75,0.78,3408000000.0,3225000000.0,3408000000.0,15161662345.0,40.0,31.719,475000000.0,1.562,1.0,1770000000.0,0.6,879000000.0,0.0,1396000000.0,1886750000.0,61000000.0,1201000000.0,1190000000.0,11000000.0,966000000.0,869000000.0,97000000.0,16623662345.0,-28000000.0,-661000000.0,-503000000.0,0.0,0.0,-503000000.0,-108000000.0,674000000.0,596000000.0,-13000000.0,236000000.0,236000000.0,236000000.0,0.0,0.0,0.08,1445000000.0,325000000.0,163000000.0,0.0,4.878,70.439,70.154,392000000.0,0.0,54.72,5.633,5.637,199000000.0,2241000000.0,2951000000.0,2951000000.0,758000000.0,0.058,0.073,0.203,0.13,136000000.0,646000000.0,1.0,303794999.0,304000000,314000000.0,9.707,3507000000.0,86000000.0,147000000.0,29000000.0,11.536,2143000000.0
62,EA,MRT,2005-12-31,2005-12-31,2005-12-31,2021-08-10,87000000.0,4331000000.0,4093250000.0,3662000000.0,669000000.0,0.7,11.1,-131000000.0,1462000000.0,1462000000.0,1171000000.0,259000000.0,3.867,0.292,0.0,0.0,0.0,0.0,0.0,90000000.0,0.0,0.0,0.0,356000000.0,446000000.0,0.156,446000000.0,356000000.0,356000000.0,0.86,0.82,0.86,3341000000.0,3247500000.0,3341000000.0,15148263375.0,43.0,33.965,602000000.0,2.0,1.0,1693000000.0,0.591,182000000.0,0.0,1740000000.0,2063750000.0,76000000.0,1272000000.0,1261000000.0,11000000.0,977000000.0,947000000.0,30000000.0,15723263375.0,499000000.0,-22000000.0,-474000000.0,0.0,0.0,-474000000.0,263000000.0,419000000.0,733000000.0,-23000000.0,259000000.0,259000000.0,259000000.0,0.0,0.0,0.09,1393000000.0,300000000.0,187000000.0,0.0,4.706,60.708,60.826,375000000.0,0.0,52.31,5.49,5.498,567000000.0,2257000000.0,2864000000.0,2864000000.0,731000000.0,0.063,0.08,0.173,0.124,160000000.0,643000000.0,1.0,300578539.0,301000000,311000000.0,9.515,4149000000.0,103000000.0,97000000.0,0.0,13.784,2715000000.0
63,EA,MRT,2005-09-30,2005-09-30,2005-09-30,2021-08-10,106000000.0,3754000000.0,4119520250.0,3107000000.0,647000000.0,0.734,9.881,-136000000.0,575000000.0,575000000.0,1172000000.0,375000000.0,4.262,0.254,0.0,0.0,0.0,0.0,0.0,88000000.0,0.0,0.0,0.0,533000000.0,621000000.0,0.205,621000000.0,533000000.0,533000000.0,1.23,1.17,1.23,2984000000.0,3245965500.0,2984000000.0,16393227712.0,31.0,26.398,456000000.0,1.51,1.0,1850000000.0,0.612,185000000.0,0.0,2265000000.0,2190972500.0,74000000.0,1847000000.0,1837000000.0,10000000.0,758000000.0,729000000.0,29000000.0,17267227712.0,-811000000.0,-84000000.0,-535000000.0,0.0,0.0,-535000000.0,-869000000.0,-647000000.0,592000000.0,1000000.0,375000000.0,375000000.0,375000000.0,0.0,0.0,0.124,1378000000.0,472000000.0,171000000.0,0.0,5.787,46.046,46.252,364000000.0,0.0,56.89,5.714,5.685,328000000.0,1998000000.0,3022000000.0,3022000000.0,710000000.0,0.091,0.116,0.243,0.176,148000000.0,649000000.0,1.0,303519559.0,302000000,314000000.0,10.007,3569000000.0,101000000.0,158000000.0,0.0,11.818,2378000000.0
64,EA,MRT,2005-06-30,2005-06-30,2005-06-30,2021-08-10,96000000.0,3918000000.0,4106684000.0,3263000000.0,655000000.0,0.746,10.282,-132000000.0,874000000.0,874000000.0,1172000000.0,421000000.0,4.596,0.234,0.0,0.0,0.0,0.0,0.0,82000000.0,0.0,0.0,0.0,610000000.0,692000000.0,0.226,692000000.0,610000000.0,610000000.0,1.38,1.32,1.38,3167000000.0,3226652500.0,3167000000.0,16081636734.0,26.0,23.239,537000000.0,1.744,1.0,1891000000.0,0.617,188000000.0,0.0,2146000000.0,1986591000.0,66000000.0,1884000000.0,1875000000.0,9000000.0,741000000.0,710000000.0,31000000.0,17351636734.0,-259000000.0,-84000000.0,-162000000.0,0.0,0.0,-162000000.0,-767000000.0,-549000000.0,669000000.0,1000000.0,421000000.0,421000000.0,421000000.0,0.0,0.0,0.137,1343000000.0,548000000.0,113000000.0,0.0,5.479,41.215,41.022,359000000.0,0.0,56.61,5.665,5.692,167000000.0,1947000000.0,3063000000.0,3063000000.0,685000000.0,0.103,0.13,0.307,0.199,73000000.0,639000000.0,1.0,306511866.0,308000000,308000000.0,9.945,3730000000.0,104000000.0,189000000.0,0.0,12.11,2553000000.0
65,EA,MRT,2005-03-31,2005-03-31,2005-03-31,2021-08-10,56000000.0,4370000000.0,3969743250.0,3706000000.0,664000000.0,0.788,11.469,-110000000.0,1270000000.0,1270000000.0,1197000000.0,504000000.0,4.592,0.246,0.0,0.0,0.0,0.0,0.0,75000000.0,0.0,0.0,0.0,725000000.0,800000000.0,0.256,800000000.0,725000000.0,725000000.0,1.65,1.59,1.65,3498000000.0,3121551250.0,3498000000.0,14981679675.0,21.0,18.727,524000000.0,1.718,1.0,1932000000.0,0.617,189000000.0,0.0,2104000000.0,1835419000.0,62000000.0,1838000000.0,1828000000.0,10000000.0,861000000.0,807000000.0,54000000.0,15944918675.0,-880000000.0,-81000000.0,200000000.0,0.0,0.0,200000000.0,-1726000000.0,-1534000000.0,634000000.0,12000000.0,504000000.0,504000000.0,504000000.0,0.0,0.0,0.161,1263000000.0,669000000.0,134000000.0,0.0,4.558,31.637,31.382,353000000.0,0.0,51.78,5.096,5.047,296000000.0,2005000000.0,3129000000.0,3129000000.0,633000000.0,0.127,0.161,0.395,0.232,81000000.0,612000000.0,1.0,307935857.0,305000000,318000000.0,10.259,4181000000.0,105000000.0,221000000.0,0.0,13.708,2899000000.0
66,EA,MRT,2004-12-31,2004-12-31,2004-12-31,2021-08-10,23725000.0,4436081000.0,3743243250.0,3815383000.0,620698000.0,0.848,10.898,-99176000.0,963239000.0,963239000.0,1190020000.0,585748000.0,3.585,0.33,0.0,0.0,0.0,0.0,0.0,71085000.0,0.0,0.0,0.0,813926000.0,885011000.0,0.279,885011000.0,813926000.0,813926000.0,1.92,1.85,1.92,3334862000.0,2916551250.0,3334862000.0,17446858545.0,21.0,19.714,622732000.0,2.035,1.0,1984271000.0,0.625,159729000.0,0.0,2248890000.0,1424419000.0,84424000.0,1630827000.0,1605909000.0,24918000.0,1101219000.0,1064223000.0,36996000.0,18832884545.0,389985000.0,-60996000.0,177965000.0,0.0,0.0,177424000.0,-519443000.0,-358271000.0,721908000.0,10096000.0,585748000.0,585748000.0,585748000.0,0.0,0.0,0.185,1220418000.0,763853000.0,196409000.0,0.0,5.647,32.152,32.125,329010000.0,0.0,61.68,5.933,5.946,892133000.0,1997762000.0,3174291000.0,3174291000.0,628210000.0,0.156,0.201,0.571,0.256,66489000.0,570917000.0,1.0,305332110.0,306000000,317000000.0,10.373,4276352000.0,133115000.0,228178000.0,0.0,13.975,2751160000.0
67,EA,MRT,2004-09-30,2004-09-30,2004-09-30,2021-08-10,16472000.0,3702655000.0,3468830000.0,3170266000.0,532389000.0,0.929,9.562,-90398000.0,1386026000.0,1386026000.0,1200275000.0,603044000.0,4.175,0.274,0.0,0.0,0.0,0.0,0.0,80153000.0,0.0,0.0,0.0,830382000.0,910535000.0,0.283,910535000.0,830382000.0,830382000.0,2.01,1.93,2.01,2906748000.0,2707065750.0,2906748000.0,12832892931.0,15.0,14.094,573355000.0,1.886,1.0,2021339000.0,0.627,109863000.0,0.0,1447474000.0,1315922000.0,79272000.0,1119233000.0,1103892000.0,15341000.0,795907000.0,759292000.0,36615000.0,13966063931.0,1009870000.0,-1954000.0,174350000.0,0.0,0.0,173809000.0,160435000.0,253787000.0,663753000.0,11873000.0,603044000.0,603044000.0,603044000.0,0.0,0.0,0.187,1218978000.0,802361000.0,172017000.0,0.0,4.805,23.159,22.881,297485000.0,0.0,45.99,4.335,4.34,379389000.0,1622662000.0,3221614000.0,3221614000.0,594385000.0,0.174,0.223,0.631,0.258,54402000.0,612083000.0,1.0,303676102.0,304000000,316000000.0,10.597,3592792000.0,124443000.0,227338000.0,0.0,11.818,2410974000.0
68,EA,MRT,2004-06-30,2004-06-30,2004-06-30,2021-08-10,7212000.0,3370237000.0,3197424750.0,2841798000.0,528439000.0,0.949,9.095,-87851000.0,1133171000.0,1133171000.0,1130037000.0,582632000.0,4.85,0.227,0.0,0.0,0.0,0.0,0.0,80777000.0,0.0,0.0,0.0,804379000.0,885156000.0,0.292,885156000.0,804379000.0,804379000.0,1.95,1.87,1.95,2746595000.0,2498237500.0,2746595000.0,14372973317.0,18.0,16.238,549460000.0,1.819,1.0,1905582000.0,0.628,109766000.0,0.0,1541312000.0,1350772500.0,53033000.0,1253144000.0,1238193000.0,14951000.0,623642000.0,585988000.0,37654000.0,16522858317.0,322298000.0,-1954000.0,199135000.0,0.0,0.0,198587000.0,-528375000.0,-437570000.0,637311000.0,14775000.0,582632000.0,582632000.0,582632000.0,0.0,0.0,0.192,1126354000.0,779228000.0,65556000.0,0.0,6.016,28.359,27.974,292867000.0,0.0,54.55,5.443,5.427,169620000.0,1525409000.0,3035619000.0,3035619000.0,550878000.0,0.182,0.233,0.595,0.265,62663000.0,563156000.0,1.0,302893828.0,302000000,316000000.0,10.052,3260471000.0,127210000.0,221747000.0,0.0,10.796,2255810000.0
69,EA,MRT,2004-03-31,2004-03-31,2004-03-31,2021-08-10,20000000.0,3464000000.0,2941916250.0,2929000000.0,535000000.0,1.005,9.078,-89000000.0,2150000000.0,2150000000.0,1103000000.0,577000000.0,3.937,0.294,0.0,0.0,0.0,0.0,0.0,78000000.0,0.0,0.0,0.0,797000000.0,875000000.0,0.296,875000000.0,797000000.0,797000000.0,1.95,1.87,1.95,2678000000.0,2288700000.0,2678000000.0,15490183070.0,19.0,17.703,580000000.0,1.966,1.0,1854000000.0,0.627,110000000.0,0.0,460000000.0,1212582750.0,55000000.0,279000000.0,265000000.0,14000000.0,786000000.0,744000000.0,42000000.0,16063193070.0,1200000000.0,4000000.0,228000000.0,0.0,0.0,225000000.0,288000000.0,374000000.0,669000000.0,18000000.0,577000000.0,577000000.0,577000000.0,0.0,0.0,0.195,1078000000.0,776000000.0,114000000.0,0.0,5.998,27.839,27.559,298000000.0,0.0,53.74,5.432,5.361,212000000.0,1501000000.0,2957000000.0,2957000000.0,511000000.0,0.196,0.252,0.657,0.27,70000000.0,555000000.0,1.0,298905714.0,295000000,308000000.0,10.024,3354000000.0,125000000.0,220000000.0,0.0,11.369,2185000000.0
70,EA,MRT,2003-12-31,2003-12-31,2003-12-31,2021-08-10,17789000.0,3338428000.0,2665799500.0,2908240000.0,430188000.0,1.058,8.385,-80033000.0,573010000.0,573010000.0,1041548000.0,496395000.0,3.456,0.337,0.0,0.0,0.0,0.0,0.0,77586000.0,0.0,0.0,0.0,712153000.0,789739000.0,0.28,789739000.0,712153000.0,712153000.0,1.68,1.6,1.68,2496920000.0,2065384750.0,2496920000.0,13826301438.0,19.0,17.507,457549000.0,1.536,1.0,1780047000.0,0.631,109008000.0,0.0,1814902000.0,1280415250.0,64766000.0,1267300000.0,1253749000.0,13551000.0,841508000.0,841508000.0,0.0,14202426438.0,-193227000.0,-7136000.0,188158000.0,0.0,0.0,186450000.0,-940531000.0,-855362000.0,537582000.0,23272000.0,498757000.0,498757000.0,498757000.0,0.0,-2362000.0,0.177,1089551000.0,690496000.0,158743000.0,0.0,5.688,28.476,28.381,280026000.0,0.0,47.68,5.033,5.032,837021000.0,1411144000.0,2821595000.0,2821595000.0,464619000.0,0.187,0.241,0.556,0.252,80882000.0,549337000.0,1.0,297869682.0,297787000,311463000.0,9.475,3229420000.0,75363000.0,213396000.0,0.0,10.845,2066732000.0
71,EA,MRT,2003-09-30,2003-09-30,2003-09-30,2021-08-10,12898000.0,2617034000.0,2446448750.0,2193043000.0,423991000.0,1.055,7.026,-63627000.0,376125000.0,376125000.0,1093404000.0,354318000.0,4.02,0.263,0.0,0.0,0.0,0.0,0.0,73474000.0,0.0,0.0,0.0,520443000.0,593917000.0,0.23,593917000.0,520443000.0,520443000.0,1.25,1.19,1.25,2071435000.0,1869042000.0,2071435000.0,12760007940.0,25.0,21.484,593051000.0,2.011,1.0,1486594000.0,0.576,108434000.0,0.0,1586876000.0,934113000.0,39209000.0,1371729000.0,1358820000.0,12909000.0,545599000.0,545599000.0,0.0,13570704940.0,-251515000.0,-6178000.0,210368000.0,0.0,0.0,208660000.0,-1128975000.0,-1061170000.0,656678000.0,12122000.0,360155000.0,360155000.0,360155000.0,0.0,-5837000.0,0.14,984483000.0,502111000.0,129348000.0,0.0,6.551,37.68,36.872,273305000.0,0.0,46.09,5.26,5.267,202802000.0,1018848000.0,2579998000.0,2579998000.0,419571000.0,0.147,0.193,0.557,0.202,97571000.0,478913000.0,1.0,294439248.0,294836000,307779000.0,8.751,2508600000.0,131522000.0,160288000.0,0.0,8.508,1647444000.0
72,EA,MRT,2003-06-30,2003-06-30,2003-06-30,2021-08-10,13535000.0,2348203000.0,2253961500.0,1916510000.0,431693000.0,1.111,6.583,-62119000.0,810697000.0,810697000.0,1080509000.0,327964000.0,4.358,0.23,0.0,0.0,0.0,0.0,0.0,80917000.0,0.0,0.0,0.0,485304000.0,566221000.0,0.226,566221000.0,485304000.0,485304000.0,1.18,1.11,1.18,1908445000.0,1699130000.0,1908445000.0,9827126219.0,20.0,17.356,610927000.0,2.107,1.0,1422974000.0,0.568,109195000.0,0.0,988553000.0,625132750.0,17034000.0,825053000.0,812593000.0,12460000.0,439758000.0,439758000.0,0.0,10777121219.0,221990000.0,-16046000.0,184971000.0,0.0,0.0,182519000.0,-642228000.0,-566063000.0,673046000.0,8653000.0,336974000.0,336974000.0,336974000.0,0.0,-9010000.0,0.135,951484000.0,471490000.0,67378000.0,0.0,5.647,31.982,31.314,273263000.0,0.0,36.95,4.305,4.279,37211000.0,942260000.0,2503483000.0,2503483000.0,402242000.0,0.15,0.198,0.776,0.194,89983000.0,461807000.0,1.0,291667692.0,289910000,299632000.0,8.635,2239008000.0,130689000.0,148330000.0,0.0,7.723,1476752000.0
73,EA,MRT,2003-03-31,2003-03-31,2003-03-31,2021-08-10,1534000.0,2359533000.0,2085377000.0,1911137000.0,448396000.0,1.19,6.329,-58000000.0,949995000.0,949995000.0,1073000000.0,317000000.0,3.348,0.322,0.0,0.0,0.0,0.0,0.0,92000000.0,0.0,0.0,0.0,472000000.0,564000000.0,0.227,564000000.0,472000000.0,472000000.0,1.17,1.08,1.17,1784739000.0,1543547000.0,1784739000.0,7226781852.0,15.0,12.813,656000000.0,2.326,1.0,1409000000.0,0.568,107332000.0,0.0,731330000.0,466368500.0,39679000.0,659011000.0,638734000.0,20277000.0,574794000.0,570876000.0,3918000.0,8392107852.0,397000000.0,-22000000.0,132000000.0,0.0,0.0,132000000.0,-463000000.0,-385000000.0,714000000.0,14000000.0,329000000.0,329000000.0,329000000.0,0.0,-12000000.0,0.133,953000000.0,456000000.0,106329000.0,0.0,4.702,25.508,25.06,262252000.0,0.0,29.32,3.381,3.331,82083000.0,923892000.0,2482000000.0,2482000000.0,401000000.0,0.158,0.213,1.012,0.19,76000000.0,463000000.0,1.0,286224688.0,282000000,293000000.0,8.801,2252201000.0,130703000.0,143000000.0,0.0,7.987,1340261000.0
74,EA,MRT,2002-12-31,2002-12-31,2002-12-31,2021-08-10,-1524000.0,2461025000.0,1920337250.0,1929283000.0,531742000.0,1.296,6.031,-45212000.0,1165326000.0,1165326000.0,1115573000.0,355152000.0,2.584,0.438,0.0,0.0,0.0,0.0,0.0,101679000.0,0.0,0.0,0.0,529468000.0,631147000.0,0.254,631147000.0,529468000.0,529468000.0,1.3,1.205,1.3,1711549000.0,1408185750.0,1711549000.0,6111350816.0,12.0,9.683,534711000.0,1.884,1.0,1373232000.0,0.552,119406000.0,0.0,429693000.0,429299500.0,33216000.0,11572000.0,1341000.0,10231000.0,749476000.0,746600000.0,2876000.0,7032118816.0,391530000.0,-9867000.0,132062000.0,0.0,0.0,128830000.0,-328164000.0,-273085000.0,579923000.0,10941000.0,369364000.0,369364000.0,369364000.0,0.0,-14212000.0,0.148,859208000.0,514024000.0,146816000.0,0.0,4.109,19.038,19.142,302231000.0,0.0,24.885,2.826,2.837,609029000.0,914652000.0,2488805000.0,2488805000.0,386969000.0,0.192,0.262,1.233,0.213,44217000.0,443764000.0,1.0,282584642.0,283777000,296050000.0,8.77,2341619000.0,93360000.0,160104000.0,0.0,8.252,1182683000.0
75,EA,MRT,2002-09-30,2002-09-30,2002-09-30,2021-08-10,-3870000.0,1847085000.0,1728924250.0,1299185000.0,547900000.0,1.208,4.976,-44708000.0,920768000.0,920768000.0,951315000.0,237225000.0,2.862,0.327,0.0,0.0,0.0,0.0,0.0,104980000.0,0.0,0.0,0.0,361245000.0,466225000.0,0.223,466225000.0,361245000.0,361245000.0,0.915,0.815,0.915,1391787000.0,1272934750.0,1391787000.0,8357111406.0,23.0,17.925,408855000.0,1.462,1.0,1136642000.0,0.544,121484000.0,0.0,350955000.0,464659750.0,36827000.0,23849000.0,6525000.0,17324000.0,455298000.0,453878000.0,1420000.0,9183977406.0,348666000.0,-9967000.0,102915000.0,0.0,0.0,99683000.0,-210530000.0,-155855000.0,453563000.0,5950000.0,254668000.0,254668000.0,254668000.0,0.0,-17443000.0,0.122,803240000.0,333402000.0,120320000.0,0.0,6.599,36.063,36.044,307056000.0,0.0,32.98,4.399,4.418,139366000.0,664433000.0,2087957000.0,2087957000.0,378248000.0,0.147,0.2,0.777,0.173,26724000.0,387730000.0,1.0,278471116.0,279686000,293237000.0,7.465,1725601000.0,92061000.0,106577000.0,0.0,6.17,845307000.0
76,EA,MRT,2002-06-30,2002-06-30,2002-06-30,2021-08-10,-5499000.0,1673865000.0,1590691000.0,1130272000.0,543593000.0,1.178,4.635,-44384000.0,826866000.0,826866000.0,868208000.0,154167000.0,2.934,0.301,0.0,0.0,0.0,0.0,0.0,107852000.0,0.0,0.0,0.0,243272000.0,351124000.0,0.187,351124000.0,243272000.0,243272000.0,0.625,0.525,0.625,1286113000.0,1179126250.0,1286113000.0,8788978109.0,36.0,25.031,279816000.0,1.008,1.0,1006415000.0,0.537,108213000.0,0.0,353496000.0,498995750.0,24074000.0,24402000.0,5403000.0,18999000.0,387752000.0,385290000.0,2462000.0,9585914109.0,191315000.0,-102000.0,70451000.0,0.0,0.0,67970000.0,-210820000.0,-166334000.0,324200000.0,9965000.0,174025000.0,174025000.0,174025000.0,0.0,-19858000.0,0.093,796316000.0,210099000.0,86326000.0,0.0,7.453,55.084,52.84,309892000.0,0.0,33.025,5.114,4.889,118347000.0,614199000.0,1874623000.0,1874623000.0,379639000.0,0.109,0.148,0.488,0.13,16855000.0,375186000.0,1.0,290262350.0,277496000,290444000.0,6.755,1565652000.0,101724000.0,69247000.0,0.0,5.642,744982000.0
77,EA,MRT,2002-03-31,2002-03-31,2002-03-31,2021-08-10,-14724000.0,1699374000.0,1494469250.0,1152543000.0,546831000.0,1.154,4.543,-51219000.0,552826000.0,552826000.0,814783000.0,101509000.0,2.544,0.367,0.0,0.0,0.0,0.0,0.0,110901000.0,0.0,0.0,0.0,170225000.0,281126000.0,0.163,281126000.0,170225000.0,170225000.0,0.45,0.35,0.45,1243294000.0,1117013750.0,1243294000.0,7899899725.0,46.0,28.101,236851000.0,0.865,1.0,909892000.0,0.528,110512000.0,0.0,583054000.0,523497000.0,23780000.0,270056000.0,250979000.0,19077000.0,456080000.0,452982000.0,3098000.0,8386741725.0,133014000.0,3489000.0,83819000.0,0.0,0.0,81338000.0,-238072000.0,-190342000.0,288070000.0,1678000.0,124256000.0,124256000.0,124256000.0,0.0,-22747000.0,0.072,774453000.0,135439000.0,88563000.0,0.0,6.746,67.496,67.556,308827000.0,0.0,30.4,4.863,4.824,190495000.0,606795000.0,1724675000.0,1724675000.0,380564000.0,0.083,0.111,0.325,0.099,25640000.0,348168000.0,1.0,275879662.0,273665000,286284000.0,6.302,1588862000.0,102662000.0,45969000.0,0.0,5.806,699561000.0
78,EA,MRT,2001-12-31,2001-12-31,2001-12-31,2021-08-10,-11405000.0,1695373000.0,1414355250.0,1169089000.0,526284000.0,1.105,4.269,-55109000.0,486842000.0,486842000.0,767269000.0,36334000.0,2.243,0.448,0.0,0.0,0.0,0.0,0.0,111880000.0,0.0,0.0,0.0,78963000.0,190843000.0,0.122,190843000.0,78963000.0,78963000.0,0.22,0.11,0.22,1170545000.0,1064777000.0,1170545000.0,7810049500.0,99.0,40.924,131869000.0,0.481,1.0,794970000.0,0.509,116161000.0,0.0,571134000.0,486642500.0,24918000.0,33895000.0,7282000.0,26613000.0,524828000.0,521236000.0,3592000.0,8217994500.0,150248000.0,-38083000.0,161555000.0,0.0,0.0,100693000.0,-133352000.0,-40160000.0,186978000.0,-4071000.0,62389000.0,62389000.0,62389000.0,0.0,-26055000.0,0.04,758057000.0,36913000.0,153699000.0,0.0,7.021,131.722,136.25,322790000.0,0.0,29.975,5.26,5.261,463384000.0,559500000.0,1562239000.0,1562239000.0,385724000.0,0.044,0.059,0.162,0.051,32177000.0,333701000.0,1.0,274161618.0,274206000,286798000.0,5.697,1579212000.0,60071000.0,16574000.0,0.0,5.759,647853000.0
79,EA,MRT,2001-09-30,2001-09-30,2001-09-30,2021-08-10,-12548000.0,1294152000.0,1324831000.0,742810000.0,551342000.0,1.034,3.719,-62796000.0,407945000.0,407945000.0,673213000.0,-7980000.0,2.714,0.273,0.0,0.0,0.0,0.0,0.0,102312000.0,0.0,0.0,0.0,15554000.0,117866000.0,0.086,117866000.0,15554000.0,15554000.0,0.075,-0.035,0.075,1016553000.0,1025369750.0,1016553000.0,5779431479.0,372.0,49.034,96880000.0,0.354,1.0,696467000.0,0.508,124227000.0,0.0,488299000.0,498348250.0,20819000.0,28800000.0,4581000.0,24219000.0,277599000.0,273681000.0,3918000.0,6239625479.0,98971000.0,-38043000.0,94673000.0,0.0,0.0,94673000.0,-154682000.0,-53843000.0,159676000.0,-696000.0,18807000.0,18807000.0,18807000.0,0.0,-26787000.0,0.014,722687000.0,-26220000.0,79689000.0,0.0,6.138,331.771,304.467,337130000.0,0.0,22.835,4.556,4.556,103538000.0,427208000.0,1369680000.0,1369680000.0,397922000.0,0.014,0.018,0.031,0.011,46400000.0,301862000.0,1.0,273248324.0,273304000,274608000.0,5.012,1169925000.0,60511000.0,-3253000.0,0.0,4.281,469129000.0
80,EA,MRT,2001-06-30,2001-06-30,2001-06-30,2021-08-10,-12534000.0,1288978000.0,1280068000.0,733606000.0,555372000.0,1.054,3.823,-80727000.0,460194000.0,460194000.0,676068000.0,-14065000.0,2.97,0.242,0.0,0.0,0.0,0.0,0.0,90932000.0,0.0,0.0,0.0,5433000.0,96365000.0,0.071,96365000.0,5433000.0,5433000.0,0.04,-0.065,0.04,1037663000.0,994731000.0,1037663000.0,7788500101.0,1434.0,80.823,84147000.0,0.31,1.0,673356000.0,0.499,130278000.0,0.0,451501000.0,510220750.0,16020000.0,32854000.0,8768000.0,24086000.0,251315000.0,247005000.0,4310000.0,8254992101.0,192767000.0,-39539000.0,126606000.0,0.0,0.0,126606000.0,-93219000.0,27047000.0,164874000.0,-5494000.0,11183000.0,11183000.0,11183000.0,0.0,-25248000.0,0.008,707673000.0,-34317000.0,59168000.0,0.0,7.955,738.173,723.75,337358000.0,0.0,28.95,6.117,5.824,76991000.0,460032000.0,1349424000.0,1349424000.0,390535000.0,0.009,0.011,0.011,0.004,43596000.0,295994000.0,1.0,285146532.0,271460000,272764000.0,4.971,1158700000.0,59682000.0,-5750000.0,0.0,4.268,486601000.0
81,EA,MRT,2001-03-31,2001-03-31,2001-03-31,2021-08-10,-12703000.0,1378918000.0,1217072000.0,818727000.0,560191000.0,1.086,3.936,-116213000.0,466492000.0,466492000.0,664991000.0,-11082000.0,2.408,0.333,0.0,0.0,0.0,0.0,0.0,78601000.0,0.0,0.0,0.0,7781000.0,86382000.0,0.065,86382000.0,7781000.0,7781000.0,0.045,-0.04,0.045,1034347000.0,956155000.0,1034347000.0,6920068788.0,889.0,80.11,80433000.0,0.306,1.0,657282000.0,0.497,136764000.0,0.0,435636000.0,516698500.0,15686000.0,37474000.0,10022000.0,27452000.0,344571000.0,340026000.0,4545000.0,7215445788.0,173547000.0,-40909000.0,99921000.0,0.0,0.0,99921000.0,-112694000.0,44428000.0,196646000.0,-10326000.0,11944000.0,11944000.0,11944000.0,0.0,-23026000.0,0.009,687598000.0,-30316000.0,73061000.0,0.0,6.976,604.106,602.778,337199000.0,0.0,27.125,5.457,5.391,174449000.0,505286000.0,1322273000.0,1322273000.0,378898000.0,0.01,0.012,0.015,0.006,28457000.0,289377000.0,1.0,266007218.0,262808000,264112000.0,5.031,1242154000.0,0.0,-4163000.0,0.0,4.726,478701000.0
82,EA,MRT,2000-12-31,2000-12-31,2000-12-31,2021-08-10,170000.0,1337276000.0,1170420500.0,809410000.0,527866000.0,1.119,3.827,-150375000.0,295377000.0,295377000.0,647245000.0,10230000.0,2.529,0.32,0.0,0.0,0.0,0.0,0.0,65567000.0,0.0,0.0,0.0,30718000.0,96285000.0,0.074,96285000.0,30718000.0,30718000.0,0.085,0.01,0.085,1012916000.0,928416500.0,1012916000.0,5381907239.0,175.0,55.896,-11845000.0,-0.045,1.0,662086000.0,0.506,103889000.0,0.0,617957000.0,525282000.0,19852000.0,44429000.0,17249000.0,27180000.0,324360000.0,320053000.0,4307000.0,5635724239.0,66878000.0,-44502000.0,105589000.0,0.0,0.0,97974000.0,-166582000.0,28295000.0,138530000.0,-3044000.0,25374000.0,25374000.0,25374000.0,0.0,-15144000.0,0.019,659847000.0,2239000.0,68192000.0,0.0,5.564,222.106,250.765,340187000.0,0.0,21.315,4.304,4.309,356484000.0,523166000.0,1309331000.0,1309331000.0,360420000.0,0.022,0.027,0.058,0.023,23098000.0,281187000.0,1.0,264401794.0,264678000,277808000.0,4.947,1233387000.0,27143000.0,5344000.0,0.0,4.66,489357000.0
83,EA,MRT,2000-09-30,2000-09-30,2000-09-30,2021-08-10,-2010000.0,1115100000.0,1131293750.0,582104000.0,532996000.0,1.122,3.42,-170060000.0,253817000.0,253817000.0,639871000.0,15113000.0,2.684,0.247,0.0,0.0,0.0,0.0,0.0,57653000.0,0.0,0.0,0.0,29679000.0,87332000.0,0.069,87332000.0,29679000.0,29679000.0,0.09,0.04,0.09,893998000.0,891520750.0,893998000.0,6117901979.0,206.0,70.053,-41165000.0,-0.157,1.0,629832000.0,0.496,108586000.0,0.0,535789000.0,505211000.0,19285000.0,44523000.0,17148000.0,27375000.0,221102000.0,216908000.0,4194000.0,6414845979.0,44574000.0,-44442000.0,153023000.0,0.0,0.0,110036000.0,-184666000.0,29836000.0,128895000.0,-9691000.0,22819000.0,22819000.0,22819000.0,0.0,-7706000.0,0.018,623425000.0,6407000.0,74689000.0,0.0,7.175,281.119,274.333,335962000.0,0.0,24.69,5.052,5.083,148096000.0,435188000.0,1269703000.0,1269703000.0,324240000.0,0.02,0.026,0.059,0.023,22674000.0,283030000.0,1.0,259815552.0,261382000,262686000.0,4.858,1006514000.0,27058000.0,6860000.0,0.0,3.851,365196000.0
84,EA,MRT,2000-06-30,2000-06-30,2000-06-30,2021-08-10,-10701000.0,1036994000.0,1103421250.0,525673000.0,511321000.0,1.259,3.42,-166044000.0,296944000.0,296944000.0,696403000.0,72154000.0,3.516,0.174,0.0,0.0,0.0,0.0,0.0,51852000.0,0.0,0.0,0.0,108633000.0,160485000.0,0.116,160485000.0,108633000.0,108633000.0,0.3,0.26,0.3,883359000.0,852956500.0,883359000.0,4374919583.0,40.0,27.261,-88104000.0,-0.341,1.0,692287000.0,0.499,113141000.0,0.0,477412000.0,479391500.0,25705000.0,29232000.0,2260000.0,26972000.0,153635000.0,149497000.0,4138000.0,4714723583.0,2518000.0,-46324000.0,112166000.0,0.0,0.0,98437000.0,-170357000.0,42011000.0,77940000.0,-3502000.0,75811000.0,75811000.0,75811000.0,0.0,-3657000.0,0.055,602029000.0,90258000.0,47573000.0,0.0,5.337,62.19,60.783,318448000.0,0.0,18.235,3.395,3.391,84974000.0,474097000.0,1388690000.0,1388690000.0,301098000.0,0.069,0.089,0.227,0.078,27620000.0,286876000.0,1.0,258553528.0,258270000,259574000.0,5.377,923853000.0,27189000.0,32822000.0,0.0,3.577,376176000.0
85,EA,MRT,2000-03-31,2000-03-31,2000-03-31,2021-08-10,-6361000.0,1192312000.0,1059939000.0,705323000.0,486989000.0,1.34,3.674,-134440000.0,339804000.0,339804000.0,704702000.0,116751000.0,2.659,0.291,0.0,0.0,0.0,0.0,0.0,46725000.0,0.0,0.0,0.0,169393000.0,216118000.0,0.152,216118000.0,169393000.0,169393000.0,0.465,0.44,0.465,923393000.0,802883750.0,923393000.0,4326523812.0,26.0,20.019,-56541000.0,-0.225,1.0,715309000.0,0.504,117236000.0,0.0,469970000.0,429519500.0,22986000.0,31237000.0,236000.0,31001000.0,268919000.0,265302000.0,3617000.0,4573693812.0,4057000.0,-39853000.0,105589000.0,0.0,0.0,105589000.0,-179555000.0,-5262000.0,77899000.0,124000.0,116751000.0,116751000.0,116751000.0,0.0,0.0,0.082,561523000.0,153786000.0,97703000.0,0.0,4.953,39.175,38.274,285466000.0,0.0,17.797,3.221,3.15,234087000.0,516368000.0,1420011000.0,1420011000.0,268505000.0,0.11,0.145,0.394,0.119,32563000.0,281029000.0,1.0,256985184.0,251320000,265484000.0,5.65,1075076000.0,0.0,52642000.0,0.0,4.278,440021000.0
86,EA,MRT,1999-12-31,1999-12-31,1999-12-31,2021-08-10,-6758000.0,1180769000.0,987329250.0,764141000.0,416628000.0,1.421,3.416,-105043000.0,247170000.0,247170000.0,693145000.0,135233000.0,2.446,0.365,0.0,0.0,0.0,0.0,0.0,40746000.0,0.0,0.0,0.0,196327000.0,237073000.0,0.169,237073000.0,196327000.0,196327000.0,0.54,0.512,0.54,865333000.0,737768250.0,865333000.0,5084920772.0,26.0,21.449,-30697000.0,-0.121,1.0,710277000.0,0.506,83542000.0,0.0,537673000.0,377567000.0,22838000.0,40785000.0,1447000.0,39338000.0,315436000.0,312384000.0,3052000.0,5309264772.0,-20049000.0,4961000.0,21576000.0,0.0,0.0,64616000.0,-154436000.0,-54354000.0,74346000.0,-4575000.0,135233000.0,135233000.0,135233000.0,0.0,0.0,0.096,528559000.0,181718000.0,89973000.0,0.0,6.136,39.26,38.889,243795000.0,0.0,21.0,3.783,3.79,377920000.0,512936000.0,1403422000.0,1403422000.0,242042000.0,0.137,0.183,0.52,0.14,30411000.0,276222000.0,1.0,252822132.0,253302000,269910000.0,5.541,1097227000.0,30165000.0,61094000.0,0.0,4.332,451757000.0
87,EA,MRT,1999-09-30,1999-09-30,1999-09-30,2021-08-10,909000.0,1003610000.0,926259500.0,635397000.0,368213000.0,1.428,2.963,-86951000.0,224344000.0,224344000.0,668100000.0,114903000.0,2.437,0.357,0.0,0.0,0.0,0.0,0.0,45396000.0,0.0,0.0,0.0,168583000.0,213979000.0,0.162,213979000.0,168583000.0,168583000.0,0.472,0.455,0.472,739741000.0,681748250.0,739741000.0,4190769206.0,25.0,19.585,6067000.0,0.024,1.0,654786000.0,0.495,86065000.0,0.0,432511000.0,328538500.0,23878000.0,45146000.0,6097000.0,39049000.0,263869000.0,260690000.0,3179000.0,4510436206.0,11150000.0,6811000.0,21576000.0,0.0,0.0,45535000.0,-126378000.0,-46238000.0,93018000.0,-1025000.0,114903000.0,114903000.0,114903000.0,0.0,0.0,0.087,500165000.0,154621000.0,95858000.0,0.0,6.097,39.254,38.337,215679000.0,0.0,18.095,3.41,3.415,265749000.0,420075000.0,1322886000.0,1322886000.0,229629000.0,0.124,0.169,0.513,0.127,15503000.0,260358000.0,1.0,249264228.0,249668000,262430000.0,5.299,917545000.0,28122000.0,53680000.0,0.0,3.675,374707000.0
88,EA,MRT,1999-06-30,1999-06-30,1999-06-30,2021-08-10,-3428000.0,863065000.0,870187250.0,515289000.0,347776000.0,1.413,2.779,-114888000.0,319667000.0,319667000.0,625252000.0,71498000.0,2.905,0.264,0.0,0.0,0.0,0.0,0.0,42949000.0,0.0,0.0,0.0,116029000.0,158978000.0,0.129,158978000.0,116029000.0,116029000.0,0.292,0.28,0.292,683068000.0,637774000.0,683068000.0,3028379351.0,26.0,19.049,47954000.0,0.195,1.0,604510000.0,0.492,88099000.0,0.0,277924000.0,296569750.0,16003000.0,39813000.0,4327000.0,35486000.0,179997000.0,177375000.0,2622000.0,3341201351.0,230000.0,-126312000.0,21576000.0,0.0,0.0,26861000.0,-188675000.0,52525000.0,162842000.0,-798000.0,71498000.0,71498000.0,71498000.0,0.0,0.0,0.058,503131000.0,101379000.0,44111000.0,0.0,4.891,46.731,46.447,192628000.0,0.0,13.562,2.717,2.711,73297000.0,401943000.0,1229762000.0,1229762000.0,252788000.0,0.082,0.112,0.391,0.094,10557000.0,241875000.0,1.0,246355860.0,245820000,256476000.0,5.003,774966000.0,31566000.0,44531000.0,0.0,3.153,337914000.0
89,EA,MRT,1999-03-31,1999-03-31,1999-03-31,2021-08-10,-2567000.0,901873000.0,830207250.0,569465000.0,332408000.0,1.472,2.728,-107539000.0,312822000.0,312822000.0,627589000.0,72872000.0,2.411,0.36,0.0,0.0,0.0,0.0,0.0,40461000.0,0.0,0.0,0.0,118286000.0,158747000.0,0.13,158747000.0,118286000.0,118286000.0,0.3,0.29,0.3,662931000.0,610901000.0,662931000.0,2704814332.0,23.0,17.039,48843000.0,0.201,1.0,594274000.0,0.486,90682000.0,0.0,262160000.0,280737750.0,22376000.0,49148000.0,4884000.0,44264000.0,238942000.0,236209000.0,2733000.0,2906050332.0,26245000.0,-139971000.0,21576000.0,0.0,0.0,23685000.0,-151631000.0,95879000.0,156382000.0,-2191000.0,72872000.0,72872000.0,72872000.0,0.0,0.0,0.06,488996000.0,105278000.0,63881000.0,0.0,4.384,39.879,39.583,181266000.0,0.0,11.875,2.378,2.362,149468000.0,402112000.0,1221863000.0,1221863000.0,243490000.0,0.088,0.119,0.421,0.097,5614000.0,239626000.0,1.0,244720028.0,242990000,253090000.0,5.028,811191000.0,0.0,45414000.0,0.0,3.338,333256000.0
90,EA,MRT,1998-12-31,1998-12-31,1998-12-31,2021-08-10,-578000.0,936490000.0,791159250.0,616097000.0,320393000.0,1.451,2.631,-107343000.0,201236000.0,201236000.0,600747000.0,66310000.0,2.108,0.46,0.0,0.0,0.0,0.0,0.0,37659000.0,0.0,0.0,0.0,109044000.0,146703000.0,0.128,146703000.0,109044000.0,109044000.0,0.27,0.26,0.27,641253000.0,586160250.0,641253000.0,3261767898.0,30.0,22.234,-4581000.0,-0.019,1.0,547459000.0,0.477,101407000.0,0.0,341559000.0,262153500.0,30249000.0,52403000.0,2644000.0,49759000.0,295237000.0,292288000.0,2949000.0,3422106898.0,21945000.0,-140121000.0,18442000.0,0.0,0.0,51217000.0,-133561000.0,113903000.0,102762000.0,1527000.0,66310000.0,66310000.0,66310000.0,0.0,0.0,0.058,451162000.0,96297000.0,70581000.0,0.0,5.337,51.608,51.972,169227000.0,0.0,14.033,2.98,2.979,314650000.0,381498000.0,1148206000.0,1148206000.0,226157000.0,0.084,0.113,0.416,0.095,0.0,221620000.0,1.0,243870080.0,243744000,252916000.0,4.711,835083000.0,0.0,42734000.0,0.0,3.426,323809000.0
91,EA,MRT,1998-09-30,1998-09-30,1998-09-30,2021-08-10,953000.0,779321000.0,752231000.0,468418000.0,310903000.0,1.355,2.324,-96438000.0,160339000.0,160339000.0,537168000.0,52399000.0,2.199,0.382,0.0,0.0,0.0,0.0,0.0,28809000.0,0.0,0.0,0.0,90254000.0,119063000.0,0.117,119063000.0,90254000.0,90254000.0,0.22,0.212,0.22,563844000.0,556992250.0,563844000.0,2294187107.0,25.0,19.269,-24154000.0,-0.1,1.0,482128000.0,0.473,101349000.0,0.0,304636000.0,235955750.0,26113000.0,54534000.0,2727000.0,51807000.0,215477000.0,212997000.0,2480000.0,2657506107.0,-18253000.0,-129021000.0,37748000.0,0.0,0.0,57145000.0,-150341000.0,75254000.0,72284000.0,2659000.0,52399000.0,52399000.0,52399000.0,0.0,0.0,0.051,417287000.0,64841000.0,78108000.0,0.0,4.713,50.717,49.864,157747000.0,0.0,10.97,2.607,2.611,202250000.0,308967000.0,1019296000.0,1019296000.0,212004000.0,0.07,0.094,0.383,0.089,0.0,204377000.0,1.0,242252152.0,242568000,242568000.0,4.202,677972000.0,0.0,37855000.0,0.0,2.795,255421000.0
92,EA,MRT,1998-06-30,1998-06-30,1998-06-30,2021-08-10,-2004000.0,703145000.0,,540795000.0,162350000.0,,2.386,-49543000.0,363319000.0,363319000.0,506510000.0,77713000.0,4.318,0.222,0.0,0.0,0.0,0.0,0.0,28344000.0,0.0,0.0,0.0,116152000.0,144496000.0,0.15,144496000.0,116152000.0,116152000.0,0.325,0.318,0.325,575576000.0,,575576000.0,2885327984.0,25.0,19.968,32663000.0,0.135,1.0,456851000.0,0.474,0.0,0.0,214596000.0,,19010000.0,52096000.0,4861000.0,47235000.0,127569000.0,125230000.0,2339000.0,3259887984.0,78288000.0,8031000.0,37748000.0,0.0,0.0,53431000.0,-53279000.0,-11767000.0,82206000.0,-4070000.0,77713000.0,77713000.0,77713000.0,0.0,0.0,0.081,365545000.0,91306000.0,41552000.0,0.0,5.664,41.948,41.538,108681000.0,0.0,13.5,3.384,3.38,100046000.0,334240000.0,963361000.0,963361000.0,158071000.0,,,,0.121,0.0,196682000.0,1.0,241473184.0,241216000,251984000.0,3.994,703145000.0,17405000.0,38439000.0,0.0,2.915,415565000.0
93,EA,MRT,1998-03-31,1998-03-31,1998-03-31,2021-08-10,-1468000.0,745681000.0,664861000.0,589811000.0,155870000.0,1.367,2.395,-45213000.0,374560000.0,374560000.0,481233000.0,72562000.0,3.246,0.322,0.0,0.0,0.0,0.0,0.0,26907000.0,0.0,0.0,0.0,108288000.0,135195000.0,0.149,135195000.0,108288000.0,108288000.0,0.307,0.297,0.307,563968000.0,505872000.0,563968000.0,2493048397.0,23.0,18.44,33780000.0,0.143,1.0,427619000.0,0.471,1585000.0,0.0,187823000.0,183743000.0,19626000.0,48462000.0,3721000.0,44741000.0,181713000.0,181713000.0,0.0,2780861397.0,73967000.0,13354000.0,37748000.0,0.0,0.0,45766000.0,-49519000.0,-17660000.0,78993000.0,-1273000.0,72562000.0,72562000.0,72562000.0,0.0,0.0,0.08,344170000.0,83449000.0,56233000.0,0.0,4.931,38.324,38.225,105095000.0,0.0,11.735,3.06,3.04,139374000.0,330540000.0,908852000.0,908852000.0,147232000.0,0.109,0.143,0.589,0.119,0.0,186146000.0,1.0,236971572.0,235468000,243832000.0,3.86,744096000.0,0.0,35726000.0,0.0,3.16,408098000.0
94,EA,MRT,1997-12-31,1997-12-31,1997-12-31,2021-08-10,-1832000.0,780777000.0,,629848000.0,150929000.0,,2.224,-34492000.0,287813000.0,287813000.0,452553000.0,67827000.0,2.458,0.488,0.0,0.0,0.0,0.0,0.0,27132000.0,0.0,0.0,0.0,100936000.0,128068000.0,0.149,128068000.0,100936000.0,100936000.0,0.287,0.28,0.287,524581000.0,,524581000.0,,,,5594000.0,0.024,1.0,408405000.0,0.474,0.0,0.0,236768000.0,,32259000.0,50480000.0,3128000.0,47352000.0,256196000.0,256196000.0,0.0,2239973784.0,9968000.0,7353000.0,24133000.0,0.0,0.0,28796000.0,-84475000.0,-57120000.0,40086000.0,-3114000.0,67827000.0,67827000.0,67827000.0,0.0,0.0,0.079,332870000.0,75535000.0,95491000.0,0.0,4.27,33.025,32.936,93101000.0,0.0,9.453,2.602,2.589,273257000.0,315188000.0,860958000.0,860958000.0,144569000.0,,,,0.117,0.0,177509000.0,1.0,236971572.0,235844000,244536000.0,3.651,780777000.0,6008000.0,33109000.0,0.0,3.311,373652000.0
95,EA,MRT,1997-09-30,1997-09-30,1997-09-30,2021-08-10,,,,,,,,,,,384409000.0,47910000.0,,,,,,,,,,0.0,0.0,73379000.0,,,,73379000.0,73379000.0,0.208,0.202,0.208,,,,,,,,,1.0,376153000.0,0.495,,0.0,,,,,,,,,,,,,,,,,,,,,47910000.0,47910000.0,47910000.0,0.0,0.0,0.063,312960000.0,63193000.0,,0.0,,,46.43,,0.0,9.658,,2.973,,,760562000.0,760562000.0,134764000.0,,,,0.096,,167404000.0,1.0,,234112000,242544000.0,3.249,,,25469000.0,,,
96,EA,MRT,1997-06-30,1997-06-30,1997-06-30,2021-08-10,,,,,,,,,,,,,,,,,,,,,,0.0,0.0,,,,,,,,,,,,,,,,,,1.0,,,,,,,,,,,,,,,,,,,,,,,,,,,,,,,,,,,,,,,,8.408,,,,,,,,,,,,,,1.0,,233268000,,,,,,,,
97,EA,MRT,1997-03-31,1997-03-31,1997-03-31,2021-08-10,668000.0,584041000.0,,421100000.0,162941000.0,,1.945,-38953000.0,268141000.0,268141000.0,328943000.0,51327000.0,3.091,0.304,0.0,0.0,0.0,0.0,0.0,22986000.0,0.0,0.0,0.0,77330000.0,100316000.0,0.149,100316000.0,77330000.0,77330000.0,0.223,0.215,0.223,447776000.0,,447776000.0,,,,12374000.0,0.054,1.0,344085000.0,0.511,0.0,0.0,179663000.0,,17873000.0,65683000.0,5548000.0,60135000.0,136265000.0,136237000.0,28000.0,,16266000.0,-11271000.0,21001000.0,0.0,0.0,30312000.0,-94233000.0,-44009000.0,51327000.0,185000.0,51327000.0,51327000.0,51327000.0,0.0,0.0,0.076,281316000.0,62769000.0,43450000.0,0.0,,,29.854,89762000.0,0.0,6.657,,2.277,103244000.0,257978000.0,673028000.0,673028000.0,130755000.0,,,,0.115,0.0,150561000.0,1.0,,230176000,238228000.0,2.924,584041000.0,5259000.0,26003000.0,0.0,2.537,284863000.0
98,EA,MRT,1996-12-31,1996-12-31,1996-12-31,2021-08-10,,,,,,,,,,,,,,,,,,,,,,0.0,0.0,,,,,,,,,,,,,,,,,,1.0,,,,,,,,,,,,,,,,,,,,,,,,,,,,,,,,,,,,,,,,7.485,,,,,,,,,,,,,,1.0,,231200000,,,,,,,,
99,EA,MRT,1996-03-31,1996-03-31,1996-03-31,2021-08-10,,,,,,,,-54963000.0,,,291491000.0,46677000.0,,,,,,,,16850000.0,,0.0,0.0,69261000.0,86111000.0,0.147,86111000.0,69261000.0,69261000.0,0.21,0.2,0.21,,,,,,,-8286000.0,-0.037,1.0,295808000.0,0.504,,0.0,,,,,,,,,,,-20301000.0,-9229000.0,0.0,0.0,0.0,67793000.0,-103509000.0,-39244000.0,46677000.0,-1366000.0,46677000.0,46677000.0,46677000.0,0.0,0.0,0.079,233757000.0,62051000.0,,0.0,,,30.208,,0.0,6.344,,2.406,,,587299000.0,587299000.0,110275000.0,,,,0.118,0.0,123482000.0,1.0,,222740000,232760000.0,2.637,,,22584000.0,,,
