None,ticker,dimension,calendardate,datekey,reportperiod,lastupdated,accoci,assets,assetsavg,assetsc,assetsnc,assetturnover,bvps,capex,cashneq,cashnequsd,cor,consolinc,currentratio,de,debt,debtc,debtnc,debtusd,deferredrev,depamor,deposits,divyield,dps,ebit,ebitda,ebitdamargin,ebitdausd,ebitusd,ebt,eps,epsdil,epsusd,equity,equityavg,equityusd,ev,evebit,evebitda,fcf,fcfps,fxusd,gp,grossmargin,intangibles,intexp,invcap,invcapavg,inventory,investments,investmentsc,investmentsnc,liabilities,liabilitiesc,liabilitiesnc,marketcap,ncf,ncfbus,ncfcommon,ncfdebt,ncfdiv,ncff,ncfi,ncfinv,ncfo,ncfx,netinc,netinccmn,netinccmnusd,netincdis,netincnci,netmargin,opex,opinc,payables,payoutratio,pb,pe,pe1,ppnenet,prefdivis,price,ps,ps1,receivables,retearn,revenue,revenueusd,rnd,roa,roe,roic,ros,sbcomp,sgna,sharefactor,sharesbas,shareswa,shareswadil,sps,tangibles,taxassets,taxexp,taxliabilities,tbvps,workingcapital
0,WPX,MRY,2019-12-31,2019-12-31,2019-12-31,2020-11-03,0.0,8413000000.0,8514250000.0,647000000.0,7766000000.0,0.269,10.74,-1362000000.0,60000000.0,60000000.0,898000000.0,256000000.0,0.72,0.863,2202000000.0,0.0,2202000000.0,2202000000.0,0.0,928000000.0,0.0,0.0,0.0,485000000.0,1413000000.0,0.616,1413000000.0,485000000.0,326000000.0,0.61,0.61,0.61,4515000000.0,4491750000.0,4515000000.0,7914020062.0,16.0,5.601,-105000000.0,-0.25,1.0,1394000000.0,0.608,0.0,159000000.0,9657000000.0,9758750000.0,41000000.0,115000000.0,57000000.0,58000000.0,3898000000.0,898000000.0,3000000000.0,5726020062.0,62000000.0,592000000.0,-56000000.0,-334000000.0,0.0,-422000000.0,-773000000.0,-4000000.0,1257000000.0,0.0,256000000.0,256000000.0,256000000.0,2000000.0,0.0,0.112,1232000000.0,162000000.0,556000000.0,0.0,1.268,22.367,22.525,7590000000.0,0.0,13.74,2.498,2.52,450000000.0,-3181000000.0,2292000000.0,2292000000.0,95000000.0,0.03,0.057,0.05,0.212,37000000.0,206000000.0,1.0,416740907.0,420400000.0,422000000.0,5.452,8413000000.0,0.0,70000000.0,290000000.0,20.012,-251000000.0
1,WPX,MRY,2018-12-31,2018-12-31,2018-12-31,2020-11-03,0.0,8203000000.0,8004500000.0,739000000.0,7464000000.0,0.289,10.531,-1476000000.0,3000000.0,3000000.0,718000000.0,151000000.0,1.034,0.907,2485000000.0,0.0,2485000000.0,2485000000.0,0.0,785000000.0,0.0,0.0,0.0,388000000.0,1173000000.0,0.508,1173000000.0,388000000.0,225000000.0,0.35,0.35,0.35,4301000000.0,4045250000.0,4301000000.0,6977319478.0,18.0,5.948,-593000000.0,-1.452,1.0,1592000000.0,0.689,0.0,163000000.0,9970000000.0,9202000000.0,48000000.0,345000000.0,174000000.0,171000000.0,3902000000.0,715000000.0,3187000000.0,4770319478.0,-183000000.0,682000000.0,10000000.0,-172000000.0,0.0,-170000000.0,-896000000.0,-102000000.0,883000000.0,0.0,151000000.0,143000000.0,143000000.0,91000000.0,0.0,0.062,1031000000.0,561000000.0,514000000.0,0.0,1.109,33.359,32.429,7266000000.0,8000000.0,11.35,2.065,2.007,405000000.0,-3437000000.0,2310000000.0,2310000000.0,75000000.0,0.018,0.035,0.042,0.168,34000000.0,182000000.0,1.0,420292465.0,408400000.0,411700000.0,5.656,8203000000.0,0.0,74000000.0,201000000.0,20.086,24000000.0
2,WPX,MRY,2017-12-31,2017-12-31,2017-12-31,2020-11-03,0.0,8207000000.0,8043500000.0,1401000000.0,6806000000.0,0.13,10.445,-1161000000.0,189000000.0,189000000.0,298000000.0,-16000000.0,1.656,0.989,2575000000.0,0.0,2575000000.0,2575000000.0,0.0,673000000.0,0.0,0.0,0.0,44000000.0,717000000.0,0.686,717000000.0,44000000.0,-144000000.0,-0.08,-0.08,-0.08,4127000000.0,4203750000.0,4127000000.0,8451067878.0,192.0,11.787,-654000000.0,-1.655,1.0,747000000.0,0.715,0.0,188000000.0,9747000000.0,9936250000.0,30000000.0,129000000.0,36000000.0,93000000.0,4080000000.0,846000000.0,3234000000.0,5602067878.0,-305000000.0,-268000000.0,672000000.0,-19000000.0,0.0,624000000.0,-1436000000.0,-8000000.0,507000000.0,0.0,-16000000.0,-31000000.0,-31000000.0,40000000.0,0.0,-0.03,634000000.0,113000000.0,446000000.0,0.0,1.357,-180.712,-175.875,6691000000.0,15000000.0,14.07,5.361,5.32,307000000.0,-3588000000.0,1045000000.0,1045000000.0,87000000.0,-0.004,-0.007,0.004,0.042,32000000.0,166000000.0,1.0,398156921.0,395100000.0,397400000.0,2.645,8207000000.0,0.0,-128000000.0,117000000.0,20.772,555000000.0
3,WPX,MRY,2016-12-31,2016-12-31,2016-12-31,2020-11-03,0.0,7264000000.0,7678000000.0,754000000.0,6510000000.0,0.062,11.063,-578000000.0,496000000.0,496000000.0,381000000.0,-601000000.0,1.114,1.096,2575000000.0,0.0,2575000000.0,2575000000.0,0.0,631000000.0,0.0,0.0,0.0,-754000000.0,-123000000.0,-0.257,-123000000.0,-754000000.0,-961000000.0,-2.05,-2.05,-2.05,3466000000.0,3618250000.0,3466000000.0,7094808572.0,-9.0,-57.681,-310000000.0,-0.989,1.0,97000000.0,0.203,0.0,207000000.0,8666000000.0,9145000000.0,32000000.0,38000000.0,26000000.0,12000000.0,3798000000.0,677000000.0,3121000000.0,5018808572.0,459000000.0,1127000000.0,540000000.0,-626000000.0,0.0,-120000000.0,311000000.0,0.0,268000000.0,0.0,-601000000.0,-641000000.0,-641000000.0,-71000000.0,0.0,-1.341,908000000.0,-811000000.0,222000000.0,0.0,1.448,-7.83,-7.107,6157000000.0,40000000.0,14.57,10.5,9.55,168000000.0,-3572000000.0,478000000.0,478000000.0,26000000.0,-0.083,-0.177,-0.082,-1.577,36000000.0,202000000.0,1.0,344461810.0,313300000.0,313300000.0,1.526,7264000000.0,0.0,-360000000.0,251000000.0,23.185,77000000.0
4,WPX,MRY,2015-12-31,2015-12-31,2015-12-31,2020-11-03,0.0,8393000000.0,8841250000.0,893000000.0,7500000000.0,0.155,15.094,-1124000000.0,38000000.0,38000000.0,532000000.0,-1726000000.0,1.218,1.374,3189000000.0,0.0,3189000000.0,3189000000.0,0.0,940000000.0,0.0,0.0,0.0,-1516000000.0,-576000000.0,-0.422,-576000000.0,-1516000000.0,-1703000000.0,-7.42,-7.42,-7.42,3535000000.0,4340750000.0,3535000000.0,4881084538.0,-3.0,-8.474,-305000000.0,-1.302,1.0,834000000.0,0.611,0.0,187000000.0,10811000000.0,10586750000.0,46000000.0,359000000.0,308000000.0,51000000.0,4858000000.0,733000000.0,4125000000.0,1580084538.0,-32000000.0,-402000000.0,295000000.0,-155000000.0,0.0,465000000.0,-1316000000.0,0.0,819000000.0,0.0,-1727000000.0,-1736000000.0,-1736000000.0,0.0,1000000.0,-1.271,497000000.0,337000000.0,278000000.0,0.0,0.447,-0.91,-0.774,6522000000.0,9000000.0,5.74,1.157,0.984,300000000.0,-2971000000.0,1366000000.0,1366000000.0,85000000.0,-0.196,-0.4,-0.143,-1.11,35000000.0,210000000.0,1.0,275276052.0,234200000.0,234200000.0,5.833,8393000000.0,0.0,24000000.0,465000000.0,35.837,160000000.0
5,WPX,MRY,2014-12-31,2014-12-31,2014-12-31,2020-11-03,-1000000.0,8778000000.0,8419250000.0,1869000000.0,6909000000.0,0.3,21.307,-1807000000.0,41000000.0,41000000.0,1281000000.0,171000000.0,1.546,1.007,2260000000.0,0.0,2260000000.0,2260000000.0,0.0,863000000.0,0.0,0.0,0.0,435000000.0,1298000000.0,0.514,1298000000.0,435000000.0,312000000.0,0.81,0.8,0.81,4319000000.0,4141000000.0,4319000000.0,4347194426.0,10.0,3.349,-737000000.0,-3.636,1.0,1242000000.0,0.492,0.0,123000000.0,9788000000.0,9317500000.0,45000000.0,536000000.0,498000000.0,38000000.0,4350000000.0,1209000000.0,3141000000.0,2365194426.0,-23000000.0,374000000.0,16000000.0,370000000.0,0.0,344000000.0,-1437000000.0,0.0,1070000000.0,-6000000.0,164000000.0,164000000.0,164000000.0,85000000.0,7000000.0,0.065,703000000.0,539000000.0,712000000.0,0.0,0.548,14.422,14.358,6842000000.0,0.0,11.63,0.937,0.934,459000000.0,-1244000000.0,2523000000.0,2523000000.0,101000000.0,0.019,0.04,0.047,0.172,36000000.0,224000000.0,1.0,203370114.0,202700000.0,206300000.0,12.447,8778000000.0,0.0,148000000.0,772000000.0,43.305,660000000.0
6,WPX,MRY,2013-12-31,2013-12-31,2013-12-31,2020-11-03,-1000000.0,8429000000.0,9209750000.0,922000000.0,7507000000.0,0.264,20.494,-1154000000.0,47000000.0,47000000.0,1610000000.0,-1191000000.0,0.916,1.027,1911000000.0,0.0,1911000000.0,1911000000.0,0.0,940000000.0,0.0,0.0,0.0,-1701000000.0,-761000000.0,-0.313,-761000000.0,-1701000000.0,-1809000000.0,-5.91,-5.91,-5.91,4109000000.0,4878250000.0,4109000000.0,5760478412.0,-3.0,-7.57,-518000000.0,-2.584,1.0,821000000.0,0.338,0.0,108000000.0,9286000000.0,10065250000.0,66000000.0,57000000.0,50000000.0,7000000.0,4219000000.0,1007000000.0,3212000000.0,4092478412.0,-49000000.0,0.0,6000000.0,410000000.0,0.0,426000000.0,-1111000000.0,0.0,636000000.0,-5000000.0,-1185000000.0,-1185000000.0,-1185000000.0,87000000.0,-6000000.0,-0.487,2410000000.0,-1589000000.0,634000000.0,0.0,0.996,-3.454,-3.448,6760000000.0,0.0,20.38,1.683,1.681,518000000.0,-1408000000.0,2431000000.0,2431000000.0,423000000.0,-0.129,-0.243,-0.169,-0.7,32000000.0,269000000.0,1.0,200808558.0,200500000.0,200500000.0,12.125,8429000000.0,49000000.0,-624000000.0,776000000.0,42.04,-85000000.0
7,WPX,MRY,2012-12-31,2012-12-31,2012-12-31,2020-11-03,2000000.0,9456000000.0,9787500000.0,772000000.0,8684000000.0,0.296,26.499,-1521000000.0,153000000.0,153000000.0,1700000000.0,-211000000.0,1.063,0.775,1508000000.0,0.0,1508000000.0,1508000000.0,0.0,973000000.0,0.0,0.0,0.0,-205000000.0,768000000.0,0.265,768000000.0,-205000000.0,-307000000.0,-1.12,-1.12,-1.12,5268000000.0,5460250000.0,5268000000.0,4232945623.0,-21.0,5.512,-725000000.0,-3.647,1.0,1200000000.0,0.414,0.0,102000000.0,10085000000.0,10186250000.0,66000000.0,205000000.0,58000000.0,147000000.0,4085000000.0,726000000.0,3359000000.0,2963945623.0,-371000000.0,310000000.0,3000000.0,6000000.0,0.0,37000000.0,-1204000000.0,0.0,796000000.0,-2000000.0,-223000000.0,-223000000.0,-223000000.0,0.0,12000000.0,-0.077,1343000000.0,-143000000.0,509000000.0,0.0,0.563,-13.291,-13.286,8416000000.0,0.0,14.88,1.022,1.02,443000000.0,-223000000.0,2900000000.0,2900000000.0,71000000.0,-0.023,-0.041,-0.02,-0.071,28000000.0,265000000.0,1.0,199189894.0,198800000.0,198800000.0,14.588,9456000000.0,17000000.0,-84000000.0,1401000000.0,47.565,46000000.0
8,WPX,MRY,2011-12-31,2011-12-31,2011-12-31,2020-11-03,219000000.0,10432000000.0,10139000000.0,1674000000.0,8758000000.0,0.383,28.808,-1572000000.0,526000000.0,526000000.0,2354000000.0,-292000000.0,1.448,0.823,1503000000.0,0.0,1503000000.0,1503000000.0,0.0,951000000.0,0.0,0.0,0.0,-259000000.0,692000000.0,0.178,692000000.0,-259000000.0,-376000000.0,-1.53,-1.53,-1.53,5678000000.0,5045000000.0,5678000000.0,5833072940.0,-23.0,8.429,-365000000.0,-1.852,1.0,1528000000.0,0.394,0.0,117000000.0,10253000000.0,9578000000.0,73000000.0,641000000.0,506000000.0,135000000.0,4673000000.0,1156000000.0,3517000000.0,3609072940.0,490000000.0,15000000.0,0.0,1631000000.0,0.0,839000000.0,-1556000000.0,-12000000.0,1207000000.0,-1000000.0,-302000000.0,-302000000.0,-302000000.0,142000000.0,10000000.0,-0.078,1670000000.0,-142000000.0,702000000.0,0.0,0.636,-11.951,-11.876,8222000000.0,0.0,18.17,0.93,0.923,509000000.0,0.0,3882000000.0,3882000000.0,126000000.0,-0.03,-0.06,-0.027,-0.067,5000000.0,275000000.0,1.0,198628120.0,197100000.0,197100000.0,19.696,10432000000.0,0.0,-74000000.0,1672000000.0,52.927,518000000.0
9,WPX,MRY,2010-12-31,2010-12-31,2010-12-31,2020-11-03,168000000.0,9846000000.0,10199500000.0,958000000.0,8888000000.0,0.386,22.385,-1856000000.0,37000000.0,37000000.0,2470000000.0,-1283000000.0,0.302,1.215,2261000000.0,2261000000.0,0.0,2261000000.0,0.0,882000000.0,0.0,,0.0,-1123000000.0,-241000000.0,-0.061,-241000000.0,-1123000000.0,-1247000000.0,-6.55,-6.55,-6.55,4412000000.0,4876500000.0,4412000000.0,,,,-800000000.0,-4.059,1.0,1465000000.0,0.372,0.0,124000000.0,8903000000.0,8541500000.0,77000000.0,678000000.0,400000000.0,278000000.0,5362000000.0,3167000000.0,2195000000.0,,3000000.0,-456000000.0,0.0,1045000000.0,0.0,1284000000.0,-2337000000.0,-7000000.0,1056000000.0,0.0,-1291000000.0,-1291000000.0,-1291000000.0,346000000.0,8000000.0,-0.328,2288000000.0,-823000000.0,515000000.0,0.0,,,,8449000000.0,0.0,,,,422000000.0,,3935000000.0,3935000000.0,57000000.0,-0.127,-0.265,-0.131,-0.285,0.0,242000000.0,1.0,198628120.0,197100000.0,197100000.0,19.964,9846000000.0,0.0,44000000.0,1732000000.0,49.954,-2209000000.0
10,WPX,MRY,2009-12-31,2009-12-31,2009-12-31,2020-11-03,72000000.0,10553000000.0,,1199000000.0,9354000000.0,,27.098,-1434000000.0,34000000.0,34000000.0,2124000000.0,140000000.0,0.47,0.964,1216000000.0,1216000000.0,0.0,1216000000.0,0.0,894000000.0,0.0,,0.0,330000000.0,1224000000.0,0.333,1224000000.0,330000000.0,230000000.0,0.68,0.68,0.68,5341000000.0,,5341000000.0,,,,-253000000.0,-1.284,1.0,1557000000.0,0.423,1003000000.0,100000000.0,8180000000.0,,61000000.0,1189000000.0,650000000.0,539000000.0,5148000000.0,2552000000.0,2596000000.0,,2000000.0,0.0,0.0,270000000.0,0.0,256000000.0,-1435000000.0,-1000000.0,1181000000.0,0.0,134000000.0,134000000.0,134000000.0,7000000.0,6000000.0,0.036,1207000000.0,350000000.0,499000000.0,0.0,,,,7662000000.0,0.0,,,,413000000.0,,3681000000.0,3681000000.0,54000000.0,,,,0.09,0.0,251000000.0,1.0,,197100000.0,197100000.0,18.676,9550000000.0,0.0,96000000.0,1869000000.0,48.453,-1353000000.0
11,WPX,MRY,2008-12-31,2008-12-31,2008-12-31,2020-11-03,,,,,,,,-2467000000.0,,,4003000000.0,730000000.0,,,,,,,,758000000.0,,,0.0,1248000000.0,2006000000.0,0.324,2006000000.0,1248000000.0,1174000000.0,,,,,,,,,,-458000000.0,,1.0,2181000000.0,0.353,,74000000.0,,,,,,,,,,,-18000000.0,72000000.0,0.0,269000000.0,0.0,225000000.0,-2252000000.0,-5000000.0,2009000000.0,0.0,722000000.0,722000000.0,722000000.0,87000000.0,8000000.0,0.117,874000000.0,1307000000.0,,,,,,,0.0,,,,,,6184000000.0,6184000000.0,37000000.0,,,,0.202,0.0,247000000.0,1.0,,,,,,,452000000.0,,,
0,WPX,MRQ,2020-09-30,2020-09-30,2020-09-30,2020-11-03,0.0,9501000000.0,,891000000.0,8610000000.0,,8.086,-215000000.0,195000000.0,195000000.0,282000000.0,-155000000.0,1.005,1.095,3213000000.0,0.0,3213000000.0,3213000000.0,0.0,238000000.0,0.0,0.0,0.0,-139000000.0,99000000.0,0.209,99000000.0,-139000000.0,-187000000.0,-0.28,-0.28,-0.28,4536000000.0,,4536000000.0,5920846659.0,-5.0,-39.737,175000000.0,0.312,1.0,191000000.0,0.404,0.0,48000000.0,11632000000.0,,23000000.0,242000000.0,188000000.0,54000000.0,4965000000.0,887000000.0,4078000000.0,2748846659.0,-211000000.0,0.0,0.0,-390000000.0,0.0,-389000000.0,-212000000.0,3000000.0,390000000.0,0.0,-155000000.0,-155000000.0,-155000000.0,7000000.0,0.0,-0.328,304000000.0,-113000000.0,529000000.0,0.0,0.606,-2.559,-2.279,8438000000.0,0.0,4.9,1.171,1.171,446000000.0,-4133000000.0,473000000.0,473000000.0,15000000.0,,,,,9000000.0,51000000.0,1.0,560989114.0,561000000.0,561000000.0,0.843,9501000000.0,0.0,-32000000.0,109000000.0,16.936,4000000.0
1,WPX,MRQ,2020-06-30,2020-06-30,2020-06-30,2020-11-03,0.0,9858000000.0,,1245000000.0,8613000000.0,,8.363,-305000000.0,407000000.0,407000000.0,218000000.0,-408000000.0,1.122,1.106,3579000000.0,369000000.0,3210000000.0,3579000000.0,0.0,229000000.0,0.0,0.0,0.0,-461000000.0,-232000000.0,-7.03,-232000000.0,-461000000.0,-510000000.0,-0.73,-0.73,-0.73,4681000000.0,,4681000000.0,6707990770.0,-9.0,35.12,-29000000.0,-0.052,1.0,-185000000.0,-5.606,0.0,49000000.0,11920000000.0,,27000000.0,420000000.0,345000000.0,75000000.0,5177000000.0,1110000000.0,4067000000.0,3568990770.0,346000000.0,4000000.0,0.0,375000000.0,0.0,368000000.0,-298000000.0,3000000.0,276000000.0,0.0,-409000000.0,-409000000.0,-409000000.0,-5000000.0,1000000.0,-12.394,293000000.0,-478000000.0,412000000.0,0.0,0.762,-4.472,-4.038,8421000000.0,0.0,6.38,1.337,1.338,424000000.0,-3978000000.0,33000000.0,33000000.0,19000000.0,,,,,9000000.0,42000000.0,1.0,559402942.0,559700000.0,559700000.0,0.059,9858000000.0,0.0,-101000000.0,137000000.0,17.613,135000000.0
2,WPX,MRQ,2020-03-31,2020-03-31,2020-03-31,2020-11-03,0.0,10096000000.0,,1445000000.0,8651000000.0,,11.092,-314000000.0,61000000.0,61000000.0,239000000.0,-386000000.0,1.676,0.987,3200000000.0,0.0,3200000000.0,3200000000.0,0.0,259000000.0,0.0,0.0,0.0,-401000000.0,-142000000.0,-0.102,-142000000.0,-401000000.0,-449000000.0,-0.85,-0.85,-0.85,5080000000.0,,5080000000.0,3413885298.0,33.0,3.182,-58000000.0,-0.127,1.0,1159000000.0,0.829,0.0,48000000.0,12373000000.0,,30000000.0,921000000.0,868000000.0,53000000.0,5016000000.0,862000000.0,4154000000.0,1271885298.0,3000000.0,-915000000.0,-43000000.0,1000000000.0,0.0,972000000.0,-1225000000.0,4000000.0,256000000.0,0.0,-388000000.0,-388000000.0,-388000000.0,0.0,2000000.0,-0.278,1371000000.0,-212000000.0,618000000.0,0.0,0.25,-15.141,-23.462,8476000000.0,0.0,3.05,0.382,0.419,447000000.0,-3569000000.0,1398000000.0,1398000000.0,67000000.0,,,,,10000000.0,51000000.0,1.0,417011573.0,458000000.0,458000000.0,3.052,10096000000.0,0.0,-61000000.0,243000000.0,22.044,583000000.0
3,WPX,MRQ,2019-12-31,2019-12-31,2019-12-31,2020-11-03,0.0,8413000000.0,,647000000.0,7766000000.0,,10.817,-272000000.0,60000000.0,60000000.0,237000000.0,-122000000.0,0.72,0.863,2202000000.0,0.0,2202000000.0,2202000000.0,0.0,247000000.0,0.0,0.0,0.0,-121000000.0,126000000.0,0.284,126000000.0,-121000000.0,-161000000.0,-0.29,-0.28,-0.29,4515000000.0,,4515000000.0,7914020062.0,16.0,5.601,79000000.0,0.189,1.0,206000000.0,0.465,0.0,40000000.0,9657000000.0,,41000000.0,115000000.0,57000000.0,58000000.0,3898000000.0,898000000.0,3000000000.0,5726020062.0,48000000.0,3000000.0,-14000000.0,-1000000.0,0.0,-37000000.0,-266000000.0,3000000.0,351000000.0,0.0,-122000000.0,-122000000.0,-122000000.0,1000000.0,0.0,-0.275,335000000.0,-129000000.0,556000000.0,0.0,1.268,22.367,22.525,7590000000.0,0.0,13.74,2.498,2.52,450000000.0,-3181000000.0,443000000.0,443000000.0,25000000.0,,,,,11000000.0,60000000.0,1.0,416740907.0,417400000.0,419000000.0,1.061,8413000000.0,0.0,-39000000.0,290000000.0,20.156,-251000000.0
4,WPX,MRQ,2019-09-30,2019-09-30,2019-09-30,2020-11-03,0.0,8620000000.0,,816000000.0,7804000000.0,,11.034,-316000000.0,13000000.0,13000000.0,227000000.0,121000000.0,0.877,0.857,2201000000.0,0.0,2201000000.0,2201000000.0,0.0,241000000.0,0.0,0.0,0.0,198000000.0,439000000.0,0.552,439000000.0,198000000.0,160000000.0,0.29,0.29,0.29,4643000000.0,,4643000000.0,6521164130.0,6.0,3.201,-44000000.0,-0.105,1.0,568000000.0,0.714,0.0,38000000.0,9878000000.0,,46000000.0,276000000.0,169000000.0,107000000.0,3977000000.0,930000000.0,3047000000.0,4473164130.0,-95000000.0,-1000000.0,-43000000.0,-3000000.0,0.0,-55000000.0,-312000000.0,4000000.0,272000000.0,0.0,121000000.0,121000000.0,121000000.0,1000000.0,0.0,0.152,314000000.0,254000000.0,686000000.0,0.0,0.963,6.111,5.983,7574000000.0,0.0,10.59,1.558,1.552,553000000.0,-3059000000.0,795000000.0,795000000.0,22000000.0,,,,,9000000.0,51000000.0,1.0,422395102.0,420800000.0,421800000.0,1.889,8620000000.0,0.0,39000000.0,307000000.0,20.485,-114000000.0
5,WPX,MRQ,2019-06-30,2019-06-30,2019-06-30,2020-11-03,0.0,8553000000.0,,774000000.0,7779000000.0,,10.795,-323000000.0,109000000.0,109000000.0,218000000.0,305000000.0,0.754,0.875,2157000000.0,0.0,2157000000.0,2157000000.0,0.0,221000000.0,0.0,0.0,0.0,429000000.0,650000000.0,0.935,650000000.0,429000000.0,389000000.0,0.72,0.72,0.72,4561000000.0,,4561000000.0,7324293699.0,8.0,4.035,39000000.0,0.092,1.0,477000000.0,0.686,0.0,40000000.0,9575000000.0,,45000000.0,178000000.0,81000000.0,97000000.0,3992000000.0,1026000000.0,2966000000.0,4860293699.0,103000000.0,362000000.0,0.0,-314000000.0,0.0,-301000000.0,42000000.0,3000000.0,362000000.0,0.0,305000000.0,305000000.0,305000000.0,0.0,0.0,0.439,293000000.0,184000000.0,721000000.0,0.0,1.066,8.047,7.83,7555000000.0,0.0,11.51,1.899,1.9,505000000.0,-3180000000.0,695000000.0,695000000.0,24000000.0,,,,,9000000.0,48000000.0,1.0,422267046.0,422500000.0,423500000.0,1.645,8553000000.0,0.0,84000000.0,270000000.0,20.244,-252000000.0
6,WPX,MRQ,2019-03-31,2019-03-31,2019-03-31,2020-11-03,0.0,8471000000.0,,703000000.0,7768000000.0,,10.09,-451000000.0,6000000.0,6000000.0,216000000.0,-48000000.0,0.696,0.994,2470000000.0,0.0,2470000000.0,2470000000.0,0.0,219000000.0,0.0,0.0,0.0,-21000000.0,198000000.0,0.552,198000000.0,-21000000.0,-62000000.0,-0.11,-0.11,-0.11,4248000000.0,,4248000000.0,7994299008.0,18.0,6.212,-179000000.0,-0.425,1.0,143000000.0,0.398,0.0,41000000.0,9925000000.0,,52000000.0,260000000.0,69000000.0,191000000.0,4223000000.0,1010000000.0,3213000000.0,5512299008.0,6000000.0,228000000.0,1000000.0,-16000000.0,0.0,-29000000.0,-237000000.0,-14000000.0,272000000.0,0.0,-48000000.0,-48000000.0,-48000000.0,0.0,0.0,-0.134,290000000.0,-147000000.0,683000000.0,0.0,1.298,25.758,24.278,7453000000.0,0.0,13.11,2.402,2.405,538000000.0,-3485000000.0,359000000.0,359000000.0,24000000.0,,,,,8000000.0,47000000.0,1.0,420465218.0,421000000.0,421000000.0,0.853,8471000000.0,0.0,-14000000.0,188000000.0,20.121,-307000000.0
7,WPX,MRQ,2018-12-31,2018-12-31,2018-12-31,2020-11-03,0.0,8203000000.0,,739000000.0,7464000000.0,,10.223,-463000000.0,3000000.0,3000000.0,200000000.0,354000000.0,1.034,0.907,2485000000.0,0.0,2485000000.0,2485000000.0,0.0,226000000.0,0.0,0.0,0.0,524000000.0,750000000.0,0.734,750000000.0,524000000.0,484000000.0,0.87,0.87,0.87,4301000000.0,,4301000000.0,6977319478.0,18.0,5.948,-232000000.0,-0.551,1.0,822000000.0,0.804,0.0,40000000.0,9970000000.0,,48000000.0,345000000.0,174000000.0,171000000.0,3902000000.0,715000000.0,3187000000.0,4770319478.0,-32000000.0,0.0,1000000.0,242000000.0,0.0,230000000.0,-493000000.0,-30000000.0,231000000.0,0.0,354000000.0,354000000.0,354000000.0,-1000000.0,0.0,0.346,295000000.0,527000000.0,514000000.0,0.0,1.109,33.359,32.429,7266000000.0,0.0,11.35,2.065,2.007,405000000.0,-3437000000.0,1022000000.0,1022000000.0,21000000.0,,,,,8000000.0,51000000.0,1.0,420292465.0,420700000.0,433900000.0,2.429,8203000000.0,0.0,130000000.0,201000000.0,19.498,24000000.0
8,WPX,MRQ,2018-09-30,2018-09-30,2018-09-30,2020-11-03,0.0,7918000000.0,,578000000.0,7340000000.0,,9.514,-353000000.0,36000000.0,36000000.0,202000000.0,-7000000.0,0.511,1.01,2243000000.0,0.0,2243000000.0,2243000000.0,0.0,194000000.0,0.0,0.0,0.0,23000000.0,217000000.0,0.448,217000000.0,23000000.0,-15000000.0,-0.01,-0.01,-0.01,3939000000.0,,3939000000.0,10501678240.0,-36.0,23.337,-129000000.0,-0.312,1.0,282000000.0,0.583,0.0,38000000.0,8994000000.0,,49000000.0,259000000.0,98000000.0,161000000.0,3979000000.0,1131000000.0,2848000000.0,8450678239.0,-66000000.0,-4000000.0,4000000.0,88000000.0,0.0,116000000.0,-406000000.0,-49000000.0,224000000.0,0.0,-7000000.0,-7000000.0,-7000000.0,1000000.0,0.0,-0.014,255000000.0,27000000.0,607000000.0,0.0,2.145,-33.402,-31.937,7152000000.0,0.0,20.12,5.856,5.772,368000000.0,-3791000000.0,484000000.0,484000000.0,18000000.0,,,,,8000000.0,44000000.0,1.0,420013829.0,414000000.0,414000000.0,1.169,7918000000.0,0.0,-8000000.0,33000000.0,19.126,-553000000.0
9,WPX,MRQ,2018-06-30,2018-06-30,2018-06-30,2020-11-03,0.0,7770000000.0,,628000000.0,7142000000.0,,9.838,-339000000.0,103000000.0,103000000.0,174000000.0,-81000000.0,0.585,0.975,2154000000.0,0.0,2154000000.0,2154000000.0,0.0,197000000.0,0.0,0.0,0.0,-75000000.0,122000000.0,0.284,122000000.0,-75000000.0,-114000000.0,-0.21,-0.21,-0.21,3935000000.0,,3935000000.0,9100243510.0,-82.0,14.943,-56000000.0,-0.14,1.0,256000000.0,0.595,0.0,39000000.0,8747000000.0,,40000000.0,277000000.0,136000000.0,141000000.0,3835000000.0,1074000000.0,2761000000.0,7205243510.0,-578000000.0,-13000000.0,4000000.0,-502000000.0,0.0,-502000000.0,-359000000.0,-7000000.0,283000000.0,0.0,-81000000.0,-85000000.0,-85000000.0,2000000.0,0.0,-0.198,258000000.0,-2000000.0,563000000.0,0.0,1.831,-18.241,-18.03,6974000000.0,4000000.0,18.03,6.526,6.533,323000000.0,-3784000000.0,430000000.0,430000000.0,17000000.0,,,,,10000000.0,44000000.0,1.0,399625264.0,400000000.0,400000000.0,1.075,7770000000.0,0.0,-33000000.0,42000000.0,19.425,-446000000.0
10,WPX,MRQ,2018-03-31,2018-03-31,2018-03-31,2020-11-03,0.0,8127000000.0,,1161000000.0,6966000000.0,,10.05,-321000000.0,681000000.0,681000000.0,142000000.0,-115000000.0,1.255,1.029,2576000000.0,0.0,2576000000.0,2576000000.0,0.0,168000000.0,0.0,0.0,0.0,-84000000.0,84000000.0,0.225,84000000.0,-84000000.0,-130000000.0,-0.3,-0.3,-0.3,4006000000.0,,4006000000.0,8271458386.0,-39.0,17.161,-176000000.0,-0.442,1.0,232000000.0,0.62,0.0,46000000.0,9097000000.0,,31000000.0,210000000.0,82000000.0,128000000.0,4121000000.0,925000000.0,3196000000.0,5885458386.0,493000000.0,699000000.0,1000000.0,0.0,0.0,-14000000.0,362000000.0,-16000000.0,145000000.0,0.0,-115000000.0,-119000000.0,-119000000.0,0.0,0.0,-0.318,223000000.0,9000000.0,522000000.0,0.0,1.469,-24.729,-24.23,6816000000.0,4000000.0,14.78,5.748,5.753,337000000.0,-3703000000.0,374000000.0,374000000.0,19000000.0,,,,,8000000.0,43000000.0,1.0,398204221.0,398600000.0,398600000.0,0.938,8127000000.0,0.0,-15000000.0,74000000.0,20.389,236000000.0
11,WPX,MRQ,2017-12-31,2017-12-31,2017-12-31,2020-11-03,0.0,8207000000.0,,1401000000.0,6806000000.0,,10.367,-306000000.0,189000000.0,189000000.0,92000000.0,-38000000.0,1.656,0.989,2575000000.0,0.0,2575000000.0,2575000000.0,0.0,186000000.0,0.0,0.0,0.0,-159000000.0,27000000.0,0.174,27000000.0,-159000000.0,-206000000.0,-0.11,-0.11,-0.11,4127000000.0,,4127000000.0,8451067878.0,192.0,11.787,-27000000.0,-0.068,1.0,63000000.0,0.406,0.0,47000000.0,9747000000.0,,30000000.0,129000000.0,36000000.0,93000000.0,4080000000.0,846000000.0,3234000000.0,5602067878.0,179000000.0,496000000.0,1000000.0,-285000000.0,0.0,-290000000.0,190000000.0,-1000000.0,279000000.0,0.0,-38000000.0,-42000000.0,-42000000.0,40000000.0,0.0,-0.271,203000000.0,-140000000.0,446000000.0,0.0,1.357,-180.712,-175.875,6691000000.0,4000000.0,14.07,5.361,5.32,307000000.0,-3588000000.0,155000000.0,155000000.0,18000000.0,,,,,8000000.0,41000000.0,1.0,398156921.0,398100000.0,401000000.0,0.389,8207000000.0,0.0,-168000000.0,117000000.0,20.615,555000000.0
12,WPX,MRQ,2017-09-30,2017-09-30,2017-09-30,2020-11-03,0.0,8095000000.0,,648000000.0,7447000000.0,,10.455,-313000000.0,10000000.0,10000000.0,73000000.0,-146000000.0,1.017,0.945,2859000000.0,0.0,2859000000.0,2859000000.0,0.0,169000000.0,0.0,0.0,0.0,207000000.0,376000000.0,2.593,376000000.0,207000000.0,159000000.0,-0.38,-0.38,-0.38,4162000000.0,,4162000000.0,7168323611.0,-133.0,12.15,-227000000.0,-0.57,1.0,72000000.0,0.497,0.0,48000000.0,10307000000.0,,42000000.0,95000000.0,61000000.0,34000000.0,3933000000.0,637000000.0,3296000000.0,4575323611.0,1000000.0,-4000000.0,0.0,241000000.0,0.0,236000000.0,-321000000.0,-4000000.0,86000000.0,0.0,-146000000.0,-149000000.0,-149000000.0,0.0,0.0,-1.028,78000000.0,-6000000.0,369000000.0,0.0,1.099,-27.898,-23.958,7384000000.0,3000000.0,11.5,5.996,6.0,268000000.0,-3550000000.0,145000000.0,145000000.0,17000000.0,,,,,7000000.0,40000000.0,1.0,397854227.0,398100000.0,398100000.0,0.364,8095000000.0,0.0,305000000.0,276000000.0,20.334,11000000.0
13,WPX,MRQ,2017-06-30,2017-06-30,2017-06-30,2020-11-03,0.0,7962000000.0,,393000000.0,7569000000.0,,10.82,-305000000.0,8000000.0,8000000.0,74000000.0,76000000.0,0.635,0.85,2601000000.0,0.0,2601000000.0,2601000000.0,0.0,171000000.0,0.0,0.0,0.0,-176000000.0,-5000000.0,-0.014,-5000000.0,-176000000.0,-222000000.0,0.18,0.17,0.18,4304000000.0,,4304000000.0,6273838730.0,-11.0,101.191,-185000000.0,-0.465,1.0,276000000.0,0.789,0.0,46000000.0,9936000000.0,,41000000.0,168000000.0,110000000.0,58000000.0,3658000000.0,619000000.0,3039000000.0,3840838730.0,-133000000.0,34000000.0,0.0,25000000.0,0.0,21000000.0,-274000000.0,-3000000.0,120000000.0,0.0,76000000.0,72000000.0,72000000.0,0.0,0.0,0.206,194000000.0,82000000.0,348000000.0,0.0,0.892,-14.772,-11.78,7485000000.0,4000000.0,9.66,4.42,4.422,205000000.0,-3404000000.0,350000000.0,350000000.0,16000000.0,,,,,10000000.0,44000000.0,1.0,397602353.0,397800000.0,423200000.0,0.88,7962000000.0,0.0,-298000000.0,226000000.0,20.015,-226000000.0
14,WPX,MRQ,2017-03-31,2017-03-31,2017-03-31,2020-11-03,0.0,7910000000.0,,428000000.0,7482000000.0,,10.929,-237000000.0,142000000.0,142000000.0,59000000.0,92000000.0,0.728,0.874,2575000000.0,0.0,2575000000.0,2575000000.0,0.0,147000000.0,0.0,0.0,0.0,172000000.0,319000000.0,0.808,319000000.0,172000000.0,125000000.0,0.23,0.22,0.23,4222000000.0,,4222000000.0,7385771571.0,-11.0,-164.128,-215000000.0,-0.557,1.0,336000000.0,0.851,0.0,47000000.0,9755000000.0,,35000000.0,124000000.0,59000000.0,65000000.0,3688000000.0,588000000.0,3100000000.0,5306771571.0,-352000000.0,-794000000.0,671000000.0,0.0,0.0,657000000.0,-1031000000.0,0.0,22000000.0,0.0,92000000.0,88000000.0,88000000.0,0.0,0.0,0.223,159000000.0,177000000.0,294000000.0,0.0,1.257,-9.901,-7.97,7395000000.0,4000000.0,13.39,8.077,7.873,170000000.0,-3480000000.0,395000000.0,395000000.0,36000000.0,,,,,7000000.0,41000000.0,1.0,396323493.0,386300000.0,410400000.0,1.023,7910000000.0,0.0,33000000.0,281000000.0,20.476,-160000000.0
15,WPX,MRQ,2016-12-31,2016-12-31,2016-12-31,2020-11-03,0.0,7264000000.0,,754000000.0,6510000000.0,,10.052,-138000000.0,496000000.0,496000000.0,162000000.0,-172000000.0,1.114,1.096,2575000000.0,0.0,2575000000.0,2575000000.0,0.0,157000000.0,0.0,0.0,0.0,-257000000.0,-100000000.0,0.787,-100000000.0,-257000000.0,-305000000.0,-0.51,-0.51,-0.51,3466000000.0,,3466000000.0,7094808572.0,-9.0,-57.681,16000000.0,0.046,1.0,-289000000.0,2.276,0.0,48000000.0,8666000000.0,,32000000.0,38000000.0,26000000.0,12000000.0,3798000000.0,677000000.0,3121000000.0,5018808572.0,-126000000.0,-13000000.0,0.0,-128000000.0,0.0,-131000000.0,-149000000.0,0.0,154000000.0,0.0,-172000000.0,-175000000.0,-175000000.0,-71000000.0,0.0,1.378,228000000.0,-517000000.0,222000000.0,0.0,1.448,-7.83,-7.107,6157000000.0,3000000.0,14.57,10.5,9.55,168000000.0,-3572000000.0,-127000000.0,-127000000.0,-5000000.0,,,,,9000000.0,43000000.0,1.0,344461810.0,344800000.0,344800000.0,-0.368,7264000000.0,0.0,-133000000.0,251000000.0,21.067,77000000.0
16,WPX,MRQ,2016-09-30,2016-09-30,2016-09-30,2020-11-03,0.0,7446000000.0,,909000000.0,6537000000.0,,10.641,-149000000.0,623000000.0,623000000.0,73000000.0,-219000000.0,1.457,1.049,2699000000.0,125000000.0,2574000000.0,2699000000.0,0.0,150000000.0,0.0,0.0,0.0,-302000000.0,-152000000.0,-0.606,-152000000.0,-302000000.0,-351000000.0,-0.72,-0.72,-0.72,3634000000.0,,3634000000.0,6242786511.0,-3.0,-5.1,-124000000.0,-0.363,1.0,178000000.0,0.709,0.0,49000000.0,8898000000.0,,33000000.0,110000000.0,79000000.0,31000000.0,3812000000.0,624000000.0,3188000000.0,4541786511.0,-408000000.0,1000000.0,0.0,-37000000.0,0.0,-49000000.0,-384000000.0,0.0,25000000.0,0.0,-219000000.0,-245000000.0,-245000000.0,0.0,0.0,-0.976,438000000.0,-260000000.0,185000000.0,0.0,1.25,-2.265,-1.651,6482000000.0,26000000.0,13.19,4.588,4.55,147000000.0,-3400000000.0,251000000.0,251000000.0,10000000.0,,,,,10000000.0,51000000.0,1.0,344335596.0,341500000.0,341500000.0,0.735,7446000000.0,0.0,-132000000.0,323000000.0,21.804,285000000.0
17,WPX,MRQ,2016-06-30,2016-06-30,2016-06-30,2020-11-03,0.0,7862000000.0,,1395000000.0,6467000000.0,,12.83,-106000000.0,1031000000.0,1031000000.0,77000000.0,-198000000.0,2.001,1.038,2732000000.0,160000000.0,2572000000.0,2732000000.0,0.0,163000000.0,0.0,0.0,0.0,-275000000.0,-112000000.0,-0.812,-112000000.0,-275000000.0,-328000000.0,-0.68,-0.68,-0.68,3858000000.0,,3858000000.0,5614536759.0,-3.0,-5.494,-36000000.0,-0.12,1.0,61000000.0,0.442,0.0,53000000.0,8866000000.0,,37000000.0,122000000.0,101000000.0,21000000.0,4004000000.0,697000000.0,3307000000.0,2575536759.0,1020000000.0,858000000.0,539000000.0,-323000000.0,0.0,201000000.0,749000000.0,0.0,70000000.0,0.0,-198000000.0,-204000000.0,-204000000.0,0.0,0.0,-1.478,226000000.0,-165000000.0,226000000.0,0.0,0.668,-1.292,-1.135,6418000000.0,6000000.0,9.31,2.247,2.443,192000000.0,-3181000000.0,138000000.0,138000000.0,12000000.0,,,,,10000000.0,55000000.0,1.0,276641972.0,300700000.0,300700000.0,0.459,7862000000.0,0.0,-130000000.0,390000000.0,26.146,698000000.0
18,WPX,MRQ,2016-03-31,2016-03-31,2016-03-31,2020-11-03,0.0,8140000000.0,,1563000000.0,6577000000.0,,12.731,-185000000.0,11000000.0,11000000.0,69000000.0,-12000000.0,1.519,1.316,3050000000.0,304000000.0,2746000000.0,3050000000.0,0.0,161000000.0,0.0,0.0,0.0,80000000.0,241000000.0,1.116,241000000.0,80000000.0,23000000.0,-0.06,-0.06,-0.06,3515000000.0,,3515000000.0,5076637997.0,-3.0,-7.466,-166000000.0,-0.601,1.0,147000000.0,0.681,0.0,57000000.0,10150000000.0,,42000000.0,281000000.0,240000000.0,41000000.0,4625000000.0,1029000000.0,3596000000.0,1925637997.0,-27000000.0,281000000.0,1000000.0,-138000000.0,0.0,-141000000.0,95000000.0,0.0,19000000.0,0.0,-12000000.0,-17000000.0,-17000000.0,0.0,0.0,-0.079,16000000.0,131000000.0,220000000.0,0.0,0.548,-1.058,-0.913,6504000000.0,5000000.0,6.99,1.657,1.661,190000000.0,-2983000000.0,216000000.0,216000000.0,9000000.0,,,,,7000000.0,53000000.0,1.0,275484692.0,276100000.0,276100000.0,0.782,8140000000.0,0.0,35000000.0,505000000.0,29.482,534000000.0
19,WPX,MRQ,2015-12-31,2015-12-31,2015-12-31,2020-11-03,0.0,8393000000.0,,893000000.0,7500000000.0,,12.813,-234000000.0,38000000.0,38000000.0,126000000.0,-1534000000.0,1.218,1.374,3189000000.0,0.0,3189000000.0,3189000000.0,0.0,255000000.0,0.0,0.0,0.0,-1456000000.0,-1201000000.0,-3.119,-1201000000.0,-1456000000.0,-1513000000.0,-6.53,-6.53,-6.53,3535000000.0,,3535000000.0,4881084538.0,-3.0,-8.474,-44000000.0,-0.159,1.0,259000000.0,0.673,0.0,57000000.0,10811000000.0,,46000000.0,359000000.0,308000000.0,51000000.0,4858000000.0,733000000.0,4125000000.0,1580084538.0,-61000000.0,178000000.0,0.0,-220000000.0,0.0,-194000000.0,-57000000.0,0.0,190000000.0,0.0,-1534000000.0,-1539000000.0,-1539000000.0,0.0,0.0,-3.997,156000000.0,103000000.0,278000000.0,0.0,0.447,-0.91,-0.774,6522000000.0,5000000.0,5.74,1.157,0.984,300000000.0,-2971000000.0,385000000.0,385000000.0,16000000.0,,,,,8000000.0,58000000.0,1.0,275276052.0,275900000.0,271700000.0,1.395,8393000000.0,0.0,21000000.0,465000000.0,30.42,160000000.0
20,WPX,MRQ,2015-09-30,2015-09-30,2015-09-30,2020-11-03,0.0,10907000000.0,,937000000.0,9970000000.0,,20.191,-211000000.0,99000000.0,99000000.0,108000000.0,-230000000.0,1.214,1.15,3400000000.0,0.0,3400000000.0,3400000000.0,0.0,242000000.0,0.0,0.0,0.0,-192000000.0,50000000.0,0.123,50000000.0,-192000000.0,-257000000.0,-0.93,-0.93,-0.93,5072000000.0,,5072000000.0,3239902953.0,8.0,2.5,-12000000.0,-0.048,1.0,299000000.0,0.735,0.0,65000000.0,13436000000.0,,71000000.0,454000000.0,369000000.0,85000000.0,5835000000.0,772000000.0,5063000000.0,1556902953.0,-218000000.0,-580000000.0,293000000.0,345000000.0,0.0,937000000.0,-1354000000.0,0.0,199000000.0,0.0,-230000000.0,-234000000.0,-234000000.0,0.0,0.0,-0.575,258000000.0,41000000.0,413000000.0,0.0,0.307,70.768,19.471,9815000000.0,4000000.0,6.62,1.371,1.464,298000000.0,-1437000000.0,407000000.0,407000000.0,56000000.0,,,,,7000000.0,45000000.0,1.0,235181715.0,251200000.0,251200000.0,1.62,10907000000.0,0.0,-27000000.0,1320000000.0,43.42,165000000.0
21,WPX,MRQ,2015-06-30,2015-06-30,2015-06-30,2020-11-03,0.0,7962000000.0,,1067000000.0,6895000000.0,,21.302,-199000000.0,317000000.0,317000000.0,122000000.0,-30000000.0,1.462,0.823,2000000000.0,0.0,2000000000.0,2000000000.0,0.0,227000000.0,0.0,0.0,0.0,3000000.0,230000000.0,1.494,230000000.0,3000000.0,-29000000.0,-0.14,-0.14,-0.14,4367000000.0,,4367000000.0,4432239779.0,6.0,2.805,37000000.0,0.18,1.0,32000000.0,0.208,0.0,32000000.0,8915000000.0,,48000000.0,292000000.0,260000000.0,32000000.0,3595000000.0,730000000.0,2865000000.0,2514239779.0,235000000.0,0.0,0.0,0.0,0.0,-9000000.0,8000000.0,0.0,236000000.0,0.0,-30000000.0,-30000000.0,-30000000.0,0.0,0.0,-0.195,-26000000.0,58000000.0,339000000.0,0.0,0.576,7.906,7.822,6818000000.0,0.0,12.28,1.703,1.706,280000000.0,-1207000000.0,154000000.0,154000000.0,6000000.0,,,,,11000000.0,53000000.0,1.0,204742653.0,205000000.0,206800000.0,0.751,7962000000.0,0.0,1000000.0,760000000.0,38.839,337000000.0
22,WPX,MRQ,2015-03-31,2015-03-31,2015-03-31,2020-11-03,0.0,8103000000.0,,1087000000.0,7016000000.0,,21.504,-480000000.0,82000000.0,82000000.0,176000000.0,68000000.0,1.3,0.846,2000000000.0,0.0,2000000000.0,2000000000.0,0.0,216000000.0,0.0,0.0,0.0,129000000.0,345000000.0,0.821,345000000.0,129000000.0,96000000.0,0.33,0.32,0.33,4389000000.0,,4389000000.0,4467380146.0,9.0,3.247,-286000000.0,-1.401,1.0,244000000.0,0.581,0.0,33000000.0,9185000000.0,,49000000.0,489000000.0,431000000.0,58000000.0,3714000000.0,836000000.0,2878000000.0,2228380146.0,12000000.0,0.0,2000000.0,-280000000.0,0.0,-269000000.0,87000000.0,0.0,194000000.0,0.0,67000000.0,67000000.0,67000000.0,0.0,1000000.0,0.16,109000000.0,135000000.0,464000000.0,0.0,0.508,10.462,10.41,6911000000.0,0.0,10.93,1.088,1.089,347000000.0,-1177000000.0,420000000.0,420000000.0,7000000.0,,,,,9000000.0,54000000.0,1.0,203877415.0,204100000.0,205900000.0,2.058,8103000000.0,0.0,29000000.0,778000000.0,39.701,251000000.0
23,WPX,MRQ,2014-12-31,2014-12-31,2014-12-31,2020-11-03,-1000000.0,8778000000.0,,1869000000.0,6909000000.0,,21.244,-482000000.0,41000000.0,41000000.0,-38000000.0,219000000.0,1.546,1.007,2260000000.0,0.0,2260000000.0,2260000000.0,0.0,225000000.0,0.0,0.0,0.0,446000000.0,671000000.0,4.329,671000000.0,446000000.0,411000000.0,1.08,1.07,1.08,4319000000.0,,4319000000.0,4347194426.0,10.0,3.349,-191000000.0,-0.939,1.0,193000000.0,1.245,0.0,35000000.0,9788000000.0,,45000000.0,536000000.0,498000000.0,38000000.0,4350000000.0,1209000000.0,3141000000.0,2365194426.0,5000000.0,374000000.0,1000000.0,235000000.0,0.0,212000000.0,-498000000.0,0.0,291000000.0,0.0,219000000.0,219000000.0,219000000.0,85000000.0,0.0,1.413,-198000000.0,391000000.0,712000000.0,0.0,0.548,14.422,14.358,6842000000.0,0.0,11.63,0.937,0.934,459000000.0,-1244000000.0,155000000.0,155000000.0,4000000.0,,,,,10000000.0,16000000.0,1.0,203370114.0,203300000.0,217700000.0,0.762,8778000000.0,0.0,192000000.0,772000000.0,43.178,660000000.0
24,WPX,MRQ,2014-09-30,2014-09-30,2014-09-30,2020-11-03,-1000000.0,8244000000.0,,1005000000.0,7239000000.0,,20.138,-597000000.0,65000000.0,65000000.0,341000000.0,66000000.0,0.994,0.987,2047000000.0,0.0,2047000000.0,2047000000.0,0.0,216000000.0,0.0,0.0,0.0,118000000.0,334000000.0,0.447,334000000.0,118000000.0,87000000.0,0.3,0.3,0.3,4094000000.0,,4094000000.0,6571326899.0,-4.0,-10.531,-338000000.0,-1.663,1.0,406000000.0,0.544,0.0,31000000.0,9215000000.0,,70000000.0,264000000.0,107000000.0,157000000.0,4042000000.0,1011000000.0,3031000000.0,4882326899.0,-39000000.0,-338000000.0,3000000.0,255000000.0,0.0,246000000.0,-544000000.0,0.0,259000000.0,-1000000.0,62000000.0,62000000.0,62000000.0,0.0,4000000.0,0.083,300000000.0,106000000.0,699000000.0,0.0,1.193,-4.749,-4.699,7037000000.0,0.0,24.06,1.725,1.728,465000000.0,-1463000000.0,747000000.0,747000000.0,28000000.0,,,,,9000000.0,71000000.0,1.0,202922980.0,203300000.0,207500000.0,3.674,8244000000.0,31000000.0,25000000.0,714000000.0,40.551,-6000000.0
25,WPX,MRQ,2014-06-30,2014-06-30,2014-06-30,2020-11-03,-1000000.0,8018000000.0,,877000000.0,7141000000.0,,19.832,-376000000.0,105000000.0,105000000.0,403000000.0,-133000000.0,0.866,0.969,1794000000.0,0.0,1794000000.0,1794000000.0,0.0,215000000.0,0.0,0.0,0.0,-189000000.0,26000000.0,0.036,26000000.0,-189000000.0,-217000000.0,-0.66,-0.66,-0.66,4020000000.0,,4020000000.0,6814413745.0,-4.0,-8.19,-62000000.0,-0.306,1.0,324000000.0,0.446,0.0,28000000.0,8694000000.0,,81000000.0,211000000.0,47000000.0,164000000.0,3894000000.0,1013000000.0,2881000000.0,4833413745.0,47000000.0,338000000.0,8000000.0,-245000000.0,0.0,-226000000.0,-41000000.0,0.0,314000000.0,0.0,-135000000.0,-135000000.0,-135000000.0,0.0,2000000.0,-0.186,326000000.0,-2000000.0,684000000.0,0.0,1.202,-4.014,-3.992,6938000000.0,0.0,23.91,1.79,1.795,502000000.0,-1525000000.0,727000000.0,727000000.0,54000000.0,,,,,10000000.0,70000000.0,1.0,202150303.0,202700000.0,202700000.0,3.587,8018000000.0,58000000.0,-82000000.0,718000000.0,39.556,-136000000.0
26,WPX,MRQ,2014-03-31,2014-03-31,2014-03-31,2020-11-03,-1000000.0,8637000000.0,,961000000.0,7676000000.0,,20.501,-352000000.0,58000000.0,58000000.0,575000000.0,19000000.0,0.92,1.066,2039000000.0,0.0,2039000000.0,2039000000.0,0.0,207000000.0,0.0,0.0,0.0,60000000.0,267000000.0,0.299,267000000.0,60000000.0,31000000.0,0.09,0.09,0.09,4131000000.0,,4131000000.0,5454321193.0,-4.0,-9.502,-146000000.0,-0.725,1.0,319000000.0,0.357,0.0,29000000.0,9573000000.0,,68000000.0,190000000.0,25000000.0,165000000.0,4404000000.0,1045000000.0,3359000000.0,3637321193.0,-36000000.0,0.0,4000000.0,125000000.0,0.0,112000000.0,-354000000.0,0.0,206000000.0,-5000000.0,18000000.0,18000000.0,18000000.0,0.0,1000000.0,0.02,275000000.0,44000000.0,758000000.0,0.0,0.88,-3.461,-3.441,7398000000.0,0.0,18.03,1.305,1.303,664000000.0,-1390000000.0,894000000.0,894000000.0,15000000.0,,,,,7000000.0,67000000.0,1.0,201737171.0,201500000.0,201500000.0,4.437,8637000000.0,46000000.0,13000000.0,807000000.0,42.864,-84000000.0
27,WPX,MRQ,2013-12-31,2013-12-31,2013-12-31,2020-11-03,-1000000.0,8429000000.0,,922000000.0,7507000000.0,,20.433,-311000000.0,47000000.0,47000000.0,389000000.0,-984000000.0,0.916,1.027,1911000000.0,0.0,1911000000.0,1911000000.0,0.0,241000000.0,0.0,0.0,0.0,-1492000000.0,-1251000000.0,-2.702,-1251000000.0,-1492000000.0,-1518000000.0,-4.85,-4.85,-4.85,4109000000.0,,4109000000.0,5760478412.0,-3.0,-7.57,-195000000.0,-0.97,1.0,74000000.0,0.16,0.0,26000000.0,9286000000.0,,66000000.0,57000000.0,50000000.0,7000000.0,4219000000.0,1007000000.0,3212000000.0,4092478412.0,-6000000.0,0.0,2000000.0,140000000.0,0.0,153000000.0,-275000000.0,0.0,116000000.0,-3000000.0,-973000000.0,-973000000.0,-973000000.0,77000000.0,-11000000.0,-2.102,1461000000.0,-1387000000.0,634000000.0,0.0,0.996,-3.454,-3.448,6760000000.0,0.0,20.38,1.683,1.681,518000000.0,-1408000000.0,463000000.0,463000000.0,364000000.0,,,,,8000000.0,60000000.0,1.0,200808558.0,201100000.0,201100000.0,2.302,8429000000.0,49000000.0,-545000000.0,776000000.0,41.914,-85000000.0
28,WPX,MRQ,2013-09-30,2013-09-30,2013-09-30,2020-11-03,-1000000.0,9523000000.0,,694000000.0,8829000000.0,,25.282,-295000000.0,108000000.0,108000000.0,392000000.0,-116000000.0,0.956,0.855,1776000000.0,0.0,1776000000.0,1776000000.0,0.0,241000000.0,0.0,0.0,0.0,-115000000.0,126000000.0,0.205,126000000.0,-115000000.0,-143000000.0,-0.57,-0.57,-0.57,5074000000.0,,5074000000.0,5461319911.0,-18.0,8.533,-64000000.0,-0.319,1.0,224000000.0,0.364,0.0,28000000.0,10465000000.0,,74000000.0,218000000.0,44000000.0,174000000.0,4338000000.0,726000000.0,3612000000.0,3863319911.0,18000000.0,0.0,2000000.0,90000000.0,0.0,82000000.0,-295000000.0,3000000.0,231000000.0,0.0,-114000000.0,-114000000.0,-114000000.0,8000000.0,-2000000.0,-0.185,337000000.0,-113000000.0,518000000.0,0.0,0.761,-12.149,-12.113,8535000000.0,0.0,19.26,1.486,1.487,390000000.0,-435000000.0,616000000.0,616000000.0,21000000.0,,,,,7000000.0,67000000.0,1.0,200587742.0,200700000.0,200700000.0,3.069,9523000000.0,33000000.0,-29000000.0,1348000000.0,47.449,-32000000.0
29,WPX,MRQ,2013-06-30,2013-06-30,2013-06-30,2020-11-03,-1000000.0,9483000000.0,,716000000.0,8767000000.0,,25.843,-277000000.0,90000000.0,90000000.0,442000000.0,22000000.0,1.021,0.81,1688000000.0,0.0,1688000000.0,1688000000.0,0.0,227000000.0,0.0,0.0,0.0,57000000.0,284000000.0,0.348,284000000.0,57000000.0,29000000.0,0.09,0.09,0.09,5179000000.0,,5179000000.0,5269329817.0,-21.0,7.626,-132000000.0,-0.659,1.0,373000000.0,0.458,0.0,28000000.0,10380000000.0,,76000000.0,230000000.0,53000000.0,177000000.0,4193000000.0,701000000.0,3492000000.0,3792329817.0,-21000000.0,0.0,1000000.0,100000000.0,0.0,104000000.0,-270000000.0,-3000000.0,145000000.0,-1000000.0,18000000.0,18000000.0,18000000.0,0.0,4000000.0,0.022,321000000.0,52000000.0,515000000.0,0.0,0.732,-14.15,-14.134,8469000000.0,0.0,18.94,1.425,1.426,422000000.0,-321000000.0,815000000.0,815000000.0,20000000.0,,,,,9000000.0,74000000.0,1.0,200228607.0,200400000.0,203800000.0,4.067,9483000000.0,27000000.0,11000000.0,1347000000.0,47.32,15000000.0
30,WPX,MRQ,2013-03-31,2013-03-31,2013-03-31,2020-11-03,-1000000.0,9404000000.0,,680000000.0,8724000000.0,,25.768,-271000000.0,112000000.0,112000000.0,460000000.0,-113000000.0,0.905,0.805,1589000000.0,0.0,1589000000.0,1589000000.0,0.0,231000000.0,0.0,0.0,0.0,-153000000.0,78000000.0,0.124,78000000.0,-153000000.0,-179000000.0,-0.58,-0.58,-0.58,5151000000.0,,5151000000.0,4561120055.0,-14.0,6.985,-127000000.0,-0.635,1.0,171000000.0,0.271,0.0,26000000.0,10130000000.0,,54000000.0,172000000.0,20000000.0,152000000.0,4147000000.0,751000000.0,3396000000.0,3206120055.0,-40000000.0,0.0,1000000.0,80000000.0,0.0,87000000.0,-271000000.0,0.0,144000000.0,-1000000.0,-116000000.0,-116000000.0,-116000000.0,0.0,3000000.0,-0.184,322000000.0,-151000000.0,521000000.0,0.0,0.622,-10.831,-10.824,8451000000.0,0.0,16.02,1.223,1.222,411000000.0,-339000000.0,631000000.0,631000000.0,19000000.0,,,,,8000000.0,72000000.0,1.0,200132338.0,199900000.0,199900000.0,3.157,9404000000.0,33000000.0,-63000000.0,1347000000.0,47.044,-71000000.0
31,WPX,MRQ,2012-12-31,2012-12-31,2012-12-31,2020-11-03,2000000.0,9456000000.0,,772000000.0,8684000000.0,,26.459,-356000000.0,153000000.0,153000000.0,292000000.0,-104000000.0,1.063,0.775,1508000000.0,0.0,1508000000.0,1508000000.0,0.0,246000000.0,0.0,0.0,0.0,-94000000.0,152000000.0,0.283,152000000.0,-94000000.0,-119000000.0,-0.53,-0.53,-0.53,5268000000.0,,5268000000.0,4232945623.0,-21.0,5.512,-149000000.0,-0.748,1.0,246000000.0,0.457,0.0,25000000.0,10085000000.0,,66000000.0,205000000.0,58000000.0,147000000.0,4085000000.0,726000000.0,3359000000.0,2963945623.0,-85000000.0,0.0,1000000.0,0.0,0.0,58000000.0,-350000000.0,2000000.0,207000000.0,-2000000.0,-106000000.0,-106000000.0,-106000000.0,23000000.0,2000000.0,-0.197,241000000.0,5000000.0,509000000.0,0.0,0.563,-13.291,-13.286,8416000000.0,0.0,14.88,1.022,1.02,443000000.0,-223000000.0,538000000.0,538000000.0,11000000.0,,,,,6000000.0,59000000.0,1.0,199189894.0,199100000.0,199100000.0,2.702,9456000000.0,17000000.0,-13000000.0,1401000000.0,47.494,46000000.0
32,WPX,MRQ,2012-09-30,2012-09-30,2012-09-30,2020-11-03,55000000.0,9583000000.0,,887000000.0,8696000000.0,,27.147,-337000000.0,240000000.0,240000000.0,415000000.0,-61000000.0,1.302,0.756,1509000000.0,0.0,1509000000.0,1509000000.0,0.0,244000000.0,0.0,0.0,0.0,-67000000.0,177000000.0,0.261,177000000.0,-67000000.0,-92000000.0,-0.32,-0.32,-0.32,5405000000.0,,5405000000.0,4384017343.0,-8.0,9.941,-189000000.0,-0.949,1.0,262000000.0,0.387,0.0,25000000.0,10171000000.0,,71000000.0,311000000.0,159000000.0,152000000.0,4087000000.0,681000000.0,3406000000.0,3302017343.0,-187000000.0,4000000.0,1000000.0,0.0,0.0,0.0,-335000000.0,0.0,148000000.0,0.0,-64000000.0,-64000000.0,-64000000.0,-2000000.0,3000000.0,-0.095,332000000.0,-70000000.0,441000000.0,0.0,0.611,-7.257,-7.213,8413000000.0,0.0,16.59,0.991,0.991,385000000.0,-117000000.0,677000000.0,677000000.0,22000000.0,,,,,7000000.0,67000000.0,1.0,199036609.0,199100000.0,199100000.0,3.4,9583000000.0,0.0,-28000000.0,1487000000.0,48.132,206000000.0
33,WPX,MRQ,2012-06-30,2012-06-30,2012-06-30,2020-11-03,136000000.0,9842000000.0,,1213000000.0,8629000000.0,,27.868,-400000000.0,427000000.0,427000000.0,406000000.0,-6000000.0,1.537,0.76,1509000000.0,0.0,1509000000.0,1509000000.0,0.0,248000000.0,0.0,0.0,0.0,-2000000.0,246000000.0,0.317,246000000.0,-2000000.0,-28000000.0,-0.05,-0.05,-0.05,5543000000.0,,5543000000.0,4362259974.0,-10.0,8.108,-211000000.0,-1.061,1.0,369000000.0,0.476,0.0,26000000.0,10135000000.0,,66000000.0,503000000.0,342000000.0,161000000.0,4211000000.0,789000000.0,3422000000.0,3215259974.0,65000000.0,306000000.0,0.0,0.0,0.0,0.0,-124000000.0,0.0,189000000.0,0.0,-10000000.0,-10000000.0,-10000000.0,-23000000.0,4000000.0,-0.013,403000000.0,-34000000.0,430000000.0,0.0,0.58,-8.529,-8.471,8331000000.0,0.0,16.18,0.881,0.882,337000000.0,-53000000.0,775000000.0,775000000.0,19000000.0,,,,,9000000.0,71000000.0,1.0,198718169.0,198900000.0,198900000.0,3.896,9842000000.0,0.0,-18000000.0,1568000000.0,49.482,424000000.0
34,WPX,MRQ,2012-03-31,2012-03-31,2012-03-31,2020-11-03,217000000.0,10269000000.0,,1684000000.0,8585000000.0,,28.395,-428000000.0,362000000.0,362000000.0,587000000.0,-40000000.0,1.586,0.811,1509000000.0,0.0,1509000000.0,1509000000.0,0.0,235000000.0,0.0,0.0,0.0,-42000000.0,193000000.0,0.212,193000000.0,-42000000.0,-68000000.0,-0.22,-0.22,-0.22,5625000000.0,,5625000000.0,4554292441.0,-13.0,7.369,-176000000.0,-0.888,1.0,323000000.0,0.355,0.0,26000000.0,10354000000.0,,61000000.0,670000000.0,516000000.0,154000000.0,4560000000.0,1062000000.0,3498000000.0,3577292441.0,-164000000.0,0.0,1000000.0,6000000.0,0.0,-21000000.0,-395000000.0,-2000000.0,252000000.0,0.0,-43000000.0,-43000000.0,-43000000.0,2000000.0,3000000.0,-0.047,367000000.0,-44000000.0,531000000.0,0.0,0.636,-10.46,-10.41,8289000000.0,0.0,18.01,0.933,0.931,414000000.0,-43000000.0,910000000.0,910000000.0,19000000.0,,,,,6000000.0,68000000.0,1.0,198628120.0,198100000.0,198100000.0,4.594,10269000000.0,0.0,-25000000.0,1634000000.0,51.837,622000000.0
35,WPX,MRQ,2011-12-31,2011-12-31,2011-12-31,2020-11-03,219000000.0,10432000000.0,,1674000000.0,8758000000.0,,28.808,-484000000.0,526000000.0,526000000.0,572000000.0,-335000000.0,1.448,0.823,1503000000.0,0.0,1503000000.0,1503000000.0,0.0,247000000.0,0.0,0.0,0.0,-422000000.0,-175000000.0,-0.18,-175000000.0,-422000000.0,-442000000.0,-1.71,-1.71,-1.71,5678000000.0,,5678000000.0,5833072940.0,-23.0,8.429,-165000000.0,-0.837,1.0,398000000.0,0.41,0.0,20000000.0,10253000000.0,,73000000.0,641000000.0,506000000.0,135000000.0,4673000000.0,1156000000.0,3517000000.0,3609072940.0,477000000.0,-2000000.0,0.0,1472000000.0,0.0,658000000.0,-500000000.0,-4000000.0,319000000.0,-1000000.0,-338000000.0,-338000000.0,-338000000.0,129000000.0,3000000.0,-0.348,700000000.0,-302000000.0,702000000.0,0.0,0.636,-11.951,-11.876,8222000000.0,0.0,18.17,0.93,0.923,509000000.0,0.0,970000000.0,970000000.0,26000000.0,,,,,5000000.0,75000000.0,1.0,198628120.0,197100000.0,197100000.0,4.921,10432000000.0,0.0,-104000000.0,1672000000.0,52.927,518000000.0
36,WPX,MRQ,2011-09-30,2011-09-30,2011-09-30,2020-11-03,,,,,,,,-405000000.0,,,591000000.0,16000000.0,,,,,,,,250000000.0,,,0.0,24000000.0,274000000.0,0.275,274000000.0,24000000.0,24000000.0,0.07,0.07,0.07,,,,,,,-40000000.0,-0.203,1.0,404000000.0,0.406,,0.0,,,,,,,,,,,14000000.0,17000000.0,0.0,0.0,0.0,38000000.0,-389000000.0,-2000000.0,365000000.0,0.0,14000000.0,14000000.0,14000000.0,3000000.0,2000000.0,0.014,383000000.0,21000000.0,,0.0,,,,,0.0,,,,,,995000000.0,995000000.0,74000000.0,,,,,0.0,70000000.0,1.0,198628120.0,197100000.0,197100000.0,5.048,,,10000000.0,,,
37,WPX,MRQ,2011-06-30,2011-06-30,2011-06-30,2020-11-03,,,,,,,,-364000000.0,,,569000000.0,28000000.0,,,,,,,,236000000.0,,,0.0,90000000.0,326000000.0,0.34,326000000.0,90000000.0,42000000.0,0.13,0.13,0.13,,,,,,,-81000000.0,-0.411,1.0,390000000.0,0.407,,48000000.0,,,,,,,,,,,-4000000.0,0.0,0.0,56000000.0,0.0,38000000.0,-325000000.0,-2000000.0,283000000.0,0.0,25000000.0,25000000.0,25000000.0,2000000.0,3000000.0,0.026,301000000.0,89000000.0,,0.0,,,,,0.0,,,,,,959000000.0,959000000.0,14000000.0,,,,,0.0,63000000.0,1.0,198628120.0,197100000.0,197100000.0,4.866,,,17000000.0,,,
38,WPX,MRQ,2011-03-31,2011-03-31,2011-03-31,2020-11-03,,,,,,,,-319000000.0,,,622000000.0,-1000000.0,,,,,,,,218000000.0,,,0.0,49000000.0,267000000.0,0.279,267000000.0,49000000.0,0.0,-0.02,-0.02,-0.02,,,,,,,-79000000.0,-0.401,1.0,336000000.0,0.351,,49000000.0,,,,,,,,,,,3000000.0,0.0,0.0,103000000.0,0.0,105000000.0,-342000000.0,-4000000.0,240000000.0,0.0,-3000000.0,-3000000.0,-3000000.0,8000000.0,2000000.0,-0.003,286000000.0,50000000.0,,0.0,,,,,0.0,,,,,,958000000.0,958000000.0,12000000.0,,,,,0.0,67000000.0,1.0,198628120.0,197100000.0,197100000.0,4.86,,,3000000.0,,,
39,WPX,MRQ,2010-12-31,2010-12-31,2010-12-31,2020-11-03,168000000.0,9846000000.0,,958000000.0,8888000000.0,,22.385,,37000000.0,37000000.0,,,0.302,1.215,2261000000.0,2261000000.0,0.0,2261000000.0,0.0,,0.0,,0.0,,,,,,,,,,4412000000.0,,4412000000.0,,,,,,1.0,,,0.0,,8903000000.0,,77000000.0,678000000.0,400000000.0,278000000.0,5362000000.0,3167000000.0,2195000000.0,,,,,,,,,,,,,,,,,,,,515000000.0,,,,,8449000000.0,,,,,422000000.0,,,,,,,,,,,1.0,198628120.0,197100000.0,,,9846000000.0,0.0,,1732000000.0,49.954,-2209000000.0
40,WPX,MRQ,2009-12-31,2009-12-31,2009-12-31,2020-11-03,72000000.0,10553000000.0,,1199000000.0,9354000000.0,,27.098,,34000000.0,34000000.0,,,0.47,0.964,1216000000.0,1216000000.0,0.0,1216000000.0,0.0,,0.0,,0.0,,,,,,,,,,5341000000.0,,5341000000.0,,,,,,1.0,,,1003000000.0,,8180000000.0,,61000000.0,1189000000.0,650000000.0,539000000.0,5148000000.0,2552000000.0,2596000000.0,,,,,,,,,,,,,,,,,,,,499000000.0,,,,,7662000000.0,,,,,413000000.0,,,,,,,,,,,1.0,,197100000.0,,,9550000000.0,0.0,,1869000000.0,48.453,-1353000000.0
0,WPX,MRT,2020-09-30,2020-09-30,2020-09-30,2020-11-03,0.0,9501000000.0,9467000000.0,891000000.0,8610000000.0,0.248,8.086,-1106000000.0,195000000.0,195000000.0,976000000.0,-1071000000.0,1.005,1.095,3213000000.0,0.0,3213000000.0,3213000000.0,0.0,973000000.0,0.0,0.0,0.0,-1122000000.0,-149000000.0,-0.063,-149000000.0,-1122000000.0,-1307000000.0,-2.15,-2.14,-2.15,4536000000.0,4703000000.0,4536000000.0,5920846659.0,-5.0,-39.737,167000000.0,0.298,1.0,1371000000.0,0.584,0.0,185000000.0,11632000000.0,11395500000.0,23000000.0,242000000.0,188000000.0,54000000.0,4965000000.0,887000000.0,4078000000.0,2748846659.0,186000000.0,-908000000.0,-57000000.0,984000000.0,0.0,914000000.0,-2001000000.0,13000000.0,1273000000.0,0.0,-1074000000.0,-1074000000.0,-1074000000.0,3000000.0,3000000.0,-0.458,2303000000.0,-932000000.0,529000000.0,0.0,0.606,-2.559,-2.279,8438000000.0,0.0,4.9,1.171,1.171,446000000.0,-4133000000.0,2347000000.0,2347000000.0,126000000.0,-0.113,-0.228,-0.098,-0.478,39000000.0,204000000.0,1.0,560989114.0,561000000.0,561000000.0,4.184,9501000000.0,0.0,-233000000.0,109000000.0,16.936,4000000.0
1,WPX,MRT,2020-06-30,2020-06-30,2020-06-30,2020-11-03,0.0,9858000000.0,9246750000.0,1245000000.0,8613000000.0,0.289,8.363,-1207000000.0,407000000.0,407000000.0,921000000.0,-795000000.0,1.122,1.106,3579000000.0,369000000.0,3210000000.0,3579000000.0,0.0,976000000.0,0.0,0.0,0.0,-785000000.0,191000000.0,0.072,191000000.0,-785000000.0,-960000000.0,-1.58,-1.57,-1.58,4681000000.0,4729750000.0,4681000000.0,6707990770.0,-9.0,35.12,-52000000.0,-0.093,1.0,1748000000.0,0.655,0.0,175000000.0,11920000000.0,10957000000.0,27000000.0,420000000.0,345000000.0,75000000.0,5177000000.0,1110000000.0,4067000000.0,3568990770.0,302000000.0,-909000000.0,-100000000.0,1371000000.0,0.0,1248000000.0,-2101000000.0,14000000.0,1155000000.0,0.0,-798000000.0,-798000000.0,-798000000.0,-3000000.0,3000000.0,-0.299,2313000000.0,-565000000.0,412000000.0,0.0,0.762,-4.472,-4.038,8421000000.0,0.0,6.38,1.337,1.338,424000000.0,-3978000000.0,2669000000.0,2669000000.0,133000000.0,-0.086,-0.169,-0.072,-0.294,39000000.0,204000000.0,1.0,559402942.0,559700000.0,559700000.0,4.769,9858000000.0,0.0,-162000000.0,137000000.0,17.613,135000000.0
2,WPX,MRT,2020-03-31,2020-03-31,2020-03-31,2020-11-03,0.0,10096000000.0,8920500000.0,1445000000.0,8651000000.0,0.373,11.092,-1225000000.0,61000000.0,61000000.0,921000000.0,-82000000.0,1.676,0.987,3200000000.0,0.0,3200000000.0,3200000000.0,0.0,968000000.0,0.0,0.0,0.0,105000000.0,1073000000.0,0.322,1073000000.0,105000000.0,-61000000.0,-0.13,-0.12,-0.13,5080000000.0,4699750000.0,5080000000.0,3413885298.0,33.0,3.182,16000000.0,0.035,1.0,2410000000.0,0.724,0.0,166000000.0,12373000000.0,10370750000.0,30000000.0,921000000.0,868000000.0,53000000.0,5016000000.0,862000000.0,4154000000.0,1271885298.0,59000000.0,-551000000.0,-100000000.0,682000000.0,0.0,579000000.0,-1761000000.0,14000000.0,1241000000.0,0.0,-84000000.0,-84000000.0,-84000000.0,2000000.0,2000000.0,-0.025,2313000000.0,97000000.0,618000000.0,0.0,0.25,-15.141,-23.462,8476000000.0,0.0,3.05,0.382,0.419,447000000.0,-3569000000.0,3331000000.0,3331000000.0,138000000.0,-0.009,-0.018,0.01,0.032,39000000.0,210000000.0,1.0,417011573.0,458000000.0,458000000.0,7.273,10096000000.0,0.0,23000000.0,243000000.0,22.044,583000000.0
3,WPX,MRT,2019-12-31,2019-12-31,2019-12-31,2020-11-03,0.0,8413000000.0,8514250000.0,647000000.0,7766000000.0,0.269,10.74,-1362000000.0,60000000.0,60000000.0,898000000.0,256000000.0,0.72,0.863,2202000000.0,0.0,2202000000.0,2202000000.0,0.0,928000000.0,0.0,0.0,0.0,485000000.0,1413000000.0,0.616,1413000000.0,485000000.0,326000000.0,0.61,0.61,0.61,4515000000.0,4491750000.0,4515000000.0,7914020062.0,16.0,5.601,-105000000.0,-0.25,1.0,1394000000.0,0.608,0.0,159000000.0,9657000000.0,9758750000.0,41000000.0,115000000.0,57000000.0,58000000.0,3898000000.0,898000000.0,3000000000.0,5726020062.0,62000000.0,592000000.0,-56000000.0,-334000000.0,0.0,-422000000.0,-773000000.0,-4000000.0,1257000000.0,0.0,256000000.0,256000000.0,256000000.0,2000000.0,0.0,0.112,1232000000.0,162000000.0,556000000.0,0.0,1.268,22.367,22.525,7590000000.0,0.0,13.74,2.498,2.52,450000000.0,-3181000000.0,2292000000.0,2292000000.0,95000000.0,0.03,0.057,0.05,0.212,37000000.0,206000000.0,1.0,416740907.0,420400000.0,422000000.0,5.452,8413000000.0,0.0,70000000.0,290000000.0,20.012,-251000000.0
4,WPX,MRT,2019-09-30,2019-09-30,2019-09-30,2020-11-03,0.0,8620000000.0,8461750000.0,816000000.0,7804000000.0,0.339,11.034,-1553000000.0,13000000.0,13000000.0,861000000.0,732000000.0,0.877,0.857,2201000000.0,0.0,2201000000.0,2201000000.0,0.0,907000000.0,0.0,0.0,0.0,1130000000.0,2037000000.0,0.71,2037000000.0,1130000000.0,971000000.0,1.77,1.77,1.77,4643000000.0,4438250000.0,4643000000.0,6521164130.0,6.0,3.201,-416000000.0,-0.989,1.0,2010000000.0,0.7,0.0,159000000.0,9878000000.0,9837000000.0,46000000.0,276000000.0,169000000.0,107000000.0,3977000000.0,930000000.0,3047000000.0,4473164130.0,-18000000.0,589000000.0,-41000000.0,-91000000.0,0.0,-155000000.0,-1000000000.0,-37000000.0,1137000000.0,0.0,732000000.0,732000000.0,732000000.0,0.0,0.0,0.255,1192000000.0,818000000.0,686000000.0,0.0,0.963,6.111,5.983,7574000000.0,0.0,10.59,1.558,1.552,553000000.0,-3059000000.0,2871000000.0,2871000000.0,91000000.0,0.087,0.165,0.115,0.394,34000000.0,197000000.0,1.0,422395102.0,420800000.0,421800000.0,6.823,8620000000.0,0.0,239000000.0,307000000.0,20.485,-114000000.0
5,WPX,MRT,2019-06-30,2019-06-30,2019-06-30,2020-11-03,0.0,8553000000.0,8286250000.0,774000000.0,7779000000.0,0.309,10.795,-1590000000.0,109000000.0,109000000.0,836000000.0,604000000.0,0.754,0.875,2157000000.0,0.0,2157000000.0,2157000000.0,0.0,860000000.0,0.0,0.0,0.0,955000000.0,1815000000.0,0.709,1815000000.0,955000000.0,796000000.0,1.47,1.47,1.47,4561000000.0,4262250000.0,4561000000.0,7324293699.0,8.0,4.035,-501000000.0,-1.186,1.0,1724000000.0,0.673,0.0,159000000.0,9575000000.0,9616000000.0,45000000.0,178000000.0,81000000.0,97000000.0,3992000000.0,1026000000.0,2966000000.0,4860293699.0,11000000.0,586000000.0,6000000.0,0.0,0.0,16000000.0,-1094000000.0,-90000000.0,1089000000.0,0.0,604000000.0,604000000.0,604000000.0,0.0,0.0,0.236,1133000000.0,591000000.0,721000000.0,0.0,1.066,8.047,7.83,7555000000.0,0.0,11.51,1.899,1.9,505000000.0,-3180000000.0,2560000000.0,2560000000.0,87000000.0,0.073,0.142,0.099,0.373,33000000.0,190000000.0,1.0,422267046.0,422500000.0,423500000.0,6.059,8553000000.0,0.0,192000000.0,270000000.0,20.244,-252000000.0
6,WPX,MRT,2019-03-31,2019-03-31,2019-03-31,2020-11-03,0.0,8471000000.0,8090500000.0,703000000.0,7768000000.0,0.284,10.09,-1606000000.0,6000000.0,6000000.0,792000000.0,218000000.0,0.696,0.994,2470000000.0,0.0,2470000000.0,2470000000.0,0.0,836000000.0,0.0,0.0,0.0,451000000.0,1287000000.0,0.561,1287000000.0,451000000.0,293000000.0,0.54,0.54,0.54,4248000000.0,4105750000.0,4248000000.0,7994299008.0,18.0,6.212,-596000000.0,-1.416,1.0,1503000000.0,0.655,0.0,158000000.0,9925000000.0,9409000000.0,52000000.0,260000000.0,69000000.0,191000000.0,4223000000.0,1010000000.0,3213000000.0,5512299008.0,-670000000.0,211000000.0,10000000.0,-188000000.0,0.0,-185000000.0,-1495000000.0,-100000000.0,1010000000.0,0.0,218000000.0,214000000.0,214000000.0,2000000.0,0.0,0.093,1098000000.0,405000000.0,683000000.0,0.0,1.298,25.758,24.278,7453000000.0,4000000.0,13.11,2.402,2.405,538000000.0,-3485000000.0,2295000000.0,2295000000.0,80000000.0,0.026,0.052,0.048,0.197,34000000.0,186000000.0,1.0,420465218.0,421000000.0,421000000.0,5.451,8471000000.0,0.0,75000000.0,188000000.0,20.121,-307000000.0
7,WPX,MRT,2018-12-31,2018-12-31,2018-12-31,2020-11-03,0.0,8203000000.0,8004500000.0,739000000.0,7464000000.0,0.289,10.531,-1476000000.0,3000000.0,3000000.0,718000000.0,151000000.0,1.034,0.907,2485000000.0,0.0,2485000000.0,2485000000.0,0.0,785000000.0,0.0,0.0,0.0,388000000.0,1173000000.0,0.508,1173000000.0,388000000.0,225000000.0,0.35,0.35,0.35,4301000000.0,4045250000.0,4301000000.0,6977319478.0,18.0,5.948,-593000000.0,-1.452,1.0,1592000000.0,0.689,0.0,163000000.0,9970000000.0,9202000000.0,48000000.0,345000000.0,174000000.0,171000000.0,3902000000.0,715000000.0,3187000000.0,4770319478.0,-183000000.0,682000000.0,10000000.0,-172000000.0,0.0,-170000000.0,-896000000.0,-102000000.0,883000000.0,0.0,151000000.0,143000000.0,143000000.0,91000000.0,0.0,0.062,1031000000.0,561000000.0,514000000.0,0.0,1.109,33.359,32.429,7266000000.0,8000000.0,11.35,2.065,2.007,405000000.0,-3437000000.0,2310000000.0,2310000000.0,75000000.0,0.018,0.035,0.042,0.168,34000000.0,182000000.0,1.0,420292465.0,408400000.0,411700000.0,5.656,8203000000.0,0.0,74000000.0,201000000.0,20.086,24000000.0
8,WPX,MRT,2018-09-30,2018-09-30,2018-09-30,2020-11-03,0.0,7918000000.0,8005500000.0,578000000.0,7340000000.0,0.18,9.514,-1319000000.0,36000000.0,36000000.0,610000000.0,-241000000.0,0.511,1.01,2243000000.0,0.0,2243000000.0,2243000000.0,0.0,745000000.0,0.0,0.0,0.0,-295000000.0,450000000.0,0.312,450000000.0,-295000000.0,-465000000.0,-0.63,-0.63,-0.63,3939000000.0,4001750000.0,3939000000.0,10501678240.0,-36.0,23.337,-388000000.0,-0.937,1.0,833000000.0,0.577,0.0,170000000.0,8994000000.0,9146250000.0,49000000.0,259000000.0,98000000.0,161000000.0,3979000000.0,1131000000.0,2848000000.0,8450678239.0,28000000.0,1178000000.0,10000000.0,-699000000.0,0.0,-690000000.0,-213000000.0,-73000000.0,931000000.0,0.0,-241000000.0,-253000000.0,-253000000.0,43000000.0,0.0,-0.175,939000000.0,-106000000.0,607000000.0,0.0,2.145,-33.402,-31.937,7152000000.0,12000000.0,20.12,5.856,5.772,368000000.0,-3791000000.0,1443000000.0,1443000000.0,72000000.0,-0.032,-0.063,-0.032,-0.204,34000000.0,172000000.0,1.0,420013829.0,414000000.0,414000000.0,3.486,7918000000.0,0.0,-224000000.0,33000000.0,19.126,-553000000.0
9,WPX,MRT,2018-06-30,2018-06-30,2018-06-30,2020-11-03,0.0,7770000000.0,8049750000.0,628000000.0,7142000000.0,0.137,9.838,-1279000000.0,103000000.0,103000000.0,481000000.0,-380000000.0,0.585,0.975,2154000000.0,0.0,2154000000.0,2154000000.0,0.0,720000000.0,0.0,0.0,0.0,-111000000.0,609000000.0,0.552,609000000.0,-111000000.0,-291000000.0,-1.0,-1.0,-1.0,3935000000.0,4057500000.0,3935000000.0,9100243510.0,-82.0,14.943,-486000000.0,-1.215,1.0,623000000.0,0.564,0.0,180000000.0,8747000000.0,9474500000.0,40000000.0,277000000.0,136000000.0,141000000.0,3835000000.0,1074000000.0,2761000000.0,7205243510.0,95000000.0,1178000000.0,6000000.0,-546000000.0,0.0,-570000000.0,-128000000.0,-28000000.0,793000000.0,0.0,-380000000.0,-395000000.0,-395000000.0,42000000.0,0.0,-0.358,762000000.0,-139000000.0,563000000.0,0.0,1.831,-18.241,-18.03,6974000000.0,15000000.0,18.03,6.526,6.533,323000000.0,-3784000000.0,1104000000.0,1104000000.0,71000000.0,-0.049,-0.097,-0.012,-0.101,33000000.0,168000000.0,1.0,399625264.0,400000000.0,400000000.0,2.76,7770000000.0,0.0,89000000.0,42000000.0,19.425,-446000000.0
10,WPX,MRT,2018-03-31,2018-03-31,2018-03-31,2020-11-03,0.0,8127000000.0,8097750000.0,1161000000.0,6966000000.0,0.126,10.05,-1245000000.0,681000000.0,681000000.0,381000000.0,-223000000.0,1.255,1.029,2576000000.0,0.0,2576000000.0,2576000000.0,0.0,694000000.0,0.0,0.0,0.0,-212000000.0,482000000.0,0.471,482000000.0,-212000000.0,-399000000.0,-0.61,-0.62,-0.61,4006000000.0,4149750000.0,4006000000.0,8271458386.0,-39.0,17.161,-615000000.0,-1.543,1.0,643000000.0,0.628,0.0,187000000.0,9097000000.0,9771750000.0,31000000.0,210000000.0,82000000.0,128000000.0,4121000000.0,925000000.0,3196000000.0,5885458386.0,540000000.0,1225000000.0,2000000.0,-19000000.0,0.0,-47000000.0,-43000000.0,-24000000.0,630000000.0,0.0,-223000000.0,-238000000.0,-238000000.0,40000000.0,0.0,-0.232,698000000.0,-55000000.0,522000000.0,0.0,1.469,-24.729,-24.23,6816000000.0,15000000.0,14.78,5.748,5.753,337000000.0,-3703000000.0,1024000000.0,1024000000.0,70000000.0,-0.029,-0.057,-0.022,-0.207,33000000.0,168000000.0,1.0,398204221.0,398600000.0,398600000.0,2.569,8127000000.0,0.0,-176000000.0,74000000.0,20.389,236000000.0
11,WPX,MRT,2017-12-31,2017-12-31,2017-12-31,2020-11-03,0.0,8207000000.0,8043500000.0,1401000000.0,6806000000.0,0.13,10.445,-1161000000.0,189000000.0,189000000.0,298000000.0,-16000000.0,1.656,0.989,2575000000.0,0.0,2575000000.0,2575000000.0,0.0,673000000.0,0.0,0.0,0.0,44000000.0,717000000.0,0.686,717000000.0,44000000.0,-144000000.0,-0.08,-0.08,-0.08,4127000000.0,4203750000.0,4127000000.0,8451067878.0,192.0,11.787,-654000000.0,-1.655,1.0,747000000.0,0.715,0.0,188000000.0,9747000000.0,9936250000.0,30000000.0,129000000.0,36000000.0,93000000.0,4080000000.0,846000000.0,3234000000.0,5602067878.0,-305000000.0,-268000000.0,672000000.0,-19000000.0,0.0,624000000.0,-1436000000.0,-8000000.0,507000000.0,0.0,-16000000.0,-31000000.0,-31000000.0,40000000.0,0.0,-0.03,634000000.0,113000000.0,446000000.0,0.0,1.357,-180.712,-175.875,6691000000.0,15000000.0,14.07,5.361,5.32,307000000.0,-3588000000.0,1045000000.0,1045000000.0,87000000.0,-0.004,-0.007,0.004,0.042,32000000.0,166000000.0,1.0,398156921.0,395100000.0,397400000.0,2.645,8207000000.0,0.0,-128000000.0,117000000.0,20.772,555000000.0
12,WPX,MRT,2017-09-30,2017-09-30,2017-09-30,2020-11-03,0.0,8095000000.0,7807750000.0,648000000.0,7447000000.0,0.098,10.455,-993000000.0,10000000.0,10000000.0,368000000.0,-150000000.0,1.017,0.945,2859000000.0,0.0,2859000000.0,2859000000.0,0.0,644000000.0,0.0,0.0,0.0,-54000000.0,590000000.0,0.773,590000000.0,-54000000.0,-243000000.0,-0.48,-0.5,-0.48,4162000000.0,4038500000.0,4162000000.0,7168323611.0,-133.0,12.15,-611000000.0,-1.535,1.0,395000000.0,0.518,0.0,189000000.0,10307000000.0,9666000000.0,42000000.0,95000000.0,61000000.0,34000000.0,3933000000.0,637000000.0,3296000000.0,4575323611.0,-610000000.0,-777000000.0,671000000.0,138000000.0,0.0,783000000.0,-1775000000.0,-7000000.0,382000000.0,0.0,-150000000.0,-164000000.0,-164000000.0,-71000000.0,0.0,-0.215,659000000.0,-264000000.0,369000000.0,0.0,1.099,-27.898,-23.958,7384000000.0,14000000.0,11.5,5.996,6.0,268000000.0,-3550000000.0,763000000.0,763000000.0,64000000.0,-0.021,-0.041,-0.006,-0.071,33000000.0,168000000.0,1.0,397854227.0,398100000.0,398100000.0,1.917,8095000000.0,0.0,-93000000.0,276000000.0,20.334,11000000.0
13,WPX,MRT,2017-06-30,2017-06-30,2017-06-30,2020-11-03,0.0,7962000000.0,7645500000.0,393000000.0,7569000000.0,0.114,10.82,-829000000.0,8000000.0,8000000.0,368000000.0,-223000000.0,0.635,0.85,2601000000.0,0.0,2601000000.0,2601000000.0,0.0,625000000.0,0.0,0.0,0.0,-563000000.0,62000000.0,0.071,62000000.0,-563000000.0,-753000000.0,-0.82,-0.84,-0.82,4304000000.0,3906500000.0,4304000000.0,6273838730.0,-11.0,101.191,-508000000.0,-1.277,1.0,501000000.0,0.577,0.0,190000000.0,9936000000.0,9313750000.0,41000000.0,168000000.0,110000000.0,58000000.0,3658000000.0,619000000.0,3039000000.0,3840838730.0,-1019000000.0,-772000000.0,671000000.0,-140000000.0,0.0,498000000.0,-1838000000.0,-3000000.0,321000000.0,0.0,-223000000.0,-260000000.0,-260000000.0,-71000000.0,0.0,-0.299,1019000000.0,-518000000.0,348000000.0,0.0,0.892,-14.772,-11.78,7485000000.0,37000000.0,9.66,4.42,4.422,205000000.0,-3404000000.0,869000000.0,869000000.0,57000000.0,-0.034,-0.067,-0.06,-0.648,36000000.0,179000000.0,1.0,397602353.0,397800000.0,423200000.0,2.185,7962000000.0,0.0,-530000000.0,226000000.0,20.015,-226000000.0
14,WPX,MRT,2017-03-31,2017-03-31,2017-03-31,2020-11-03,0.0,7910000000.0,7620500000.0,428000000.0,7482000000.0,0.086,10.929,-630000000.0,142000000.0,142000000.0,371000000.0,-497000000.0,0.728,0.874,2575000000.0,0.0,2575000000.0,2575000000.0,0.0,617000000.0,0.0,0.0,0.0,-662000000.0,-45000000.0,-0.068,-45000000.0,-662000000.0,-859000000.0,-1.68,-1.69,-1.68,4222000000.0,3795000000.0,4222000000.0,7385771571.0,-11.0,-164.128,-359000000.0,-0.929,1.0,286000000.0,0.435,0.0,197000000.0,9755000000.0,9046250000.0,35000000.0,124000000.0,59000000.0,65000000.0,3688000000.0,588000000.0,3100000000.0,5306771571.0,134000000.0,52000000.0,1210000000.0,-488000000.0,0.0,678000000.0,-815000000.0,0.0,271000000.0,0.0,-497000000.0,-536000000.0,-536000000.0,-71000000.0,0.0,-0.816,1051000000.0,-765000000.0,294000000.0,0.0,1.257,-9.901,-7.97,7395000000.0,39000000.0,13.39,8.077,7.873,170000000.0,-3480000000.0,657000000.0,657000000.0,53000000.0,-0.07,-0.141,-0.073,-1.008,36000000.0,190000000.0,1.0,396323493.0,386300000.0,410400000.0,1.701,7910000000.0,0.0,-362000000.0,281000000.0,20.476,-160000000.0
15,WPX,MRT,2016-12-31,2016-12-31,2016-12-31,2020-11-03,0.0,7264000000.0,7678000000.0,754000000.0,6510000000.0,0.062,11.063,-578000000.0,496000000.0,496000000.0,381000000.0,-601000000.0,1.114,1.096,2575000000.0,0.0,2575000000.0,2575000000.0,0.0,631000000.0,0.0,0.0,0.0,-754000000.0,-123000000.0,-0.257,-123000000.0,-754000000.0,-961000000.0,-2.05,-2.05,-2.05,3466000000.0,3618250000.0,3466000000.0,7094808572.0,-9.0,-57.681,-310000000.0,-0.989,1.0,97000000.0,0.203,0.0,207000000.0,8666000000.0,9145000000.0,32000000.0,38000000.0,26000000.0,12000000.0,3798000000.0,677000000.0,3121000000.0,5018808572.0,459000000.0,1127000000.0,540000000.0,-626000000.0,0.0,-120000000.0,311000000.0,0.0,268000000.0,0.0,-601000000.0,-641000000.0,-641000000.0,-71000000.0,0.0,-1.341,908000000.0,-811000000.0,222000000.0,0.0,1.448,-7.83,-7.107,6157000000.0,40000000.0,14.57,10.5,9.55,168000000.0,-3572000000.0,478000000.0,478000000.0,26000000.0,-0.083,-0.177,-0.082,-1.577,36000000.0,202000000.0,1.0,344461810.0,313300000.0,313300000.0,1.526,7264000000.0,0.0,-360000000.0,251000000.0,23.185,77000000.0
16,WPX,MRT,2016-09-30,2016-09-30,2016-09-30,2020-11-03,0.0,7446000000.0,7960250000.0,909000000.0,6537000000.0,0.124,10.641,-674000000.0,623000000.0,623000000.0,345000000.0,-1963000000.0,1.457,1.049,2699000000.0,125000000.0,2574000000.0,2699000000.0,0.0,729000000.0,0.0,0.0,0.0,-1953000000.0,-1224000000.0,-1.236,-1224000000.0,-1953000000.0,-2169000000.0,-7.99,-7.99,-7.99,3634000000.0,3635500000.0,3634000000.0,6242786511.0,-3.0,-5.1,-370000000.0,-1.083,1.0,645000000.0,0.652,0.0,216000000.0,8898000000.0,9681250000.0,33000000.0,110000000.0,79000000.0,31000000.0,3812000000.0,624000000.0,3188000000.0,4541786511.0,524000000.0,1318000000.0,540000000.0,-718000000.0,0.0,-183000000.0,403000000.0,0.0,304000000.0,0.0,-1963000000.0,-2005000000.0,-2005000000.0,0.0,0.0,-2.025,836000000.0,-191000000.0,185000000.0,0.0,1.25,-2.265,-1.651,6482000000.0,42000000.0,13.19,4.588,4.55,147000000.0,-3400000000.0,990000000.0,990000000.0,47000000.0,-0.252,-0.552,-0.202,-1.973,35000000.0,217000000.0,1.0,344335596.0,341500000.0,341500000.0,2.899,7446000000.0,0.0,-206000000.0,323000000.0,21.804,285000000.0
17,WPX,MRT,2016-06-30,2016-06-30,2016-06-30,2020-11-03,0.0,7862000000.0,8825500000.0,1395000000.0,6467000000.0,0.13,12.83,-736000000.0,1031000000.0,1031000000.0,380000000.0,-1974000000.0,2.001,1.038,2732000000.0,160000000.0,2572000000.0,2732000000.0,0.0,821000000.0,0.0,0.0,0.0,-1843000000.0,-1022000000.0,-0.892,-1022000000.0,-1843000000.0,-2075000000.0,-8.2,-8.2,-8.2,3858000000.0,3995000000.0,3858000000.0,5614536759.0,-3.0,-5.494,-258000000.0,-0.858,1.0,766000000.0,0.668,0.0,232000000.0,8866000000.0,10815750000.0,37000000.0,122000000.0,101000000.0,21000000.0,4004000000.0,697000000.0,3307000000.0,2575536759.0,714000000.0,737000000.0,833000000.0,-336000000.0,0.0,803000000.0,-567000000.0,0.0,478000000.0,0.0,-1974000000.0,-1994000000.0,-1994000000.0,0.0,0.0,-1.74,656000000.0,110000000.0,226000000.0,0.0,0.668,-1.292,-1.135,6418000000.0,20000000.0,9.31,2.247,2.443,192000000.0,-3181000000.0,1146000000.0,1146000000.0,93000000.0,-0.226,-0.499,-0.17,-1.608,32000000.0,211000000.0,1.0,276641972.0,300700000.0,300700000.0,3.811,7862000000.0,0.0,-101000000.0,390000000.0,26.146,698000000.0
18,WPX,MRT,2016-03-31,2016-03-31,2016-03-31,2020-11-03,0.0,8140000000.0,8850500000.0,1563000000.0,6577000000.0,0.131,12.731,-829000000.0,11000000.0,11000000.0,425000000.0,-1806000000.0,1.519,1.316,3050000000.0,304000000.0,2746000000.0,3050000000.0,0.0,885000000.0,0.0,0.0,0.0,-1565000000.0,-680000000.0,-0.585,-680000000.0,-1565000000.0,-1776000000.0,-7.66,-7.66,-7.66,3515000000.0,4122250000.0,3515000000.0,5076637997.0,-3.0,-7.466,-185000000.0,-0.67,1.0,737000000.0,0.634,0.0,211000000.0,10150000000.0,10828000000.0,42000000.0,281000000.0,240000000.0,41000000.0,4625000000.0,1029000000.0,3596000000.0,1925637997.0,-71000000.0,-121000000.0,294000000.0,-13000000.0,0.0,593000000.0,-1308000000.0,0.0,644000000.0,0.0,-1806000000.0,-1820000000.0,-1820000000.0,0.0,0.0,-1.566,404000000.0,333000000.0,220000000.0,0.0,0.548,-1.058,-0.913,6504000000.0,14000000.0,6.99,1.657,1.661,190000000.0,-2983000000.0,1162000000.0,1162000000.0,87000000.0,-0.206,-0.442,-0.145,-1.347,33000000.0,209000000.0,1.0,275484692.0,276100000.0,276100000.0,4.209,8140000000.0,0.0,30000000.0,505000000.0,29.482,534000000.0
19,WPX,MRT,2015-12-31,2015-12-31,2015-12-31,2020-11-03,0.0,8393000000.0,8841250000.0,893000000.0,7500000000.0,0.155,15.094,-1124000000.0,38000000.0,38000000.0,532000000.0,-1726000000.0,1.218,1.374,3189000000.0,0.0,3189000000.0,3189000000.0,0.0,940000000.0,0.0,0.0,0.0,-1516000000.0,-576000000.0,-0.422,-576000000.0,-1516000000.0,-1703000000.0,-7.42,-7.42,-7.42,3535000000.0,4340750000.0,3535000000.0,4881084538.0,-3.0,-8.474,-305000000.0,-1.302,1.0,834000000.0,0.611,0.0,187000000.0,10811000000.0,10586750000.0,46000000.0,359000000.0,308000000.0,51000000.0,4858000000.0,733000000.0,4125000000.0,1580084538.0,-32000000.0,-402000000.0,295000000.0,-155000000.0,0.0,465000000.0,-1316000000.0,0.0,819000000.0,0.0,-1727000000.0,-1736000000.0,-1736000000.0,0.0,1000000.0,-1.271,497000000.0,337000000.0,278000000.0,0.0,0.447,-0.91,-0.774,6522000000.0,9000000.0,5.74,1.157,0.984,300000000.0,-2971000000.0,1366000000.0,1366000000.0,85000000.0,-0.196,-0.4,-0.143,-1.11,35000000.0,210000000.0,1.0,275276052.0,234200000.0,234200000.0,5.833,8393000000.0,0.0,24000000.0,465000000.0,35.837,160000000.0
20,WPX,MRT,2015-09-30,2015-09-30,2015-09-30,2020-11-03,0.0,10907000000.0,8937500000.0,937000000.0,9970000000.0,0.127,20.191,-1372000000.0,99000000.0,99000000.0,368000000.0,27000000.0,1.214,1.15,3400000000.0,0.0,3400000000.0,3400000000.0,0.0,910000000.0,0.0,0.0,0.0,386000000.0,1296000000.0,1.141,1296000000.0,386000000.0,221000000.0,0.34,0.32,0.34,5072000000.0,4536750000.0,5072000000.0,3239902953.0,8.0,2.5,-452000000.0,-1.799,1.0,768000000.0,0.676,0.0,165000000.0,13436000000.0,10331000000.0,71000000.0,454000000.0,369000000.0,85000000.0,5835000000.0,772000000.0,5063000000.0,1556902953.0,34000000.0,-206000000.0,296000000.0,300000000.0,0.0,871000000.0,-1757000000.0,0.0,920000000.0,0.0,26000000.0,22000000.0,22000000.0,85000000.0,1000000.0,0.019,143000000.0,625000000.0,413000000.0,0.0,0.307,70.768,19.471,9815000000.0,4000000.0,6.62,1.371,1.464,298000000.0,-1437000000.0,1136000000.0,1136000000.0,73000000.0,0.002,0.005,0.037,0.34,37000000.0,168000000.0,1.0,235181715.0,251200000.0,251200000.0,4.522,10907000000.0,0.0,195000000.0,1320000000.0,43.42,165000000.0
21,WPX,MRT,2015-06-30,2015-06-30,2015-06-30,2020-11-03,0.0,7962000000.0,8271750000.0,1067000000.0,6895000000.0,0.178,21.302,-1758000000.0,317000000.0,317000000.0,601000000.0,323000000.0,1.462,0.823,2000000000.0,0.0,2000000000.0,2000000000.0,0.0,884000000.0,0.0,0.0,0.0,696000000.0,1580000000.0,1.07,1580000000.0,696000000.0,565000000.0,1.57,1.55,1.57,4367000000.0,4292250000.0,4367000000.0,4432239779.0,6.0,2.805,-778000000.0,-3.795,1.0,875000000.0,0.593,0.0,131000000.0,8915000000.0,9275750000.0,48000000.0,292000000.0,260000000.0,32000000.0,3595000000.0,730000000.0,2865000000.0,2514239779.0,213000000.0,36000000.0,6000000.0,210000000.0,0.0,180000000.0,-947000000.0,0.0,980000000.0,-1000000.0,318000000.0,318000000.0,318000000.0,85000000.0,5000000.0,0.215,185000000.0,690000000.0,339000000.0,0.0,0.576,7.906,7.822,6818000000.0,0.0,12.28,1.703,1.706,280000000.0,-1207000000.0,1476000000.0,1476000000.0,45000000.0,0.038,0.074,0.075,0.472,39000000.0,194000000.0,1.0,204742653.0,205000000.0,206800000.0,7.2,7962000000.0,0.0,247000000.0,760000000.0,38.839,337000000.0
22,WPX,MRT,2015-03-31,2015-03-31,2015-03-31,2020-11-03,0.0,8103000000.0,8285750000.0,1087000000.0,7016000000.0,0.247,21.504,-1935000000.0,82000000.0,82000000.0,882000000.0,220000000.0,1.3,0.846,2000000000.0,0.0,2000000000.0,2000000000.0,0.0,872000000.0,0.0,0.0,0.0,504000000.0,1376000000.0,0.672,1376000000.0,504000000.0,377000000.0,1.05,1.03,1.05,4389000000.0,4205500000.0,4389000000.0,4467380146.0,9.0,3.247,-877000000.0,-4.297,1.0,1167000000.0,0.57,0.0,127000000.0,9185000000.0,9220500000.0,49000000.0,489000000.0,431000000.0,58000000.0,3714000000.0,836000000.0,2878000000.0,2228380146.0,25000000.0,374000000.0,14000000.0,-35000000.0,0.0,-37000000.0,-996000000.0,0.0,1058000000.0,-1000000.0,213000000.0,213000000.0,213000000.0,85000000.0,7000000.0,0.104,537000000.0,630000000.0,464000000.0,0.0,0.508,10.462,10.41,6911000000.0,0.0,10.93,1.088,1.089,347000000.0,-1177000000.0,2049000000.0,2049000000.0,93000000.0,0.026,0.051,0.055,0.246,38000000.0,211000000.0,1.0,203877415.0,204100000.0,205900000.0,10.039,8103000000.0,0.0,164000000.0,778000000.0,39.701,251000000.0
23,WPX,MRT,2014-12-31,2014-12-31,2014-12-31,2020-11-03,-1000000.0,8778000000.0,8419250000.0,1869000000.0,6909000000.0,0.3,21.307,-1807000000.0,41000000.0,41000000.0,1281000000.0,171000000.0,1.546,1.007,2260000000.0,0.0,2260000000.0,2260000000.0,0.0,863000000.0,0.0,0.0,0.0,435000000.0,1298000000.0,0.514,1298000000.0,435000000.0,312000000.0,0.81,0.8,0.81,4319000000.0,4141000000.0,4319000000.0,4347194426.0,10.0,3.349,-737000000.0,-3.636,1.0,1242000000.0,0.492,0.0,123000000.0,9788000000.0,9317500000.0,45000000.0,536000000.0,498000000.0,38000000.0,4350000000.0,1209000000.0,3141000000.0,2365194426.0,-23000000.0,374000000.0,16000000.0,370000000.0,0.0,344000000.0,-1437000000.0,0.0,1070000000.0,-6000000.0,164000000.0,164000000.0,164000000.0,85000000.0,7000000.0,0.065,703000000.0,539000000.0,712000000.0,0.0,0.548,14.422,14.358,6842000000.0,0.0,11.63,0.937,0.934,459000000.0,-1244000000.0,2523000000.0,2523000000.0,101000000.0,0.019,0.04,0.047,0.172,36000000.0,224000000.0,1.0,203370114.0,202700000.0,206300000.0,12.447,8778000000.0,0.0,148000000.0,772000000.0,43.305,660000000.0
24,WPX,MRT,2014-09-30,2014-09-30,2014-09-30,2020-11-03,-1000000.0,8244000000.0,8332000000.0,1005000000.0,7239000000.0,0.34,20.138,-1636000000.0,65000000.0,65000000.0,1708000000.0,-1032000000.0,0.994,0.987,2047000000.0,0.0,2047000000.0,2047000000.0,0.0,879000000.0,0.0,0.0,0.0,-1503000000.0,-624000000.0,-0.22,-624000000.0,-1503000000.0,-1617000000.0,-5.12,-5.12,-5.12,4094000000.0,4088500000.0,4094000000.0,6571326899.0,-4.0,-10.531,-741000000.0,-3.645,1.0,1123000000.0,0.397,0.0,114000000.0,9215000000.0,9192000000.0,70000000.0,264000000.0,107000000.0,157000000.0,4042000000.0,1011000000.0,3031000000.0,4882326899.0,-34000000.0,0.0,17000000.0,275000000.0,0.0,285000000.0,-1214000000.0,0.0,895000000.0,-9000000.0,-1028000000.0,-1028000000.0,-1028000000.0,77000000.0,-4000000.0,-0.363,2362000000.0,-1239000000.0,699000000.0,0.0,1.193,-4.749,-4.699,7037000000.0,0.0,24.06,1.725,1.728,465000000.0,-1463000000.0,2831000000.0,2831000000.0,461000000.0,-0.123,-0.251,-0.164,-0.531,34000000.0,268000000.0,1.0,202922980.0,203300000.0,207500000.0,13.925,8244000000.0,31000000.0,-589000000.0,714000000.0,40.551,-6000000.0
25,WPX,MRT,2014-06-30,2014-06-30,2014-06-30,2020-11-03,-1000000.0,8018000000.0,8651750000.0,877000000.0,7141000000.0,0.312,19.832,-1334000000.0,105000000.0,105000000.0,1759000000.0,-1214000000.0,0.866,0.969,1794000000.0,0.0,1794000000.0,1794000000.0,0.0,904000000.0,0.0,0.0,0.0,-1736000000.0,-832000000.0,-0.308,-832000000.0,-1736000000.0,-1847000000.0,-5.99,-5.99,-5.99,4020000000.0,4333500000.0,4020000000.0,6814413745.0,-4.0,-8.19,-467000000.0,-2.304,1.0,941000000.0,0.349,0.0,111000000.0,8694000000.0,9504500000.0,81000000.0,211000000.0,47000000.0,164000000.0,3894000000.0,1013000000.0,2881000000.0,4833413745.0,23000000.0,338000000.0,16000000.0,110000000.0,0.0,121000000.0,-965000000.0,3000000.0,867000000.0,-8000000.0,-1204000000.0,-1204000000.0,-1204000000.0,85000000.0,-10000000.0,-0.446,2399000000.0,-1458000000.0,684000000.0,0.0,1.202,-4.014,-3.992,6938000000.0,0.0,23.91,1.79,1.795,502000000.0,-1525000000.0,2700000000.0,2700000000.0,454000000.0,-0.139,-0.278,-0.183,-0.643,32000000.0,264000000.0,1.0,202150303.0,202700000.0,202700000.0,13.32,8018000000.0,58000000.0,-643000000.0,718000000.0,39.556,-136000000.0
26,WPX,MRT,2014-03-31,2014-03-31,2014-03-31,2020-11-03,-1000000.0,8637000000.0,9018000000.0,961000000.0,7676000000.0,0.309,20.501,-1235000000.0,58000000.0,58000000.0,1798000000.0,-1059000000.0,0.92,1.066,2039000000.0,0.0,2039000000.0,2039000000.0,0.0,916000000.0,0.0,0.0,0.0,-1490000000.0,-574000000.0,-0.206,-574000000.0,-1490000000.0,-1601000000.0,-5.24,-5.24,-5.24,4131000000.0,4623250000.0,4131000000.0,5454321193.0,-4.0,-9.502,-537000000.0,-2.665,1.0,990000000.0,0.355,0.0,111000000.0,9573000000.0,9926000000.0,68000000.0,190000000.0,25000000.0,165000000.0,4404000000.0,1045000000.0,3359000000.0,3637321193.0,-45000000.0,0.0,9000000.0,455000000.0,0.0,451000000.0,-1194000000.0,0.0,698000000.0,-9000000.0,-1051000000.0,-1051000000.0,-1051000000.0,85000000.0,-8000000.0,-0.377,2394000000.0,-1404000000.0,758000000.0,0.0,0.88,-3.461,-3.441,7398000000.0,0.0,18.03,1.305,1.303,664000000.0,-1390000000.0,2788000000.0,2788000000.0,420000000.0,-0.117,-0.227,-0.15,-0.534,31000000.0,268000000.0,1.0,201737171.0,201500000.0,201500000.0,13.836,8637000000.0,46000000.0,-550000000.0,807000000.0,42.864,-84000000.0
27,WPX,MRT,2013-12-31,2013-12-31,2013-12-31,2020-11-03,-1000000.0,8429000000.0,9209750000.0,922000000.0,7507000000.0,0.264,20.494,-1154000000.0,47000000.0,47000000.0,1610000000.0,-1191000000.0,0.916,1.027,1911000000.0,0.0,1911000000.0,1911000000.0,0.0,940000000.0,0.0,0.0,0.0,-1701000000.0,-761000000.0,-0.313,-761000000.0,-1701000000.0,-1809000000.0,-5.91,-5.91,-5.91,4109000000.0,4878250000.0,4109000000.0,5760478412.0,-3.0,-7.57,-518000000.0,-2.584,1.0,821000000.0,0.338,0.0,108000000.0,9286000000.0,10065250000.0,66000000.0,57000000.0,50000000.0,7000000.0,4219000000.0,1007000000.0,3212000000.0,4092478412.0,-49000000.0,0.0,6000000.0,410000000.0,0.0,426000000.0,-1111000000.0,0.0,636000000.0,-5000000.0,-1185000000.0,-1185000000.0,-1185000000.0,87000000.0,-6000000.0,-0.487,2410000000.0,-1589000000.0,634000000.0,0.0,0.996,-3.454,-3.448,6760000000.0,0.0,20.38,1.683,1.681,518000000.0,-1408000000.0,2431000000.0,2431000000.0,423000000.0,-0.129,-0.243,-0.169,-0.7,32000000.0,269000000.0,1.0,200808558.0,200500000.0,200500000.0,12.125,8429000000.0,49000000.0,-624000000.0,776000000.0,42.04,-85000000.0
28,WPX,MRT,2013-09-30,2013-09-30,2013-09-30,2020-11-03,-1000000.0,9523000000.0,9466500000.0,694000000.0,8829000000.0,0.275,25.282,-1199000000.0,108000000.0,108000000.0,1586000000.0,-311000000.0,0.956,0.855,1776000000.0,0.0,1776000000.0,1776000000.0,0.0,945000000.0,0.0,0.0,0.0,-305000000.0,640000000.0,0.246,640000000.0,-305000000.0,-412000000.0,-1.59,-1.59,-1.59,5074000000.0,5168000000.0,5074000000.0,5461319911.0,-18.0,8.533,-472000000.0,-2.352,1.0,1014000000.0,0.39,0.0,107000000.0,10465000000.0,10265000000.0,74000000.0,218000000.0,44000000.0,174000000.0,4338000000.0,726000000.0,3612000000.0,3863319911.0,-128000000.0,0.0,5000000.0,270000000.0,0.0,331000000.0,-1186000000.0,2000000.0,727000000.0,-4000000.0,-318000000.0,-318000000.0,-318000000.0,31000000.0,7000000.0,-0.122,1221000000.0,-207000000.0,518000000.0,0.0,0.761,-12.149,-12.113,8535000000.0,0.0,19.26,1.486,1.487,390000000.0,-435000000.0,2600000000.0,2600000000.0,71000000.0,-0.034,-0.062,-0.03,-0.117,30000000.0,272000000.0,1.0,200587742.0,200700000.0,200700000.0,12.955,9523000000.0,33000000.0,-94000000.0,1348000000.0,47.449,-32000000.0
29,WPX,MRT,2013-06-30,2013-06-30,2013-06-30,2020-11-03,-1000000.0,9483000000.0,9481500000.0,716000000.0,8767000000.0,0.281,25.843,-1241000000.0,90000000.0,90000000.0,1609000000.0,-256000000.0,1.021,0.81,1688000000.0,0.0,1688000000.0,1688000000.0,0.0,948000000.0,0.0,0.0,0.0,-257000000.0,691000000.0,0.26,691000000.0,-257000000.0,-361000000.0,-1.34,-1.34,-1.34,5179000000.0,5250750000.0,5179000000.0,5269329817.0,-21.0,7.626,-597000000.0,-2.979,1.0,1052000000.0,0.395,0.0,104000000.0,10380000000.0,10191500000.0,76000000.0,230000000.0,53000000.0,177000000.0,4193000000.0,701000000.0,3492000000.0,3792329817.0,-333000000.0,4000000.0,4000000.0,180000000.0,0.0,249000000.0,-1226000000.0,-1000000.0,644000000.0,-4000000.0,-268000000.0,-268000000.0,-268000000.0,21000000.0,12000000.0,-0.101,1216000000.0,-164000000.0,515000000.0,0.0,0.732,-14.15,-14.134,8469000000.0,0.0,18.94,1.425,1.426,422000000.0,-321000000.0,2661000000.0,2661000000.0,72000000.0,-0.028,-0.051,-0.025,-0.097,30000000.0,272000000.0,1.0,200228607.0,200400000.0,203800000.0,13.278,9483000000.0,27000000.0,-93000000.0,1347000000.0,47.32,15000000.0
30,WPX,MRT,2013-03-31,2013-03-31,2013-03-31,2020-11-03,-1000000.0,9404000000.0,9571250000.0,680000000.0,8724000000.0,0.274,25.768,-1364000000.0,112000000.0,112000000.0,1573000000.0,-284000000.0,0.905,0.805,1589000000.0,0.0,1589000000.0,1589000000.0,0.0,969000000.0,0.0,0.0,0.0,-316000000.0,653000000.0,0.249,653000000.0,-316000000.0,-418000000.0,-1.48,-1.48,-1.48,5151000000.0,5341750000.0,5151000000.0,4561120055.0,-14.0,6.985,-676000000.0,-3.382,1.0,1048000000.0,0.4,0.0,102000000.0,10130000000.0,10130250000.0,54000000.0,172000000.0,20000000.0,152000000.0,4147000000.0,751000000.0,3396000000.0,3206120055.0,-247000000.0,310000000.0,3000000.0,80000000.0,0.0,145000000.0,-1080000000.0,2000000.0,688000000.0,-3000000.0,-296000000.0,-296000000.0,-296000000.0,-2000000.0,12000000.0,-0.113,1298000000.0,-250000000.0,521000000.0,0.0,0.622,-10.831,-10.824,8451000000.0,0.0,16.02,1.223,1.222,411000000.0,-339000000.0,2621000000.0,2621000000.0,71000000.0,-0.031,-0.055,-0.031,-0.121,30000000.0,269000000.0,1.0,200132338.0,199900000.0,199900000.0,13.112,9404000000.0,33000000.0,-122000000.0,1347000000.0,47.044,-71000000.0
31,WPX,MRT,2012-12-31,2012-12-31,2012-12-31,2020-11-03,2000000.0,9456000000.0,9787500000.0,772000000.0,8684000000.0,0.296,26.499,-1521000000.0,153000000.0,153000000.0,1700000000.0,-211000000.0,1.063,0.775,1508000000.0,0.0,1508000000.0,1508000000.0,0.0,973000000.0,0.0,0.0,0.0,-205000000.0,768000000.0,0.265,768000000.0,-205000000.0,-307000000.0,-1.12,-1.12,-1.12,5268000000.0,5460250000.0,5268000000.0,4232945623.0,-21.0,5.512,-725000000.0,-3.647,1.0,1200000000.0,0.414,0.0,102000000.0,10085000000.0,10186250000.0,66000000.0,205000000.0,58000000.0,147000000.0,4085000000.0,726000000.0,3359000000.0,2963945623.0,-371000000.0,310000000.0,3000000.0,6000000.0,0.0,37000000.0,-1204000000.0,0.0,796000000.0,-2000000.0,-223000000.0,-223000000.0,-223000000.0,0.0,12000000.0,-0.077,1343000000.0,-143000000.0,509000000.0,0.0,0.563,-13.291,-13.286,8416000000.0,0.0,14.88,1.022,1.02,443000000.0,-223000000.0,2900000000.0,2900000000.0,71000000.0,-0.023,-0.041,-0.02,-0.071,28000000.0,265000000.0,1.0,199189894.0,198800000.0,198800000.0,14.588,9456000000.0,17000000.0,-84000000.0,1401000000.0,47.565,46000000.0
32,WPX,MRT,2012-09-30,2012-09-30,2012-09-30,2020-11-03,55000000.0,9583000000.0,10031500000.0,887000000.0,8696000000.0,0.332,27.147,-1649000000.0,240000000.0,240000000.0,1980000000.0,-442000000.0,1.302,0.756,1509000000.0,0.0,1509000000.0,1509000000.0,0.0,974000000.0,0.0,0.0,0.0,-533000000.0,441000000.0,0.132,441000000.0,-533000000.0,-630000000.0,-2.3,-2.3,-2.3,5405000000.0,5562750000.0,5405000000.0,4384017343.0,-8.0,9.941,-741000000.0,-3.722,1.0,1352000000.0,0.406,0.0,97000000.0,10171000000.0,10228250000.0,71000000.0,311000000.0,159000000.0,152000000.0,4087000000.0,681000000.0,3406000000.0,3302017343.0,191000000.0,308000000.0,2000000.0,1478000000.0,0.0,637000000.0,-1354000000.0,-6000000.0,908000000.0,-1000000.0,-455000000.0,-455000000.0,-455000000.0,106000000.0,13000000.0,-0.137,1802000000.0,-450000000.0,441000000.0,0.0,0.611,-7.257,-7.213,8413000000.0,0.0,16.59,0.991,0.991,385000000.0,-117000000.0,3332000000.0,3332000000.0,86000000.0,-0.045,-0.082,-0.052,-0.16,27000000.0,281000000.0,1.0,199036609.0,199100000.0,199100000.0,16.735,9583000000.0,0.0,-175000000.0,1487000000.0,48.132,206000000.0
33,WPX,MRT,2012-06-30,2012-06-30,2012-06-30,2020-11-03,136000000.0,9842000000.0,,1213000000.0,8629000000.0,,27.868,-1717000000.0,427000000.0,427000000.0,2156000000.0,-365000000.0,1.537,0.76,1509000000.0,0.0,1509000000.0,1509000000.0,0.0,980000000.0,0.0,0.0,0.0,-442000000.0,538000000.0,0.147,538000000.0,-442000000.0,-514000000.0,-1.91,-1.91,-1.91,5543000000.0,,5543000000.0,4362259974.0,-10.0,8.108,-592000000.0,-2.976,1.0,1494000000.0,0.409,0.0,72000000.0,10135000000.0,,66000000.0,503000000.0,342000000.0,161000000.0,4211000000.0,789000000.0,3422000000.0,3215259974.0,392000000.0,321000000.0,1000000.0,1478000000.0,0.0,675000000.0,-1408000000.0,-8000000.0,1125000000.0,-1000000.0,-377000000.0,-377000000.0,-377000000.0,111000000.0,12000000.0,-0.103,1853000000.0,-359000000.0,430000000.0,0.0,0.58,-8.529,-8.471,8331000000.0,0.0,16.18,0.881,0.882,337000000.0,-53000000.0,3650000000.0,3650000000.0,138000000.0,,,,-0.121,20000000.0,284000000.0,1.0,198718169.0,198900000.0,198900000.0,18.351,9842000000.0,0.0,-137000000.0,1568000000.0,49.482,424000000.0
34,WPX,MRT,2012-03-31,2012-03-31,2012-03-31,2020-11-03,217000000.0,10269000000.0,,1684000000.0,8585000000.0,,28.395,-1681000000.0,362000000.0,362000000.0,2319000000.0,-331000000.0,1.586,0.811,1509000000.0,0.0,1509000000.0,1509000000.0,0.0,968000000.0,0.0,0.0,0.0,-350000000.0,618000000.0,0.161,618000000.0,-350000000.0,-444000000.0,-1.73,-1.73,-1.73,5625000000.0,,5625000000.0,4554292441.0,-13.0,7.369,-462000000.0,-2.332,1.0,1515000000.0,0.395,0.0,94000000.0,10354000000.0,,61000000.0,670000000.0,516000000.0,154000000.0,4560000000.0,1062000000.0,3498000000.0,3577292441.0,323000000.0,15000000.0,1000000.0,1534000000.0,0.0,713000000.0,-1609000000.0,-10000000.0,1219000000.0,-1000000.0,-342000000.0,-342000000.0,-342000000.0,136000000.0,11000000.0,-0.089,1751000000.0,-236000000.0,531000000.0,0.0,0.636,-10.46,-10.41,8289000000.0,0.0,18.01,0.933,0.931,414000000.0,-43000000.0,3834000000.0,3834000000.0,133000000.0,,,,-0.091,11000000.0,276000000.0,1.0,198628120.0,198100000.0,198100000.0,19.354,10269000000.0,0.0,-102000000.0,1634000000.0,51.837,622000000.0
35,WPX,MRT,2011-12-31,2011-12-31,2011-12-31,2020-11-03,219000000.0,10432000000.0,10139000000.0,1674000000.0,8758000000.0,0.383,28.808,-1572000000.0,526000000.0,526000000.0,2354000000.0,-292000000.0,1.448,0.823,1503000000.0,0.0,1503000000.0,1503000000.0,0.0,951000000.0,0.0,0.0,0.0,-259000000.0,692000000.0,0.178,692000000.0,-259000000.0,-376000000.0,-1.53,-1.53,-1.53,5678000000.0,5045000000.0,5678000000.0,5833072940.0,-23.0,8.429,-365000000.0,-1.852,1.0,1528000000.0,0.394,0.0,117000000.0,10253000000.0,9578000000.0,73000000.0,641000000.0,506000000.0,135000000.0,4673000000.0,1156000000.0,3517000000.0,3609072940.0,490000000.0,15000000.0,0.0,1631000000.0,0.0,839000000.0,-1556000000.0,-12000000.0,1207000000.0,-1000000.0,-302000000.0,-302000000.0,-302000000.0,142000000.0,10000000.0,-0.078,1670000000.0,-142000000.0,702000000.0,0.0,0.636,-11.951,-11.876,8222000000.0,0.0,18.17,0.93,0.923,509000000.0,0.0,3882000000.0,3882000000.0,126000000.0,-0.03,-0.06,-0.027,-0.067,5000000.0,275000000.0,1.0,198628120.0,197100000.0,197100000.0,19.696,10432000000.0,0.0,-74000000.0,1672000000.0,52.927,518000000.0
36,WPX,MRT,2011-09-30,2011-09-30,2011-09-30,2020-11-03,,,,,,,,,,,,,,,,,,,,,,,0.0,,,,,,,,,,,,,,,,,,1.0,,,,,,,,,,,,,,,,,,,,,,,,,,,,,,,,,,,,,,,,,,,,,,,,,,,,,,1.0,198628120.0,197100000.0,,,,,,,,
37,WPX,MRT,2011-06-30,2011-06-30,2011-06-30,2020-11-03,,,,,,,,,,,,,,,,,,,,,,,0.0,,,,,,,,,,,,,,,,,,1.0,,,,,,,,,,,,,,,,,,,,,,,,,,,,,,,,,,,,,,,,,,,,,,,,,,,,,,1.0,198628120.0,197100000.0,,,,,,,,
38,WPX,MRT,2011-03-31,2011-03-31,2011-03-31,2020-11-03,,,,,,,,,,,,,,,,,,,,,,,0.0,,,,,,,,,,,,,,,,,,1.0,,,,,,,,,,,,,,,,,,,,,,,,,,,,,,,,,,,,,,,,,,,,,,,,,,,,,,1.0,198628120.0,197100000.0,,,,,,,,
39,WPX,MRT,2010-12-31,2010-12-31,2010-12-31,2020-11-03,168000000.0,9846000000.0,10199500000.0,958000000.0,8888000000.0,0.386,22.385,-1856000000.0,37000000.0,37000000.0,2470000000.0,-1283000000.0,0.302,1.215,2261000000.0,2261000000.0,0.0,2261000000.0,0.0,882000000.0,0.0,,0.0,-1123000000.0,-241000000.0,-0.061,-241000000.0,-1123000000.0,-1247000000.0,-6.55,-6.55,-6.55,4412000000.0,4876500000.0,4412000000.0,,,,-800000000.0,-4.059,1.0,1465000000.0,0.372,0.0,124000000.0,8903000000.0,8541500000.0,77000000.0,678000000.0,400000000.0,278000000.0,5362000000.0,3167000000.0,2195000000.0,,3000000.0,-456000000.0,0.0,1045000000.0,0.0,1284000000.0,-2337000000.0,-7000000.0,1056000000.0,0.0,-1291000000.0,-1291000000.0,-1291000000.0,346000000.0,8000000.0,-0.328,2288000000.0,-823000000.0,515000000.0,0.0,,,,8449000000.0,0.0,,,,422000000.0,,3935000000.0,3935000000.0,57000000.0,-0.127,-0.265,-0.131,-0.285,0.0,242000000.0,1.0,198628120.0,197100000.0,197100000.0,19.964,9846000000.0,0.0,44000000.0,1732000000.0,49.954,-2209000000.0
40,WPX,MRT,2009-12-31,2009-12-31,2009-12-31,2020-11-03,72000000.0,10553000000.0,,1199000000.0,9354000000.0,,27.098,-1434000000.0,34000000.0,34000000.0,2124000000.0,140000000.0,0.47,0.964,1216000000.0,1216000000.0,0.0,1216000000.0,0.0,894000000.0,0.0,,0.0,330000000.0,1224000000.0,0.333,1224000000.0,330000000.0,230000000.0,0.68,0.68,0.68,5341000000.0,,5341000000.0,,,,-253000000.0,-1.284,1.0,1557000000.0,0.423,1003000000.0,100000000.0,8180000000.0,,61000000.0,1189000000.0,650000000.0,539000000.0,5148000000.0,2552000000.0,2596000000.0,,2000000.0,0.0,0.0,270000000.0,0.0,256000000.0,-1435000000.0,-1000000.0,1181000000.0,0.0,134000000.0,134000000.0,134000000.0,7000000.0,6000000.0,0.036,1207000000.0,350000000.0,499000000.0,0.0,,,,7662000000.0,0.0,,,,413000000.0,,3681000000.0,3681000000.0,54000000.0,,,,0.09,0.0,251000000.0,1.0,,197100000.0,197100000.0,18.676,9550000000.0,0.0,96000000.0,1869000000.0,48.453,-1353000000.0
41,WPX,MRT,2008-12-31,2008-12-31,2008-12-31,2020-11-03,,,,,,,,-2467000000.0,,,4003000000.0,730000000.0,,,,,,,,758000000.0,,,0.0,1248000000.0,2006000000.0,0.324,2006000000.0,1248000000.0,1174000000.0,,,,,,,,,,-458000000.0,,1.0,2181000000.0,0.353,,74000000.0,,,,,,,,,,,-18000000.0,72000000.0,0.0,269000000.0,0.0,225000000.0,-2252000000.0,-5000000.0,2009000000.0,0.0,722000000.0,722000000.0,722000000.0,87000000.0,8000000.0,0.117,874000000.0,1307000000.0,,,,,,,0.0,,,,,,6184000000.0,6184000000.0,37000000.0,,,,0.202,0.0,247000000.0,1.0,,,,,,,452000000.0,,,
