None,ticker,dimension,calendardate,datekey,reportperiod,lastupdated,accoci,assets,assetsavg,assetsc,assetsnc,assetturnover,bvps,capex,cashneq,cashnequsd,cor,consolinc,currentratio,de,debt,debtc,debtnc,debtusd,deferredrev,depamor,deposits,divyield,dps,ebit,ebitda,ebitdamargin,ebitdausd,ebitusd,ebt,eps,epsdil,epsusd,equity,equityavg,equityusd,ev,evebit,evebitda,fcf,fcfps,fxusd,gp,grossmargin,intangibles,intexp,invcap,invcapavg,inventory,investments,investmentsc,investmentsnc,liabilities,liabilitiesc,liabilitiesnc,marketcap,ncf,ncfbus,ncfcommon,ncfdebt,ncfdiv,ncff,ncfi,ncfinv,ncfo,ncfx,netinc,netinccmn,netinccmnusd,netincdis,netincnci,netmargin,opex,opinc,payables,payoutratio,pb,pe,pe1,ppnenet,prefdivis,price,ps,ps1,receivables,retearn,revenue,revenueusd,rnd,roa,roe,roic,ros,sbcomp,sgna,sharefactor,sharesbas,shareswa,shareswadil,sps,tangibles,taxassets,taxexp,taxliabilities,tbvps,workingcapital
0,LLTC,MRY,2016-12-31,2016-07-03,2016-07-03,2019-04-29,1235000.0,2049981000.0,1974630500.0,1754730000.0,295251000.0,0.721,7.19,-47333000.0,263682000.0,263682000.0,343801000.0,494346000.0,9.75,0.165,0.0,0.0,0.0,0.0,48701000.0,51409000.0,0.0,0.027,1.24,639449000.0,690858000.0,0.485,690858000.0,639449000.0,639449000.0,2.02,2.02,2.02,1759175000.0,1668100000.0,1759175000.0,10801648527.0,17.0,15.635,637724000.0,2.607,1.0,1080135000.0,0.759,9385000.0,0.0,1596948000.0,1560466000.0,97251000.0,1184593000.0,1184593000.0,0.0,290806000.0,179966000.0,110840000.0,11051118527.0,68003000.0,0.0,-97853000.0,0.0,-303358000.0,-393214000.0,-223840000.0,-176507000.0,685057000.0,0.0,494346000.0,494346000.0,494346000.0,0.0,0.0,0.347,446582000.0,633553000.0,17465000.0,0.614,6.282,22.355,22.881,285866000.0,0.0,46.22,7.761,7.942,157460000.0,-379210000.0,1423936000.0,1423936000.0,276462000.0,0.25,0.296,0.41,0.449,71445000.0,170120000.0,1.0,239098194.0,244662000,245048000.0,5.82,2040596000.0,0.0,145103000.0,71730000.0,8.34,1574764000.0
1,LLTC,MRY,2015-12-31,2015-06-28,2015-06-28,2019-04-29,561000.0,1884079000.0,1775394000.0,1584752000.0,299327000.0,0.831,6.456,-62560000.0,195679000.0,195679000.0,355727000.0,520963000.0,8.664,0.194,0.0,0.0,0.0,0.0,46860000.0,54098000.0,0.0,0.025,1.14,685389000.0,739487000.0,0.501,739487000.0,685389000.0,685389000.0,2.13,2.12,2.13,1577927000.0,1477781750.0,1577927000.0,10658570390.0,16.0,14.413,536359000.0,2.195,1.0,1119412000.0,0.759,11585000.0,0.0,1493897000.0,1412635250.0,99861000.0,1007043000.0,1007043000.0,0.0,306152000.0,182918000.0,123234000.0,10864637390.0,38356000.0,0.0,-83528000.0,0.0,-278404000.0,-346742000.0,-213821000.0,-151261000.0,598919000.0,0.0,520963000.0,520963000.0,520963000.0,0.0,0.0,0.353,436713000.0,682699000.0,17608000.0,0.535,6.885,20.855,21.3,287742000.0,0.0,45.37,7.365,7.517,179264000.0,-475124000.0,1475139000.0,1475139000.0,266761000.0,0.293,0.353,0.485,0.465,56941000.0,169952000.0,1.0,239467432.0,244408000,245218000.0,6.036,1872494000.0,48493000.0,164426000.0,91434000.0,7.661,1401834000.0
2,LLTC,MRY,2014-12-31,2014-06-29,2014-06-29,2019-04-29,355000.0,1655578000.0,2118347000.0,1364713000.0,290865000.0,0.655,5.536,-37669000.0,157323000.0,157323000.0,338580000.0,459961000.0,6.344,0.244,0.0,0.0,0.0,0.0,45619000.0,51255000.0,0.0,0.023,1.06,642436000.0,693691000.0,0.5,693691000.0,642436000.0,601268000.0,1.91,1.9,1.91,1331369000.0,1186375750.0,1331369000.0,11079202895.0,17.0,15.971,558758000.0,2.323,1.0,1049806000.0,0.756,13785000.0,41168000.0,1269355000.0,1489570500.0,91310000.0,855464000.0,855464000.0,0.0,324209000.0,215115000.0,109094000.0,11042369895.0,30673000.0,0.0,18705000.0,-845087000.0,-255305000.0,-1070649000.0,504895000.0,542564000.0,596427000.0,0.0,459961000.0,459961000.0,459961000.0,0.0,0.0,0.331,410076000.0,639730000.0,28221000.0,0.555,8.294,24.007,24.44,277080000.0,0.0,46.68,7.953,8.086,173340000.0,-616992000.0,1388386000.0,1388386000.0,250434000.0,0.217,0.388,0.431,0.463,54090000.0,159642000.0,1.0,236554625.0,240498000,242551000.0,5.773,1641793000.0,46294000.0,141307000.0,109730000.0,6.827,1149598000.0
3,LLTC,MRY,2013-12-31,2013-06-30,2013-06-30,2019-04-29,-266000.0,2098341000.0,2013356500.0,1793890000.0,304451000.0,0.637,4.148,-17640000.0,126650000.0,126650000.0,322516000.0,406925000.0,1.749,1.137,826629000.0,826629000.0,0.0,826629000.0,44088000.0,55366000.0,0.0,0.028,1.02,577224000.0,632590000.0,0.493,632590000.0,577224000.0,528881000.0,1.72,1.71,1.72,981908000.0,882144500.0,981908000.0,9220160075.0,16.0,14.575,546294000.0,2.308,1.0,959720000.0,0.748,15985000.0,48343000.0,1756455000.0,2277870250.0,87229000.0,1398091000.0,1398091000.0,0.0,1116433000.0,1025880000.0,90553000.0,8593096075.0,-86768000.0,0.0,16891000.0,0.0,-241329000.0,-224438000.0,-426264000.0,-408624000.0,563934000.0,0.0,406925000.0,406925000.0,406925000.0,0.0,0.0,0.317,386566000.0,573154000.0,10258000.0,0.593,8.751,21.117,21.419,288466000.0,0.0,36.84,6.702,6.801,145274000.0,-754555000.0,1282236000.0,1282236000.0,235184000.0,0.202,0.461,0.253,0.45,63865000.0,151382000.0,1.0,233254508.0,236703000,237753000.0,5.417,2082356000.0,0.0,121956000.0,96339000.0,8.797,768010000.0
4,LLTC,MRY,2012-12-31,2012-07-01,2012-07-01,2019-04-29,165000.0,1851068000.0,1758902000.0,1505410000.0,345658000.0,0.72,3.161,-35731000.0,213418000.0,213418000.0,312539000.0,398111000.0,8.825,1.513,805599000.0,0.0,805599000.0,805599000.0,41333000.0,55934000.0,0.0,0.031,0.98,583427000.0,639361000.0,0.505,639361000.0,583427000.0,535910000.0,1.71,1.7,1.71,736508000.0,641144500.0,736508000.0,7853318728.0,13.0,12.283,529488000.0,2.272,1.0,954082000.0,0.753,18185000.0,47517000.0,2254483000.0,2201146000.0,79664000.0,989641000.0,989641000.0,0.0,1114560000.0,170581000.0,943979000.0,7212389728.0,-57105000.0,-23365000.0,3584000.0,0.0,-228483000.0,-224899000.0,-397425000.0,-338329000.0,565219000.0,0.0,398111000.0,398111000.0,398111000.0,0.0,0.0,0.314,375241000.0,578841000.0,11459000.0,0.573,9.793,18.117,18.322,320222000.0,0.0,31.33,5.694,5.764,153090000.0,-851702000.0,1266621000.0,1266621000.0,224467000.0,0.226,0.621,0.265,0.461,61225000.0,147579000.0,1.0,230207141.0,233013000,234298000.0,5.436,1832883000.0,36845000.0,137799000.0,111363000.0,7.866,1334829000.0
5,LLTC,MRY,2011-12-31,2011-07-03,2011-07-03,2019-04-29,1130000.0,1594066000.0,1573670250.0,1246290000.0,347776000.0,0.943,2.191,-120415000.0,270523000.0,270523000.0,324445000.0,580782000.0,6.818,2.153,785732000.0,0.0,785732000.0,785732000.0,47587000.0,50137000.0,0.0,0.028,0.94,778014000.0,828151000.0,0.558,828151000.0,778014000.0,723838000.0,2.52,2.5,2.52,505611000.0,331745750.0,505611000.0,8205938431.0,11.0,9.909,550520000.0,2.385,1.0,1159517000.0,0.781,0.0,54176000.0,1926469000.0,1871397500.0,72195000.0,652014000.0,652014000.0,0.0,1088455000.0,182806000.0,905649000.0,7613151431.0,-25331000.0,0.0,28759000.0,-395830000.0,-217202000.0,-584273000.0,-111993000.0,8422000.0,670935000.0,0.0,580782000.0,580782000.0,580782000.0,0.0,0.0,0.391,392207000.0,767310000.0,11606000.0,0.373,15.057,13.108,13.266,332969000.0,0.0,33.43,5.13,5.199,169637000.0,-961617000.0,1483962000.0,1483962000.0,226516000.0,0.369,1.751,0.416,0.524,74331000.0,165691000.0,1.0,227734114.0,230806000,232772000.0,6.429,1594066000.0,38331000.0,143056000.0,78279000.0,6.907,1063484000.0
6,LLTC,MRY,2010-12-31,2010-06-27,2010-06-27,2019-04-29,1974000.0,1590718000.0,1546434250.0,1264301000.0,326417000.0,0.757,0.175,-38342000.0,295854000.0,295854000.0,269076000.0,361341000.0,2.17,38.983,1159886000.0,392926000.0,766960000.0,1159886000.0,33700000.0,45489000.0,0.0,0.031,0.9,565767000.0,611256000.0,0.522,611256000.0,565767000.0,490411000.0,1.59,1.58,1.59,39785000.0,-72259750.0,39785000.0,7522201322.0,13.0,12.306,454135000.0,1.994,1.0,900912000.0,0.77,0.0,75356000.0,1872240000.0,2089429750.0,54044000.0,662215000.0,662215000.0,0.0,1550933000.0,582510000.0,968423000.0,6482077322.0,78836000.0,0.0,9165000.0,-163964000.0,-205103000.0,-359902000.0,-53739000.0,-15397000.0,492477000.0,0.0,361341000.0,361341000.0,361341000.0,0.0,0.0,0.309,337501000.0,563411000.0,21235000.0,0.566,162.928,17.939,18.189,257035000.0,0.0,28.92,5.54,5.629,176874000.0,-1294077000.0,1169988000.0,1169988000.0,198957000.0,0.234,-5.001,0.271,0.484,68924000.0,138544000.0,1.0,224138220.0,227723000,228860000.0,5.138,1590718000.0,38689000.0,129070000.0,128280000.0,6.985,681791000.0
7,LLTC,MRY,2009-12-31,2009-06-28,2009-06-28,2019-04-29,5095000.0,1421529000.0,1517863500.0,1089251000.0,332278000.0,0.638,-0.823,-39130000.0,217018000.0,217018000.0,237868000.0,289207000.0,8.69,-8.629,1280617000.0,0.0,1280617000.0,1280617000.0,28497000.0,47982000.0,0.0,0.037,0.86,451912000.0,499894000.0,0.516,499894000.0,451912000.0,368901000.0,1.28,1.28,1.28,-186337000.0,-290689000.0,-186337000.0,6485356870.0,14.0,12.973,377468000.0,1.668,1.0,730630000.0,0.754,0.0,83011000.0,2359787000.0,2656976750.0,52531000.0,651693000.0,651693000.0,0.0,1607866000.0,125341000.0,1482525000.0,5225447870.0,67797000.0,0.0,-16778000.0,-270104000.0,-194680000.0,-481492000.0,132691000.0,171821000.0,416598000.0,0.0,289207000.0,289207000.0,289207000.0,0.0,0.0,0.299,318554000.0,412076000.0,10531000.0,0.672,-28.043,18.068,18.367,258425000.0,0.0,23.51,5.395,5.494,95434000.0,-1438524000.0,968498000.0,968498000.0,185843000.0,0.191,-0.995,0.17,0.467,61551000.0,128804000.0,1.0,222264903.0,226321000,226387000.0,4.279,1421529000.0,37628000.0,79694000.0,117232000.0,6.281,963910000.0
8,LLTC,MRY,2008-12-31,2008-06-29,2008-06-29,2019-04-29,1452000.0,1583889000.0,1457949250.0,1245540000.0,338349000.0,0.806,-1.956,-35269000.0,149221000.0,149221000.0,267005000.0,367123000.0,7.111,-4.65,1700000000.0,0.0,1700000000.0,1700000000.0,37777000.0,48140000.0,0.0,0.024,0.78,598746000.0,646886000.0,0.55,646886000.0,598746000.0,508859000.0,1.62,1.6,1.62,-433918000.0,-530445250.0,-433918000.0,8773637151.0,15.0,13.563,495060000.0,2.231,1.0,908148000.0,0.773,0.0,89887000.0,2959510000.0,2857940000.0,56017000.0,817480000.0,817480000.0,0.0,2017807000.0,175158000.0,1842649000.0,7192814151.0,-7273000.0,0.0,-16551000.0,0.0,-176652000.0,-180485000.0,-357117000.0,-321848000.0,530329000.0,0.0,367123000.0,367123000.0,367123000.0,0.0,0.0,0.312,339484000.0,568664000.0,16860000.0,0.481,-16.576,19.592,20.012,261085000.0,0.0,32.42,6.121,6.121,161452000.0,-1485629000.0,1175153000.0,1175153000.0,197089000.0,0.252,-0.692,0.21,0.51,68380000.0,142395000.0,1.0,221863484.0,221863484,,5.297,1583889000.0,31882000.0,141736000.0,61771000.0,7.139,1070382000.0
9,LLTC,MRY,2007-12-31,2007-07-01,2007-07-01,2019-04-29,-647000.0,1218857000.0,2098162250.0,861104000.0,357753000.0,0.516,-2.789,-61992000.0,156494000.0,156494000.0,241513000.0,411675000.0,4.787,-2.722,1700000000.0,0.0,1700000000.0,1700000000.0,39946000.0,50717000.0,0.0,0.018,0.66,582017000.0,632734000.0,0.584,632734000.0,582017000.0,569924000.0,1.42,1.39,1.42,-707965000.0,1422981250.0,-707965000.0,8863258773.0,15.0,14.008,415969000.0,1.639,1.0,841565000.0,0.777,0.0,12093000.0,2582494000.0,2027562500.0,51075000.0,476813000.0,476813000.0,0.0,1926822000.0,179869000.0,1746953000.0,9183531773.0,-384566000.0,0.0,-3131104000.0,1700000000.0,-192433000.0,-1609296000.0,746769000.0,808761000.0,477961000.0,0.0,411675000.0,411675000.0,411675000.0,0.0,0.0,0.38,317247000.0,524318000.0,11161000.0,0.465,-12.972,22.308,25.479,266600000.0,0.0,36.18,8.479,8.479,130546000.0,-1609453000.0,1083078000.0,1083078000.0,183557000.0,0.196,0.289,0.287,0.537,80720000.0,133690000.0,1.0,253828960.0,253828960,,4.267,1218857000.0,35038000.0,158249000.0,58244000.0,4.802,681235000.0
10,LLTC,MRY,2006-12-31,2006-07-02,2006-07-02,2019-04-29,-5085000.0,2390895000.0,2390704500.0,2077136000.0,313759000.0,0.457,6.931,-69390000.0,541060000.0,541060000.0,238400000.0,428680000.0,8.771,0.136,0.0,0.0,0.0,0.0,48013000.0,49272000.0,0.0,0.015,0.5,618684000.0,667956000.0,0.611,667956000.0,618684000.0,616808000.0,1.4,1.37,1.4,2104498000.0,2103817000.0,2104498000.0,9775267174.0,16.0,14.635,440610000.0,1.451,1.0,854577000.0,0.782,0.0,1876000.0,1613009000.0,1755529250.0,39031000.0,1278527000.0,1278527000.0,0.0,286397000.0,236826000.0,49571000.0,10168627174.0,217879000.0,0.0,-274166000.0,0.0,-153874000.0,-394971000.0,102850000.0,172240000.0,510000000.0,0.0,428680000.0,428680000.0,428680000.0,0.0,0.0,0.392,290627000.0,563950000.0,14574000.0,0.357,4.832,23.721,23.921,247969000.0,0.0,33.49,9.304,9.304,154297000.0,1046137000.0,1092977000.0,1092977000.0,160849000.0,0.179,0.204,0.352,0.566,64901000.0,129778000.0,1.0,303631746.0,303631746,,3.6,2390895000.0,44682000.0,188128000.0,94664000.0,7.874,1840310000.0
11,LLTC,MRY,2005-12-31,2005-07-03,2005-07-03,2019-04-29,-2839000.0,2286234000.0,2222686000.0,2007309000.0,278925000.0,0.472,6.37,-62127000.0,323181000.0,323181000.0,219188000.0,433974000.0,9.663,0.139,0.0,0.0,0.0,0.0,43708000.0,48837000.0,0.0,0.01,0.36,621994000.0,670831000.0,0.639,670831000.0,621994000.0,619964000.0,1.41,1.38,1.41,2007034000.0,1946587750.0,2007034000.0,11003200186.0,18.0,16.402,430591000.0,1.367,1.0,830506000.0,0.791,0.0,2030000.0,1755314000.0,1775623750.0,34328000.0,1467731000.0,1467731000.0,0.0,279200000.0,207739000.0,71461000.0,11187110186.0,119639000.0,0.0,-184567000.0,0.0,-110972000.0,-295539000.0,-77540000.0,-15413000.0,492718000.0,0.0,433974000.0,433974000.0,433974000.0,0.0,0.0,0.413,240877000.0,589629000.0,11800000.0,0.255,5.574,25.778,25.929,221028000.0,0.0,36.56,10.657,10.974,125864000.0,1083110000.0,1049694000.0,1049694000.0,131429000.0,0.195,0.223,0.35,0.593,58373000.0,109448000.0,1.0,305993167.0,315067000,315067000.0,3.332,2286234000.0,38298000.0,185990000.0,95521000.0,7.256,1799570000.0
12,LLTC,MRY,2004-12-31,2004-06-27,2004-06-27,2019-04-29,-2460000.0,2087703000.0,2116729750.0,1832095000.0,255608000.0,0.381,5.633,-20724000.0,203542000.0,203542000.0,185960000.0,328171000.0,9.042,0.153,0.0,0.0,0.0,0.0,41862000.0,48745000.0,0.0,0.007,0.28,462213000.0,510958000.0,0.633,510958000.0,462213000.0,462213000.0,1.05,1.02,1.05,1810605000.0,1860656250.0,1810605000.0,12013988842.0,26.0,23.513,437104000.0,1.36,1.0,621321000.0,0.77,0.0,0.0,1681547000.0,1741067000.0,32704000.0,1452998000.0,1452998000.0,0.0,277098000.0,202614000.0,74484000.0,12228172842.0,67266000.0,0.0,-271311000.0,0.0,-87520000.0,-358831000.0,-31731000.0,-11007000.0,457828000.0,0.0,328171000.0,328171000.0,328171000.0,0.0,0.0,0.407,184591000.0,436730000.0,14410000.0,0.267,6.754,37.262,37.638,201080000.0,0.0,39.52,15.147,15.737,79142000.0,997593000.0,807281000.0,807281000.0,104620000.0,0.155,0.176,0.265,0.573,35746000.0,79971000.0,1.0,309417329.0,321456000,321456000.0,2.511,2087703000.0,44912000.0,134042000.0,146469000.0,6.495,1629481000.0
13,LLTC,MRY,2003-12-31,2003-06-29,2003-06-29,2019-04-29,6950000.0,2056879000.0,1993196500.0,1776000000.0,280879000.0,0.304,5.647,-6609000.0,136276000.0,136276000.0,155066000.0,236591000.0,10.961,0.133,0.0,0.0,0.0,0.0,44678000.0,45903000.0,0.0,0.007,0.21,333226000.0,379129000.0,0.625,379129000.0,333226000.0,333226000.0,0.76,0.74,0.76,1814929000.0,1775451000.0,1814929000.0,9919275770.0,30.0,26.163,277624000.0,0.864,1.0,451507000.0,0.744,0.0,0.0,1758574000.0,1672456250.0,32094000.0,1457291000.0,1457291000.0,0.0,241950000.0,162029000.0,79921000.0,10068869770.0,-75430000.0,0.0,-230005000.0,0.0,-65804000.0,-247387000.0,-112276000.0,-105667000.0,284233000.0,0.0,236591000.0,236591000.0,236591000.0,0.0,0.0,0.39,156996000.0,294511000.0,7480000.0,0.276,5.548,42.558,42.329,223444000.0,0.0,32.17,16.6,17.044,80094000.0,1067582000.0,606573000.0,606573000.0,91410000.0,0.119,0.133,0.199,0.549,37321000.0,65586000.0,1.0,312989424.0,321375000,321375000.0,1.887,2056879000.0,51181000.0,96635000.0,133200000.0,6.4,1613971000.0
14,LLTC,MRY,2002-12-31,2002-06-30,2002-06-30,2019-04-29,0.0,1988433000.0,1966998750.0,1727581000.0,260852000.0,0.26,5.616,-17887000.0,211706000.0,211706000.0,144719000.0,197629000.0,10.223,0.116,0.0,0.0,0.0,0.0,46168000.0,46261000.0,0.0,0.005,0.17,278350000.0,324611000.0,0.634,324611000.0,278350000.0,278350000.0,0.62,0.6,0.62,1781454000.0,1763081000.0,1781454000.0,9771867860.0,35.0,30.103,239251000.0,0.754,1.0,367563000.0,0.718,0.0,0.0,1607730000.0,1617594500.0,28942000.0,1340324000.0,1340324000.0,0.0,206979000.0,168997000.0,37982000.0,9975933860.0,-109400000.0,0.0,-182218000.0,0.0,-54005000.0,-236223000.0,-130315000.0,-112428000.0,257138000.0,0.0,197629000.0,197629000.0,197629000.0,0.0,0.0,0.386,142464000.0,225099000.0,5098000.0,0.274,5.6,50.478,50.694,260852000.0,0.0,31.43,19.474,19.462,81447000.0,1108538000.0,512282000.0,512282000.0,79839000.0,0.1,0.112,0.172,0.543,38091000.0,62625000.0,1.0,317401650.0,317215000,328538000.0,1.615,1988433000.0,43754000.0,80721000.0,101336000.0,6.268,1558584000.0
15,LLTC,MRY,2001-12-31,2001-07-01,2001-07-01,2019-04-29,0.0,2017074000.0,1842671250.0,1727848000.0,289226000.0,0.528,5.623,-127861000.0,321106000.0,321106000.0,231122000.0,427456000.0,8.544,0.132,0.0,0.0,0.0,0.0,44481000.0,35788000.0,0.0,0.003,0.13,610651000.0,646439000.0,0.665,646439000.0,610651000.0,610651000.0,1.35,1.29,1.35,1781957000.0,1611840250.0,1781957000.0,13713696380.0,22.0,21.214,431703000.0,1.362,1.0,741503000.0,0.762,0.0,0.0,1493744000.0,1338827250.0,25592000.0,1227896000.0,1227896000.0,0.0,235117000.0,202224000.0,32893000.0,14052187380.0,90651000.0,0.0,-17095000.0,0.0,-41164000.0,-58259000.0,-410654000.0,-282793000.0,559564000.0,0.0,427456000.0,427456000.0,427456000.0,0.0,0.0,0.439,195218000.0,546285000.0,10615000.0,0.096,7.886,32.874,32.756,289226000.0,0.0,44.22,14.448,14.409,89836000.0,1173755000.0,972625000.0,972625000.0,102487000.0,0.232,0.265,0.456,0.628,90563000.0,92731000.0,1.0,317779000.0,316924000,332527000.0,3.069,2017074000.0,43482000.0,183195000.0,84228000.0,6.365,1525624000.0
16,LLTC,MRY,2000-12-31,2000-07-02,2000-07-02,2019-04-29,0.0,1507256000.0,1302790500.0,1310103000.0,197153000.0,0.542,4.252,-80309000.0,230455000.0,230455000.0,178949000.0,287906000.0,7.767,0.14,0.0,0.0,0.0,0.0,34488000.0,24958000.0,0.0,0.001,0.09,417254000.0,442212000.0,0.626,442212000.0,417254000.0,417254000.0,0.93,0.88,0.93,1322197000.0,1141350000.0,1322197000.0,19863928660.0,48.0,44.919,362018000.0,1.164,1.0,526968000.0,0.747,0.0,0.0,1108124000.0,984555500.0,21912000.0,945103000.0,945103000.0,0.0,185059000.0,168677000.0,16382000.0,20018910660.0,76235000.0,0.0,54783000.0,0.0,-27950000.0,26833000.0,-392925000.0,-312616000.0,442327000.0,0.0,287906000.0,287906000.0,287906000.0,0.0,0.0,0.408,152572000.0,374396000.0,16829000.0,0.097,15.141,69.533,68.753,197153000.0,0.0,63.94,28.359,28.165,69326000.0,854723000.0,705917000.0,705917000.0,78299000.0,0.221,0.252,0.424,0.591,100664000.0,74273000.0,1.0,313089000.0,310953000,328002000.0,2.27,1507256000.0,32246000.0,129348000.0,48298000.0,4.847,1141426000.0
17,LLTC,MRY,1999-12-31,1999-06-27,1999-06-27,2019-04-29,0.0,1046914000.0,930579500.0,905112000.0,141802000.0,0.544,2.982,-39128000.0,154220000.0,154220000.0,139821000.0,194293000.0,7.225,0.155,0.0,0.0,0.0,0.0,35464000.0,21972000.0,0.0,0.002,0.073,285727000.0,307699000.0,0.607,307699000.0,285727000.0,285727000.0,0.64,0.61,0.64,906794000.0,797090000.0,906794000.0,9384978944.0,33.0,30.501,241303000.0,0.794,1.0,366848000.0,0.724,0.0,0.0,767419000.0,697523000.0,15524000.0,632487000.0,632487000.0,0.0,140120000.0,125275000.0,14845000.0,9488889944.0,25487000.0,0.0,-70404000.0,0.0,-22085000.0,-92489000.0,-162455000.0,-123327000.0,280431000.0,0.0,194293000.0,194293000.0,194293000.0,0.0,0.0,0.383,108922000.0,257926000.0,7873000.0,0.114,10.464,48.838,48.438,141802000.0,0.0,31.0,18.728,18.602,62188000.0,594767000.0,506669000.0,506669000.0,54662000.0,0.209,0.244,0.41,0.564,49077000.0,54260000.0,1.0,306093224.0,304040000,317888000.0,1.666,1046914000.0,28116000.0,91434000.0,42249000.0,3.443,779837000.0
18,LLTC,MRY,1998-12-31,1998-06-28,1998-06-28,2019-04-29,0.0,892822000.0,786227500.0,768176000.0,124646000.0,0.617,2.476,-24421000.0,128733000.0,128733000.0,137779000.0,180902000.0,6.244,0.181,0.0,0.0,0.0,0.0,33377000.0,20122000.0,0.0,0.004,0.06,271257000.0,291379000.0,0.601,291379000.0,271257000.0,271257000.0,0.59,0.58,0.59,755913000.0,672482000.0,755913000.0,4542313060.0,17.0,15.589,242619000.0,0.795,1.0,347020000.0,0.716,0.0,0.0,641063000.0,590798000.0,16120000.0,509160000.0,509160000.0,0.0,136909000.0,123026000.0,13883000.0,4659683060.0,78619000.0,0.0,-29849000.0,0.0,-18316000.0,-48165000.0,-140256000.0,-115835000.0,267040000.0,0.0,180902000.0,180902000.0,180902000.0,0.0,0.0,0.373,99473000.0,247547000.0,8241000.0,0.102,6.164,25.758,25.691,124646000.0,0.0,15.158,9.612,9.544,68539000.0,525258000.0,484799000.0,484799000.0,46198000.0,0.23,0.269,0.459,0.56,34125000.0,53275000.0,1.0,307417652.0,305272000,319878000.0,1.588,892822000.0,35817000.0,90355000.0,46632000.0,2.925,645150000.0
19,LLTC,MRY,1997-12-31,1997-06-29,1997-06-29,2019-04-29,0.0,679633000.0,,559286000.0,120347000.0,,1.964,-21850000.0,50114000.0,50114000.0,109748000.0,134371000.0,6.285,0.154,0.0,0.0,0.0,0.0,29986000.0,12425000.0,0.0,0.004,0.05,204522000.0,216947000.0,0.572,216947000.0,204522000.0,204522000.0,0.45,0.43,0.45,589051000.0,,589051000.0,,,,129046000.0,0.43,1.0,269503000.0,0.711,0.0,0.0,540533000.0,,12185000.0,393325000.0,393325000.0,0.0,90582000.0,88986000.0,1596000.0,,-4279000.0,0.0,6883000.0,0.0,-14962000.0,-8079000.0,-147096000.0,-125246000.0,150896000.0,0.0,134371000.0,134371000.0,134371000.0,0.0,0.0,0.354,81071000.0,188432000.0,7872000.0,0.111,,,27.917,120347000.0,0.0,12.563,,9.936,64836000.0,416648000.0,379251000.0,379251000.0,35401000.0,,,,0.539,22272000.0,45670000.0,1.0,,299952000,314180000.0,1.264,679633000.0,30698000.0,70151000.0,17720000.0,2.266,470300000.0
20,LLTC,MRY,1996-12-31,1996-06-28,1996-06-28,2019-04-29,,,,,,,,-70383000.0,,,106832000.0,133964000.0,,,,,,,,10263000.0,,0.006,0.04,203902000.0,214165000.0,0.567,214165000.0,203902000.0,203902000.0,0.453,0.43,0.453,,,,,,,94246000.0,0.318,1.0,270939000.0,0.717,,0.0,,,,,,,,,,,6247000.0,0.0,-10135000.0,0.0,-11861000.0,-21996000.0,-136386000.0,-66003000.0,164629000.0,0.0,133964000.0,133964000.0,133964000.0,0.0,0.0,0.355,80185000.0,190754000.0,,0.088,,,16.004,,0.0,7.25,,5.695,,,377771000.0,377771000.0,31058000.0,,,,0.54,19989000.0,49127000.0,,,296760000,311552000.0,1.273,,,69938000.0,,,
0,LLTC,MRQ,2016-12-31,2017-01-01,2017-01-01,2019-04-29,-198000.0,2191481000.0,,1902047000.0,289434000.0,,7.639,-12104000.0,330006000.0,330006000.0,90990000.0,123986000.0,9.528,0.167,0.0,0.0,0.0,0.0,49489000.0,13076000.0,0.0,0.021,0.32,162606000.0,175682000.0,0.467,175682000.0,162606000.0,162606000.0,0.5,0.5,0.5,1877812000.0,,1877812000.0,14769177571.0,23.0,21.0,167356000.0,0.681,1.0,284827000.0,0.758,8285000.0,0.0,1653573000.0,,98548000.0,1279819000.0,1279819000.0,0.0,313669000.0,199617000.0,114052000.0,14986312571.0,112871000.0,0.0,-1837000.0,0.0,-78707000.0,-77413000.0,10824000.0,22928000.0,179460000.0,0.0,123986000.0,123986000.0,123986000.0,0.0,0.0,0.33,124582000.0,160245000.0,17197000.0,0.64,7.981,29.98,30.564,281149000.0,0.0,62.35,10.094,10.323,145135000.0,-314459000.0,375817000.0,375817000.0,77030000.0,,,,,19927000.0,47552000.0,1.0,240357860.0,245804000,246280000.0,1.529,2183196000.0,0.0,38620000.0,74618000.0,8.882,1702430000.0
1,LLTC,MRQ,2016-09-30,2016-10-02,2016-10-02,2019-04-29,620000.0,2125396000.0,,1834990000.0,290406000.0,,7.374,-8332000.0,217135000.0,217135000.0,91826000.0,115122000.0,8.982,0.175,0.0,0.0,0.0,0.0,48759000.0,13176000.0,0.0,0.021,0.32,151474000.0,164650000.0,0.44,164650000.0,151474000.0,151474000.0,0.47,0.47,0.47,1808601000.0,,1808601000.0,13949390735.0,22.0,20.177,159445000.0,0.65,1.0,282069000.0,0.754,8835000.0,0.0,1695120000.0,,98073000.0,1304011000.0,1304011000.0,0.0,316795000.0,204306000.0,112489000.0,14213072735.0,-46547000.0,0.0,-10800000.0,0.0,-78608000.0,-85625000.0,-128699000.0,-120367000.0,167777000.0,0.0,115122000.0,115122000.0,115122000.0,0.0,0.0,0.308,132768000.0,149301000.0,17019000.0,0.681,7.859,28.574,29.064,281571000.0,0.0,59.29,9.762,9.988,162434000.0,-351883000.0,373895000.0,373895000.0,76359000.0,,,,,16761000.0,56409000.0,1.0,239721247.0,245271000,245709000.0,1.524,2116561000.0,0.0,36352000.0,104617000.0,8.629,1630684000.0
2,LLTC,MRQ,2016-06-30,2016-07-03,2016-07-03,2019-04-29,1235000.0,2049981000.0,,1754730000.0,295251000.0,,7.187,-13027000.0,263682000.0,263682000.0,88252000.0,132375000.0,9.75,0.165,0.0,0.0,0.0,0.0,48701000.0,12770000.0,0.0,0.027,0.32,173496000.0,186266000.0,0.498,186266000.0,173496000.0,173496000.0,0.54,0.54,0.54,1759175000.0,,1759175000.0,10801648527.0,17.0,15.635,161887000.0,0.661,1.0,285514000.0,0.764,9385000.0,0.0,1596948000.0,,97251000.0,1184593000.0,1184593000.0,0.0,290806000.0,179966000.0,110840000.0,11051118527.0,14212000.0,0.0,-2349000.0,0.0,-78367000.0,-77474000.0,-83228000.0,-70201000.0,174914000.0,0.0,132375000.0,132375000.0,132375000.0,0.0,0.0,0.354,113813000.0,171701000.0,17465000.0,0.593,6.282,22.355,22.881,285866000.0,0.0,46.22,7.761,7.942,157460000.0,-379210000.0,373766000.0,373766000.0,70331000.0,,,,,17182000.0,43482000.0,1.0,239098194.0,244761000,245303000.0,1.527,2040596000.0,0.0,41121000.0,71730000.0,8.337,1574764000.0
3,LLTC,MRQ,2016-03-31,2016-04-03,2016-04-03,2019-04-29,706000.0,2004880000.0,,1709886000.0,294994000.0,,6.884,-13194000.0,249470000.0,249470000.0,85960000.0,128392000.0,9.798,0.191,0.0,0.0,0.0,0.0,48410000.0,12612000.0,0.0,0.027,0.32,164071000.0,176683000.0,0.489,176683000.0,164071000.0,164071000.0,0.53,0.52,0.53,1683323000.0,,1683323000.0,10592453385.0,16.0,15.222,164207000.0,0.672,1.0,275165000.0,0.762,9935000.0,0.0,1570966000.0,,94213000.0,1113577000.0,1113577000.0,0.0,321557000.0,174509000.0,147048000.0,10770563385.0,71360000.0,0.0,-32578000.0,0.0,-78181000.0,-110684000.0,4643000.0,17837000.0,177401000.0,0.0,128392000.0,128392000.0,128392000.0,0.0,0.0,0.356,112687000.0,162478000.0,22216000.0,0.604,6.398,21.773,22.167,285059000.0,0.0,45.0,7.534,7.697,152891000.0,-426697000.0,361125000.0,361125000.0,69645000.0,,,,,19785000.0,43042000.0,1.0,239345853.0,244524000,244764000.0,1.477,1994945000.0,38908000.0,35679000.0,120291000.0,8.158,1535377000.0
4,LLTC,MRQ,2015-12-31,2016-01-03,2016-01-03,2019-04-29,-474000.0,1946696000.0,,1652284000.0,294412000.0,,6.724,-10952000.0,178110000.0,178110000.0,84384000.0,121532000.0,9.875,0.184,0.0,0.0,0.0,0.0,48087000.0,12779000.0,0.0,0.028,0.3,150978000.0,163757000.0,0.472,163757000.0,150978000.0,150978000.0,0.5,0.5,0.5,1644575000.0,,1644575000.0,9939022656.0,15.0,14.054,146048000.0,0.597,1.0,262744000.0,0.757,10485000.0,0.0,1590784000.0,,94079000.0,1129594000.0,1129594000.0,0.0,302121000.0,167317000.0,134804000.0,10156490656.0,-39358000.0,0.0,-10622000.0,0.0,-73498000.0,-81067000.0,-115291000.0,-104339000.0,157000000.0,0.0,121532000.0,121532000.0,121532000.0,0.0,0.0,0.35,113287000.0,149457000.0,13867000.0,0.6,6.176,20.253,20.717,283927000.0,0.0,42.47,7.05,7.211,145046000.0,-451239000.0,347128000.0,347128000.0,69884000.0,,,,,17203000.0,43403000.0,1.0,239145059.0,244591000,244880000.0,1.419,1936211000.0,49851000.0,29446000.0,93131000.0,7.916,1484967000.0
5,LLTC,MRQ,2015-09-30,2015-09-27,2015-09-27,2019-04-29,999000.0,1896965000.0,,1600726000.0,296239000.0,,6.474,-10160000.0,217468000.0,217468000.0,85205000.0,112047000.0,8.639,0.197,0.0,0.0,0.0,0.0,47228000.0,13248000.0,0.0,0.03,0.3,150904000.0,164152000.0,0.48,164152000.0,150904000.0,150904000.0,0.46,0.46,0.46,1585327000.0,,1585327000.0,9159667312.0,14.0,12.802,165582000.0,0.676,1.0,256712000.0,0.751,11035000.0,0.0,1483166000.0,,96138000.0,1027525000.0,1027525000.0,0.0,311638000.0,185296000.0,126342000.0,9355346312.0,21789000.0,0.0,-52304000.0,0.0,-73312000.0,-123989000.0,-29964000.0,-19804000.0,175742000.0,0.0,112047000.0,112047000.0,112047000.0,0.0,0.0,0.328,106795000.0,149917000.0,13920000.0,0.652,5.901,18.579,18.942,285204000.0,0.0,39.02,6.47,6.608,153672000.0,-481067000.0,341917000.0,341917000.0,66602000.0,,,,,17275000.0,40193000.0,1.0,239757722.0,244863000,245234000.0,1.396,1885930000.0,48336000.0,38857000.0,127028000.0,7.702,1415430000.0
6,LLTC,MRQ,2015-06-30,2015-06-28,2015-06-28,2019-04-29,561000.0,1884079000.0,,1584752000.0,299327000.0,,6.438,-8396000.0,195679000.0,195679000.0,90847000.0,132715000.0,8.664,0.194,0.0,0.0,0.0,0.0,46860000.0,13737000.0,0.0,0.025,0.3,177546000.0,191283000.0,0.504,191283000.0,177546000.0,177546000.0,0.54,0.54,0.54,1577927000.0,,1577927000.0,10658570390.0,16.0,14.413,152969000.0,0.624,1.0,288636000.0,0.761,11585000.0,0.0,1493897000.0,,99861000.0,1007043000.0,1007043000.0,0.0,306152000.0,182918000.0,123234000.0,10864637390.0,-10388000.0,0.0,-17944000.0,0.0,-73437000.0,-85164000.0,-86589000.0,-78193000.0,161365000.0,0.0,132715000.0,132715000.0,132715000.0,0.0,0.0,0.35,112065000.0,176571000.0,17608000.0,0.556,6.885,20.855,21.3,287742000.0,0.0,45.37,7.365,7.517,179264000.0,-475124000.0,379483000.0,379483000.0,68960000.0,,,,,12967000.0,43105000.0,1.0,239467432.0,245089000,245521000.0,1.548,1872494000.0,48493000.0,44831000.0,91434000.0,7.64,1401834000.0
7,LLTC,MRQ,2015-03-31,2015-03-29,2015-03-29,2019-04-29,799000.0,1796686000.0,,1492018000.0,304668000.0,,6.187,-11046000.0,206067000.0,206067000.0,89147000.0,135187000.0,9.018,0.189,0.0,0.0,0.0,0.0,47560000.0,13592000.0,0.0,0.024,0.3,174434000.0,188026000.0,0.505,188026000.0,174434000.0,174434000.0,0.55,0.55,0.55,1511430000.0,,1511430000.0,11029302231.0,16.0,15.044,142175000.0,0.582,1.0,282874000.0,0.76,12135000.0,0.0,1413036000.0,,102640000.0,929217000.0,929217000.0,0.0,285256000.0,165448000.0,119808000.0,11165591231.0,69778000.0,0.0,-12204000.0,0.0,-73406000.0,-81387000.0,-2056000.0,8990000.0,153221000.0,0.0,135187000.0,135187000.0,135187000.0,0.0,0.0,0.363,109321000.0,173553000.0,19408000.0,0.545,7.387,21.556,22.019,292533000.0,0.0,46.68,7.642,7.805,159964000.0,-508023000.0,372021000.0,372021000.0,67100000.0,,,,,13858000.0,42221000.0,1.0,239194328.0,244286000,245084000.0,1.523,1784551000.0,44185000.0,39247000.0,100028000.0,7.305,1326570000.0
8,LLTC,MRQ,2014-12-31,2014-12-28,2014-12-28,2019-04-29,-258000.0,1728548000.0,,1421334000.0,307214000.0,,5.895,-16201000.0,136289000.0,136289000.0,86726000.0,123602000.0,8.371,0.202,0.0,0.0,0.0,0.0,47083000.0,13555000.0,0.0,0.023,0.27,158464000.0,172019000.0,0.488,172019000.0,158464000.0,158464000.0,0.51,0.51,0.51,1438492000.0,,1438492000.0,10943281292.0,16.0,15.216,131756000.0,0.54,1.0,265849000.0,0.754,12685000.0,0.0,1409784000.0,,100141000.0,936577000.0,936577000.0,0.0,290056000.0,169790000.0,120266000.0,11089337292.0,-9767000.0,0.0,-22617000.0,0.0,-65822000.0,-85891000.0,-71833000.0,-55632000.0,147957000.0,0.0,123602000.0,123602000.0,123602000.0,0.0,0.0,0.351,107638000.0,158211000.0,20017000.0,0.529,7.709,22.161,22.568,294529000.0,0.0,46.49,7.717,7.895,148584000.0,-550813000.0,352575000.0,352575000.0,65101000.0,,,,,15371000.0,42537000.0,1.0,238531669.0,244033000,244591000.0,1.445,1715863000.0,47492000.0,34862000.0,76991000.0,7.031,1251544000.0
9,LLTC,MRQ,2014-09-30,2014-09-28,2014-09-28,2019-04-29,158000.0,1692263000.0,,1387695000.0,304568000.0,,5.666,-26917000.0,146056000.0,146056000.0,89007000.0,129459000.0,6.968,0.223,0.0,0.0,0.0,0.0,46705000.0,13214000.0,0.0,0.024,0.27,174945000.0,188159000.0,0.507,188159000.0,174945000.0,174945000.0,0.53,0.53,0.53,1383278000.0,,1383278000.0,10439735481.0,16.0,14.663,109459000.0,0.448,1.0,282053000.0,0.76,13235000.0,0.0,1333824000.0,,97642000.0,881587000.0,881587000.0,0.0,308985000.0,199148000.0,109837000.0,10597058481.0,-11267000.0,0.0,-30763000.0,0.0,-65739000.0,-94300000.0,-53343000.0,-26426000.0,136376000.0,0.0,129459000.0,129459000.0,129459000.0,0.0,0.0,0.349,107689000.0,174364000.0,27037000.0,0.509,7.661,22.006,22.327,291333000.0,0.0,44.43,7.468,7.644,175494000.0,-581086000.0,371060000.0,371060000.0,65600000.0,,,,,14745000.0,42089000.0,1.0,238511332.0,244145000,244801000.0,1.52,1679028000.0,46446000.0,45486000.0,113487000.0,6.877,1188547000.0
10,LLTC,MRQ,2014-06-30,2014-06-29,2014-06-29,2019-04-29,355000.0,1655578000.0,,1364713000.0,290865000.0,,5.474,-21033000.0,157323000.0,157323000.0,87579000.0,129735000.0,6.344,0.244,0.0,0.0,0.0,0.0,45619000.0,12851000.0,0.0,0.023,0.27,172097000.0,184948000.0,0.506,184948000.0,172097000.0,167941000.0,0.53,0.53,0.53,1331369000.0,,1331369000.0,11079202895.0,17.0,15.971,182709000.0,0.751,1.0,277849000.0,0.76,13785000.0,4156000.0,1269355000.0,,91310000.0,855464000.0,855464000.0,0.0,324209000.0,215115000.0,109094000.0,11042369895.0,-649046000.0,0.0,-26292000.0,-845087000.0,-66095000.0,-933373000.0,80585000.0,101618000.0,203742000.0,0.0,129735000.0,129735000.0,129735000.0,0.0,0.0,0.355,106204000.0,171645000.0,28221000.0,0.509,8.294,24.007,24.44,277080000.0,0.0,46.68,7.953,8.086,173340000.0,-616992000.0,365428000.0,365428000.0,64785000.0,,,,,12368000.0,41419000.0,1.0,236554625.0,243216000,245032000.0,1.502,1641793000.0,46294000.0,38206000.0,109730000.0,6.75,1149598000.0
11,LLTC,MRQ,2014-03-31,2014-03-30,2014-03-30,2019-04-29,-112000.0,2356409000.0,,2073726000.0,282683000.0,,5.084,-8739000.0,806369000.0,806369000.0,84479000.0,117607000.0,2.017,0.926,843202000.0,843202000.0,0.0,843202000.0,43194000.0,12777000.0,0.0,0.022,0.27,161286000.0,174063000.0,0.5,174063000.0,161286000.0,148870000.0,0.49,0.48,0.49,1223671000.0,,1223671000.0,11713287046.0,19.0,17.491,93004000.0,0.386,1.0,263527000.0,0.757,14335000.0,12416000.0,1350663000.0,,87675000.0,956359000.0,956359000.0,0.0,1132738000.0,1028244000.0,104494000.0,11288811046.0,393246000.0,0.0,12334000.0,0.0,-65128000.0,-47686000.0,339189000.0,347928000.0,101743000.0,0.0,117607000.0,117607000.0,117607000.0,0.0,0.0,0.338,102822000.0,160705000.0,18353000.0,0.551,9.225,26.121,26.436,268348000.0,0.0,47.85,8.361,8.529,182032000.0,-650833000.0,348006000.0,348006000.0,62129000.0,,,,,10704000.0,40693000.0,1.0,235920816.0,240669000,243992000.0,1.446,2342074000.0,0.0,31263000.0,105423000.0,9.732,1045482000.0
12,LLTC,MRQ,2013-12-31,2013-12-29,2013-12-29,2019-04-29,8000.0,2271498000.0,,1984777000.0,286721000.0,,4.758,-4009000.0,413123000.0,413123000.0,82521000.0,104751000.0,1.927,0.996,837599000.0,837599000.0,0.0,837599000.0,42452000.0,12792000.0,0.0,0.017,0.26,152005000.0,164797000.0,0.493,164797000.0,152005000.0,139668000.0,0.44,0.44,0.44,1138058000.0,,1138058000.0,11183412099.0,19.0,17.238,164735000.0,0.689,1.0,252074000.0,0.753,14885000.0,12337000.0,1651225000.0,,87795000.0,1304467000.0,1304467000.0,0.0,1133440000.0,1029864000.0,103576000.0,10626303099.0,138157000.0,0.0,25679000.0,0.0,-62023000.0,-36044000.0,5457000.0,9466000.0,168744000.0,0.0,104751000.0,104751000.0,104751000.0,0.0,0.0,0.313,100860000.0,151214000.0,13533000.0,0.591,9.337,24.972,25.352,271836000.0,0.0,45.38,8.07,8.244,138526000.0,-687789000.0,334595000.0,334595000.0,62008000.0,,,,,16691000.0,38852000.0,1.0,234162695.0,239206000,240670000.0,1.399,2256613000.0,0.0,34917000.0,96749000.0,9.434,954913000.0
13,LLTC,MRQ,2013-09-30,2013-09-29,2013-09-29,2019-04-29,53000.0,2189903000.0,,1894399000.0,295504000.0,,4.419,-3888000.0,274966000.0,274966000.0,84001000.0,107868000.0,1.814,1.081,832075000.0,832075000.0,0.0,832075000.0,42245000.0,12835000.0,0.0,0.026,0.26,157048000.0,169883000.0,0.499,169883000.0,157048000.0,144789000.0,0.45,0.45,0.45,1052405000.0,,1052405000.0,9934546540.0,17.0,15.718,118310000.0,0.497,1.0,256356000.0,0.753,15435000.0,12259000.0,1687039000.0,,86996000.0,1314481000.0,1314481000.0,0.0,1137498000.0,1044538000.0,92960000.0,9234567540.0,148316000.0,0.0,6984000.0,0.0,-62059000.0,-53546000.0,79664000.0,83552000.0,122198000.0,0.0,107868000.0,107868000.0,107868000.0,0.0,0.0,0.317,100190000.0,156166000.0,13238000.0,0.578,8.775,22.545,22.89,280069000.0,0.0,39.6,7.173,7.325,182186000.0,-720672000.0,340357000.0,340357000.0,61512000.0,,,,,14327000.0,38678000.0,1.0,233196150.0,238146000,239328000.0,1.429,2174468000.0,0.0,36921000.0,125346000.0,9.131,849861000.0
14,LLTC,MRQ,2013-06-30,2013-06-30,2013-06-30,2019-04-29,-266000.0,2098341000.0,,1793890000.0,304451000.0,,4.128,-5438000.0,126650000.0,126650000.0,81314000.0,101941000.0,1.749,1.137,826629000.0,826629000.0,0.0,826629000.0,44088000.0,12837000.0,0.0,0.028,0.26,148103000.0,160940000.0,0.492,160940000.0,148103000.0,135921000.0,0.43,0.43,0.43,981908000.0,,981908000.0,9220160075.0,16.0,14.575,158482000.0,0.666,1.0,245951000.0,0.752,15985000.0,12182000.0,1756455000.0,,87229000.0,1398091000.0,1398091000.0,0.0,1116433000.0,1025880000.0,90553000.0,8593096075.0,-67545000.0,0.0,-26055000.0,0.0,-61898000.0,-87953000.0,-143512000.0,-138074000.0,163920000.0,0.0,101941000.0,101941000.0,101941000.0,0.0,0.0,0.311,98868000.0,147083000.0,10258000.0,0.605,8.751,21.117,21.419,288466000.0,0.0,36.84,6.702,6.801,145274000.0,-754555000.0,327265000.0,327265000.0,60560000.0,,,,,18107000.0,38308000.0,1.0,233254508.0,237843000,238848000.0,1.376,2082356000.0,0.0,33980000.0,96339000.0,8.755,768010000.0
15,LLTC,MRQ,2013-03-31,2013-03-31,2013-03-31,2019-04-29,-131000.0,2073731000.0,,1759826000.0,313905000.0,,4.005,-4169000.0,194195000.0,194195000.0,79259000.0,110968000.0,12.899,1.182,821259000.0,0.0,821259000.0,821259000.0,41797000.0,13866000.0,0.0,0.026,0.0,139290000.0,153156000.0,0.487,153156000.0,139290000.0,127184000.0,0.47,0.46,0.47,950469000.0,,950469000.0,9631976441.0,17.0,15.089,122847000.0,0.518,1.0,235283000.0,0.748,16535000.0,12106000.0,2547824000.0,,86559000.0,1260313000.0,1260313000.0,0.0,1123262000.0,136436000.0,986826000.0,8923532441.0,86674000.0,0.0,32297000.0,0.0,0.0,32297000.0,-72639000.0,-68470000.0,127016000.0,0.0,110968000.0,110968000.0,110968000.0,0.0,0.0,0.353,96997000.0,138286000.0,12069000.0,0.0,9.389,21.855,22.052,295315000.0,0.0,38.37,6.944,7.086,143047000.0,-762997000.0,314542000.0,314542000.0,58517000.0,,,,,15235000.0,38480000.0,1.0,232565349.0,237296000,238641000.0,1.326,2057196000.0,43416000.0,16216000.0,130473000.0,8.669,1623390000.0
16,LLTC,MRQ,2012-12-31,2012-12-30,2012-12-30,2019-04-29,407000.0,1923154000.0,,1599076000.0,324078000.0,,3.36,-4652000.0,107521000.0,107521000.0,78185000.0,88834000.0,9.814,1.427,815965000.0,0.0,815965000.0,815965000.0,42291000.0,14317000.0,0.0,0.037,0.51,133745000.0,148062000.0,0.485,148062000.0,133745000.0,121691000.0,0.38,0.38,0.38,792507000.0,,792507000.0,8436503751.0,14.0,13.173,95210000.0,0.404,1.0,227096000.0,0.744,17085000.0,12054000.0,2451580000.0,,85166000.0,1191881000.0,1191881000.0,0.0,1130647000.0,162933000.0,967714000.0,7821067751.0,-87789000.0,0.0,5017000.0,0.0,-120587000.0,-115570000.0,-72081000.0,-67429000.0,99862000.0,0.0,88834000.0,88834000.0,88834000.0,0.0,0.0,0.291,94394000.0,132702000.0,11857000.0,1.342,9.869,19.758,20.0,303520000.0,0.0,33.8,6.097,6.214,145174000.0,-849490000.0,305281000.0,305281000.0,57304000.0,,,,,15614000.0,37090000.0,1.0,231392537.0,235852000,236850000.0,1.294,1906069000.0,36840000.0,32857000.0,114321000.0,8.082,1436143000.0
17,LLTC,MRQ,2012-09-30,2012-09-30,2012-09-30,2019-04-29,472000.0,1958200000.0,,1623982000.0,334218000.0,,3.42,-3381000.0,195310000.0,195310000.0,83758000.0,105182000.0,8.105,1.436,810746000.0,0.0,810746000.0,810746000.0,42407000.0,14346000.0,0.0,0.031,0.25,156086000.0,170432000.0,0.509,170432000.0,156086000.0,144085000.0,0.45,0.45,0.45,803694000.0,,803694000.0,7919363140.0,14.0,12.419,169755000.0,0.722,1.0,251390000.0,0.75,17635000.0,12001000.0,2355622000.0,,81700000.0,1124651000.0,1124651000.0,0.0,1154506000.0,200379000.0,954127000.0,7327182140.0,-18108000.0,0.0,5632000.0,0.0,-58844000.0,-53212000.0,-138032000.0,-134651000.0,173136000.0,0.0,105182000.0,105182000.0,105182000.0,0.0,0.0,0.314,96307000.0,155083000.0,10929000.0,0.556,9.117,18.555,18.828,311221000.0,0.0,31.82,5.761,5.879,152423000.0,-809363000.0,335148000.0,335148000.0,58803000.0,,,,,14909000.0,37504000.0,1.0,230269709.0,234990000,236010000.0,1.426,1940565000.0,36269000.0,38903000.0,144336000.0,8.258,1423603000.0
18,LLTC,MRQ,2012-06-30,2012-07-01,2012-07-01,2019-04-29,165000.0,1851068000.0,,1505410000.0,345658000.0,,3.143,-3613000.0,213418000.0,213418000.0,81263000.0,103326000.0,8.825,1.513,805599000.0,0.0,805599000.0,805599000.0,41333000.0,14172000.0,0.0,0.031,0.25,152533000.0,166705000.0,0.505,166705000.0,152533000.0,140579000.0,0.44,0.44,0.44,736508000.0,,736508000.0,7853318728.0,13.0,12.283,153761000.0,0.656,1.0,248748000.0,0.754,18185000.0,11954000.0,2254483000.0,,79664000.0,989641000.0,989641000.0,0.0,1114560000.0,170581000.0,943979000.0,7212389728.0,53821000.0,0.0,-3717000.0,0.0,-58696000.0,-62413000.0,-41140000.0,-37527000.0,157374000.0,0.0,103326000.0,103326000.0,103326000.0,0.0,0.0,0.313,97282000.0,151466000.0,11459000.0,0.568,9.793,18.117,18.322,320222000.0,0.0,31.33,5.694,5.764,153090000.0,-851702000.0,330011000.0,330011000.0,59479000.0,,,,,18469000.0,37803000.0,1.0,230207141.0,234348000,235531000.0,1.408,1832883000.0,36845000.0,37253000.0,111363000.0,7.821,1334829000.0
19,LLTC,MRQ,2012-03-31,2012-04-01,2012-04-01,2019-04-29,580000.0,1799345000.0,,1404455000.0,394890000.0,,2.915,-5265000.0,159597000.0,159597000.0,77662000.0,98499000.0,9.178,1.646,800526000.0,0.0,800526000.0,800526000.0,42099000.0,14171000.0,0.0,0.029,0.25,141085000.0,155256000.0,0.497,155256000.0,141085000.0,129181000.0,0.42,0.42,0.42,680116000.0,,680116000.0,8346703738.0,14.0,12.411,110515000.0,0.474,1.0,234695000.0,0.751,18735000.0,11904000.0,2268521000.0,,79856000.0,952248000.0,952248000.0,0.0,1119229000.0,153018000.0,966211000.0,7716736738.0,-5960000.0,0.0,22408000.0,0.0,-58477000.0,-36069000.0,-85671000.0,-80406000.0,115780000.0,0.0,98499000.0,98499000.0,98499000.0,0.0,0.0,0.315,94762000.0,139933000.0,10349000.0,0.595,11.346,17.034,17.194,328817000.0,0.0,33.7,5.958,6.072,145096000.0,-867291000.0,312357000.0,312357000.0,57580000.0,,,,,12606000.0,37182000.0,1.0,228983286.0,233346000,234822000.0,1.339,1780610000.0,38051000.0,30682000.0,140288000.0,7.631,1251437000.0
20,LLTC,MRQ,2011-12-31,2012-01-01,2012-01-01,2019-04-29,255000.0,1725854000.0,,1320352000.0,405502000.0,,2.604,-7479000.0,165557000.0,165557000.0,73821000.0,87885000.0,8.091,1.854,795524000.0,0.0,795524000.0,795524000.0,41797000.0,14251000.0,0.0,0.032,0.24,131022000.0,145273000.0,0.494,145273000.0,131022000.0,119166000.0,0.38,0.38,0.38,604755000.0,,604755000.0,7467007415.0,11.0,10.48,134726000.0,0.58,1.0,220512000.0,0.749,28566000.0,11856000.0,2164066000.0,,78689000.0,871946000.0,871946000.0,0.0,1121099000.0,163189000.0,957910000.0,6839828415.0,2143000.0,-23365000.0,14482000.0,0.0,-55814000.0,-41332000.0,-98730000.0,-67886000.0,142205000.0,0.0,87885000.0,87885000.0,87885000.0,0.0,0.0,0.299,90636000.0,129876000.0,11227000.0,0.632,11.31,13.788,13.967,335759000.0,0.0,30.03,5.12,5.219,139279000.0,-903665000.0,294333000.0,294333000.0,52519000.0,,,,,15258000.0,34922000.0,1.0,227766514.0,232209000,233565000.0,1.268,1697288000.0,36949000.0,31281000.0,119781000.0,7.309,1157163000.0
21,LLTC,MRQ,2011-09-30,2011-10-02,2011-10-02,2019-04-29,511000.0,1659341000.0,,1268413000.0,390928000.0,,2.343,-19374000.0,163414000.0,163414000.0,79793000.0,108401000.0,7.505,2.055,790593000.0,0.0,790593000.0,790593000.0,42171000.0,13340000.0,0.0,0.034,0.24,158787000.0,172127000.0,0.522,172127000.0,158787000.0,146984000.0,0.47,0.47,0.47,543199000.0,,543199000.0,6816894011.0,9.0,8.714,130486000.0,0.563,1.0,250127000.0,0.758,0.0,11803000.0,2117514000.0,,74601000.0,804258000.0,804258000.0,0.0,1116142000.0,169006000.0,947136000.0,6301685011.0,-107109000.0,0.0,-29589000.0,0.0,-55496000.0,-85085000.0,-171884000.0,-152510000.0,149860000.0,0.0,108401000.0,108401000.0,108401000.0,0.0,0.0,0.329,92561000.0,157566000.0,8429000.0,0.511,11.601,11.417,11.569,340416000.0,0.0,27.65,4.421,4.498,161920000.0,-932530000.0,329920000.0,329920000.0,54889000.0,,,,,14892000.0,37672000.0,1.0,227909042.0,231863000,232985000.0,1.423,1659341000.0,36657000.0,38583000.0,138966000.0,7.157,1099407000.0
22,LLTC,MRQ,2011-06-30,2011-07-03,2011-07-03,2019-04-29,1130000.0,1594066000.0,,1246290000.0,347776000.0,,2.181,-20125000.0,270523000.0,270523000.0,79011000.0,158232000.0,6.818,2.153,785732000.0,0.0,785732000.0,785732000.0,47587000.0,13257000.0,0.0,0.028,0.24,186603000.0,199860000.0,0.557,199860000.0,186603000.0,174842000.0,0.69,0.68,0.69,505611000.0,,505611000.0,8205938431.0,11.0,9.909,176510000.0,0.761,1.0,279546000.0,0.78,0.0,11761000.0,1926469000.0,,72195000.0,652014000.0,652014000.0,0.0,1088455000.0,182806000.0,905649000.0,7613151431.0,82371000.0,0.0,-9045000.0,0.0,-55780000.0,-64825000.0,-49439000.0,-29314000.0,196635000.0,0.0,158232000.0,158232000.0,158232000.0,0.0,0.0,0.441,96908000.0,182638000.0,11606000.0,0.348,15.057,13.108,13.266,332969000.0,0.0,33.43,5.13,5.199,169637000.0,-961617000.0,358557000.0,358557000.0,55950000.0,,,,,17889000.0,40958000.0,1.0,227734114.0,231859000,233771000.0,1.546,1594066000.0,38331000.0,16610000.0,78279000.0,6.875,1063484000.0
23,LLTC,MRQ,2011-03-31,2011-04-03,2011-04-03,2019-04-29,1101000.0,1513090000.0,,1127723000.0,385367000.0,,1.705,-24420000.0,188152000.0,188152000.0,79100000.0,141557000.0,7.245,2.838,780939000.0,0.0,780939000.0,780939000.0,38629000.0,12973000.0,0.0,0.028,0.24,182257000.0,195230000.0,0.553,195230000.0,182257000.0,170550000.0,0.61,0.61,0.61,394285000.0,,394285000.0,8159052976.0,10.0,9.878,107547000.0,0.465,1.0,274092000.0,0.776,0.0,11707000.0,1950221000.0,,70415000.0,622349000.0,622349000.0,0.0,1118805000.0,155656000.0,963149000.0,7586148976.0,-15156000.0,0.0,10768000.0,0.0,-55566000.0,-44798000.0,-102325000.0,-77905000.0,131967000.0,0.0,141557000.0,141557000.0,141557000.0,0.0,0.0,0.401,95056000.0,179036000.0,19679000.0,0.393,19.24,13.867,14.05,324687000.0,0.0,33.44,5.086,5.184,162422000.0,-1044355000.0,353192000.0,353192000.0,55363000.0,,,,,19079000.0,39693000.0,1.0,226858522.0,231225000,233277000.0,1.527,1513090000.0,38103000.0,28993000.0,107200000.0,6.544,972067000.0
24,LLTC,MRQ,2010-12-31,2011-01-02,2011-01-02,2019-04-29,1446000.0,1446186000.0,,1069958000.0,376228000.0,,1.211,-37075000.0,203308000.0,203308000.0,82603000.0,143743000.0,5.371,4.187,776212000.0,0.0,776212000.0,776212000.0,38471000.0,12405000.0,0.0,0.027,0.23,202661000.0,215066000.0,0.561,215066000.0,202661000.0,189136000.0,0.62,0.62,0.62,278793000.0,,278793000.0,8464246601.0,11.0,10.594,125683000.0,0.546,1.0,301018000.0,0.785,0.0,13525000.0,1819880000.0,,64382000.0,544844000.0,544844000.0,0.0,1167393000.0,199210000.0,968183000.0,7796746601.0,-295844000.0,0.0,20696000.0,-395830000.0,-53030000.0,-428164000.0,-30438000.0,6637000.0,162758000.0,0.0,143743000.0,143743000.0,143743000.0,0.0,0.0,0.375,99959000.0,201059000.0,40437000.0,0.371,27.966,15.405,15.652,311826000.0,0.0,34.59,5.378,5.495,180692000.0,-1126494000.0,383621000.0,383621000.0,59001000.0,,,,,19533000.0,40958000.0,1.0,225404643.0,230284000,232202000.0,1.666,1446186000.0,38570000.0,45393000.0,101433000.0,6.28,870748000.0
25,LLTC,MRQ,2010-09-30,2010-09-26,2010-09-26,2019-04-29,1889000.0,1741339000.0,,1388498000.0,352841000.0,,0.647,-38795000.0,499152000.0,499152000.0,83731000.0,137250000.0,2.24,10.742,1166652000.0,395099000.0,771553000.0,1166652000.0,31814000.0,11502000.0,0.0,0.029,0.23,206493000.0,217995000.0,0.561,217995000.0,206493000.0,189310000.0,0.6,0.59,0.6,148294000.0,,148294000.0,7913414721.0,12.0,11.081,140780000.0,0.614,1.0,304861000.0,0.785,0.0,17183000.0,1789020000.0,,58360000.0,552550000.0,552550000.0,0.0,1593045000.0,619819000.0,973226000.0,7049382721.0,203298000.0,0.0,6340000.0,0.0,-52826000.0,-46486000.0,70209000.0,109004000.0,179575000.0,0.0,137250000.0,137250000.0,137250000.0,0.0,0.0,0.353,100284000.0,204577000.0,27740000.0,0.383,47.537,16.098,16.358,285742000.0,0.0,31.407,5.331,5.447,205923000.0,-1214147000.0,388592000.0,388592000.0,56202000.0,,,,,17830000.0,44082000.0,1.0,224449024.0,229367000,231073000.0,1.694,1741339000.0,38004000.0,52060000.0,164374000.0,7.592,768679000.0
26,LLTC,MRQ,2010-06-30,2010-06-27,2010-06-27,2019-04-29,1974000.0,1590718000.0,,1264301000.0,326417000.0,,0.174,-20623000.0,295854000.0,295854000.0,79071000.0,124506000.0,2.17,38.983,1159886000.0,392926000.0,766960000.0,1159886000.0,33700000.0,11256000.0,0.0,0.031,0.23,186474000.0,197730000.0,0.54,197730000.0,186474000.0,168252000.0,0.55,0.54,0.55,39785000.0,,39785000.0,7522201322.0,13.0,12.306,138207000.0,0.604,1.0,287094000.0,0.784,0.0,18222000.0,1872240000.0,,54044000.0,662215000.0,662215000.0,0.0,1550933000.0,582510000.0,968423000.0,6482077322.0,43005000.0,0.0,5420000.0,-154149000.0,-52676000.0,-201405000.0,85580000.0,106203000.0,158830000.0,0.0,124506000.0,124506000.0,124506000.0,0.0,0.0,0.34,92766000.0,194328000.0,21235000.0,0.418,162.928,17.939,18.189,257035000.0,0.0,28.92,5.54,5.629,176874000.0,-1294077000.0,366165000.0,366165000.0,55050000.0,,,,,18742000.0,37716000.0,1.0,224138220.0,228803000,230093000.0,1.6,1590718000.0,38689000.0,43746000.0,128280000.0,6.952,681791000.0
27,LLTC,MRQ,2010-03-31,2010-03-28,2010-03-28,2019-04-29,2557000.0,1615789000.0,,1298128000.0,317661000.0,,-0.223,-10191000.0,252849000.0,252849000.0,68801000.0,100612000.0,2.337,-32.856,1292973000.0,390782000.0,902191000.0,1292973000.0,31277000.0,11240000.0,0.0,0.032,0.23,156924000.0,168164000.0,0.54,168164000.0,156924000.0,137824000.0,0.44,0.44,0.44,-50721000.0,,-50721000.0,7295622167.0,16.0,14.299,134910000.0,0.592,1.0,242523000.0,0.779,0.0,19100000.0,2100525000.0,,53661000.0,769234000.0,769234000.0,0.0,1666510000.0,555388000.0,1111122000.0,6249354167.0,13543000.0,0.0,-1382000.0,0.0,-52431000.0,-53813000.0,-77745000.0,-67554000.0,145101000.0,0.0,100612000.0,100612000.0,100612000.0,0.0,0.0,0.323,88595000.0,153928000.0,17514000.0,0.523,-123.21,21.685,22.016,246254000.0,0.0,27.96,6.176,6.294,146651000.0,-1362157000.0,311324000.0,311324000.0,51885000.0,,,,,17743000.0,36710000.0,1.0,223510521.0,227764000,229024000.0,1.367,1615789000.0,37598000.0,37212000.0,133170000.0,7.094,742740000.0
28,LLTC,MRQ,2009-12-31,2009-12-27,2009-12-27,2019-04-29,3495000.0,1512828000.0,,1195843000.0,316985000.0,,-0.503,-4169000.0,239306000.0,239306000.0,61621000.0,75536000.0,2.289,-14.233,1285574000.0,388666000.0,896908000.0,1285574000.0,28499000.0,11316000.0,0.0,0.029,0.22,118960000.0,130276000.0,0.508,130276000.0,118960000.0,100047000.0,0.33,0.33,0.33,-114325000.0,,-114325000.0,7896179919.0,20.0,18.208,76318000.0,0.336,1.0,194743000.0,0.76,0.0,18913000.0,2036720000.0,,52191000.0,703164000.0,703164000.0,0.0,1627153000.0,522376000.0,1104777000.0,6865250919.0,-8043000.0,0.0,8477000.0,0.0,-50059000.0,-41582000.0,-46948000.0,-42779000.0,80487000.0,0.0,75536000.0,75536000.0,75536000.0,0.0,0.0,0.295,79141000.0,115602000.0,13400000.0,0.667,-60.05,28.982,29.305,245889000.0,0.0,30.77,7.616,7.757,124156000.0,-1408077000.0,256364000.0,256364000.0,46682000.0,,,,,16594000.0,32459000.0,1.0,223115077.0,227265000,228366000.0,1.128,1512828000.0,37319000.0,24511000.0,115861000.0,6.657,673467000.0
29,LLTC,MRQ,2009-09-30,2009-09-27,2009-09-27,2019-04-29,4590000.0,1466402000.0,,1142487000.0,323915000.0,,-0.722,-3359000.0,247349000.0,247349000.0,59583000.0,60687000.0,7.663,-9.954,1278278000.0,0.0,1278278000.0,1278278000.0,27298000.0,11677000.0,0.0,0.032,0.22,103409000.0,115086000.0,0.487,115086000.0,103409000.0,84288000.0,0.27,0.27,0.27,-163778000.0,,-163778000.0,7301648960.0,18.0,16.401,104700000.0,0.461,1.0,176552000.0,0.748,0.0,19121000.0,2348234000.0,,49339000.0,662124000.0,662124000.0,0.0,1630180000.0,149097000.0,1481083000.0,6113022960.0,30331000.0,0.0,-3350000.0,-9815000.0,-49937000.0,-63102000.0,-14626000.0,-11267000.0,108059000.0,0.0,60687000.0,60687000.0,60687000.0,0.0,0.0,0.257,76999000.0,99553000.0,9220000.0,0.815,-37.325,24.69,25.0,251622000.0,0.0,27.5,6.836,6.978,113239000.0,-1431219000.0,236135000.0,236135000.0,45340000.0,,,,,15845000.0,31659000.0,1.0,222291744.0,226909000,227852000.0,1.041,1466402000.0,36475000.0,23601000.0,136845000.0,6.463,993390000.0
30,LLTC,MRQ,2009-06-30,2009-06-28,2009-06-28,2019-04-29,5095000.0,1421529000.0,,1089251000.0,332278000.0,,-0.823,-3648000.0,217018000.0,217018000.0,53456000.0,51358000.0,8.69,-8.629,1280617000.0,0.0,1280617000.0,1280617000.0,28497000.0,11925000.0,0.0,0.037,0.22,84752000.0,96677000.0,0.465,96677000.0,84752000.0,65405000.0,0.23,0.23,0.23,-186337000.0,,-186337000.0,6485356870.0,14.0,12.973,62948000.0,0.278,1.0,154562000.0,0.743,0.0,19347000.0,2359787000.0,,52531000.0,651693000.0,651693000.0,0.0,1607866000.0,125341000.0,1482525000.0,5225447870.0,6927000.0,0.0,-453000.0,-62766000.0,-49903000.0,-113122000.0,53453000.0,57101000.0,66596000.0,0.0,51358000.0,51358000.0,51358000.0,0.0,0.0,0.247,75503000.0,79059000.0,10531000.0,0.957,-28.043,18.068,18.367,258425000.0,0.0,23.51,5.395,5.494,95434000.0,-1438524000.0,208018000.0,208018000.0,44466000.0,,,,,17160000.0,28694000.0,1.0,222264903.0,226321000,,0.919,1421529000.0,37628000.0,14047000.0,117232000.0,6.281,963910000.0
31,LLTC,MRQ,2009-03-31,2009-03-29,2009-03-29,2019-04-29,5861000.0,1491514000.0,,1153874000.0,337640000.0,,-1.302,-4926000.0,210091000.0,210091000.0,52662000.0,49302000.0,7.288,-6.163,1470000000.0,0.0,1470000000.0,1470000000.0,31279000.0,12089000.0,0.0,0.036,0.22,79529000.0,91618000.0,0.456,91618000.0,79529000.0,59576000.0,0.22,0.22,0.22,-288872000.0,,-288872000.0,6569724012.0,13.0,11.55,97829000.0,0.441,1.0,148271000.0,0.738,0.0,19953000.0,2593094000.0,,53230000.0,709912000.0,709912000.0,0.0,1780386000.0,158329000.0,1622057000.0,5195941012.0,83874000.0,0.0,-904000.0,-28327000.0,-49903000.0,-79134000.0,60253000.0,65179000.0,102755000.0,0.0,49302000.0,49302000.0,49302000.0,0.0,0.0,0.245,75154000.0,73117000.0,10206000.0,1.0,-17.987,16.212,16.849,265154000.0,0.0,23.42,4.867,4.867,103834000.0,-1394848000.0,200933000.0,200933000.0,44724000.0,,,,,16394000.0,30430000.0,1.0,221859138.0,221859138,,0.906,1491514000.0,40644000.0,10274000.0,91245000.0,6.723,995545000.0
32,LLTC,MRQ,2008-12-31,2008-12-28,2008-12-28,2019-04-29,5174000.0,1493538000.0,,1148381000.0,345157000.0,,-1.396,-7492000.0,126217000.0,126217000.0,60278000.0,86240000.0,7.336,-5.824,1500000000.0,0.0,1500000000.0,1500000000.0,31266000.0,12075000.0,0.0,0.039,0.21,129745000.0,141820000.0,0.569,141820000.0,129745000.0,108746000.0,0.38,0.38,0.38,-309611000.0,,-309611000.0,6285138889.0,11.0,9.79,95174000.0,0.429,1.0,188918000.0,0.758,0.0,20999000.0,2710781000.0,,54940000.0,773938000.0,773938000.0,0.0,1803149000.0,156540000.0,1646609000.0,4780482889.0,-69127000.0,0.0,2580000.0,-179011000.0,-47509000.0,-223940000.0,52147000.0,59639000.0,102666000.0,0.0,86240000.0,86240000.0,86240000.0,0.0,0.0,0.346,79930000.0,108988000.0,9274000.0,0.553,-15.44,12.905,13.309,270769000.0,0.0,21.56,4.105,4.105,127833000.0,-1398521000.0,249196000.0,249196000.0,45793000.0,,,,,13586000.0,32573000.0,1.0,221729262.0,221729262,,1.124,1493538000.0,37085000.0,22506000.0,72589000.0,6.736,991841000.0
33,LLTC,MRQ,2008-09-30,2008-09-28,2008-09-28,2019-04-29,710000.0,1664873000.0,,1313908000.0,350965000.0,,-1.706,-23064000.0,195344000.0,195344000.0,71472000.0,102307000.0,6.4,-5.405,1700000000.0,0.0,1700000000.0,1700000000.0,35990000.0,11893000.0,0.0,0.026,0.21,157886000.0,169779000.0,0.547,169779000.0,157886000.0,135174000.0,0.45,0.45,0.45,-377936000.0,,-377936000.0,8484523707.0,14.0,12.84,121517000.0,0.549,1.0,238879000.0,0.77,0.0,22712000.0,2964245000.0,,55466000.0,826525000.0,826525000.0,0.0,2042809000.0,205284000.0,1837525000.0,6933744707.0,46123000.0,0.0,-18001000.0,0.0,-47365000.0,-65296000.0,-33162000.0,-10098000.0,144581000.0,0.0,102307000.0,102307000.0,102307000.0,0.0,0.0,0.33,87967000.0,150912000.0,15720000.0,0.467,-18.346,18.345,18.855,273804000.0,0.0,31.3,5.759,5.759,163239000.0,-1444992000.0,310351000.0,310351000.0,50860000.0,,,,,14411000.0,37107000.0,1.0,221525390.0,221525390,,1.401,1664873000.0,36098000.0,32867000.0,99875000.0,7.515,1108624000.0
34,LLTC,MRQ,2008-06-30,2008-06-29,2008-06-29,2019-04-29,1452000.0,1583889000.0,,1245540000.0,338349000.0,,-1.956,-19547000.0,149221000.0,149221000.0,69793000.0,82659000.0,7.111,-4.65,1700000000.0,0.0,1700000000.0,1700000000.0,37777000.0,11788000.0,0.0,0.024,0.21,153812000.0,165600000.0,0.539,165600000.0,153812000.0,107296000.0,0.34,0.34,0.34,-433918000.0,,-433918000.0,8773637151.0,15.0,13.563,111011000.0,0.5,1.0,237287000.0,0.773,0.0,46516000.0,2959510000.0,,56017000.0,817480000.0,817480000.0,0.0,2017807000.0,175158000.0,1842649000.0,7192814151.0,30044000.0,0.0,-18530000.0,0.0,-47609000.0,-64107000.0,-36407000.0,-16860000.0,130558000.0,0.0,82659000.0,82659000.0,82659000.0,0.0,0.0,0.269,92531000.0,144756000.0,16860000.0,0.618,-16.576,19.592,20.012,261085000.0,0.0,32.42,6.121,6.121,161452000.0,-1485629000.0,307080000.0,307080000.0,51897000.0,,,,,17517000.0,40634000.0,1.0,221863484.0,221863484,,1.384,1583889000.0,31882000.0,24637000.0,61771000.0,7.139,1070382000.0
35,LLTC,MRQ,2008-03-31,2008-03-30,2008-03-30,2019-04-29,4357000.0,1503657000.0,,1161432000.0,342225000.0,,-2.207,-4364000.0,119177000.0,119177000.0,66939000.0,99234000.0,7.371,-4.084,1700000000.0,0.0,1700000000.0,1700000000.0,37672000.0,11591000.0,0.0,0.025,0.21,153224000.0,164815000.0,0.553,164815000.0,153224000.0,138789000.0,0.45,0.44,0.45,-487572000.0,,-487572000.0,8267837835.0,14.0,13.148,140156000.0,0.634,1.0,230926000.0,0.775,0.0,14435000.0,2926920000.0,,54375000.0,788762000.0,788762000.0,0.0,1991229000.0,157560000.0,1833669000.0,6730357835.0,-43343000.0,0.0,3500000.0,0.0,-47322000.0,-41663000.0,-146200000.0,-141836000.0,144520000.0,0.0,99234000.0,99234000.0,99234000.0,0.0,0.0,0.333,85036000.0,145890000.0,12616000.0,0.467,-13.804,17.703,18.461,251487000.0,0.0,30.46,5.924,5.924,150233000.0,-1498968000.0,297865000.0,297865000.0,49613000.0,,,,,16830000.0,35423000.0,1.0,220957250.0,220957250,,1.348,1503657000.0,32442000.0,39555000.0,55548000.0,6.805,1003872000.0
36,LLTC,MRQ,2007-12-31,2007-12-30,2007-12-30,2019-04-29,1968000.0,1409780000.0,,1060846000.0,348934000.0,,-2.525,-6035000.0,162520000.0,162520000.0,66212000.0,93755000.0,7.148,-3.498,1700000000.0,0.0,1700000000.0,1700000000.0,38283000.0,12170000.0,0.0,0.022,0.18,148410000.0,160580000.0,0.556,160580000.0,148410000.0,133936000.0,0.42,0.41,0.42,-564362000.0,,-564362000.0,8722371135.0,15.0,14.2,94139000.0,0.421,1.0,222508000.0,0.771,0.0,14474000.0,2798845000.0,,52486000.0,644113000.0,644113000.0,0.0,1974142000.0,148415000.0,1825727000.0,7158029135.0,26862000.0,0.0,-6014000.0,0.0,-40975000.0,-41604000.0,-31708000.0,-25673000.0,100174000.0,0.0,93755000.0,93755000.0,93755000.0,0.0,0.0,0.325,81356000.0,141152000.0,12263000.0,0.429,-12.683,18.862,20.935,256875000.0,0.0,32.03,6.547,6.547,150015000.0,-1545293000.0,288720000.0,288720000.0,47799000.0,,,,,18199000.0,33557000.0,1.0,223478899.0,223478899,,1.292,1409780000.0,31128000.0,40181000.0,34051000.0,6.308,912431000.0
37,LLTC,MRQ,2007-09-30,2007-09-30,2007-09-30,2019-04-29,751000.0,1334471000.0,,979696000.0,354775000.0,,-2.865,-5323000.0,135658000.0,135658000.0,64061000.0,91475000.0,6.431,-3.098,1700000000.0,0.0,1700000000.0,1700000000.0,39186000.0,12591000.0,0.0,0.02,0.18,143300000.0,155891000.0,0.554,155891000.0,143300000.0,128838000.0,0.41,0.4,0.41,-635929000.0,,-635929000.0,9311196601.0,17.0,15.204,149754000.0,0.675,1.0,217427000.0,0.772,0.0,14462000.0,2746485000.0,,51413000.0,616509000.0,616509000.0,0.0,1970400000.0,152328000.0,1818072000.0,7767690601.0,-20836000.0,0.0,4493000.0,0.0,-40746000.0,-33111000.0,-142802000.0,-137479000.0,155077000.0,0.0,91475000.0,91475000.0,91475000.0,0.0,0.0,0.325,80561000.0,136866000.0,11324000.0,0.439,-12.215,19.878,23.966,261171000.0,0.0,34.99,7.243,7.243,134032000.0,-1569304000.0,281488000.0,281488000.0,47780000.0,,,,,15834000.0,32781000.0,1.0,221997445.0,221997445,,1.268,1334471000.0,29162000.0,37363000.0,30423000.0,6.011,827368000.0
38,LLTC,MRQ,2007-06-30,2007-07-01,2007-07-01,2019-04-29,-647000.0,1218857000.0,,861104000.0,357753000.0,,-2.789,-12902000.0,156494000.0,156494000.0,61338000.0,95724000.0,4.787,-2.722,1700000000.0,0.0,1700000000.0,1700000000.0,39946000.0,12438000.0,0.0,0.018,0.18,135112000.0,147550000.0,0.55,147550000.0,135112000.0,124317000.0,0.37,0.36,0.37,-707965000.0,,-707965000.0,8863258773.0,15.0,14.008,128484000.0,0.506,1.0,206778000.0,0.771,0.0,10795000.0,2582494000.0,,51075000.0,476813000.0,476813000.0,0.0,1926822000.0,179869000.0,1746953000.0,9183531773.0,-163779000.0,0.0,-2963782000.0,1700000000.0,-46371000.0,-1303633000.0,998468000.0,1011370000.0,141386000.0,0.0,95724000.0,95724000.0,95724000.0,0.0,0.0,0.357,79574000.0,127204000.0,11161000.0,0.486,-12.972,22.308,25.479,266600000.0,0.0,36.18,8.479,8.479,130546000.0,-1609453000.0,268116000.0,268116000.0,46713000.0,,,,,22943000.0,32861000.0,1.0,253828960.0,253828960,,1.056,1218857000.0,35038000.0,28593000.0,58244000.0,4.802,681235000.0
39,LLTC,MRQ,2007-03-31,2007-04-01,2007-04-01,2019-04-29,-676000.0,2399401000.0,,2069339000.0,330062000.0,,7.274,-14582000.0,320273000.0,320273000.0,56535000.0,98550000.0,11.767,0.102,0.0,0.0,0.0,0.0,42302000.0,12924000.0,0.0,0.02,0.18,137297000.0,150221000.0,0.589,150221000.0,137297000.0,136875000.0,0.33,0.32,0.33,2176972000.0,,2176972000.0,9180747988.0,15.0,13.783,80804000.0,0.27,1.0,198457000.0,0.778,0.0,422000.0,1903270000.0,,50743000.0,1488135000.0,1488135000.0,0.0,222429000.0,175858000.0,46571000.0,9454882988.0,46138000.0,0.0,-5986000.0,0.0,-54598000.0,-57347000.0,8099000.0,22681000.0,95386000.0,0.0,98550000.0,98550000.0,98550000.0,0.0,0.0,0.386,78171000.0,120286000.0,12082000.0,0.545,4.343,21.905,22.091,264297000.0,0.0,31.59,8.534,8.534,142245000.0,1029770000.0,254992000.0,254992000.0,45364000.0,,,,,20678000.0,32807000.0,1.0,299299873.0,299299873,,0.852,2399401000.0,44800000.0,38325000.0,76046000.0,8.017,1893481000.0
40,LLTC,MRQ,2006-12-31,2006-12-31,2006-12-31,2019-04-29,-1553000.0,2375366000.0,,2048675000.0,326691000.0,,7.072,-9917000.0,274135000.0,274135000.0,59313000.0,105012000.0,9.563,0.124,0.0,0.0,0.0,0.0,41864000.0,12458000.0,0.0,0.02,0.15,146283000.0,158741000.0,0.593,158741000.0,146283000.0,145850000.0,0.35,0.34,0.35,2114214000.0,,2114214000.0,8644753076.0,14.0,12.575,88837000.0,0.297,1.0,208541000.0,0.779,0.0,433000.0,1886992000.0,,45365000.0,1509423000.0,1509423000.0,0.0,261152000.0,214239000.0,46913000.0,9064245076.0,-145357000.0,0.0,-76529000.0,0.0,-45467000.0,-119258000.0,-124853000.0,-114936000.0,98754000.0,0.0,105012000.0,105012000.0,105012000.0,0.0,0.0,0.392,78558000.0,129983000.0,15216000.0,0.429,4.287,20.432,20.767,260800000.0,0.0,30.32,8.009,8.009,151093000.0,1008200000.0,267854000.0,267854000.0,44961000.0,,,,,19649000.0,33597000.0,1.0,298952674.0,298952674,,0.896,2375366000.0,42915000.0,40838000.0,93463000.0,7.946,1834436000.0
41,LLTC,MRQ,2006-09-30,2006-10-01,2006-10-01,2019-04-29,-1660000.0,2399025000.0,,2072003000.0,327022000.0,,7.0,-24591000.0,419492000.0,419492000.0,64327000.0,112389000.0,8.561,0.138,0.0,0.0,0.0,0.0,41024000.0,12897000.0,0.0,0.018,0.15,163325000.0,176222000.0,0.603,176222000.0,163325000.0,162882000.0,0.37,0.37,0.37,2108704000.0,,2108704000.0,8833656236.0,14.0,12.813,117844000.0,0.391,1.0,227789000.0,0.78,0.0,443000.0,1737494000.0,,42085000.0,1394317000.0,1394317000.0,0.0,290321000.0,242039000.0,48282000.0,9374716236.0,-121568000.0,0.0,-84807000.0,0.0,-45997000.0,-129058000.0,-134945000.0,-110354000.0,142435000.0,0.0,112389000.0,112389000.0,112389000.0,0.0,0.0,0.385,80944000.0,146845000.0,21520000.0,0.405,4.446,21.215,21.462,261502000.0,0.0,31.12,8.303,8.303,154263000.0,1029654000.0,292116000.0,292116000.0,46519000.0,,,,,17450000.0,34425000.0,1.0,301244095.0,301244095,,0.97,2399025000.0,40201000.0,50493000.0,122184000.0,7.964,1829964000.0
42,LLTC,MRQ,2006-06-30,2006-07-02,2006-07-02,2019-04-29,-5085000.0,2390895000.0,,2077136000.0,313759000.0,,6.931,-16114000.0,541060000.0,541060000.0,63615000.0,115680000.0,8.771,0.136,0.0,0.0,0.0,0.0,48013000.0,12573000.0,0.0,0.015,0.15,168323000.0,180896000.0,0.618,180896000.0,168323000.0,166447000.0,0.38,0.37,0.38,2104498000.0,,2104498000.0,9775267174.0,16.0,14.635,131701000.0,0.434,1.0,229315000.0,0.783,0.0,1876000.0,1613009000.0,,39031000.0,1278527000.0,1278527000.0,0.0,286397000.0,236826000.0,49571000.0,10168627174.0,147700000.0,0.0,-181706000.0,0.0,-46187000.0,-214489000.0,214374000.0,230488000.0,147815000.0,0.0,115680000.0,115680000.0,115680000.0,0.0,0.0,0.395,78093000.0,151222000.0,14574000.0,0.395,4.832,23.721,23.921,247969000.0,0.0,33.49,9.304,9.304,154297000.0,1046137000.0,292930000.0,292930000.0,44048000.0,,,,,17908000.0,34045000.0,1.0,303631746.0,303631746,,0.965,2390895000.0,44682000.0,50767000.0,94664000.0,7.874,1840310000.0
43,LLTC,MRQ,2006-03-31,2006-04-02,2006-04-02,2019-04-29,-5118000.0,2466729000.0,,2175344000.0,291385000.0,,7.139,-9894000.0,393360000.0,393360000.0,60021000.0,110555000.0,10.199,0.129,0.0,0.0,0.0,0.0,47764000.0,12547000.0,0.0,0.013,0.15,159072000.0,171619000.0,0.615,171619000.0,159072000.0,159072000.0,0.36,0.35,0.36,2185366000.0,,2185366000.0,10412747886.0,17.0,15.953,102361000.0,0.334,1.0,218867000.0,0.785,0.0,0.0,1860072000.0,,37986000.0,1522361000.0,1522361000.0,0.0,281363000.0,213297000.0,68066000.0,10723837886.0,82270000.0,0.0,7126000.0,0.0,-46085000.0,-27848000.0,-2137000.0,7757000.0,112255000.0,0.0,110555000.0,110555000.0,110555000.0,0.0,0.0,0.396,73234000.0,145633000.0,13762000.0,0.417,4.907,25.591,25.794,242722000.0,0.0,35.08,10.157,10.171,148597000.0,1159514000.0,278888000.0,278888000.0,40982000.0,,,,,16418000.0,32252000.0,1.0,305696633.0,306136000,314046000.0,0.911,2466729000.0,50942000.0,48517000.0,155665000.0,8.058,1962047000.0
44,LLTC,MRQ,2005-12-31,2006-01-01,2006-01-01,2019-04-29,-4838000.0,2371872000.0,,2077834000.0,294038000.0,,6.829,-27515000.0,311090000.0,311090000.0,58765000.0,103264000.0,9.619,0.137,0.0,0.0,0.0,0.0,43305000.0,12084000.0,0.0,0.011,0.1,148582000.0,160666000.0,0.606,160666000.0,148582000.0,148582000.0,0.34,0.33,0.34,2086522000.0,,2086522000.0,10587902750.0,17.0,15.844,78511000.0,0.257,1.0,206381000.0,0.778,0.0,0.0,1844769000.0,,37098000.0,1530563000.0,1530563000.0,0.0,285350000.0,216013000.0,69337000.0,10992922750.0,-93930000.0,0.0,-44552000.0,0.0,-30764000.0,-70240000.0,-129716000.0,-102201000.0,106026000.0,0.0,103264000.0,103264000.0,103264000.0,0.0,0.0,0.389,70371000.0,136010000.0,11690000.0,0.294,5.269,25.558,25.95,243669000.0,0.0,36.07,10.296,10.322,128336000.0,1113544000.0,265146000.0,265146000.0,38040000.0,,,,,15432000.0,32331000.0,1.0,304766364.0,305534000,313792000.0,0.868,2371872000.0,46828000.0,45318000.0,148095000.0,7.763,1861821000.0
45,LLTC,MRQ,2005-09-30,2005-10-02,2005-10-02,2019-04-29,-4122000.0,2333322000.0,,2054715000.0,278607000.0,,6.646,-15867000.0,405020000.0,405020000.0,55999000.0,99181000.0,9.171,0.144,0.0,0.0,0.0,0.0,42896000.0,12068000.0,0.0,0.01,0.1,142707000.0,154775000.0,0.605,154775000.0,142707000.0,142707000.0,0.32,0.31,0.32,2038882000.0,,2038882000.0,11209133588.0,18.0,16.877,128037000.0,0.417,1.0,200014000.0,0.781,0.0,0.0,1704267000.0,,37181000.0,1429499000.0,1429499000.0,0.0,294440000.0,224035000.0,70405000.0,11532314588.0,81839000.0,0.0,-55034000.0,0.0,-30838000.0,-82394000.0,20329000.0,36196000.0,143904000.0,0.0,99181000.0,99181000.0,99181000.0,0.0,0.0,0.387,68929000.0,131085000.0,16606000.0,0.313,5.656,26.839,27.239,226532000.0,0.0,37.59,10.955,10.955,120829000.0,1092010000.0,256013000.0,256013000.0,37779000.0,,,,,15143000.0,31150000.0,1.0,306792088.0,306792088,,0.834,2333322000.0,41502000.0,43526000.0,169087000.0,7.606,1830680000.0
46,LLTC,MRQ,2005-06-30,2005-07-03,2005-07-03,2019-04-29,-2839000.0,2286234000.0,,2007309000.0,278925000.0,,6.37,-13395000.0,323181000.0,323181000.0,53859000.0,106047000.0,9.663,0.139,0.0,0.0,0.0,0.0,43708000.0,12119000.0,0.0,0.01,0.1,153526000.0,165645000.0,0.648,165645000.0,153526000.0,151496000.0,0.34,0.34,0.34,2007034000.0,,2007034000.0,11003200186.0,18.0,16.402,154968000.0,0.492,1.0,201952000.0,0.789,0.0,2030000.0,1755314000.0,,34328000.0,1467731000.0,1467731000.0,0.0,279200000.0,207739000.0,71461000.0,11187110186.0,139271000.0,0.0,-75586000.0,0.0,-30049000.0,-105635000.0,76543000.0,89938000.0,168363000.0,0.0,106047000.0,106047000.0,106047000.0,0.0,0.0,0.415,60277000.0,141675000.0,11800000.0,0.294,5.574,25.778,25.929,221028000.0,0.0,36.56,10.657,10.974,125864000.0,1083110000.0,255811000.0,255811000.0,32380000.0,,,,,11691000.0,27897000.0,1.0,305993167.0,315067000,,0.812,2286234000.0,38298000.0,45449000.0,95521000.0,7.256,1799570000.0
47,LLTC,MRQ,2005-03-31,2005-04-03,2005-04-03,2019-04-29,-3309000.0,2257726000.0,,1986354000.0,271372000.0,,6.476,-14713000.0,183910000.0,183910000.0,56600000.0,121633000.0,10.322,0.132,0.0,0.0,0.0,0.0,43607000.0,13407000.0,0.0,0.009,0.1,173762000.0,187169000.0,0.644,187169000.0,173762000.0,173762000.0,0.39,0.39,0.39,1994461000.0,,1994461000.0,11413092050.0,19.0,17.388,79025000.0,0.257,1.0,234134000.0,0.805,0.0,0.0,1881377000.0,,32645000.0,1553219000.0,1553219000.0,0.0,263265000.0,192439000.0,70826000.0,11598200050.0,-1198000.0,0.0,-39114000.0,0.0,-31163000.0,-70277000.0,-24659000.0,-9946000.0,93738000.0,0.0,121633000.0,121633000.0,121633000.0,0.0,0.0,0.418,68174000.0,165960000.0,12293000.0,0.256,5.815,27.178,27.37,218337000.0,0.0,37.77,11.239,11.272,112485000.0,1089901000.0,290734000.0,290734000.0,36002000.0,,,,,17784000.0,32172000.0,1.0,307074399.0,307960000,315617000.0,0.944,2257726000.0,43627000.0,52129000.0,140373000.0,7.331,1793915000.0
48,LLTC,MRQ,2004-12-31,2005-01-02,2005-01-02,2019-04-29,-578000.0,2195638000.0,,1924662000.0,270976000.0,,6.263,-18652000.0,185108000.0,185108000.0,53890000.0,102818000.0,9.923,0.139,0.0,0.0,0.0,0.0,45257000.0,11844000.0,0.0,0.008,0.08,144741000.0,156585000.0,0.626,156585000.0,144741000.0,144741000.0,0.33,0.33,0.33,1928052000.0,,1928052000.0,11618973223.0,21.0,19.303,81809000.0,0.266,1.0,196231000.0,0.785,0.0,0.0,1816564000.0,,31912000.0,1546803000.0,1546803000.0,0.0,267586000.0,193966000.0,73620000.0,11900967223.0,-96886000.0,0.0,-25678000.0,0.0,-24777000.0,-50455000.0,-146892000.0,-128240000.0,100461000.0,0.0,102818000.0,102818000.0,102818000.0,0.0,0.0,0.411,58734000.0,137497000.0,10576000.0,0.242,6.173,30.464,30.762,214617000.0,0.0,38.76,12.523,12.556,97518000.0,1052860000.0,250121000.0,250121000.0,32413000.0,,,,,18541000.0,26321000.0,1.0,307042498.0,307856000,315797000.0,0.812,2195638000.0,44912000.0,41923000.0,134283000.0,7.132,1730696000.0
49,LLTC,MRQ,2004-09-30,2004-09-26,2004-09-26,2019-04-29,-922000.0,2151146000.0,,1891638000.0,259508000.0,,6.038,-15367000.0,281994000.0,281994000.0,54839000.0,103476000.0,8.602,0.159,0.0,0.0,0.0,0.0,43835000.0,11467000.0,0.0,0.008,0.08,149965000.0,161432000.0,0.638,161432000.0,149965000.0,149965000.0,0.34,0.33,0.34,1856804000.0,,1856804000.0,11103380595.0,22.0,19.746,114789000.0,0.373,1.0,198189000.0,0.783,0.0,0.0,1649240000.0,,31418000.0,1422663000.0,1422663000.0,0.0,294342000.0,219912000.0,74430000.0,11306922595.0,78452000.0,0.0,-44189000.0,0.0,-24983000.0,-69172000.0,17468000.0,32835000.0,130156000.0,0.0,103476000.0,103476000.0,103476000.0,0.0,0.0,0.409,53692000.0,144497000.0,15161000.0,0.235,6.089,31.219,31.427,206395000.0,0.0,36.77,12.758,12.758,91629000.0,1025436000.0,253028000.0,253028000.0,30634000.0,,,,,10357000.0,23058000.0,1.0,307504014.0,307504014,,0.823,2151146000.0,44912000.0,46489000.0,173219000.0,6.996,1671726000.0
50,LLTC,MRQ,2004-06-30,2004-06-27,2004-06-27,2019-04-29,-2460000.0,2087703000.0,,1832095000.0,255608000.0,,5.633,-12667000.0,203542000.0,203542000.0,53178000.0,98816000.0,9.042,0.153,0.0,0.0,0.0,0.0,41862000.0,12020000.0,0.0,0.007,0.08,139179000.0,151199000.0,0.635,151199000.0,139179000.0,139179000.0,0.32,0.31,0.32,1810605000.0,,1810605000.0,12013988842.0,26.0,23.513,152582000.0,0.475,1.0,184872000.0,0.777,0.0,0.0,1681547000.0,,32704000.0,1452998000.0,1452998000.0,0.0,277098000.0,202614000.0,74484000.0,12228172842.0,-10642000.0,0.0,-110617000.0,0.0,-24813000.0,-135430000.0,-40461000.0,-27794000.0,165249000.0,0.0,98816000.0,98816000.0,98816000.0,0.0,0.0,0.415,51267000.0,133605000.0,14410000.0,0.25,6.754,37.262,37.638,201080000.0,0.0,39.52,15.147,15.737,79142000.0,997593000.0,238050000.0,238050000.0,28660000.0,,,,,6280000.0,22607000.0,1.0,309417329.0,321456000,,0.741,2087703000.0,44912000.0,40363000.0,146469000.0,6.495,1629481000.0
51,LLTC,MRQ,2004-03-31,2004-03-28,2004-03-28,2019-04-29,3075000.0,2101328000.0,,1847242000.0,254086000.0,,5.913,-3810000.0,214184000.0,214184000.0,47596000.0,85549000.0,10.398,0.138,0.0,0.0,0.0,0.0,46178000.0,12213000.0,0.0,0.007,0.08,120491000.0,132704000.0,0.635,132704000.0,120491000.0,120491000.0,0.27,0.27,0.27,1846474000.0,,1846474000.0,11310971908.0,27.0,24.318,99231000.0,0.318,1.0,161537000.0,0.772,0.0,0.0,1709492000.0,,33056000.0,1434203000.0,1434203000.0,0.0,254854000.0,177652000.0,77202000.0,11532222908.0,-7067000.0,0.0,-112753000.0,0.0,-25063000.0,-137816000.0,27708000.0,31518000.0,103041000.0,0.0,85549000.0,85549000.0,85549000.0,0.0,0.0,0.409,47186000.0,114351000.0,8933000.0,0.296,6.246,39.045,38.874,199019000.0,0.0,36.93,15.69,15.69,98419000.0,1041847000.0,209133000.0,209133000.0,26633000.0,,,,,8711000.0,20553000.0,1.0,312272486.0,312272486,,0.67,2101328000.0,48925000.0,34942000.0,148992000.0,6.729,1669590000.0
52,LLTC,MRQ,2003-12-31,2003-12-28,2003-12-28,2019-04-29,2952000.0,2142498000.0,,1881009000.0,261489000.0,,6.046,-3075000.0,221251000.0,221251000.0,43777000.0,74335000.0,10.649,0.134,0.0,0.0,0.0,0.0,43842000.0,12278000.0,0.0,0.006,0.06,104696000.0,116974000.0,0.629,116974000.0,104696000.0,104696000.0,0.24,0.23,0.24,1888907000.0,,1888907000.0,12590761501.0,33.0,29.357,109956000.0,0.352,1.0,142244000.0,0.765,0.0,0.0,1744606000.0,,33067000.0,1465522000.0,1465522000.0,0.0,253591000.0,176641000.0,76950000.0,12736735501.0,75277000.0,0.0,-68137000.0,0.0,-18863000.0,-87000000.0,49246000.0,52321000.0,113031000.0,0.0,74335000.0,74335000.0,74335000.0,0.0,0.0,0.4,44232000.0,98012000.0,7875000.0,0.25,6.743,47.098,46.862,206008000.0,0.0,40.77,18.741,18.741,89491000.0,1095091000.0,186021000.0,186021000.0,24992000.0,,,,,7962000.0,19240000.0,1.0,312404599.0,312404599,,0.595,2142498000.0,51181000.0,30361000.0,140320000.0,6.858,1704368000.0
53,LLTC,MRQ,2003-09-30,2003-09-28,2003-09-28,2019-04-29,4981000.0,2135390000.0,,1865573000.0,269817000.0,,6.037,-1172000.0,145974000.0,145974000.0,41409000.0,69471000.0,11.602,0.126,0.0,0.0,0.0,0.0,46198000.0,12234000.0,0.0,0.006,0.06,97847000.0,110081000.0,0.632,110081000.0,97847000.0,97847000.0,0.22,0.22,0.22,1896639000.0,,1896639000.0,11135939120.0,31.0,27.711,75335000.0,0.24,1.0,132668000.0,0.762,0.0,0.0,1828623000.0,,32906000.0,1521142000.0,1521142000.0,0.0,238751000.0,160793000.0,77958000.0,11272215120.0,9698000.0,0.0,20196000.0,0.0,-18781000.0,1415000.0,-68224000.0,-67052000.0,76507000.0,0.0,69471000.0,69471000.0,69471000.0,0.0,0.0,0.399,41906000.0,90762000.0,7158000.0,0.273,5.943,44.685,44.296,213797000.0,0.0,35.88,17.65,17.65,95709000.0,1116644000.0,174077000.0,174077000.0,24335000.0,,,,,12793000.0,17571000.0,1.0,314164301.0,314164301,,0.554,2135390000.0,51181000.0,28376000.0,139216000.0,6.797,1704780000.0
54,LLTC,MRQ,2003-06-30,2003-06-29,2003-06-29,2019-04-29,6950000.0,2056879000.0,,1776000000.0,280879000.0,,5.246,-1447000.0,136276000.0,136276000.0,40455000.0,66004000.0,10.961,0.133,0.0,0.0,0.0,0.0,44678000.0,12409000.0,0.0,0.007,0.06,92963000.0,105372000.0,0.636,105372000.0,92963000.0,92963000.0,0.22,0.21,0.22,1814929000.0,,1814929000.0,9919275770.0,30.0,26.163,92943000.0,0.269,1.0,125312000.0,0.756,0.0,0.0,1758574000.0,,32094000.0,1457291000.0,1457291000.0,0.0,241950000.0,162029000.0,79921000.0,10068869770.0,-13318000.0,0.0,-91699000.0,0.0,-18780000.0,-62057000.0,-45651000.0,-44204000.0,94390000.0,0.0,66004000.0,66004000.0,66004000.0,0.0,0.0,0.398,40637000.0,84675000.0,7480000.0,0.273,5.548,42.558,42.329,223444000.0,0.0,32.17,16.6,17.044,80094000.0,1067582000.0,165767000.0,165767000.0,24396000.0,,,,,19218000.0,16241000.0,1.0,312989424.0,345948000,345948000.0,0.479,2056879000.0,51181000.0,26959000.0,133200000.0,5.946,1613971000.0
55,LLTC,MRQ,2003-03-31,2003-03-30,2003-03-30,2019-04-29,13800000.0,2031693000.0,,1741603000.0,290090000.0,,5.75,-2009000.0,149594000.0,149594000.0,39390000.0,60622000.0,12.842,0.13,0.0,0.0,0.0,0.0,44926000.0,11079000.0,0.0,0.006,0.05,85383000.0,96462000.0,0.627,96462000.0,85383000.0,85383000.0,0.19,0.19,0.19,1798614000.0,,1798614000.0,9954724088.0,31.0,27.487,68345000.0,0.219,1.0,114360000.0,0.744,0.0,0.0,1746481000.0,,31366000.0,1415587000.0,1415587000.0,0.0,233079000.0,135618000.0,97461000.0,10152300088.0,-47982000.0,0.0,-34489000.0,0.0,-15673000.0,-50162000.0,-68174000.0,-66165000.0,70354000.0,0.0,60622000.0,60622000.0,60622000.0,0.0,0.0,0.394,38525000.0,75835000.0,7160000.0,0.263,5.645,44.997,45.704,232991000.0,0.0,32.45,17.457,17.453,83600000.0,1080319000.0,153750000.0,153750000.0,22609000.0,,,,,3510000.0,15916000.0,1.0,312859787.0,312782000,312782000.0,0.492,2031693000.0,42550000.0,24761000.0,135797000.0,6.496,1605985000.0
56,LLTC,MRQ,2002-12-31,2002-12-29,2002-12-29,2019-04-29,15600000.0,1978023000.0,,1736433000.0,241590000.0,,5.715,-1714000.0,197576000.0,197576000.0,38653000.0,56163000.0,11.725,0.107,0.0,0.0,0.0,0.0,45799000.0,10845000.0,0.0,0.007,0.05,79103000.0,89948000.0,0.62,89948000.0,79103000.0,79103000.0,0.18,0.18,0.18,1786444000.0,,1786444000.0,8049236210.0,26.0,22.86,61382000.0,0.196,1.0,106392000.0,0.734,0.0,0.0,1632353000.0,,30952000.0,1351222000.0,1351222000.0,0.0,191579000.0,148094000.0,43485000.0,8236618210.0,10194000.0,0.0,17484000.0,0.0,-15600000.0,1884000.0,-54786000.0,-53072000.0,63096000.0,0.0,56163000.0,56163000.0,56163000.0,0.0,0.0,0.387,37813000.0,68579000.0,6360000.0,0.278,4.611,38.048,38.824,241590000.0,0.0,26.4,14.762,14.79,91813000.0,1071174000.0,145045000.0,145045000.0,21331000.0,,,,,10980000.0,16482000.0,1.0,311993114.0,312581000,312581000.0,0.464,1978023000.0,43754000.0,22940000.0,86856000.0,6.328,1588339000.0
57,LLTC,MRQ,2002-09-30,2002-09-29,2002-09-29,2019-04-29,0.0,1906191000.0,,1655470000.0,250721000.0,,5.417,-1439000.0,187382000.0,187382000.0,36568000.0,53802000.0,9.949,0.12,0.0,0.0,0.0,0.0,47364000.0,11570000.0,0.0,0.008,0.05,75777000.0,87347000.0,0.615,87347000.0,75777000.0,75777000.0,0.17,0.17,0.17,1701817000.0,,1701817000.0,6572719365.0,23.0,19.46,54954000.0,0.175,1.0,105443000.0,0.742,0.0,0.0,1552417000.0,,30760000.0,1282550000.0,1282550000.0,0.0,204374000.0,166392000.0,37982000.0,6784425365.0,-24324000.0,0.0,-121301000.0,0.0,-15751000.0,-137052000.0,56335000.0,57774000.0,56393000.0,0.0,53802000.0,53802000.0,53802000.0,0.0,0.0,0.379,40021000.0,65422000.0,6614000.0,0.294,3.987,32.889,33.2,250721000.0,0.0,21.58,12.7,12.693,93075000.0,1031939000.0,142011000.0,142011000.0,23074000.0,,,,,3613000.0,16947000.0,1.0,314384864.0,314190000,314190000.0,0.452,1906191000.0,43754000.0,21975000.0,105815000.0,6.067,1489078000.0
58,LLTC,MRQ,2002-06-30,2002-06-30,2002-06-30,2019-04-29,0.0,1988433000.0,,1727581000.0,260852000.0,,5.624,-1298000.0,211706000.0,211706000.0,36821000.0,55034000.0,10.223,0.116,0.0,0.0,0.0,0.0,46168000.0,10894000.0,0.0,0.005,0.05,77512000.0,88406000.0,0.628,88406000.0,77512000.0,77512000.0,0.17,0.17,0.17,1781454000.0,,1781454000.0,9771867860.0,35.0,30.103,83814000.0,0.265,1.0,103936000.0,0.738,0.0,0.0,1607730000.0,,28942000.0,1340324000.0,1340324000.0,0.0,206979000.0,168997000.0,37982000.0,9975933860.0,7640000.0,0.0,-55519000.0,0.0,-15871000.0,-71390000.0,-6082000.0,-4784000.0,85112000.0,0.0,55034000.0,55034000.0,55034000.0,0.0,0.0,0.391,38276000.0,65660000.0,5098000.0,0.294,5.6,50.478,50.694,260852000.0,0.0,31.43,19.474,19.462,81447000.0,1108538000.0,140757000.0,140757000.0,21521000.0,,,,,8743000.0,16755000.0,1.0,317401650.0,316783000,362075000.0,0.444,1988433000.0,43754000.0,22478000.0,101336000.0,6.277,1558584000.0
59,LLTC,MRQ,2002-03-31,2002-03-31,2002-03-31,2019-04-29,0.0,1986443000.0,,1715995000.0,270448000.0,,5.641,-2511000.0,204066000.0,204066000.0,34518000.0,51480000.0,10.338,0.11,0.0,0.0,0.0,0.0,46673000.0,13895000.0,0.0,0.004,0.04,72507000.0,86402000.0,0.664,86402000.0,72507000.0,72507000.0,0.16,0.16,0.16,1789067000.0,,1789067000.0,13861492184.0,43.0,37.689,56946000.0,0.18,1.0,95637000.0,0.735,0.0,0.0,1616393000.0,,27342000.0,1335540000.0,1335540000.0,0.0,197376000.0,165984000.0,31392000.0,14033093184.0,32465000.0,0.0,-27547000.0,0.0,-12694000.0,-40241000.0,13249000.0,15760000.0,59457000.0,0.0,51480000.0,51480000.0,51480000.0,0.0,0.0,0.396,35692000.0,59945000.0,6917000.0,0.25,7.844,61.708,61.417,270448000.0,0.0,44.22,24.553,24.537,81441000.0,1131886000.0,130155000.0,130155000.0,20127000.0,,,,,10943000.0,15565000.0,1.0,317347200.0,317136000,317136000.0,0.41,1986443000.0,46875000.0,21027000.0,98314000.0,6.264,1550011000.0
60,LLTC,MRQ,2001-12-31,2001-12-30,2001-12-30,2019-04-29,0.0,1976946000.0,,1695114000.0,281832000.0,,5.578,-7018000.0,171601000.0,171601000.0,36133000.0,45965000.0,9.568,0.119,0.0,0.0,0.0,0.0,39920000.0,10861000.0,0.0,0.004,0.04,64740000.0,75601000.0,0.623,75601000.0,64740000.0,64740000.0,0.15,0.14,0.15,1766885000.0,,1766885000.0,12697876113.0,30.0,26.926,70934000.0,0.224,1.0,85133000.0,0.702,0.0,0.0,1628177000.0,,28007000.0,1351300000.0,1351300000.0,0.0,210061000.0,177168000.0,32893000.0,12827609113.0,41868000.0,0.0,9726000.0,0.0,-12663000.0,-2937000.0,-33147000.0,-26129000.0,77952000.0,0.0,45965000.0,45965000.0,45965000.0,0.0,0.0,0.379,33516000.0,51617000.0,8815000.0,0.267,7.26,42.527,42.208,281832000.0,0.0,40.52,17.732,17.742,77515000.0,1128339000.0,121266000.0,121266000.0,19369000.0,,,,,8939000.0,14147000.0,1.0,316574756.0,316749000,316749000.0,0.383,1976946000.0,43482000.0,18775000.0,99037000.0,6.241,1517946000.0
61,LLTC,MRQ,2001-09-30,2001-09-30,2001-09-30,2019-04-29,0.0,1916173000.0,,1630498000.0,285675000.0,,5.39,-7060000.0,129733000.0,129733000.0,37247000.0,45150000.0,9.684,0.117,0.0,0.0,0.0,0.0,41106000.0,10611000.0,0.0,0.004,0.04,63591000.0,74202000.0,0.618,74202000.0,63591000.0,63591000.0,0.14,0.14,0.14,1714918000.0,,1714918000.0,10158561437.0,19.0,17.881,27557000.0,0.087,1.0,82857000.0,0.69,0.0,0.0,1618078000.0,,27897000.0,1325171000.0,1325171000.0,0.0,201255000.0,168362000.0,32893000.0,10479667437.0,-191373000.0,0.0,-108878000.0,0.0,-12777000.0,-121655000.0,-104335000.0,-97275000.0,34617000.0,0.0,45150000.0,45150000.0,45150000.0,0.0,0.0,0.376,34980000.0,47877000.0,9004000.0,0.286,6.111,28.291,28.034,285675000.0,0.0,32.8,12.177,12.127,82891000.0,1097837000.0,120104000.0,120104000.0,18822000.0,,,,,9466000.0,16158000.0,1.0,319502056.0,318191000,318191000.0,0.377,1916173000.0,43482000.0,18441000.0,92663000.0,6.022,1462136000.0
62,LLTC,MRQ,2001-06-30,2001-07-01,2001-07-01,2019-04-29,0.0,2017074000.0,,1727848000.0,289226000.0,,5.598,-22714000.0,321106000.0,321106000.0,49308000.0,84817000.0,8.544,0.132,0.0,0.0,0.0,0.0,44481000.0,10413000.0,0.0,0.003,0.04,121167000.0,131580000.0,0.658,131580000.0,121167000.0,121167000.0,0.27,0.26,0.27,1781957000.0,,1781957000.0,13713696380.0,22.0,21.214,125056000.0,0.393,1.0,150705000.0,0.753,0.0,0.0,1493744000.0,,25592000.0,1227896000.0,1227896000.0,0.0,235117000.0,202224000.0,32893000.0,14052187380.0,-17385000.0,0.0,7227000.0,0.0,-12715000.0,-5488000.0,-159667000.0,-136953000.0,147770000.0,0.0,84817000.0,84817000.0,84817000.0,0.0,0.0,0.424,46070000.0,104635000.0,10615000.0,0.148,7.886,32.874,32.756,289226000.0,0.0,44.22,14.448,14.409,89836000.0,1173755000.0,200013000.0,200013000.0,23721000.0,,,,,17483000.0,22349000.0,1.0,317779000.0,318337000,380749000.0,0.628,2017074000.0,43482000.0,36350000.0,84228000.0,6.336,1525624000.0
63,LLTC,MRQ,2001-03-31,2001-04-01,2001-04-01,2019-04-29,0.0,1903234000.0,,1626309000.0,276925000.0,,5.314,-18201000.0,338491000.0,338491000.0,65192000.0,125703000.0,8.063,0.129,0.0,0.0,0.0,0.0,51836000.0,10619000.0,0.0,0.003,0.03,179575000.0,190194000.0,0.674,190194000.0,179575000.0,179575000.0,0.4,0.38,0.4,1685145000.0,,1685145000.0,12703443789.0,21.0,19.546,85499000.0,0.27,1.0,216829000.0,0.769,0.0,0.0,1363036000.0,,22970000.0,1090943000.0,1090943000.0,0.0,218089000.0,201707000.0,16382000.0,13004522789.0,37412000.0,0.0,7780000.0,0.0,-9490000.0,-1710000.0,-64578000.0,-46377000.0,103700000.0,0.0,125703000.0,125703000.0,125703000.0,0.0,0.0,0.446,53992000.0,162837000.0,14278000.0,0.075,7.717,30.154,29.971,276925000.0,0.0,41.06,13.221,13.237,120918000.0,1107875000.0,282021000.0,282021000.0,28532000.0,,,,,37040000.0,25460000.0,1.0,316719990.0,317098000,317098000.0,0.889,1903234000.0,32246000.0,53872000.0,69724000.0,6.002,1424602000.0
64,LLTC,MRQ,2000-12-31,2000-12-31,2000-12-31,2019-04-29,0.0,1792090000.0,,1522747000.0,269343000.0,,4.816,-38763000.0,301079000.0,301079000.0,61132000.0,114758000.0,6.052,0.176,0.0,0.0,0.0,0.0,46590000.0,8192000.0,0.0,0.002,0.03,163940000.0,172132000.0,0.666,172132000.0,163940000.0,163940000.0,0.36,0.34,0.36,1524112000.0,,1524112000.0,14434884538.0,26.0,25.06,126650000.0,0.4,1.0,197318000.0,0.763,0.0,0.0,1239415000.0,,21919000.0,1044566000.0,1044566000.0,0.0,267978000.0,251596000.0,16382000.0,14648299538.0,87664000.0,0.0,-45461000.0,0.0,-9501000.0,-54962000.0,-22787000.0,15976000.0,165413000.0,0.0,114758000.0,114758000.0,114758000.0,0.0,0.0,0.444,49990000.0,147328000.0,18874000.0,0.083,9.611,38.403,38.223,269343000.0,0.0,46.25,16.52,16.508,100892000.0,1002170000.0,258450000.0,258450000.0,25487000.0,,,,,8169000.0,24503000.0,1.0,316719990.0,316478000,316478000.0,0.817,1792090000.0,32246000.0,49182000.0,99876000.0,5.663,1271151000.0
65,LLTC,MRQ,2000-09-30,2000-10-01,2000-10-01,2019-04-29,0.0,1658287000.0,,1419515000.0,238772000.0,,4.611,-48183000.0,213415000.0,213415000.0,55490000.0,102178000.0,7.642,0.139,0.0,0.0,0.0,0.0,35288000.0,6564000.0,0.0,0.002,0.03,145969000.0,152533000.0,0.657,152533000.0,145969000.0,145969000.0,0.32,0.31,0.32,1456147000.0,,1456147000.0,20263921035.0,42.0,40.198,94498000.0,0.299,1.0,176651000.0,0.761,0.0,0.0,1259114000.0,,23454000.0,1060542000.0,1060542000.0,0.0,202140000.0,185758000.0,16382000.0,20494376035.0,-17040000.0,0.0,13359000.0,0.0,-9458000.0,3901000.0,-163622000.0,-115439000.0,142681000.0,0.0,102178000.0,102178000.0,102178000.0,0.0,0.0,0.44,45166000.0,131485000.0,34028000.0,0.094,14.074,61.799,61.085,238772000.0,0.0,64.75,25.925,25.865,74812000.0,947443000.0,232141000.0,232141000.0,24747000.0,,,,,27871000.0,20419000.0,1.0,316515460.0,315782000,315782000.0,0.735,1658287000.0,32246000.0,43791000.0,63580000.0,5.251,1233757000.0
66,LLTC,MRQ,2000-06-30,2000-07-02,2000-07-02,2019-04-29,0.0,1507256000.0,,1310103000.0,197153000.0,,4.21,-26897000.0,230455000.0,230455000.0,52007000.0,88631000.0,7.767,0.14,0.0,0.0,0.0,0.0,34488000.0,6607000.0,0.0,0.001,0.03,128448000.0,135055000.0,0.64,135055000.0,128448000.0,128448000.0,0.29,0.27,0.29,1322197000.0,,1322197000.0,19863928660.0,48.0,44.919,141085000.0,0.449,1.0,159010000.0,0.754,0.0,0.0,1108124000.0,,21912000.0,945103000.0,945103000.0,0.0,185059000.0,168677000.0,16382000.0,20018910660.0,75473000.0,0.0,16507000.0,0.0,-9401000.0,7106000.0,-99615000.0,-72718000.0,167982000.0,0.0,88631000.0,88631000.0,88631000.0,0.0,0.0,0.42,43417000.0,115593000.0,16829000.0,0.103,15.141,69.533,68.753,197153000.0,0.0,63.94,28.359,28.165,69326000.0,854723000.0,211017000.0,211017000.0,22222000.0,,,,,35024000.0,21195000.0,1.0,313089000.0,314031000,382227000.0,0.672,1507256000.0,32246000.0,39817000.0,48298000.0,4.8,1141426000.0
67,LLTC,MRQ,2000-03-31,2000-04-02,2000-04-02,2019-04-29,0.0,1340228000.0,,1163365000.0,176863000.0,,3.817,-29551000.0,154982000.0,154982000.0,47435000.0,75867000.0,8.655,0.125,0.0,0.0,0.0,0.0,40531000.0,6331000.0,0.0,0.001,0.02,109952000.0,116283000.0,0.628,116283000.0,109952000.0,109952000.0,0.24,0.23,0.24,1191436000.0,,1191436000.0,16925809000.0,46.0,43.103,66670000.0,0.214,1.0,137640000.0,0.744,0.0,0.0,1050824000.0,,19828000.0,872385000.0,872385000.0,0.0,148792000.0,134422000.0,14370000.0,17110170000.0,-29379000.0,0.0,13349000.0,0.0,-6226000.0,7123000.0,-132723000.0,-103172000.0,96221000.0,0.0,75867000.0,75867000.0,75867000.0,0.0,0.0,0.41,38829000.0,98811000.0,13264000.0,0.083,14.361,67.508,67.073,176863000.0,0.0,55.0,26.927,27.016,74247000.0,775493000.0,185075000.0,185075000.0,19435000.0,,,,,30643000.0,19394000.0,1.0,311094000.0,312119000,312119000.0,0.593,1340228000.0,30118000.0,34085000.0,35849000.0,4.294,1028943000.0
68,LLTC,MRQ,1999-12-31,2000-01-02,2000-01-02,2019-04-29,0.0,1231755000.0,,1078112000.0,153643000.0,,3.48,-14246000.0,184361000.0,184361000.0,41538000.0,64951000.0,7.75,0.143,0.0,0.0,0.0,0.0,42691000.0,6094000.0,0.0,0.002,0.02,94134000.0,100228000.0,0.618,100228000.0,94134000.0,94134000.0,0.21,0.2,0.21,1077803000.0,,1077803000.0,10924761680.0,33.0,30.748,79707000.0,0.257,1.0,120756000.0,0.744,0.0,0.0,908287000.0,,18175000.0,769213000.0,769213000.0,0.0,153952000.0,139107000.0,14845000.0,11042583680.0,66539000.0,0.0,18908000.0,0.0,-6172000.0,12736000.0,-40150000.0,-25904000.0,93953000.0,0.0,64951000.0,64951000.0,64951000.0,0.0,0.0,0.4,36926000.0,83830000.0,11892000.0,0.095,10.245,48.557,48.351,153643000.0,0.0,35.78,19.024,19.093,69109000.0,705852000.0,162294000.0,162294000.0,18757000.0,,,,,26152000.0,18169000.0,1.0,308624474.0,309744000,309744000.0,0.524,1231755000.0,28116000.0,29183000.0,30921000.0,3.977,939005000.0
69,LLTC,MRQ,1999-09-30,1999-09-26,1999-09-26,2019-04-29,0.0,1131923000.0,,986432000.0,145491000.0,,3.163,-9615000.0,117822000.0,117822000.0,37969000.0,58457000.0,6.893,0.162,0.0,0.0,0.0,0.0,39266000.0,5926000.0,0.0,0.002,0.02,84720000.0,90646000.0,0.614,90646000.0,84720000.0,84720000.0,0.19,0.18,0.19,973964000.0,,973964000.0,9668191727.0,32.0,29.493,74556000.0,0.242,1.0,109562000.0,0.743,0.0,0.0,870987000.0,,16423000.0,743309000.0,743309000.0,0.0,157959000.0,143114000.0,14845000.0,9822411727.0,-36398000.0,0.0,6019000.0,0.0,-6151000.0,-132000.0,-120437000.0,-110822000.0,84171000.0,0.0,58457000.0,58457000.0,58457000.0,0.0,0.0,0.396,33400000.0,76162000.0,10333000.0,0.105,10.085,47.14,46.489,145491000.0,0.0,31.845,18.252,18.22,69257000.0,647073000.0,147531000.0,147531000.0,17885000.0,,,,,8845000.0,15515000.0,1.0,308444394.0,307918000,307918000.0,0.479,1131923000.0,28116000.0,26263000.0,56616000.0,3.676,843318000.0
70,LLTC,MRQ,1999-06-30,1999-06-27,1999-06-27,2019-04-29,0.0,1046914000.0,,905112000.0,141802000.0,,2.954,-6457000.0,154220000.0,154220000.0,36487000.0,54179000.0,7.225,0.155,0.0,0.0,0.0,0.0,35464000.0,5852000.0,0.0,0.002,0.02,79677000.0,85529000.0,0.609,85529000.0,79677000.0,79677000.0,0.18,0.17,0.18,906794000.0,,906794000.0,9384978944.0,33.0,30.501,88548000.0,0.288,1.0,104037000.0,0.74,0.0,0.0,767419000.0,,15524000.0,632487000.0,632487000.0,0.0,140120000.0,125275000.0,14845000.0,9488889944.0,50309000.0,0.0,8992000.0,0.0,-6125000.0,2867000.0,-47563000.0,-41106000.0,95005000.0,0.0,54179000.0,54179000.0,54179000.0,0.0,0.0,0.386,31788000.0,72249000.0,7873000.0,0.111,10.464,48.838,48.438,141802000.0,0.0,31.0,18.728,18.602,62188000.0,594767000.0,140524000.0,140524000.0,15958000.0,,,,,9688000.0,15830000.0,1.0,306093224.0,306938000,362330000.0,0.458,1046914000.0,28116000.0,25498000.0,42249000.0,3.411,779837000.0
71,LLTC,MRQ,1999-03-31,1999-03-28,1999-03-28,2019-04-29,0.0,961251000.0,,820054000.0,141197000.0,,2.763,-6973000.0,103911000.0,103911000.0,35643000.0,49828000.0,7.642,0.144,0.0,0.0,0.0,0.0,33089000.0,5619000.0,0.0,0.003,0.018,73277000.0,78896000.0,0.606,78896000.0,73277000.0,73277000.0,0.16,0.16,0.16,840060000.0,,840060000.0,7444948738.0,27.0,24.673,68482000.0,0.225,1.0,94450000.0,0.726,0.0,0.0,750031000.0,,15775000.0,591381000.0,591381000.0,0.0,121191000.0,107309000.0,13882000.0,7540736738.0,8123000.0,0.0,21040000.0,0.0,-5332000.0,15708000.0,-83040000.0,-76067000.0,75455000.0,0.0,49828000.0,49828000.0,49828000.0,0.0,0.0,0.383,27931000.0,66519000.0,10343000.0,0.113,8.976,39.768,40.371,141197000.0,0.0,25.03,15.137,15.277,64833000.0,546713000.0,130093000.0,130093000.0,14544000.0,,,,,32131000.0,13387000.0,1.0,301267948.0,304058000,304058000.0,0.428,961251000.0,35817000.0,23449000.0,34996000.0,3.161,712745000.0
72,LLTC,MRQ,1998-12-31,1998-12-27,1998-12-27,2019-04-29,0.0,874304000.0,,734461000.0,139843000.0,,2.468,-4861000.0,95788000.0,95788000.0,34029000.0,45904000.0,6.223,0.178,0.0,0.0,0.0,0.0,32105000.0,5238000.0,0.0,0.003,0.018,67506000.0,72744000.0,0.606,72744000.0,67506000.0,67506000.0,0.155,0.145,0.155,742393000.0,,742393000.0,6227973870.0,22.0,20.85,43107000.0,0.143,1.0,85991000.0,0.716,0.0,0.0,660488000.0,,15944000.0,515314000.0,515314000.0,0.0,131911000.0,118028000.0,13883000.0,6328814870.0,-5053000.0,0.0,-2229000.0,0.0,-5249000.0,-7478000.0,-45543000.0,-40682000.0,47968000.0,0.0,45904000.0,45904000.0,45904000.0,0.0,0.0,0.382,25028000.0,60963000.0,6501000.0,0.116,8.525,33.851,34.224,139843000.0,0.0,21.047,12.81,12.814,63383000.0,502217000.0,120020000.0,120020000.0,12623000.0,,,,,4854000.0,12405000.0,1.0,300692000.0,300788000,300788000.0,0.399,874304000.0,35817000.0,21602000.0,45229000.0,2.907,616433000.0
73,LLTC,MRQ,1998-09-30,1998-09-27,1998-09-27,2019-04-29,0.0,839849000.0,,699629000.0,140220000.0,,2.297,-20837000.0,100841000.0,100841000.0,33662000.0,44382000.0,5.515,0.201,0.0,0.0,0.0,0.0,32051000.0,5263000.0,0.0,0.004,0.018,65267000.0,70530000.0,0.608,70530000.0,65267000.0,65267000.0,0.145,0.14,0.145,699113000.0,,699113000.0,4215430377.0,15.0,14.23,41166000.0,0.135,1.0,82370000.0,0.71,0.0,0.0,612154000.0,,15658000.0,474632000.0,474632000.0,0.0,140736000.0,126854000.0,13882000.0,4344163377.0,-27892000.0,0.0,-98207000.0,0.0,-5379000.0,-103586000.0,13691000.0,34528000.0,62003000.0,0.0,44382000.0,44382000.0,44382000.0,0.0,0.0,0.382,24175000.0,58195000.0,6778000.0,0.124,6.214,23.528,23.439,140220000.0,0.0,14.11,8.847,8.746,65394000.0,469682000.0,116032000.0,116032000.0,11537000.0,,,,,2404000.0,12638000.0,1.0,307878340.0,304376000,316596000.0,0.381,839849000.0,35817000.0,20885000.0,63931000.0,2.759,572775000.0
74,LLTC,MRQ,1998-06-30,1998-06-28,1998-06-28,2019-04-29,0.0,892822000.0,,768176000.0,124646000.0,,2.464,-3982000.0,128733000.0,128733000.0,36825000.0,49503000.0,6.244,0.181,0.0,0.0,0.0,0.0,33377000.0,5323000.0,0.0,0.004,0.015,74255000.0,79578000.0,0.603,79578000.0,74255000.0,74255000.0,0.16,0.17,0.16,755913000.0,,755913000.0,4542313060.0,17.0,15.589,69608000.0,0.227,1.0,95186000.0,0.721,0.0,0.0,641063000.0,,16120000.0,509160000.0,509160000.0,0.0,136909000.0,123026000.0,13883000.0,4659683060.0,11363000.0,0.0,5641000.0,0.0,-4599000.0,1042000.0,-63269000.0,-59287000.0,73590000.0,0.0,49503000.0,49503000.0,49503000.0,0.0,0.0,0.375,27637000.0,67549000.0,8241000.0,0.094,6.164,25.758,25.691,124646000.0,0.0,15.158,9.612,9.544,68539000.0,525258000.0,132011000.0,132011000.0,12830000.0,,,,,6347000.0,14807000.0,1.0,307417652.0,306796000,365220000.0,0.43,892822000.0,35817000.0,24752000.0,46632000.0,2.91,645150000.0
75,LLTC,MRQ,1998-03-31,1998-03-29,1998-03-29,2019-04-29,0.0,809418000.0,,683431000.0,125987000.0,,2.295,-5165000.0,117370000.0,117370000.0,35924000.0,47174000.0,6.32,0.158,0.0,0.0,0.0,0.0,34225000.0,5129000.0,0.0,0.003,0.015,70727000.0,75856000.0,0.602,75856000.0,70727000.0,70727000.0,0.155,0.15,0.155,699021000.0,,699021000.0,5141703601.0,20.0,18.881,54440000.0,0.179,1.0,90058000.0,0.715,0.0,0.0,583907000.0,,14995000.0,449873000.0,449873000.0,0.0,110397000.0,108141000.0,2256000.0,5202503601.0,56570000.0,0.0,4651000.0,0.0,-4548000.0,103000.0,-3138000.0,2027000.0,59605000.0,0.0,47174000.0,47174000.0,47174000.0,0.0,0.0,0.374,25374000.0,64684000.0,9087000.0,0.097,7.443,30.82,30.914,125987000.0,0.0,17.157,11.387,11.436,67083000.0,480354000.0,125982000.0,125982000.0,11973000.0,,,,,13802000.0,13401000.0,1.0,303220376.0,304520000,304520000.0,0.414,809418000.0,30168000.0,23553000.0,29414000.0,2.658,575290000.0
76,LLTC,MRQ,1997-12-31,1997-12-28,1997-12-28,2019-04-29,0.0,749125000.0,,623174000.0,125951000.0,,2.073,-8826000.0,60800000.0,60800000.0,33646000.0,43582000.0,5.396,0.185,0.0,0.0,0.0,0.0,30236000.0,4938000.0,0.0,0.004,0.015,65340000.0,70278000.0,0.601,70278000.0,65340000.0,65340000.0,0.142,0.138,0.142,632037000.0,,632037000.0,,,,57508000.0,0.189,1.0,83358000.0,0.712,0.0,0.0,572833000.0,,15107000.0,451900000.0,451900000.0,0.0,117088000.0,115492000.0,1596000.0,4069975497.0,6593000.0,0.0,-46197000.0,0.0,-4595000.0,-50792000.0,-8949000.0,-123000.0,66334000.0,0.0,43582000.0,43582000.0,43582000.0,0.0,0.0,0.372,23683000.0,59675000.0,17214000.0,0.106,6.439,26.155,26.165,125951000.0,0.0,13.422,9.556,9.607,56855000.0,437728000.0,117004000.0,117004000.0,10777000.0,,,,,4078000.0,12906000.0,1.0,303220376.0,304848000,304848000.0,0.384,749125000.0,30698000.0,21758000.0,30540000.0,2.457,507682000.0
77,LLTC,MRQ,1997-09-30,1997-09-28,1997-09-28,2019-04-29,,,,,,,,-6448000.0,,,31384000.0,40643000.0,,,,,,,,4732000.0,,0.003,0.015,60935000.0,65667000.0,0.598,65667000.0,60935000.0,60935000.0,0.133,0.128,0.133,,,,,,,61063000.0,0.2,1.0,78418000.0,0.714,,0.0,,,,,,,,,,,4093000.0,0.0,6056000.0,0.0,-4574000.0,1482000.0,-64900000.0,-58452000.0,67511000.0,0.0,40643000.0,40643000.0,40643000.0,0.0,0.0,0.37,22779000.0,55639000.0,,0.113,,,37.437,,0.0,17.782,,13.59,,,109802000.0,109802000.0,10618000.0,,,,,9898000.0,12161000.0,1.0,,304928000,320280000.0,0.36,,,20292000.0,,,
78,LLTC,MRQ,1997-06-30,1997-06-29,1997-06-29,2019-04-29,0.0,679633000.0,,559286000.0,120347000.0,,1.946,-2201000.0,50114000.0,50114000.0,30501000.0,37402000.0,6.285,0.154,0.0,0.0,0.0,0.0,29986000.0,3590000.0,0.0,0.004,0.013,56929000.0,60519000.0,0.581,60519000.0,56929000.0,56929000.0,0.125,0.12,0.125,589051000.0,,589051000.0,,,,54432000.0,0.18,1.0,73574000.0,0.707,0.0,0.0,540533000.0,,12185000.0,393325000.0,393325000.0,0.0,90582000.0,88986000.0,1596000.0,,6006000.0,0.0,5856000.0,0.0,-3770000.0,2086000.0,-52713000.0,-50512000.0,56633000.0,0.0,37402000.0,37402000.0,37402000.0,0.0,0.0,0.359,21271000.0,52303000.0,7872000.0,0.104,,,27.917,120347000.0,0.0,12.563,,9.936,64836000.0,416648000.0,104075000.0,104075000.0,9740000.0,,,,,8699000.0,11531000.0,1.0,,302736000,317348000.0,0.344,679633000.0,30698000.0,19527000.0,17720000.0,2.245,470300000.0
79,LLTC,MRQ,1997-03-31,1997-03-30,1997-03-30,2019-04-29,,,,,,,,-6780000.0,,,27435000.0,33980000.0,,,,,,,,3010000.0,,0.004,0.013,51720000.0,54730000.0,0.576,54730000.0,51720000.0,51720000.0,0.113,0.107,0.113,,,,,,,33012000.0,0.11,1.0,67598000.0,0.711,,0.0,,,,,,,,,,,-14258000.0,0.0,5312000.0,0.0,-3758000.0,1554000.0,-55604000.0,-48824000.0,39792000.0,0.0,33980000.0,33980000.0,33980000.0,0.0,0.0,0.358,19909000.0,47689000.0,,0.115,,,,,0.0,11.5,,,,,95033000.0,95033000.0,9268000.0,,,,,12148000.0,10641000.0,1.0,,300552000,315972000.0,0.316,,,17740000.0,,,
80,LLTC,MRQ,1996-12-31,1996-12-29,1996-12-29,2019-04-29,,,,,,,,,,,26033000.0,31631000.0,,,,,,,,,,0.004,0.013,48146000.0,,,,48146000.0,48146000.0,0.105,0.1,0.105,,,,,,,,,1.0,64047000.0,0.711,,0.0,,,,,,,,,,,,,,,,,,,,,31631000.0,31631000.0,31631000.0,0.0,0.0,0.351,19634000.0,44413000.0,,0.124,,,,,0.0,10.75,,,,,90080000.0,90080000.0,8207000.0,,,,,,11427000.0,1.0,,298464000,313024000.0,0.302,,,16515000.0,,,
0,LLTC,MRT,2016-12-31,2017-01-01,2017-01-01,2019-04-29,-198000.0,2191481000.0,2092934500.0,1902047000.0,289434000.0,0.709,7.639,-46657000.0,330006000.0,330006000.0,357028000.0,499875000.0,9.528,0.167,0.0,0.0,0.0,0.0,49489000.0,51634000.0,0.0,0.021,1.28,651647000.0,703281000.0,0.474,703281000.0,651647000.0,651647000.0,2.04,2.03,2.04,1877812000.0,1782227750.0,1877812000.0,14769177571.0,23.0,21.0,652895000.0,2.656,1.0,1127575000.0,0.76,8285000.0,0.0,1653573000.0,1629151750.0,98548000.0,1279819000.0,1279819000.0,0.0,313669000.0,199617000.0,114052000.0,14986312571.0,151896000.0,0.0,-47564000.0,0.0,-313863000.0,-351196000.0,-196460000.0,-149803000.0,699552000.0,0.0,499875000.0,499875000.0,499875000.0,0.0,0.0,0.337,483850000.0,643725000.0,17197000.0,0.627,7.981,29.98,30.564,281149000.0,0.0,62.35,10.094,10.323,145135000.0,-314459000.0,1484603000.0,1484603000.0,293365000.0,0.239,0.28,0.4,0.439,73655000.0,190485000.0,1.0,240357860.0,245804000,246280000.0,6.04,2183196000.0,0.0,151772000.0,74618000.0,8.882,1702430000.0
1,LLTC,MRT,2016-09-30,2016-10-02,2016-10-02,2019-04-29,620000.0,2125396000.0,2031738250.0,1834990000.0,290406000.0,0.717,7.374,-45505000.0,217135000.0,217135000.0,350422000.0,497421000.0,8.982,0.175,0.0,0.0,0.0,0.0,48759000.0,51337000.0,0.0,0.021,1.26,640019000.0,691356000.0,0.475,691356000.0,640019000.0,640019000.0,2.04,2.03,2.04,1808601000.0,1723918500.0,1808601000.0,13949390735.0,22.0,20.177,631587000.0,2.575,1.0,1105492000.0,0.759,8835000.0,0.0,1695120000.0,1613454500.0,98073000.0,1304011000.0,1304011000.0,0.0,316795000.0,204306000.0,112489000.0,14213072735.0,-333000.0,0.0,-56349000.0,0.0,-308654000.0,-354850000.0,-322575000.0,-277070000.0,677092000.0,0.0,497421000.0,497421000.0,497421000.0,0.0,0.0,0.342,472555000.0,632937000.0,17019000.0,0.618,7.859,28.574,29.064,281571000.0,0.0,59.29,9.762,9.988,162434000.0,-351883000.0,1455914000.0,1455914000.0,286219000.0,0.245,0.289,0.397,0.44,70931000.0,186336000.0,1.0,239721247.0,245271000,245709000.0,5.936,2116561000.0,0.0,142598000.0,104617000.0,8.629,1630684000.0
2,LLTC,MRT,2016-06-30,2016-07-03,2016-07-03,2019-04-29,1235000.0,2049981000.0,1974630500.0,1754730000.0,295251000.0,0.721,7.19,-47333000.0,263682000.0,263682000.0,343801000.0,494346000.0,9.75,0.165,0.0,0.0,0.0,0.0,48701000.0,51409000.0,0.0,0.027,1.24,639449000.0,690858000.0,0.485,690858000.0,639449000.0,639449000.0,2.02,2.02,2.02,1759175000.0,1668100000.0,1759175000.0,10801648527.0,17.0,15.635,637724000.0,2.607,1.0,1080135000.0,0.759,9385000.0,0.0,1596948000.0,1560466000.0,97251000.0,1184593000.0,1184593000.0,0.0,290806000.0,179966000.0,110840000.0,11051118527.0,68003000.0,0.0,-97853000.0,0.0,-303358000.0,-393214000.0,-223840000.0,-176507000.0,685057000.0,0.0,494346000.0,494346000.0,494346000.0,0.0,0.0,0.347,446582000.0,633553000.0,17465000.0,0.614,6.282,22.355,22.881,285866000.0,0.0,46.22,7.761,7.942,157460000.0,-379210000.0,1423936000.0,1423936000.0,276462000.0,0.25,0.296,0.41,0.449,71445000.0,170120000.0,1.0,239098194.0,244662000,245048000.0,5.82,2040596000.0,0.0,145103000.0,71730000.0,8.34,1574764000.0
3,LLTC,MRT,2016-03-31,2016-04-03,2016-04-03,2019-04-29,706000.0,2004880000.0,1933155000.0,1709886000.0,294994000.0,0.74,6.884,-42702000.0,249470000.0,249470000.0,346396000.0,494686000.0,9.798,0.191,0.0,0.0,0.0,0.0,48410000.0,52376000.0,0.0,0.027,1.22,643499000.0,695875000.0,0.487,695875000.0,643499000.0,643499000.0,2.03,2.02,2.03,1683323000.0,1622788000.0,1683323000.0,10592453385.0,16.0,15.222,628806000.0,2.572,1.0,1083257000.0,0.758,9935000.0,0.0,1570966000.0,1534703250.0,94213000.0,1113577000.0,1113577000.0,0.0,321557000.0,174509000.0,147048000.0,10770563385.0,43403000.0,0.0,-113448000.0,0.0,-298428000.0,-400904000.0,-227201000.0,-184499000.0,671508000.0,0.0,494686000.0,494686000.0,494686000.0,0.0,0.0,0.346,444834000.0,638423000.0,22216000.0,0.601,6.398,21.773,22.167,285059000.0,0.0,45.0,7.534,7.697,152891000.0,-426697000.0,1429653000.0,1429653000.0,275091000.0,0.256,0.305,0.419,0.45,67230000.0,169743000.0,1.0,239345853.0,244524000,244764000.0,5.847,1994945000.0,38908000.0,148813000.0,120291000.0,8.158,1535377000.0
4,LLTC,MRT,2015-12-31,2016-01-03,2016-01-03,2019-04-29,-474000.0,1946696000.0,1881106500.0,1652284000.0,294412000.0,0.766,6.724,-40554000.0,178110000.0,178110000.0,349583000.0,501481000.0,9.875,0.184,0.0,0.0,0.0,0.0,48087000.0,53356000.0,0.0,0.028,1.2,653862000.0,707218000.0,0.491,707218000.0,653862000.0,653862000.0,2.05,2.05,2.05,1644575000.0,1579814750.0,1644575000.0,9939022656.0,15.0,14.054,606774000.0,2.481,1.0,1090966000.0,0.757,10485000.0,0.0,1590784000.0,1495220750.0,94079000.0,1129594000.0,1129594000.0,0.0,302121000.0,167317000.0,134804000.0,10156490656.0,41821000.0,0.0,-93074000.0,0.0,-293653000.0,-371607000.0,-233900000.0,-193346000.0,647328000.0,0.0,501481000.0,501481000.0,501481000.0,0.0,0.0,0.348,441468000.0,649498000.0,13867000.0,0.585,6.176,20.253,20.717,283927000.0,0.0,42.47,7.05,7.211,145046000.0,-451239000.0,1440549000.0,1440549000.0,272546000.0,0.267,0.317,0.437,0.454,61303000.0,168922000.0,1.0,239145059.0,244591000,244880000.0,5.89,1936211000.0,49851000.0,152381000.0,93131000.0,7.916,1484967000.0
5,LLTC,MRT,2015-09-30,2015-09-27,2015-09-27,2019-04-29,999000.0,1896965000.0,1826569500.0,1600726000.0,296239000.0,0.792,6.474,-45803000.0,217468000.0,217468000.0,351925000.0,503551000.0,8.639,0.197,0.0,0.0,0.0,0.0,47228000.0,54132000.0,0.0,0.03,1.17,661348000.0,715480000.0,0.495,715480000.0,661348000.0,661348000.0,2.06,2.06,2.06,1585327000.0,1528294000.0,1585327000.0,9159667312.0,14.0,12.802,592482000.0,2.42,1.0,1094071000.0,0.757,11035000.0,0.0,1483166000.0,1449970750.0,96138000.0,1027525000.0,1027525000.0,0.0,311638000.0,185296000.0,126342000.0,9355346312.0,71412000.0,0.0,-105069000.0,0.0,-285977000.0,-376431000.0,-190442000.0,-144639000.0,638285000.0,0.0,503551000.0,503551000.0,503551000.0,0.0,0.0,0.348,435819000.0,658252000.0,13920000.0,0.568,5.901,18.579,18.942,285204000.0,0.0,39.02,6.47,6.608,153672000.0,-481067000.0,1445996000.0,1445996000.0,267763000.0,0.276,0.329,0.456,0.457,59471000.0,168056000.0,1.0,239757722.0,244863000,245234000.0,5.905,1885930000.0,48336000.0,157797000.0,127028000.0,7.702,1415430000.0
6,LLTC,MRT,2015-06-30,2015-06-28,2015-06-28,2019-04-29,561000.0,1884079000.0,1775394000.0,1584752000.0,299327000.0,0.831,6.456,-62560000.0,195679000.0,195679000.0,355727000.0,520963000.0,8.664,0.194,0.0,0.0,0.0,0.0,46860000.0,54098000.0,0.0,0.025,1.14,685389000.0,739487000.0,0.501,739487000.0,685389000.0,685389000.0,2.13,2.12,2.13,1577927000.0,1477781750.0,1577927000.0,10658570390.0,16.0,14.413,536359000.0,2.195,1.0,1119412000.0,0.759,11585000.0,0.0,1493897000.0,1412635250.0,99861000.0,1007043000.0,1007043000.0,0.0,306152000.0,182918000.0,123234000.0,10864637390.0,38356000.0,0.0,-83528000.0,0.0,-278404000.0,-346742000.0,-213821000.0,-151261000.0,598919000.0,0.0,520963000.0,520963000.0,520963000.0,0.0,0.0,0.353,436713000.0,682699000.0,17608000.0,0.535,6.885,20.855,21.3,287742000.0,0.0,45.37,7.365,7.517,179264000.0,-475124000.0,1475139000.0,1475139000.0,266761000.0,0.293,0.353,0.485,0.465,56941000.0,169952000.0,1.0,239467432.0,244408000,245218000.0,6.036,1872494000.0,48493000.0,164426000.0,91434000.0,7.661,1401834000.0
7,LLTC,MRT,2015-03-31,2015-03-29,2015-03-29,2019-04-29,799000.0,1796686000.0,1718268750.0,1492018000.0,304668000.0,0.85,6.187,-75197000.0,206067000.0,206067000.0,352459000.0,517983000.0,9.018,0.189,0.0,0.0,0.0,0.0,47560000.0,53212000.0,0.0,0.024,1.11,679940000.0,733152000.0,0.502,733152000.0,679940000.0,675784000.0,2.12,2.12,2.12,1511430000.0,1416142250.0,1511430000.0,11029302231.0,16.0,15.044,566099000.0,2.317,1.0,1108625000.0,0.759,12135000.0,4156000.0,1413036000.0,1356499750.0,102640000.0,929217000.0,929217000.0,0.0,285256000.0,165448000.0,119808000.0,11165591231.0,-600302000.0,0.0,-91876000.0,-845087000.0,-271062000.0,-1194951000.0,-46647000.0,28550000.0,641296000.0,0.0,517983000.0,517983000.0,517983000.0,0.0,0.0,0.355,430852000.0,677773000.0,19408000.0,0.524,7.387,21.556,22.019,292533000.0,0.0,46.68,7.642,7.805,159964000.0,-508023000.0,1461084000.0,1461084000.0,262586000.0,0.301,0.366,0.501,0.465,56342000.0,168266000.0,1.0,239194328.0,244286000,245084000.0,5.981,1784551000.0,44185000.0,157801000.0,100028000.0,7.305,1326570000.0
8,LLTC,MRT,2014-12-31,2014-12-28,2014-12-28,2019-04-29,-258000.0,1728548000.0,1858199500.0,1421334000.0,307214000.0,0.773,5.895,-72890000.0,136289000.0,136289000.0,347791000.0,500403000.0,8.371,0.202,0.0,0.0,0.0,0.0,47083000.0,52397000.0,0.0,0.023,1.08,666792000.0,719189000.0,0.5,719189000.0,666792000.0,650220000.0,2.06,2.05,2.06,1438492000.0,1344202500.0,1438492000.0,10943281292.0,16.0,15.216,516928000.0,2.118,1.0,1089278000.0,0.758,12685000.0,16572000.0,1409784000.0,1340906500.0,100141000.0,936577000.0,936577000.0,0.0,290056000.0,169790000.0,120266000.0,11089337292.0,-276834000.0,0.0,-67338000.0,-845087000.0,-262784000.0,-1161250000.0,294598000.0,367488000.0,589818000.0,0.0,500403000.0,500403000.0,500403000.0,0.0,0.0,0.348,424353000.0,664925000.0,20017000.0,0.524,7.709,22.161,22.568,294529000.0,0.0,46.49,7.717,7.895,148584000.0,-550813000.0,1437069000.0,1437069000.0,257615000.0,0.269,0.372,0.497,0.464,53188000.0,166738000.0,1.0,238531669.0,244033000,244591000.0,5.889,1715863000.0,47492000.0,149817000.0,76991000.0,7.031,1251544000.0
9,LLTC,MRT,2014-09-30,2014-09-28,2014-09-28,2019-04-29,158000.0,1692263000.0,1993937000.0,1387695000.0,304568000.0,0.712,5.666,-60698000.0,146056000.0,146056000.0,343586000.0,481552000.0,6.968,0.223,0.0,0.0,0.0,0.0,46705000.0,51634000.0,0.0,0.024,1.07,660333000.0,711967000.0,0.502,711967000.0,660333000.0,631424000.0,1.99,1.98,1.99,1383278000.0,1269094000.0,1383278000.0,10439735481.0,16.0,14.663,549907000.0,2.252,1.0,1075503000.0,0.758,13235000.0,28909000.0,1333824000.0,1401266750.0,97642000.0,881587000.0,881587000.0,0.0,308985000.0,199148000.0,109837000.0,10597058481.0,-128910000.0,0.0,-19042000.0,-845087000.0,-258985000.0,-1111403000.0,371888000.0,432586000.0,610605000.0,0.0,481552000.0,481552000.0,481552000.0,0.0,0.0,0.339,417575000.0,657928000.0,27037000.0,0.538,7.661,22.006,22.327,291333000.0,0.0,44.43,7.468,7.644,175494000.0,-581086000.0,1419089000.0,1419089000.0,254522000.0,0.242,0.379,0.471,0.465,54508000.0,163053000.0,1.0,238511332.0,244145000,244801000.0,5.812,1679028000.0,46446000.0,149872000.0,113487000.0,6.877,1188547000.0
10,LLTC,MRT,2014-06-30,2014-06-29,2014-06-29,2019-04-29,355000.0,1655578000.0,2118347000.0,1364713000.0,290865000.0,0.655,5.536,-37669000.0,157323000.0,157323000.0,338580000.0,459961000.0,6.344,0.244,0.0,0.0,0.0,0.0,45619000.0,51255000.0,0.0,0.023,1.06,642436000.0,693691000.0,0.5,693691000.0,642436000.0,601268000.0,1.91,1.9,1.91,1331369000.0,1186375750.0,1331369000.0,11079202895.0,17.0,15.971,558758000.0,2.323,1.0,1049806000.0,0.756,13785000.0,41168000.0,1269355000.0,1489570500.0,91310000.0,855464000.0,855464000.0,0.0,324209000.0,215115000.0,109094000.0,11042369895.0,30673000.0,0.0,18705000.0,-845087000.0,-255305000.0,-1070649000.0,504895000.0,542564000.0,596427000.0,0.0,459961000.0,459961000.0,459961000.0,0.0,0.0,0.331,410076000.0,639730000.0,28221000.0,0.555,8.294,24.007,24.44,277080000.0,0.0,46.68,7.953,8.086,173340000.0,-616992000.0,1388386000.0,1388386000.0,250434000.0,0.217,0.388,0.431,0.463,54090000.0,159642000.0,1.0,236554625.0,240498000,242551000.0,5.773,1641793000.0,46294000.0,141307000.0,109730000.0,6.827,1149598000.0
11,LLTC,MRT,2014-03-31,2014-03-30,2014-03-30,2019-04-29,-112000.0,2356409000.0,2229037750.0,2073726000.0,282683000.0,0.606,5.084,-22074000.0,806369000.0,806369000.0,332315000.0,432167000.0,2.017,0.926,843202000.0,843202000.0,0.0,843202000.0,43194000.0,51241000.0,0.0,0.022,1.05,618442000.0,669683000.0,0.496,669683000.0,618442000.0,569248000.0,1.81,1.8,1.81,1223671000.0,1099010500.0,1223671000.0,11713287046.0,19.0,17.491,534531000.0,2.221,1.0,1017908000.0,0.754,14335000.0,49194000.0,1350663000.0,1611345500.0,87675000.0,956359000.0,956359000.0,0.0,1132738000.0,1028244000.0,104494000.0,11288811046.0,612174000.0,0.0,18942000.0,0.0,-251108000.0,-225229000.0,280798000.0,302872000.0,556605000.0,0.0,432167000.0,432167000.0,432167000.0,0.0,0.0,0.32,402740000.0,615168000.0,18353000.0,0.58,9.225,26.121,26.436,268348000.0,0.0,47.85,8.361,8.529,182032000.0,-650833000.0,1350223000.0,1350223000.0,246209000.0,0.194,0.393,0.384,0.458,59829000.0,156531000.0,1.0,235920816.0,240669000,243992000.0,5.61,2342074000.0,0.0,137081000.0,105423000.0,9.732,1045482000.0
12,LLTC,MRT,2013-12-31,2013-12-29,2013-12-29,2019-04-29,8000.0,2271498000.0,2158368250.0,1984777000.0,286721000.0,0.61,4.758,-17504000.0,413123000.0,413123000.0,327095000.0,425528000.0,1.927,0.996,837599000.0,837599000.0,0.0,837599000.0,42452000.0,52330000.0,0.0,0.017,0.78,596446000.0,648776000.0,0.493,648776000.0,596446000.0,547562000.0,1.79,1.78,1.79,1138058000.0,1030710000.0,1138058000.0,11183412099.0,19.0,17.238,564374000.0,2.359,1.0,989664000.0,0.752,14885000.0,48884000.0,1651225000.0,1910635750.0,87795000.0,1304467000.0,1304467000.0,0.0,1133440000.0,1029864000.0,103576000.0,10626303099.0,305602000.0,0.0,38905000.0,0.0,-185980000.0,-145246000.0,-131030000.0,-113526000.0,581878000.0,0.0,425528000.0,425528000.0,425528000.0,0.0,0.0,0.323,396915000.0,592749000.0,13533000.0,0.436,9.337,24.972,25.352,271836000.0,0.0,45.38,8.07,8.244,138526000.0,-687789000.0,1316759000.0,1316759000.0,242597000.0,0.197,0.413,0.312,0.453,64360000.0,154318000.0,1.0,234162695.0,239206000,240670000.0,5.505,2256613000.0,0.0,122034000.0,96749000.0,9.434,954913000.0
13,LLTC,MRT,2013-09-30,2013-09-29,2013-09-29,2019-04-29,53000.0,2189903000.0,2071282250.0,1894399000.0,295504000.0,0.622,4.419,-18147000.0,274966000.0,274966000.0,322759000.0,409611000.0,1.814,1.081,832075000.0,832075000.0,0.0,832075000.0,42245000.0,53855000.0,0.0,0.026,1.03,578186000.0,632041000.0,0.491,632041000.0,578186000.0,529585000.0,1.73,1.72,1.73,1052405000.0,944322250.0,1052405000.0,9934546540.0,17.0,15.718,494849000.0,2.078,1.0,964686000.0,0.749,15435000.0,48601000.0,1687039000.0,2110724500.0,86996000.0,1314481000.0,1314481000.0,0.0,1137498000.0,1044538000.0,92960000.0,9234567540.0,79656000.0,0.0,18243000.0,0.0,-244544000.0,-224772000.0,-208568000.0,-190421000.0,512996000.0,0.0,409611000.0,409611000.0,409611000.0,0.0,0.0,0.318,390449000.0,574237000.0,13238000.0,0.595,8.775,22.545,22.89,280069000.0,0.0,39.6,7.173,7.325,182186000.0,-720672000.0,1287445000.0,1287445000.0,237893000.0,0.198,0.434,0.274,0.449,63283000.0,152556000.0,1.0,233196150.0,238146000,239328000.0,5.406,2174468000.0,0.0,119974000.0,125346000.0,9.131,849861000.0
14,LLTC,MRT,2013-06-30,2013-06-30,2013-06-30,2019-04-29,-266000.0,2098341000.0,2013356500.0,1793890000.0,304451000.0,0.637,4.148,-17640000.0,126650000.0,126650000.0,322516000.0,406925000.0,1.749,1.137,826629000.0,826629000.0,0.0,826629000.0,44088000.0,55366000.0,0.0,0.028,1.02,577224000.0,632590000.0,0.493,632590000.0,577224000.0,528881000.0,1.72,1.71,1.72,981908000.0,882144500.0,981908000.0,9220160075.0,16.0,14.575,546294000.0,2.308,1.0,959720000.0,0.748,15985000.0,48343000.0,1756455000.0,2277870250.0,87229000.0,1398091000.0,1398091000.0,0.0,1116433000.0,1025880000.0,90553000.0,8593096075.0,-86768000.0,0.0,16891000.0,0.0,-241329000.0,-224438000.0,-426264000.0,-408624000.0,563934000.0,0.0,406925000.0,406925000.0,406925000.0,0.0,0.0,0.317,386566000.0,573154000.0,10258000.0,0.593,8.751,21.117,21.419,288466000.0,0.0,36.84,6.702,6.801,145274000.0,-754555000.0,1282236000.0,1282236000.0,235184000.0,0.202,0.461,0.253,0.45,63865000.0,151382000.0,1.0,233254508.0,236703000,237753000.0,5.417,2082356000.0,0.0,121956000.0,96339000.0,8.797,768010000.0
15,LLTC,MRT,2013-03-31,2013-03-31,2013-03-31,2019-04-29,-131000.0,2073731000.0,1951538250.0,1759826000.0,313905000.0,0.658,4.005,-15815000.0,194195000.0,194195000.0,322465000.0,408310000.0,12.899,1.182,821259000.0,0.0,821259000.0,821259000.0,41797000.0,56701000.0,0.0,0.026,1.01,581654000.0,638355000.0,0.497,638355000.0,581654000.0,533539000.0,1.74,1.73,1.74,950469000.0,820794500.0,950469000.0,9631976441.0,17.0,15.089,541573000.0,2.282,1.0,962517000.0,0.749,16535000.0,48115000.0,2547824000.0,2402377250.0,86559000.0,1260313000.0,1260313000.0,0.0,1123262000.0,136436000.0,986826000.0,8923532441.0,34598000.0,0.0,39229000.0,0.0,-238127000.0,-198898000.0,-323892000.0,-308077000.0,557388000.0,0.0,408310000.0,408310000.0,408310000.0,0.0,0.0,0.318,384980000.0,577537000.0,12069000.0,0.58,9.389,21.855,22.052,295315000.0,0.0,38.37,6.944,7.086,143047000.0,-762997000.0,1284982000.0,1284982000.0,234103000.0,0.209,0.497,0.242,0.453,64227000.0,150877000.0,1.0,232565349.0,237296000,238641000.0,5.415,2057196000.0,43416000.0,125229000.0,130473000.0,8.669,1623390000.0
16,LLTC,MRT,2012-12-31,2012-12-30,2012-12-30,2019-04-29,407000.0,1923154000.0,1882941750.0,1599076000.0,324078000.0,0.681,3.36,-16911000.0,107521000.0,107521000.0,320868000.0,395841000.0,9.814,1.427,815965000.0,0.0,815965000.0,815965000.0,42291000.0,57006000.0,0.0,0.037,1.26,583449000.0,640455000.0,0.499,640455000.0,583449000.0,535536000.0,1.69,1.69,1.69,792507000.0,753206250.0,792507000.0,8436503751.0,14.0,13.173,529241000.0,2.244,1.0,961929000.0,0.75,17085000.0,47913000.0,2451580000.0,2332551500.0,85166000.0,1191881000.0,1191881000.0,0.0,1130647000.0,162933000.0,967714000.0,7821067751.0,-58036000.0,0.0,29340000.0,0.0,-296604000.0,-267264000.0,-336924000.0,-320013000.0,546152000.0,0.0,395841000.0,395841000.0,395841000.0,0.0,0.0,0.309,382745000.0,579184000.0,11857000.0,0.746,9.869,19.758,20.0,303520000.0,0.0,33.8,6.097,6.214,145174000.0,-849490000.0,1282797000.0,1282797000.0,233166000.0,0.21,0.526,0.25,0.455,61598000.0,149579000.0,1.0,231392537.0,235852000,236850000.0,5.439,1906069000.0,36840000.0,139695000.0,114321000.0,8.082,1436143000.0
17,LLTC,MRT,2012-09-30,2012-09-30,2012-09-30,2019-04-29,472000.0,1958200000.0,1833616750.0,1623982000.0,334218000.0,0.694,3.42,-19738000.0,195310000.0,195310000.0,316504000.0,394892000.0,8.105,1.436,810746000.0,0.0,810746000.0,810746000.0,42407000.0,56940000.0,0.0,0.031,0.99,580726000.0,637666000.0,0.501,637666000.0,580726000.0,533011000.0,1.69,1.69,1.69,803694000.0,706268250.0,803694000.0,7919363140.0,14.0,12.419,568757000.0,2.42,1.0,955345000.0,0.751,17635000.0,47715000.0,2355622000.0,2260673000.0,81700000.0,1124651000.0,1124651000.0,0.0,1154506000.0,200379000.0,954127000.0,7327182140.0,31896000.0,-23365000.0,38805000.0,0.0,-231831000.0,-193026000.0,-363573000.0,-320470000.0,588495000.0,0.0,394892000.0,394892000.0,394892000.0,0.0,0.0,0.31,378987000.0,576358000.0,10929000.0,0.586,9.117,18.555,18.828,311221000.0,0.0,31.82,5.761,5.879,152423000.0,-809363000.0,1271849000.0,1271849000.0,228381000.0,0.215,0.559,0.257,0.457,61242000.0,147411000.0,1.0,230269709.0,234990000,236010000.0,5.412,1940565000.0,36269000.0,138119000.0,144336000.0,8.258,1423603000.0
18,LLTC,MRT,2012-06-30,2012-07-01,2012-07-01,2019-04-29,165000.0,1851068000.0,1758902000.0,1505410000.0,345658000.0,0.72,3.161,-35731000.0,213418000.0,213418000.0,312539000.0,398111000.0,8.825,1.513,805599000.0,0.0,805599000.0,805599000.0,41333000.0,55934000.0,0.0,0.031,0.98,583427000.0,639361000.0,0.505,639361000.0,583427000.0,535910000.0,1.71,1.7,1.71,736508000.0,641144500.0,736508000.0,7853318728.0,13.0,12.283,529488000.0,2.272,1.0,954082000.0,0.753,18185000.0,47517000.0,2254483000.0,2201146000.0,79664000.0,989641000.0,989641000.0,0.0,1114560000.0,170581000.0,943979000.0,7212389728.0,-57105000.0,-23365000.0,3584000.0,0.0,-228483000.0,-224899000.0,-397425000.0,-338329000.0,565219000.0,0.0,398111000.0,398111000.0,398111000.0,0.0,0.0,0.314,375241000.0,578841000.0,11459000.0,0.573,9.793,18.117,18.322,320222000.0,0.0,31.33,5.694,5.764,153090000.0,-851702000.0,1266621000.0,1266621000.0,224467000.0,0.226,0.621,0.265,0.461,61225000.0,147579000.0,1.0,230207141.0,233013000,234298000.0,5.436,1832883000.0,36845000.0,137799000.0,111363000.0,7.866,1334829000.0
19,LLTC,MRT,2012-03-31,2012-04-01,2012-04-01,2019-04-29,580000.0,1799345000.0,1694651500.0,1404455000.0,394890000.0,0.764,2.915,-52243000.0,159597000.0,159597000.0,310287000.0,453017000.0,9.178,1.646,800526000.0,0.0,800526000.0,800526000.0,42099000.0,55019000.0,0.0,0.029,0.97,617497000.0,672516000.0,0.519,672516000.0,617497000.0,570173000.0,1.96,1.95,1.96,680116000.0,583420250.0,680116000.0,8346703738.0,14.0,12.411,552237000.0,2.367,1.0,984880000.0,0.76,18735000.0,47324000.0,2268521000.0,2119142500.0,79856000.0,952248000.0,952248000.0,0.0,1119229000.0,153018000.0,966211000.0,7716736738.0,-28555000.0,-23365000.0,-1744000.0,0.0,-225567000.0,-227311000.0,-405724000.0,-330116000.0,604480000.0,0.0,453017000.0,453017000.0,453017000.0,0.0,0.0,0.35,374867000.0,610013000.0,10349000.0,0.495,11.346,17.034,17.194,328817000.0,0.0,33.7,5.958,6.072,145096000.0,-867291000.0,1295167000.0,1295167000.0,220938000.0,0.267,0.776,0.291,0.477,60645000.0,150734000.0,1.0,228983286.0,233346000,234822000.0,5.55,1780610000.0,38051000.0,117156000.0,140288000.0,7.631,1251437000.0
20,LLTC,MRT,2011-12-31,2012-01-01,2012-01-01,2019-04-29,255000.0,1725854000.0,1623087750.0,1320352000.0,405502000.0,0.823,2.604,-71398000.0,165557000.0,165557000.0,311725000.0,496075000.0,8.091,1.854,795524000.0,0.0,795524000.0,795524000.0,41797000.0,53821000.0,0.0,0.032,0.96,658669000.0,712490000.0,0.533,712490000.0,658669000.0,611542000.0,2.15,2.14,2.15,604755000.0,511962500.0,604755000.0,7467007415.0,11.0,10.48,549269000.0,2.365,1.0,1024277000.0,0.767,28566000.0,47127000.0,2164066000.0,2039567500.0,78689000.0,871946000.0,871946000.0,0.0,1121099000.0,163189000.0,957910000.0,6839828415.0,-37751000.0,-23365000.0,-13384000.0,0.0,-222656000.0,-236040000.0,-422378000.0,-327615000.0,620667000.0,0.0,496075000.0,496075000.0,496075000.0,0.0,0.0,0.371,375161000.0,649116000.0,11227000.0,0.447,11.31,13.788,13.967,335759000.0,0.0,30.03,5.12,5.219,139279000.0,-903665000.0,1336002000.0,1336002000.0,218721000.0,0.306,0.969,0.323,0.493,67118000.0,153245000.0,1.0,227766514.0,232209000,233565000.0,5.753,1697288000.0,36949000.0,115467000.0,119781000.0,7.309,1157163000.0
21,LLTC,MRT,2011-09-30,2011-10-02,2011-10-02,2019-04-29,511000.0,1659341000.0,1553170750.0,1268413000.0,390928000.0,0.918,2.343,-100994000.0,163414000.0,163414000.0,320507000.0,551933000.0,7.505,2.055,790593000.0,0.0,790593000.0,790593000.0,42171000.0,51975000.0,0.0,0.034,0.95,730308000.0,782283000.0,0.549,782283000.0,730308000.0,681512000.0,2.39,2.38,2.39,543199000.0,430472000.0,543199000.0,6816894011.0,9.0,8.714,540226000.0,2.33,1.0,1104783000.0,0.775,0.0,48796000.0,2117514000.0,1953521000.0,74601000.0,804258000.0,804258000.0,0.0,1116142000.0,169006000.0,947136000.0,6301685011.0,-335738000.0,0.0,-7170000.0,-395830000.0,-219872000.0,-622872000.0,-354086000.0,-253092000.0,641220000.0,0.0,551933000.0,551933000.0,551933000.0,0.0,0.0,0.387,384484000.0,720299000.0,8429000.0,0.397,11.601,11.417,11.569,340416000.0,0.0,27.65,4.421,4.498,161920000.0,-932530000.0,1425290000.0,1425290000.0,225203000.0,0.355,1.282,0.374,0.512,71393000.0,159281000.0,1.0,227909042.0,231863000,232985000.0,6.147,1659341000.0,36657000.0,129579000.0,138966000.0,7.157,1099407000.0
22,LLTC,MRT,2011-06-30,2011-07-03,2011-07-03,2019-04-29,1130000.0,1594066000.0,1573670250.0,1246290000.0,347776000.0,0.943,2.191,-120415000.0,270523000.0,270523000.0,324445000.0,580782000.0,6.818,2.153,785732000.0,0.0,785732000.0,785732000.0,47587000.0,50137000.0,0.0,0.028,0.94,778014000.0,828151000.0,0.558,828151000.0,778014000.0,723838000.0,2.52,2.5,2.52,505611000.0,331745750.0,505611000.0,8205938431.0,11.0,9.909,550520000.0,2.385,1.0,1159517000.0,0.781,0.0,54176000.0,1926469000.0,1871397500.0,72195000.0,652014000.0,652014000.0,0.0,1088455000.0,182806000.0,905649000.0,7613151431.0,-25331000.0,0.0,28759000.0,-395830000.0,-217202000.0,-584273000.0,-111993000.0,8422000.0,670935000.0,0.0,580782000.0,580782000.0,580782000.0,0.0,0.0,0.391,392207000.0,767310000.0,11606000.0,0.373,15.057,13.108,13.266,332969000.0,0.0,33.43,5.13,5.199,169637000.0,-961617000.0,1483962000.0,1483962000.0,226516000.0,0.369,1.751,0.416,0.524,74331000.0,165691000.0,1.0,227734114.0,230806000,232772000.0,6.429,1594066000.0,38331000.0,143056000.0,78279000.0,6.907,1063484000.0
23,LLTC,MRT,2011-03-31,2011-04-03,2011-04-03,2019-04-29,1101000.0,1513090000.0,1572833250.0,1127723000.0,385367000.0,0.948,1.705,-120913000.0,188152000.0,188152000.0,324505000.0,547056000.0,7.245,2.838,780939000.0,0.0,780939000.0,780939000.0,38629000.0,48136000.0,0.0,0.028,0.93,777885000.0,826021000.0,0.554,826021000.0,777885000.0,717248000.0,2.38,2.36,2.38,394285000.0,215289250.0,394285000.0,8159052976.0,10.0,9.878,512217000.0,2.215,1.0,1167065000.0,0.782,0.0,60637000.0,1950221000.0,1857840250.0,70415000.0,622349000.0,622349000.0,0.0,1118805000.0,155656000.0,963149000.0,7586148976.0,-64697000.0,0.0,43224000.0,-549979000.0,-214098000.0,-720853000.0,23026000.0,143939000.0,633130000.0,0.0,547056000.0,547056000.0,547056000.0,0.0,0.0,0.367,388065000.0,779000000.0,19679000.0,0.391,19.24,13.867,14.05,324687000.0,0.0,33.44,5.086,5.184,162422000.0,-1044355000.0,1491570000.0,1491570000.0,225616000.0,0.348,2.541,0.419,0.522,75184000.0,162449000.0,1.0,226858522.0,231225000,233277000.0,6.451,1513090000.0,38103000.0,170192000.0,107200000.0,6.544,972067000.0
24,LLTC,MRT,2010-12-31,2011-01-02,2011-01-02,2019-04-29,1446000.0,1446186000.0,1598508000.0,1069958000.0,376228000.0,0.907,1.211,-106684000.0,203308000.0,203308000.0,314206000.0,506111000.0,5.371,4.187,776212000.0,0.0,776212000.0,776212000.0,38471000.0,46403000.0,0.0,0.027,0.92,752552000.0,798955000.0,0.551,798955000.0,752552000.0,684522000.0,2.21,2.19,2.21,278793000.0,104037750.0,278793000.0,8464246601.0,11.0,10.594,539580000.0,2.343,1.0,1135496000.0,0.783,0.0,68030000.0,1819880000.0,1895416250.0,64382000.0,544844000.0,544844000.0,0.0,1167393000.0,199210000.0,968183000.0,7796746601.0,-35998000.0,0.0,31074000.0,-549979000.0,-210963000.0,-729868000.0,47606000.0,154290000.0,646264000.0,0.0,506111000.0,506111000.0,506111000.0,0.0,0.0,0.349,381604000.0,753892000.0,40437000.0,0.416,27.966,15.405,15.652,311826000.0,0.0,34.59,5.378,5.495,180692000.0,-1126494000.0,1449702000.0,1449702000.0,222138000.0,0.317,4.865,0.397,0.519,73848000.0,159466000.0,1.0,225404643.0,230284000,232202000.0,6.295,1446186000.0,38570000.0,178411000.0,101433000.0,6.28,870748000.0
25,LLTC,MRT,2010-09-30,2010-09-26,2010-09-26,2019-04-29,1889000.0,1741339000.0,1615168500.0,1388498000.0,352841000.0,0.819,0.647,-73778000.0,499152000.0,499152000.0,293224000.0,437904000.0,2.24,10.742,1166652000.0,395099000.0,771553000.0,1166652000.0,31814000.0,45314000.0,0.0,0.029,0.91,668851000.0,714165000.0,0.54,714165000.0,668851000.0,595433000.0,1.92,1.9,1.92,148294000.0,5758250.0,148294000.0,7913414721.0,12.0,11.081,490215000.0,2.137,1.0,1029221000.0,0.778,0.0,73418000.0,1789020000.0,1949626250.0,58360000.0,552550000.0,552550000.0,0.0,1593045000.0,619819000.0,973226000.0,7049382721.0,251803000.0,0.0,18855000.0,-154149000.0,-207992000.0,-343286000.0,31096000.0,104874000.0,563993000.0,0.0,437904000.0,437904000.0,437904000.0,0.0,0.0,0.331,360786000.0,668435000.0,27740000.0,0.474,47.537,16.098,16.358,285742000.0,0.0,31.407,5.331,5.447,205923000.0,-1214147000.0,1322445000.0,1322445000.0,209819000.0,0.271,76.048,0.343,0.506,70909000.0,150967000.0,1.0,224449024.0,229367000,231073000.0,5.766,1741339000.0,38004000.0,157529000.0,164374000.0,7.592,768679000.0
26,LLTC,MRT,2010-06-30,2010-06-27,2010-06-27,2019-04-29,1974000.0,1590718000.0,1546434250.0,1264301000.0,326417000.0,0.757,0.175,-38342000.0,295854000.0,295854000.0,269076000.0,361341000.0,2.17,38.983,1159886000.0,392926000.0,766960000.0,1159886000.0,33700000.0,45489000.0,0.0,0.031,0.9,565767000.0,611256000.0,0.522,611256000.0,565767000.0,490411000.0,1.59,1.58,1.59,39785000.0,-72259750.0,39785000.0,7522201322.0,13.0,12.306,454135000.0,1.994,1.0,900912000.0,0.77,0.0,75356000.0,1872240000.0,2089429750.0,54044000.0,662215000.0,662215000.0,0.0,1550933000.0,582510000.0,968423000.0,6482077322.0,78836000.0,0.0,9165000.0,-163964000.0,-205103000.0,-359902000.0,-53739000.0,-15397000.0,492477000.0,0.0,361341000.0,361341000.0,361341000.0,0.0,0.0,0.309,337501000.0,563411000.0,21235000.0,0.566,162.928,17.939,18.189,257035000.0,0.0,28.92,5.54,5.629,176874000.0,-1294077000.0,1169988000.0,1169988000.0,198957000.0,0.234,-5.001,0.271,0.484,68924000.0,138544000.0,1.0,224138220.0,227723000,228860000.0,5.138,1590718000.0,38689000.0,129070000.0,128280000.0,6.985,681791000.0
27,LLTC,MRT,2010-03-31,2010-03-28,2010-03-28,2019-04-29,2557000.0,1615789000.0,1504137000.0,1298128000.0,317661000.0,0.673,-0.223,-21367000.0,252849000.0,252849000.0,243461000.0,288193000.0,2.337,-32.856,1292973000.0,390782000.0,902191000.0,1292973000.0,31277000.0,46158000.0,0.0,0.032,0.89,464045000.0,510203000.0,0.504,510203000.0,464045000.0,387564000.0,1.27,1.27,1.27,-50721000.0,-128790250.0,-50721000.0,7295622167.0,16.0,14.299,378876000.0,1.663,1.0,768380000.0,0.759,0.0,76481000.0,2100525000.0,2211316500.0,53661000.0,769234000.0,769234000.0,0.0,1666510000.0,555388000.0,1111122000.0,6249354167.0,42758000.0,0.0,3292000.0,-72581000.0,-202330000.0,-271619000.0,-85866000.0,-64499000.0,400243000.0,0.0,288193000.0,288193000.0,288193000.0,0.0,0.0,0.285,320238000.0,448142000.0,17514000.0,0.701,-123.21,21.685,22.016,246254000.0,0.0,27.96,6.176,6.294,146651000.0,-1362157000.0,1011841000.0,1011841000.0,188373000.0,0.192,-2.238,0.21,0.459,67342000.0,129522000.0,1.0,223510521.0,227764000,,4.442,1615789000.0,37598000.0,99371000.0,133170000.0,7.094,742740000.0
28,LLTC,MRT,2009-12-31,2009-12-27,2009-12-27,2019-04-29,3495000.0,1512828000.0,1473068250.0,1195843000.0,316985000.0,0.612,-0.503,-16102000.0,239306000.0,239306000.0,227322000.0,236883000.0,2.289,-14.233,1285574000.0,388666000.0,896908000.0,1285574000.0,28499000.0,47007000.0,0.0,0.029,0.88,386650000.0,433657000.0,0.481,433657000.0,386650000.0,309316000.0,1.05,1.05,1.05,-114325000.0,-188328000.0,-114325000.0,7896179919.0,20.0,18.208,341795000.0,1.504,1.0,674128000.0,0.748,0.0,77334000.0,2036720000.0,2334458750.0,52191000.0,703164000.0,703164000.0,0.0,1627153000.0,522376000.0,1104777000.0,6865250919.0,113089000.0,0.0,3770000.0,-100908000.0,-199802000.0,-296940000.0,52132000.0,68234000.0,357897000.0,0.0,236883000.0,236883000.0,236883000.0,0.0,0.0,0.263,306797000.0,367331000.0,13400000.0,0.838,-60.05,28.982,29.305,245889000.0,0.0,30.77,7.616,7.757,124156000.0,-1408077000.0,901450000.0,901450000.0,181212000.0,0.161,-1.258,0.166,0.429,65993000.0,123242000.0,1.0,223115077.0,227265000,,3.967,1512828000.0,37319000.0,72433000.0,115861000.0,6.657,673467000.0
29,LLTC,MRT,2009-09-30,2009-09-27,2009-09-27,2019-04-29,4590000.0,1466402000.0,1468245750.0,1142487000.0,323915000.0,0.609,-0.722,-19425000.0,247349000.0,247349000.0,225979000.0,247587000.0,7.663,-9.954,1278278000.0,0.0,1278278000.0,1278278000.0,27298000.0,47766000.0,0.0,0.032,0.87,397435000.0,445201000.0,0.498,445201000.0,397435000.0,318015000.0,1.1,1.1,1.1,-163778000.0,-237149500.0,-163778000.0,7301648960.0,18.0,16.401,360651000.0,1.589,1.0,668303000.0,0.747,0.0,79420000.0,2348234000.0,2502974000.0,49339000.0,662124000.0,662124000.0,0.0,1630180000.0,149097000.0,1481083000.0,6113022960.0,52005000.0,0.0,-2127000.0,-279919000.0,-197252000.0,-479298000.0,151227000.0,170652000.0,380076000.0,0.0,247587000.0,247587000.0,247587000.0,0.0,0.0,0.277,307586000.0,360717000.0,9220000.0,0.791,-37.325,24.69,25.0,251622000.0,0.0,27.5,6.836,6.978,113239000.0,-1431219000.0,894282000.0,894282000.0,180323000.0,0.169,-1.044,0.159,0.444,62985000.0,123356000.0,1.0,222291744.0,226909000,,3.941,1466402000.0,36475000.0,70428000.0,136845000.0,6.463,993390000.0
30,LLTC,MRT,2009-06-30,2009-06-28,2009-06-28,2019-04-29,5095000.0,1421529000.0,1517863500.0,1089251000.0,332278000.0,0.638,-0.823,-39130000.0,217018000.0,217018000.0,237868000.0,289207000.0,8.69,-8.629,1280617000.0,0.0,1280617000.0,1280617000.0,28497000.0,47982000.0,0.0,0.037,0.86,451912000.0,499894000.0,0.516,499894000.0,451912000.0,368901000.0,1.28,1.28,1.28,-186337000.0,-290689000.0,-186337000.0,6485356870.0,14.0,12.973,377468000.0,1.668,1.0,730630000.0,0.754,0.0,83011000.0,2359787000.0,2656976750.0,52531000.0,651693000.0,651693000.0,0.0,1607866000.0,125341000.0,1482525000.0,5225447870.0,67797000.0,0.0,-16778000.0,-270104000.0,-194680000.0,-481492000.0,132691000.0,171821000.0,416598000.0,0.0,289207000.0,289207000.0,289207000.0,0.0,0.0,0.299,318554000.0,412076000.0,10531000.0,0.672,-28.043,18.068,18.367,258425000.0,0.0,23.51,5.395,5.494,95434000.0,-1438524000.0,968498000.0,968498000.0,185843000.0,0.191,-0.995,0.17,0.467,61551000.0,128804000.0,1.0,222264903.0,226321000,226387000.0,4.279,1421529000.0,37628000.0,79694000.0,117232000.0,6.281,963910000.0
31,LLTC,MRT,2009-03-31,2009-03-29,2009-03-29,2019-04-29,5861000.0,1491514000.0,1558453500.0,1153874000.0,337640000.0,0.685,-1.302,-55029000.0,210091000.0,210091000.0,254205000.0,320508000.0,7.288,-6.163,1470000000.0,0.0,1470000000.0,1470000000.0,31279000.0,47845000.0,0.0,0.036,0.85,520972000.0,568817000.0,0.533,568817000.0,520972000.0,410792000.0,1.39,1.39,1.39,-288872000.0,-352584250.0,-288872000.0,6569724012.0,13.0,11.55,425531000.0,1.918,1.0,813355000.0,0.762,0.0,110180000.0,2593094000.0,2806907500.0,53230000.0,709912000.0,709912000.0,0.0,1780386000.0,158329000.0,1622057000.0,5195941012.0,90914000.0,0.0,-34855000.0,-207338000.0,-192386000.0,-432477000.0,42831000.0,97860000.0,480560000.0,0.0,320508000.0,320508000.0,320508000.0,0.0,0.0,0.3,335582000.0,477773000.0,10206000.0,0.612,-17.987,16.212,16.849,265154000.0,0.0,23.42,4.867,4.867,103834000.0,-1394848000.0,1067560000.0,1067560000.0,193274000.0,0.206,-0.909,0.186,0.488,61908000.0,140744000.0,1.0,221859138.0,221859138,,4.812,1491514000.0,40644000.0,90284000.0,91245000.0,6.723,995545000.0
32,LLTC,MRT,2008-12-31,2008-12-28,2008-12-28,2019-04-29,5174000.0,1493538000.0,1561489250.0,1148381000.0,345157000.0,0.746,-1.396,-54467000.0,126217000.0,126217000.0,268482000.0,370440000.0,7.336,-5.824,1500000000.0,0.0,1500000000.0,1500000000.0,31266000.0,47347000.0,0.0,0.039,0.84,594667000.0,642014000.0,0.551,642014000.0,594667000.0,490005000.0,1.62,1.61,1.62,-309611000.0,-402259250.0,-309611000.0,6285138889.0,11.0,9.79,467858000.0,2.11,1.0,896010000.0,0.769,0.0,104662000.0,2710781000.0,2890364000.0,54940000.0,773938000.0,773938000.0,0.0,1803149000.0,156540000.0,1646609000.0,4780482889.0,-36303000.0,0.0,-30451000.0,-179011000.0,-189805000.0,-395006000.0,-163622000.0,-109155000.0,522325000.0,0.0,370440000.0,370440000.0,370440000.0,0.0,0.0,0.318,345464000.0,550546000.0,9274000.0,0.519,-15.44,12.905,13.309,270769000.0,0.0,21.56,4.105,4.105,127833000.0,-1398521000.0,1164492000.0,1164492000.0,198163000.0,0.237,-0.921,0.206,0.511,62344000.0,145737000.0,1.0,221729262.0,221729262,,5.252,1493538000.0,37085000.0,119565000.0,72589000.0,6.736,991841000.0
33,LLTC,MRT,2008-09-30,2008-09-28,2008-09-28,2019-04-29,710000.0,1664873000.0,1540549750.0,1313908000.0,350965000.0,0.782,-1.706,-53010000.0,195344000.0,195344000.0,274416000.0,377955000.0,6.4,-5.405,1700000000.0,0.0,1700000000.0,1700000000.0,35990000.0,47442000.0,0.0,0.026,0.81,613332000.0,660774000.0,0.549,660774000.0,613332000.0,515195000.0,1.66,1.64,1.66,-377936000.0,-465947000.0,-377936000.0,8484523707.0,14.0,12.84,466823000.0,2.107,1.0,929600000.0,0.772,0.0,98137000.0,2964245000.0,2912380000.0,55466000.0,826525000.0,826525000.0,0.0,2042809000.0,205284000.0,1837525000.0,6933744707.0,59686000.0,0.0,-39045000.0,0.0,-183271000.0,-212670000.0,-247477000.0,-194467000.0,519833000.0,0.0,377955000.0,377955000.0,377955000.0,0.0,0.0,0.314,346890000.0,582710000.0,15720000.0,0.488,-18.346,18.345,18.855,273804000.0,0.0,31.3,5.759,5.759,163239000.0,-1444992000.0,1204016000.0,1204016000.0,200169000.0,0.245,-0.811,0.211,0.509,66957000.0,146721000.0,1.0,221525390.0,221525390,,5.435,1664873000.0,36098000.0,137240000.0,99875000.0,7.515,1108624000.0
34,LLTC,MRT,2008-06-30,2008-06-29,2008-06-29,2019-04-29,1452000.0,1583889000.0,1457949250.0,1245540000.0,338349000.0,0.806,-1.956,-35269000.0,149221000.0,149221000.0,267005000.0,367123000.0,7.111,-4.65,1700000000.0,0.0,1700000000.0,1700000000.0,37777000.0,48140000.0,0.0,0.024,0.78,598746000.0,646886000.0,0.55,646886000.0,598746000.0,508859000.0,1.62,1.6,1.62,-433918000.0,-530445250.0,-433918000.0,8773637151.0,15.0,13.563,495060000.0,2.231,1.0,908148000.0,0.773,0.0,89887000.0,2959510000.0,2857940000.0,56017000.0,817480000.0,817480000.0,0.0,2017807000.0,175158000.0,1842649000.0,7192814151.0,-7273000.0,0.0,-16551000.0,0.0,-176652000.0,-180485000.0,-357117000.0,-321848000.0,530329000.0,0.0,367123000.0,367123000.0,367123000.0,0.0,0.0,0.312,339484000.0,568664000.0,16860000.0,0.481,-16.576,19.592,20.012,261085000.0,0.0,32.42,6.121,6.121,161452000.0,-1485629000.0,1175153000.0,1175153000.0,197089000.0,0.252,-0.692,0.21,0.51,68380000.0,142395000.0,1.0,221863484.0,221863484,,5.297,1583889000.0,31882000.0,141736000.0,61771000.0,7.139,1070382000.0
35,LLTC,MRT,2008-03-31,2008-03-30,2008-03-30,2019-04-29,4357000.0,1503657000.0,1366691250.0,1161432000.0,342225000.0,0.831,-2.207,-28624000.0,119177000.0,119177000.0,258550000.0,380188000.0,7.371,-4.084,1700000000.0,0.0,1700000000.0,1700000000.0,37672000.0,48790000.0,0.0,0.025,0.75,580046000.0,628836000.0,0.553,628836000.0,580046000.0,525880000.0,1.65,1.61,1.65,-487572000.0,-598957000.0,-487572000.0,8267837835.0,14.0,13.148,512533000.0,2.32,1.0,877639000.0,0.772,0.0,54166000.0,2926920000.0,2763686000.0,54375000.0,788762000.0,788762000.0,0.0,1991229000.0,157560000.0,1833669000.0,6730357835.0,-201096000.0,0.0,-2961803000.0,1700000000.0,-175414000.0,-1420011000.0,677758000.0,706382000.0,541157000.0,0.0,380188000.0,380188000.0,380188000.0,0.0,0.0,0.335,326527000.0,551112000.0,12616000.0,0.455,-13.804,17.703,18.461,251487000.0,0.0,30.46,5.924,5.924,150233000.0,-1498968000.0,1136189000.0,1136189000.0,191905000.0,0.278,-0.635,0.21,0.511,73806000.0,134622000.0,1.0,220957250.0,220957250,,5.142,1503657000.0,32442000.0,145692000.0,55548000.0,6.805,1003872000.0
36,LLTC,MRT,2007-12-31,2007-12-30,2007-12-30,2019-04-29,1968000.0,1409780000.0,1590627250.0,1060846000.0,348934000.0,0.687,-2.525,-38842000.0,162520000.0,162520000.0,248146000.0,379504000.0,7.148,-3.498,1700000000.0,0.0,1700000000.0,1700000000.0,38283000.0,50123000.0,0.0,0.022,0.72,564119000.0,614242000.0,0.562,614242000.0,564119000.0,523966000.0,1.53,1.49,1.53,-564362000.0,67179000.0,-564362000.0,8722371135.0,15.0,14.2,453181000.0,2.028,1.0,845170000.0,0.773,0.0,40153000.0,2798845000.0,2507773500.0,52486000.0,644113000.0,644113000.0,0.0,1974142000.0,148415000.0,1825727000.0,7158029135.0,-111615000.0,0.0,-2971289000.0,1700000000.0,-182690000.0,-1435695000.0,832057000.0,870899000.0,492023000.0,0.0,379504000.0,379504000.0,379504000.0,0.0,0.0,0.347,319662000.0,525508000.0,12263000.0,0.471,-12.683,18.862,20.935,256875000.0,0.0,32.03,6.547,6.547,150015000.0,-1545293000.0,1093316000.0,1093316000.0,187656000.0,0.239,5.649,0.225,0.516,77654000.0,132006000.0,1.0,223478899.0,223478899,,4.892,1409780000.0,31128000.0,144462000.0,34051000.0,6.308,912431000.0
37,LLTC,MRT,2007-09-30,2007-09-30,2007-09-30,2019-04-29,751000.0,1334471000.0,1832023750.0,979696000.0,354775000.0,0.585,-2.865,-42724000.0,135658000.0,135658000.0,241247000.0,390761000.0,6.431,-3.098,1700000000.0,0.0,1700000000.0,1700000000.0,39186000.0,50411000.0,0.0,0.02,0.69,561992000.0,612403000.0,0.571,612403000.0,561992000.0,535880000.0,1.46,1.42,1.46,-635929000.0,736823000.0,-635929000.0,9311196601.0,17.0,15.204,447879000.0,2.017,1.0,831203000.0,0.775,0.0,26112000.0,2746485000.0,2279810250.0,51413000.0,616509000.0,616509000.0,0.0,1970400000.0,152328000.0,1818072000.0,7767690601.0,-283834000.0,0.0,-3041804000.0,1700000000.0,-187182000.0,-1513349000.0,738912000.0,781636000.0,490603000.0,0.0,390761000.0,390761000.0,390761000.0,0.0,0.0,0.364,316864000.0,514339000.0,11324000.0,0.473,-12.215,19.878,23.966,261171000.0,0.0,34.99,7.243,7.243,134032000.0,-1569304000.0,1072450000.0,1072450000.0,184818000.0,0.213,0.53,0.247,0.524,79104000.0,132046000.0,1.0,221997445.0,221997445,,4.831,1334471000.0,29162000.0,145119000.0,30423000.0,6.011,827368000.0
38,LLTC,MRT,2007-06-30,2007-07-01,2007-07-01,2019-04-29,-647000.0,1218857000.0,2098162250.0,861104000.0,357753000.0,0.516,-2.789,-61992000.0,156494000.0,156494000.0,241513000.0,411675000.0,4.787,-2.722,1700000000.0,0.0,1700000000.0,1700000000.0,39946000.0,50717000.0,0.0,0.018,0.66,582017000.0,632734000.0,0.584,632734000.0,582017000.0,569924000.0,1.42,1.39,1.42,-707965000.0,1422981250.0,-707965000.0,8863258773.0,15.0,14.008,415969000.0,1.639,1.0,841565000.0,0.777,0.0,12093000.0,2582494000.0,2027562500.0,51075000.0,476813000.0,476813000.0,0.0,1926822000.0,179869000.0,1746953000.0,9183531773.0,-384566000.0,0.0,-3131104000.0,1700000000.0,-192433000.0,-1609296000.0,746769000.0,808761000.0,477961000.0,0.0,411675000.0,411675000.0,411675000.0,0.0,0.0,0.38,317247000.0,524318000.0,11161000.0,0.465,-12.972,22.308,25.479,266600000.0,0.0,36.18,8.479,8.479,130546000.0,-1609453000.0,1083078000.0,1083078000.0,183557000.0,0.196,0.289,0.287,0.537,80720000.0,133690000.0,1.0,253828960.0,253828960,,4.267,1218857000.0,35038000.0,158249000.0,58244000.0,4.802,681235000.0
39,LLTC,MRT,2007-03-31,2007-04-01,2007-04-01,2019-04-29,-676000.0,2399401000.0,2391171750.0,2069339000.0,330062000.0,0.463,7.274,-65204000.0,320273000.0,320273000.0,243790000.0,431631000.0,11.767,0.102,0.0,0.0,0.0,0.0,42302000.0,50852000.0,0.0,0.02,0.63,615228000.0,666080000.0,0.601,666080000.0,615228000.0,612054000.0,1.43,1.4,1.43,2176972000.0,2126097000.0,2176972000.0,9180747988.0,15.0,13.783,419186000.0,1.401,1.0,864102000.0,0.78,0.0,3174000.0,1903270000.0,1785191250.0,50743000.0,1488135000.0,1488135000.0,0.0,222429000.0,175858000.0,46571000.0,9454882988.0,-73087000.0,0.0,-349028000.0,0.0,-192249000.0,-520152000.0,-37325000.0,27879000.0,484390000.0,0.0,431631000.0,431631000.0,431631000.0,0.0,0.0,0.39,315766000.0,548336000.0,12082000.0,0.441,4.343,21.905,22.091,264297000.0,0.0,31.59,8.534,8.534,142245000.0,1029770000.0,1107892000.0,1107892000.0,180892000.0,0.181,0.203,0.345,0.555,75685000.0,134874000.0,1.0,299299873.0,299299873,,3.702,2399401000.0,44800000.0,180423000.0,76046000.0,8.017,1893481000.0
40,LLTC,MRT,2006-12-31,2006-12-31,2006-12-31,2019-04-29,-1553000.0,2375366000.0,2408003750.0,2048675000.0,326691000.0,0.47,7.072,-60516000.0,274135000.0,274135000.0,247276000.0,443636000.0,9.563,0.124,0.0,0.0,0.0,0.0,41864000.0,50475000.0,0.0,0.02,0.6,637003000.0,687478000.0,0.607,687478000.0,637003000.0,634251000.0,1.46,1.43,1.46,2114214000.0,2128195500.0,2114214000.0,8644753076.0,14.0,12.575,440743000.0,1.474,1.0,884512000.0,0.782,0.0,2752000.0,1886992000.0,1774391750.0,45365000.0,1509423000.0,1509423000.0,0.0,261152000.0,214239000.0,46913000.0,9064245076.0,-36955000.0,0.0,-335916000.0,0.0,-183736000.0,-490653000.0,-47561000.0,12955000.0,501259000.0,0.0,443636000.0,443636000.0,443636000.0,0.0,0.0,0.392,310829000.0,573683000.0,15216000.0,0.411,4.287,20.432,20.767,260800000.0,0.0,30.32,8.009,8.009,151093000.0,1008200000.0,1131788000.0,1131788000.0,176510000.0,0.184,0.208,0.359,0.563,71425000.0,134319000.0,1.0,298952674.0,298952674,,3.786,2375366000.0,42915000.0,190615000.0,93463000.0,7.946,1834436000.0
41,LLTC,MRT,2006-09-30,2006-10-01,2006-10-01,2019-04-29,-1660000.0,2399025000.0,2407130250.0,2072003000.0,327022000.0,0.469,7.0,-78114000.0,419492000.0,419492000.0,246728000.0,441888000.0,8.561,0.138,0.0,0.0,0.0,0.0,41024000.0,50101000.0,0.0,0.018,0.55,639302000.0,689403000.0,0.611,689403000.0,639302000.0,636983000.0,1.45,1.42,1.45,2108704000.0,2121272500.0,2108704000.0,8833656236.0,14.0,12.813,430417000.0,1.429,1.0,882352000.0,0.781,0.0,2319000.0,1737494000.0,1763836000.0,42085000.0,1394317000.0,1394317000.0,0.0,290321000.0,242039000.0,48282000.0,9374716236.0,14472000.0,0.0,-303939000.0,0.0,-169033000.0,-441635000.0,-52424000.0,25690000.0,508531000.0,0.0,441888000.0,441888000.0,441888000.0,0.0,0.0,0.391,302642000.0,579710000.0,21520000.0,0.379,4.446,21.215,21.462,261502000.0,0.0,31.12,8.303,8.303,154263000.0,1029654000.0,1129080000.0,1129080000.0,169589000.0,0.184,0.208,0.362,0.566,67208000.0,133053000.0,1.0,301244095.0,301244095,,3.748,2399025000.0,40201000.0,195095000.0,122184000.0,7.964,1829964000.0
42,LLTC,MRT,2006-06-30,2006-07-02,2006-07-02,2019-04-29,-5085000.0,2390895000.0,2390704500.0,2077136000.0,313759000.0,0.457,6.931,-69390000.0,541060000.0,541060000.0,238400000.0,428680000.0,8.771,0.136,0.0,0.0,0.0,0.0,48013000.0,49272000.0,0.0,0.015,0.5,618684000.0,667956000.0,0.611,667956000.0,618684000.0,616808000.0,1.4,1.37,1.4,2104498000.0,2103817000.0,2104498000.0,9775267174.0,16.0,14.635,440610000.0,1.451,1.0,854577000.0,0.782,0.0,1876000.0,1613009000.0,1755529250.0,39031000.0,1278527000.0,1278527000.0,0.0,286397000.0,236826000.0,49571000.0,10168627174.0,217879000.0,0.0,-274166000.0,0.0,-153874000.0,-394971000.0,102850000.0,172240000.0,510000000.0,0.0,428680000.0,428680000.0,428680000.0,0.0,0.0,0.392,290627000.0,563950000.0,14574000.0,0.357,4.832,23.721,23.921,247969000.0,0.0,33.49,9.304,9.304,154297000.0,1046137000.0,1092977000.0,1092977000.0,160849000.0,0.179,0.204,0.352,0.566,64901000.0,129778000.0,1.0,303631746.0,303631746,,3.6,2390895000.0,44682000.0,188128000.0,94664000.0,7.874,1840310000.0
43,LLTC,MRT,2006-03-31,2006-04-02,2006-04-02,2019-04-29,-5118000.0,2466729000.0,2364539250.0,2175344000.0,291385000.0,0.447,7.139,-66671000.0,393360000.0,393360000.0,228644000.0,419047000.0,10.199,0.129,0.0,0.0,0.0,0.0,47764000.0,48818000.0,0.0,0.013,0.45,603887000.0,652705000.0,0.618,652705000.0,603887000.0,601857000.0,1.36,1.33,1.36,2185366000.0,2079451000.0,2185366000.0,10412747886.0,17.0,15.953,463877000.0,1.515,1.0,827214000.0,0.783,0.0,2030000.0,1860072000.0,1791105500.0,37986000.0,1522361000.0,1522361000.0,0.0,281363000.0,213297000.0,68066000.0,10723837886.0,209450000.0,0.0,-168046000.0,0.0,-137736000.0,-286117000.0,-34981000.0,31690000.0,530548000.0,0.0,419047000.0,419047000.0,419047000.0,0.0,0.0,0.397,272811000.0,554403000.0,13762000.0,0.331,4.907,25.591,25.794,242722000.0,0.0,35.08,10.157,10.171,148597000.0,1159514000.0,1055858000.0,1055858000.0,149181000.0,0.177,0.202,0.337,0.572,58684000.0,123630000.0,1.0,305696633.0,306136000,,3.449,2466729000.0,50942000.0,182810000.0,155665000.0,8.058,1962047000.0
44,LLTC,MRT,2005-12-31,2006-01-01,2006-01-01,2019-04-29,-4838000.0,2371872000.0,2312288500.0,2077834000.0,294038000.0,0.462,6.829,-71490000.0,311090000.0,311090000.0,225223000.0,430125000.0,9.619,0.137,0.0,0.0,0.0,0.0,43305000.0,49678000.0,0.0,0.011,0.4,618577000.0,668255000.0,0.626,668255000.0,618577000.0,616547000.0,1.39,1.37,1.39,2086522000.0,2031724750.0,2086522000.0,10587902750.0,17.0,15.844,440541000.0,1.442,1.0,842481000.0,0.789,0.0,2030000.0,1844769000.0,1796431750.0,37098000.0,1530563000.0,1530563000.0,0.0,285350000.0,216013000.0,69337000.0,10992922750.0,125982000.0,0.0,-214286000.0,0.0,-122814000.0,-328546000.0,-57503000.0,13987000.0,512031000.0,0.0,430125000.0,430125000.0,430125000.0,0.0,0.0,0.403,267751000.0,574730000.0,11690000.0,0.288,5.269,25.558,25.95,243669000.0,0.0,36.07,10.296,10.322,128336000.0,1113544000.0,1067704000.0,1067704000.0,144201000.0,0.186,0.212,0.344,0.579,60050000.0,123550000.0,1.0,304766364.0,305534000,,3.495,2371872000.0,46828000.0,186422000.0,148095000.0,7.763,1861821000.0
45,LLTC,MRT,2005-09-30,2005-10-02,2005-10-02,2019-04-29,-4122000.0,2333322000.0,2268230000.0,2054715000.0,278607000.0,0.464,6.646,-62627000.0,405020000.0,405020000.0,220348000.0,429679000.0,9.171,0.144,0.0,0.0,0.0,0.0,42896000.0,49438000.0,0.0,0.01,0.38,614736000.0,664174000.0,0.631,664174000.0,614736000.0,612706000.0,1.38,1.37,1.38,2038882000.0,1992107250.0,2038882000.0,11209133588.0,18.0,16.877,443839000.0,1.447,1.0,832331000.0,0.791,0.0,2030000.0,1704267000.0,1789380500.0,37181000.0,1429499000.0,1429499000.0,0.0,294440000.0,224035000.0,70405000.0,11532314588.0,123026000.0,0.0,-195412000.0,0.0,-116827000.0,-308761000.0,-74679000.0,-12052000.0,506466000.0,0.0,429679000.0,429679000.0,429679000.0,0.0,0.0,0.408,256114000.0,576217000.0,16606000.0,0.275,5.656,26.839,27.239,226532000.0,0.0,37.59,10.955,10.955,120829000.0,1092010000.0,1052679000.0,1052679000.0,138574000.0,0.189,0.216,0.344,0.584,63159000.0,117540000.0,1.0,306792088.0,306792088,,3.431,2333322000.0,41502000.0,183027000.0,169087000.0,7.606,1830680000.0
46,LLTC,MRT,2005-06-30,2005-07-03,2005-07-03,2019-04-29,-2839000.0,2286234000.0,2222686000.0,2007309000.0,278925000.0,0.472,6.37,-62127000.0,323181000.0,323181000.0,219188000.0,433974000.0,9.663,0.139,0.0,0.0,0.0,0.0,43708000.0,48837000.0,0.0,0.01,0.36,621994000.0,670831000.0,0.639,670831000.0,621994000.0,619964000.0,1.41,1.38,1.41,2007034000.0,1946587750.0,2007034000.0,11003200186.0,18.0,16.402,430591000.0,1.367,1.0,830506000.0,0.791,0.0,2030000.0,1755314000.0,1775623750.0,34328000.0,1467731000.0,1467731000.0,0.0,279200000.0,207739000.0,71461000.0,11187110186.0,119639000.0,0.0,-184567000.0,0.0,-110972000.0,-295539000.0,-77540000.0,-15413000.0,492718000.0,0.0,433974000.0,433974000.0,433974000.0,0.0,0.0,0.413,240877000.0,589629000.0,11800000.0,0.255,5.574,25.778,25.929,221028000.0,0.0,36.56,10.657,10.974,125864000.0,1083110000.0,1049694000.0,1049694000.0,131429000.0,0.195,0.223,0.35,0.593,58373000.0,109448000.0,1.0,305993167.0,315067000,315067000.0,3.332,2286234000.0,38298000.0,185990000.0,95521000.0,7.256,1799570000.0
47,LLTC,MRT,2005-03-31,2005-04-03,2005-04-03,2019-04-29,-3309000.0,2257726000.0,2173053250.0,1986354000.0,271372000.0,0.475,6.476,-61399000.0,183910000.0,183910000.0,218507000.0,426743000.0,10.322,0.132,0.0,0.0,0.0,0.0,43607000.0,48738000.0,0.0,0.009,0.34,607647000.0,656385000.0,0.636,656385000.0,607647000.0,607647000.0,1.38,1.36,1.38,1994461000.0,1897480500.0,1994461000.0,11413092050.0,19.0,17.388,428205000.0,1.39,1.0,813426000.0,0.788,0.0,0.0,1881377000.0,1757182000.0,32645000.0,1553219000.0,1553219000.0,0.0,263265000.0,192439000.0,70826000.0,11598200050.0,-30274000.0,0.0,-219598000.0,0.0,-105736000.0,-325334000.0,-194544000.0,-133145000.0,489604000.0,0.0,426743000.0,426743000.0,426743000.0,0.0,0.0,0.414,231867000.0,581559000.0,12293000.0,0.246,5.815,27.178,27.37,218337000.0,0.0,37.77,11.239,11.272,112485000.0,1089901000.0,1031933000.0,1031933000.0,127709000.0,0.196,0.225,0.346,0.589,52962000.0,104158000.0,1.0,307074399.0,307960000,,3.351,2257726000.0,43627000.0,180904000.0,140373000.0,7.331,1793915000.0
48,LLTC,MRT,2004-12-31,2005-01-02,2005-01-02,2019-04-29,-578000.0,2195638000.0,2133953750.0,1924662000.0,270976000.0,0.445,6.263,-50496000.0,185108000.0,185108000.0,209503000.0,390659000.0,9.923,0.139,0.0,0.0,0.0,0.0,45257000.0,47544000.0,0.0,0.008,0.32,554376000.0,601920000.0,0.633,601920000.0,554376000.0,554376000.0,1.26,1.24,1.26,1928052000.0,1860483750.0,1928052000.0,11618973223.0,21.0,19.303,448411000.0,1.457,1.0,740829000.0,0.78,0.0,0.0,1816564000.0,1714210750.0,31912000.0,1546803000.0,1546803000.0,0.0,267586000.0,193966000.0,73620000.0,11900967223.0,-36143000.0,0.0,-293237000.0,0.0,-99636000.0,-392873000.0,-142177000.0,-91681000.0,498907000.0,0.0,390659000.0,390659000.0,390659000.0,0.0,0.0,0.411,210879000.0,529950000.0,10576000.0,0.254,6.173,30.464,30.762,214617000.0,0.0,38.76,12.523,12.556,97518000.0,1052860000.0,950332000.0,950332000.0,118340000.0,0.183,0.21,0.323,0.583,43889000.0,92539000.0,1.0,307042498.0,307856000,,3.087,2195638000.0,44912000.0,163717000.0,134283000.0,7.132,1730696000.0
49,LLTC,MRT,2004-09-30,2004-09-26,2004-09-26,2019-04-29,-922000.0,2151146000.0,2120668750.0,1891638000.0,259508000.0,0.418,6.038,-34919000.0,281994000.0,281994000.0,199390000.0,362176000.0,8.602,0.159,0.0,0.0,0.0,0.0,43835000.0,47978000.0,0.0,0.008,0.3,514331000.0,562309000.0,0.634,562309000.0,514331000.0,514331000.0,1.17,1.14,1.17,1856804000.0,1850697500.0,1856804000.0,11103380595.0,22.0,19.746,476558000.0,1.55,1.0,686842000.0,0.775,0.0,0.0,1649240000.0,1696221250.0,31418000.0,1422663000.0,1422663000.0,0.0,294342000.0,219912000.0,74430000.0,11306922595.0,136020000.0,0.0,-335696000.0,0.0,-93722000.0,-429418000.0,53961000.0,88880000.0,511477000.0,0.0,362176000.0,362176000.0,362176000.0,0.0,0.0,0.409,196377000.0,490465000.0,15161000.0,0.256,6.089,31.219,31.427,206395000.0,0.0,36.77,12.758,12.758,91629000.0,1025436000.0,886232000.0,886232000.0,110919000.0,0.171,0.196,0.303,0.58,33310000.0,85458000.0,1.0,307504014.0,307504014,,2.882,2151146000.0,44912000.0,152155000.0,173219000.0,6.996,1671726000.0
50,LLTC,MRT,2004-06-30,2004-06-27,2004-06-27,2019-04-29,-2460000.0,2087703000.0,2116729750.0,1832095000.0,255608000.0,0.381,5.633,-20724000.0,203542000.0,203542000.0,185960000.0,328171000.0,9.042,0.153,0.0,0.0,0.0,0.0,41862000.0,48745000.0,0.0,0.007,0.28,462213000.0,510958000.0,0.633,510958000.0,462213000.0,462213000.0,1.05,1.02,1.05,1810605000.0,1860656250.0,1810605000.0,12013988842.0,26.0,23.513,437104000.0,1.36,1.0,621321000.0,0.77,0.0,0.0,1681547000.0,1741067000.0,32704000.0,1452998000.0,1452998000.0,0.0,277098000.0,202614000.0,74484000.0,12228172842.0,67266000.0,0.0,-271311000.0,0.0,-87520000.0,-358831000.0,-31731000.0,-11007000.0,457828000.0,0.0,328171000.0,328171000.0,328171000.0,0.0,0.0,0.407,184591000.0,436730000.0,14410000.0,0.267,6.754,37.262,37.638,201080000.0,0.0,39.52,15.147,15.737,79142000.0,997593000.0,807281000.0,807281000.0,104620000.0,0.155,0.176,0.265,0.573,35746000.0,79971000.0,1.0,309417329.0,321456000,321456000.0,2.511,2087703000.0,44912000.0,134042000.0,146469000.0,6.495,1629481000.0
51,LLTC,MRT,2004-03-31,2004-03-28,2004-03-28,2019-04-29,3075000.0,2101328000.0,2109023750.0,1847242000.0,254086000.0,0.349,5.913,-9504000.0,214184000.0,214184000.0,173237000.0,295359000.0,10.398,0.138,0.0,0.0,0.0,0.0,46178000.0,49134000.0,0.0,0.007,0.26,415997000.0,465131000.0,0.633,465131000.0,415997000.0,415997000.0,0.95,0.93,0.95,1846474000.0,1861737250.0,1846474000.0,11310971908.0,27.0,24.318,377465000.0,1.209,1.0,561761000.0,0.764,0.0,0.0,1709492000.0,1760323750.0,33056000.0,1434203000.0,1434203000.0,0.0,254854000.0,177652000.0,77202000.0,11532222908.0,64590000.0,0.0,-252393000.0,0.0,-81487000.0,-285458000.0,-36921000.0,-27417000.0,386969000.0,0.0,295359000.0,295359000.0,295359000.0,0.0,0.0,0.402,173961000.0,387800000.0,8933000.0,0.274,6.246,39.045,38.874,199019000.0,0.0,36.93,15.69,15.69,98419000.0,1041847000.0,734998000.0,734998000.0,100356000.0,0.14,0.159,0.236,0.566,48684000.0,73605000.0,1.0,312272486.0,312272486,,2.354,2101328000.0,48925000.0,120638000.0,148992000.0,6.729,1669590000.0
52,LLTC,MRT,2003-12-31,2003-12-28,2003-12-28,2019-04-29,2952000.0,2142498000.0,2091615000.0,1881009000.0,261489000.0,0.325,6.046,-7703000.0,221251000.0,221251000.0,165031000.0,270432000.0,10.649,0.134,0.0,0.0,0.0,0.0,43842000.0,48000000.0,0.0,0.006,0.23,380889000.0,428889000.0,0.631,428889000.0,380889000.0,380889000.0,0.87,0.85,0.87,1888907000.0,1849772250.0,1888907000.0,12590761501.0,33.0,29.357,346579000.0,1.109,1.0,514584000.0,0.757,0.0,0.0,1744606000.0,1769571000.0,33067000.0,1465522000.0,1465522000.0,0.0,253591000.0,176641000.0,76950000.0,12736735501.0,23675000.0,0.0,-174129000.0,0.0,-72097000.0,-197804000.0,-132803000.0,-125100000.0,354282000.0,0.0,270432000.0,270432000.0,270432000.0,0.0,0.0,0.398,165300000.0,349284000.0,7875000.0,0.264,6.743,47.098,46.862,206008000.0,0.0,40.77,18.741,18.741,89491000.0,1095091000.0,679615000.0,679615000.0,96332000.0,0.129,0.146,0.215,0.56,43483000.0,68968000.0,1.0,312404599.0,312404599,,2.175,2142498000.0,51181000.0,110457000.0,140320000.0,6.858,1704368000.0
53,LLTC,MRT,2003-09-30,2003-09-28,2003-09-28,2019-04-29,4981000.0,2135390000.0,2050496250.0,1865573000.0,269817000.0,0.311,6.037,-6342000.0,145974000.0,145974000.0,159907000.0,252260000.0,11.602,0.126,0.0,0.0,0.0,0.0,46198000.0,46567000.0,0.0,0.006,0.22,355296000.0,401863000.0,0.629,401863000.0,355296000.0,355296000.0,0.81,0.8,0.81,1896639000.0,1824156500.0,1896639000.0,11135939120.0,31.0,27.711,298005000.0,0.949,1.0,478732000.0,0.75,0.0,0.0,1828623000.0,1741507750.0,32906000.0,1521142000.0,1521142000.0,0.0,238751000.0,160793000.0,77958000.0,11272215120.0,-41408000.0,0.0,-88508000.0,0.0,-68834000.0,-108920000.0,-236835000.0,-230493000.0,304347000.0,0.0,252260000.0,252260000.0,252260000.0,0.0,0.0,0.395,158881000.0,319851000.0,7158000.0,0.272,5.943,44.685,44.296,213797000.0,0.0,35.88,17.65,17.65,95709000.0,1116644000.0,638639000.0,638639000.0,92671000.0,0.123,0.138,0.204,0.556,46501000.0,66210000.0,1.0,314164301.0,314164301,,2.033,2135390000.0,51181000.0,103036000.0,139216000.0,6.797,1704780000.0
54,LLTC,MRT,2003-06-30,2003-06-29,2003-06-29,2019-04-29,6950000.0,2056879000.0,1993196500.0,1776000000.0,280879000.0,0.304,5.647,-6609000.0,136276000.0,136276000.0,155066000.0,236591000.0,10.961,0.133,0.0,0.0,0.0,0.0,44678000.0,45903000.0,0.0,0.007,0.21,333226000.0,379129000.0,0.625,379129000.0,333226000.0,333226000.0,0.76,0.74,0.76,1814929000.0,1775451000.0,1814929000.0,9919275770.0,30.0,26.163,277624000.0,0.864,1.0,451507000.0,0.744,0.0,0.0,1758574000.0,1672456250.0,32094000.0,1457291000.0,1457291000.0,0.0,241950000.0,162029000.0,79921000.0,10068869770.0,-75430000.0,0.0,-230005000.0,0.0,-65804000.0,-247387000.0,-112276000.0,-105667000.0,284233000.0,0.0,236591000.0,236591000.0,236591000.0,0.0,0.0,0.39,156996000.0,294511000.0,7480000.0,0.276,5.548,42.558,42.329,223444000.0,0.0,32.17,16.6,17.044,80094000.0,1067582000.0,606573000.0,606573000.0,91410000.0,0.119,0.133,0.199,0.549,37321000.0,65586000.0,1.0,312989424.0,321375000,321375000.0,1.887,2056879000.0,51181000.0,96635000.0,133200000.0,6.4,1613971000.0
55,LLTC,MRT,2003-03-31,2003-03-30,2003-03-30,2019-04-29,13800000.0,2031693000.0,1976085000.0,1741603000.0,290090000.0,0.294,5.75,-6460000.0,149594000.0,149594000.0,151432000.0,225621000.0,12.842,0.13,0.0,0.0,0.0,0.0,44926000.0,44388000.0,0.0,0.006,0.2,317775000.0,362163000.0,0.623,362163000.0,317775000.0,317775000.0,0.71,0.71,0.71,1798614000.0,1767082250.0,1798614000.0,9954724088.0,31.0,27.487,268495000.0,0.858,1.0,430131000.0,0.74,0.0,0.0,1746481000.0,1634745250.0,31366000.0,1415587000.0,1415587000.0,0.0,233079000.0,135618000.0,97461000.0,10152300088.0,-54472000.0,0.0,-193825000.0,0.0,-62895000.0,-256720000.0,-72707000.0,-66247000.0,274955000.0,0.0,225621000.0,225621000.0,225621000.0,0.0,0.0,0.388,154635000.0,275496000.0,7160000.0,0.282,5.645,44.997,45.704,232991000.0,0.0,32.45,17.457,17.453,83600000.0,1080319000.0,581563000.0,581563000.0,88535000.0,0.114,0.128,0.194,0.546,26846000.0,66100000.0,1.0,312859787.0,312782000,312782000.0,1.859,2031693000.0,42550000.0,92154000.0,135797000.0,6.496,1605985000.0
56,LLTC,MRT,2002-12-31,2002-12-29,2002-12-29,2019-04-29,15600000.0,1978023000.0,1964772500.0,1736433000.0,241590000.0,0.284,5.715,-6962000.0,197576000.0,197576000.0,146560000.0,216479000.0,11.725,0.107,0.0,0.0,0.0,0.0,45799000.0,47204000.0,0.0,0.007,0.19,304899000.0,352103000.0,0.631,352103000.0,304899000.0,304899000.0,0.68,0.68,0.68,1786444000.0,1764695500.0,1786444000.0,8049236210.0,26.0,22.86,257096000.0,0.822,1.0,411408000.0,0.737,0.0,0.0,1632353000.0,1602223250.0,30952000.0,1351222000.0,1351222000.0,0.0,191579000.0,148094000.0,43485000.0,8236618210.0,25975000.0,0.0,-186883000.0,0.0,-59916000.0,-246799000.0,8716000.0,15678000.0,264058000.0,0.0,216479000.0,216479000.0,216479000.0,0.0,0.0,0.388,151802000.0,259606000.0,6360000.0,0.279,4.611,38.048,38.824,241590000.0,0.0,26.4,14.762,14.79,91813000.0,1071174000.0,557968000.0,557968000.0,86053000.0,0.11,0.123,0.19,0.546,34279000.0,65749000.0,1.0,311993114.0,312581000,312581000.0,1.785,1978023000.0,43754000.0,88420000.0,86856000.0,6.328,1588339000.0
57,LLTC,MRT,2002-09-30,2002-09-29,2002-09-29,2019-04-29,0.0,1906191000.0,1964503250.0,1655470000.0,250721000.0,0.272,5.417,-12266000.0,187382000.0,187382000.0,144040000.0,206281000.0,9.949,0.12,0.0,0.0,0.0,0.0,47364000.0,47220000.0,0.0,0.008,0.18,290536000.0,337756000.0,0.632,337756000.0,290536000.0,290536000.0,0.65,0.64,0.65,1701817000.0,1759805750.0,1701817000.0,6572719365.0,23.0,19.46,266648000.0,0.849,1.0,390149000.0,0.73,0.0,0.0,1552417000.0,1601179250.0,30760000.0,1282550000.0,1282550000.0,0.0,204374000.0,166392000.0,37982000.0,6784425365.0,57649000.0,0.0,-194641000.0,0.0,-56979000.0,-251620000.0,30355000.0,42621000.0,278914000.0,0.0,206281000.0,206281000.0,206281000.0,0.0,0.0,0.386,147505000.0,242644000.0,6614000.0,0.277,3.987,32.889,33.2,250721000.0,0.0,21.58,12.7,12.693,93075000.0,1031939000.0,534189000.0,534189000.0,84091000.0,0.105,0.117,0.181,0.544,32238000.0,63414000.0,1.0,314384864.0,314190000,314190000.0,1.7,1906191000.0,43754000.0,84255000.0,105815000.0,6.067,1489078000.0
58,LLTC,MRT,2002-06-30,2002-06-30,2002-06-30,2019-04-29,0.0,1988433000.0,1966998750.0,1727581000.0,260852000.0,0.26,5.616,-17887000.0,211706000.0,211706000.0,144719000.0,197629000.0,10.223,0.116,0.0,0.0,0.0,0.0,46168000.0,46261000.0,0.0,0.005,0.17,278350000.0,324611000.0,0.634,324611000.0,278350000.0,278350000.0,0.62,0.6,0.62,1781454000.0,1763081000.0,1781454000.0,9771867860.0,35.0,30.103,239251000.0,0.754,1.0,367563000.0,0.718,0.0,0.0,1607730000.0,1617594500.0,28942000.0,1340324000.0,1340324000.0,0.0,206979000.0,168997000.0,37982000.0,9975933860.0,-109400000.0,0.0,-182218000.0,0.0,-54005000.0,-236223000.0,-130315000.0,-112428000.0,257138000.0,0.0,197629000.0,197629000.0,197629000.0,0.0,0.0,0.386,142464000.0,225099000.0,5098000.0,0.274,5.6,50.478,50.694,260852000.0,0.0,31.43,19.474,19.462,81447000.0,1108538000.0,512282000.0,512282000.0,79839000.0,0.1,0.112,0.172,0.543,38091000.0,62625000.0,1.0,317401650.0,317215000,328538000.0,1.615,1988433000.0,43754000.0,80721000.0,101336000.0,6.268,1558584000.0
59,LLTC,MRT,2002-03-31,2002-03-31,2002-03-31,2019-04-29,0.0,1986443000.0,1974159000.0,1715995000.0,270448000.0,0.29,5.641,-39303000.0,204066000.0,204066000.0,157206000.0,227412000.0,10.338,0.11,0.0,0.0,0.0,0.0,46673000.0,45780000.0,0.0,0.004,0.16,322005000.0,367785000.0,0.644,367785000.0,322005000.0,322005000.0,0.72,0.7,0.72,1789067000.0,1763206750.0,1789067000.0,13861492184.0,43.0,37.689,280493000.0,0.884,1.0,414332000.0,0.725,0.0,0.0,1616393000.0,1589098000.0,27342000.0,1335540000.0,1335540000.0,0.0,197376000.0,165984000.0,31392000.0,14033093184.0,-134425000.0,0.0,-119472000.0,0.0,-50849000.0,-170321000.0,-283900000.0,-244597000.0,319796000.0,0.0,227412000.0,227412000.0,227412000.0,0.0,0.0,0.398,150258000.0,264074000.0,6917000.0,0.222,7.844,61.708,61.417,270448000.0,0.0,44.22,24.553,24.537,81441000.0,1131886000.0,571538000.0,571538000.0,82039000.0,0.115,0.129,0.203,0.563,46831000.0,68219000.0,1.0,317347200.0,317136000,317136000.0,1.802,1986443000.0,46875000.0,94593000.0,98314000.0,6.264,1550011000.0
60,LLTC,MRT,2001-12-31,2001-12-30,2001-12-30,2019-04-29,0.0,1976946000.0,1953356750.0,1695114000.0,281832000.0,0.37,5.578,-54993000.0,171601000.0,171601000.0,187880000.0,301635000.0,9.568,0.119,0.0,0.0,0.0,0.0,39920000.0,42504000.0,0.0,0.004,0.15,429073000.0,471577000.0,0.652,471577000.0,429073000.0,429073000.0,0.96,0.92,0.96,1766885000.0,1737226250.0,1766885000.0,12697876113.0,30.0,26.926,309046000.0,0.976,1.0,535524000.0,0.74,0.0,0.0,1628177000.0,1525758750.0,28007000.0,1351300000.0,1351300000.0,0.0,210061000.0,177168000.0,32893000.0,12827609113.0,-129478000.0,0.0,-84145000.0,0.0,-47645000.0,-131790000.0,-361727000.0,-306734000.0,364039000.0,0.0,301635000.0,301635000.0,301635000.0,0.0,0.0,0.417,168558000.0,366966000.0,8815000.0,0.156,7.26,42.527,42.208,281832000.0,0.0,40.52,17.732,17.742,77515000.0,1128339000.0,723404000.0,723404000.0,90444000.0,0.154,0.174,0.281,0.593,72928000.0,78114000.0,1.0,316574756.0,316749000,316749000.0,2.284,1976946000.0,43482000.0,127438000.0,99037000.0,6.241,1517946000.0
61,LLTC,MRT,2001-09-30,2001-09-30,2001-09-30,2019-04-29,0.0,1916173000.0,1907142750.0,1630498000.0,285675000.0,0.451,5.39,-86738000.0,129733000.0,129733000.0,212879000.0,370428000.0,9.684,0.117,0.0,0.0,0.0,0.0,41106000.0,39835000.0,0.0,0.004,0.14,528273000.0,568108000.0,0.66,568108000.0,528273000.0,528273000.0,1.17,1.12,1.17,1714918000.0,1676533000.0,1714918000.0,10158561437.0,19.0,17.881,364762000.0,1.146,1.0,647709000.0,0.753,0.0,0.0,1618078000.0,1428568250.0,27897000.0,1325171000.0,1325171000.0,0.0,201255000.0,168362000.0,32893000.0,10479667437.0,-83682000.0,0.0,-139332000.0,0.0,-44483000.0,-183815000.0,-351367000.0,-264629000.0,451500000.0,0.0,370428000.0,370428000.0,370428000.0,0.0,0.0,0.43,185032000.0,462677000.0,9004000.0,0.12,6.111,28.291,28.034,285675000.0,0.0,32.8,12.177,12.127,82891000.0,1097837000.0,860588000.0,860588000.0,96562000.0,0.194,0.221,0.37,0.614,72158000.0,88470000.0,1.0,319502056.0,318191000,318191000.0,2.705,1916173000.0,43482000.0,157845000.0,92663000.0,6.022,1462136000.0
62,LLTC,MRT,2001-06-30,2001-07-01,2001-07-01,2019-04-29,0.0,2017074000.0,1842671250.0,1727848000.0,289226000.0,0.528,5.623,-127861000.0,321106000.0,321106000.0,231122000.0,427456000.0,8.544,0.132,0.0,0.0,0.0,0.0,44481000.0,35788000.0,0.0,0.003,0.13,610651000.0,646439000.0,0.665,646439000.0,610651000.0,610651000.0,1.35,1.29,1.35,1781957000.0,1611840250.0,1781957000.0,13713696380.0,22.0,21.214,431703000.0,1.362,1.0,741503000.0,0.762,0.0,0.0,1493744000.0,1338827250.0,25592000.0,1227896000.0,1227896000.0,0.0,235117000.0,202224000.0,32893000.0,14052187380.0,90651000.0,0.0,-17095000.0,0.0,-41164000.0,-58259000.0,-410654000.0,-282793000.0,559564000.0,0.0,427456000.0,427456000.0,427456000.0,0.0,0.0,0.439,195218000.0,546285000.0,10615000.0,0.096,7.886,32.874,32.756,289226000.0,0.0,44.22,14.448,14.409,89836000.0,1173755000.0,972625000.0,972625000.0,102487000.0,0.232,0.265,0.456,0.628,90563000.0,92731000.0,1.0,317779000.0,316924000,332527000.0,3.069,2017074000.0,43482000.0,183195000.0,84228000.0,6.365,1525624000.0
63,LLTC,MRT,2001-03-31,2001-04-01,2001-04-01,2019-04-29,0.0,1903234000.0,1715216750.0,1626309000.0,276925000.0,0.573,5.314,-132044000.0,338491000.0,338491000.0,233821000.0,431270000.0,8.063,0.129,0.0,0.0,0.0,0.0,51836000.0,31982000.0,0.0,0.003,0.12,617932000.0,649914000.0,0.661,649914000.0,617932000.0,617932000.0,1.37,1.3,1.37,1685145000.0,1496900250.0,1685145000.0,12703443789.0,21.0,19.546,447732000.0,1.412,1.0,749808000.0,0.762,0.0,0.0,1363036000.0,1242422250.0,22970000.0,1090943000.0,1090943000.0,0.0,218089000.0,201707000.0,16382000.0,13004522789.0,183509000.0,0.0,-7815000.0,0.0,-37850000.0,-45665000.0,-350602000.0,-218558000.0,579776000.0,0.0,431270000.0,431270000.0,431270000.0,0.0,0.0,0.438,192565000.0,557243000.0,14278000.0,0.088,7.717,30.154,29.971,276925000.0,0.0,41.06,13.221,13.237,120918000.0,1107875000.0,983629000.0,983629000.0,100988000.0,0.251,0.288,0.497,0.628,108104000.0,91577000.0,1.0,316719990.0,317098000,317098000.0,3.102,1903234000.0,32246000.0,186662000.0,69724000.0,6.002,1424602000.0
64,LLTC,MRT,2000-12-31,2000-12-31,2000-12-31,2019-04-29,0.0,1792090000.0,1574465250.0,1522747000.0,269343000.0,0.563,4.816,-143394000.0,301079000.0,301079000.0,216064000.0,381434000.0,6.052,0.176,0.0,0.0,0.0,0.0,46590000.0,27694000.0,0.0,0.002,0.11,548309000.0,576003000.0,0.65,576003000.0,548309000.0,548309000.0,1.21,1.15,1.21,1524112000.0,1373473000.0,1524112000.0,14434884538.0,26.0,25.06,428903000.0,1.355,1.0,670619000.0,0.756,0.0,0.0,1239415000.0,1164369250.0,21919000.0,1044566000.0,1044566000.0,0.0,267978000.0,251596000.0,16382000.0,14648299538.0,116718000.0,0.0,-2246000.0,0.0,-34586000.0,-36832000.0,-418747000.0,-275353000.0,572297000.0,0.0,381434000.0,381434000.0,381434000.0,0.0,0.0,0.43,177402000.0,493217000.0,18874000.0,0.091,9.611,38.403,38.223,269343000.0,0.0,46.25,16.52,16.508,100892000.0,1002170000.0,886683000.0,886683000.0,91891000.0,0.242,0.278,0.471,0.618,101707000.0,85511000.0,1.0,316719990.0,316478000,316478000.0,2.802,1792090000.0,32246000.0,166875000.0,99876000.0,5.663,1271151000.0
65,LLTC,MRT,2000-09-30,2000-10-01,2000-10-01,2019-04-29,0.0,1658287000.0,1434381500.0,1419515000.0,238772000.0,0.551,4.611,-118877000.0,213415000.0,213415000.0,196470000.0,331627000.0,7.642,0.139,0.0,0.0,0.0,0.0,35288000.0,25596000.0,0.0,0.002,0.1,478503000.0,504099000.0,0.638,504099000.0,478503000.0,478503000.0,1.06,1.01,1.06,1456147000.0,1261895750.0,1456147000.0,20263921035.0,42.0,40.198,381960000.0,1.21,1.0,594057000.0,0.751,0.0,0.0,1259114000.0,1081587250.0,23454000.0,1060542000.0,1060542000.0,0.0,202140000.0,185758000.0,16382000.0,20494376035.0,95593000.0,0.0,62123000.0,0.0,-31257000.0,30866000.0,-436110000.0,-317233000.0,500837000.0,0.0,331627000.0,331627000.0,331627000.0,0.0,0.0,0.42,164338000.0,429719000.0,34028000.0,0.094,14.074,61.799,61.085,238772000.0,0.0,64.75,25.925,25.865,74812000.0,947443000.0,790527000.0,790527000.0,85161000.0,0.231,0.263,0.442,0.605,119690000.0,79177000.0,1.0,316515460.0,315782000,315782000.0,2.503,1658287000.0,32246000.0,146876000.0,63580000.0,5.251,1233757000.0
66,LLTC,MRT,2000-06-30,2000-07-02,2000-07-02,2019-04-29,0.0,1507256000.0,1302790500.0,1310103000.0,197153000.0,0.542,4.252,-80309000.0,230455000.0,230455000.0,178949000.0,287906000.0,7.767,0.14,0.0,0.0,0.0,0.0,34488000.0,24958000.0,0.0,0.001,0.09,417254000.0,442212000.0,0.626,442212000.0,417254000.0,417254000.0,0.93,0.88,0.93,1322197000.0,1141350000.0,1322197000.0,19863928660.0,48.0,44.919,362018000.0,1.164,1.0,526968000.0,0.747,0.0,0.0,1108124000.0,984555500.0,21912000.0,945103000.0,945103000.0,0.0,185059000.0,168677000.0,16382000.0,20018910660.0,76235000.0,0.0,54783000.0,0.0,-27950000.0,26833000.0,-392925000.0,-312616000.0,442327000.0,0.0,287906000.0,287906000.0,287906000.0,0.0,0.0,0.408,152572000.0,374396000.0,16829000.0,0.097,15.141,69.533,68.753,197153000.0,0.0,63.94,28.359,28.165,69326000.0,854723000.0,705917000.0,705917000.0,78299000.0,0.221,0.252,0.424,0.591,100664000.0,74273000.0,1.0,313089000.0,310953000,328002000.0,2.27,1507256000.0,32246000.0,129348000.0,48298000.0,4.847,1141426000.0
67,LLTC,MRT,2000-03-31,2000-04-02,2000-04-02,2019-04-29,0.0,1340228000.0,1187705000.0,1163365000.0,176863000.0,0.535,3.817,-59869000.0,154982000.0,154982000.0,163429000.0,253454000.0,8.655,0.125,0.0,0.0,0.0,0.0,40531000.0,24203000.0,0.0,0.001,0.08,368483000.0,392686000.0,0.618,392686000.0,368483000.0,368483000.0,0.82,0.78,0.82,1191436000.0,1037499250.0,1191436000.0,16925809000.0,46.0,43.103,309481000.0,0.992,1.0,471995000.0,0.743,0.0,0.0,1050824000.0,899379250.0,19828000.0,872385000.0,872385000.0,0.0,148792000.0,134422000.0,14370000.0,17110170000.0,51071000.0,0.0,47268000.0,0.0,-24674000.0,22594000.0,-340873000.0,-281004000.0,369350000.0,0.0,253454000.0,253454000.0,253454000.0,0.0,0.0,0.399,140943000.0,331052000.0,13264000.0,0.098,14.361,67.508,67.073,176863000.0,0.0,55.0,26.927,27.016,74247000.0,775493000.0,635424000.0,635424000.0,72035000.0,0.213,0.244,0.41,0.58,75328000.0,68908000.0,1.0,311094000.0,312119000,312119000.0,2.036,1340228000.0,30118000.0,115029000.0,35849000.0,4.294,1028943000.0
68,LLTC,MRT,1999-12-31,2000-01-02,2000-01-02,2019-04-29,0.0,1231755000.0,1092960750.0,1078112000.0,153643000.0,0.531,3.48,-37291000.0,184361000.0,184361000.0,151637000.0,227415000.0,7.75,0.143,0.0,0.0,0.0,0.0,42691000.0,23491000.0,0.0,0.002,0.077,331808000.0,355299000.0,0.612,355299000.0,331808000.0,331808000.0,0.74,0.71,0.74,1077803000.0,949655250.0,1077803000.0,10924761680.0,33.0,30.748,311293000.0,1.005,1.0,428805000.0,0.739,0.0,0.0,908287000.0,824181000.0,18175000.0,769213000.0,769213000.0,0.0,153952000.0,139107000.0,14845000.0,11042583680.0,88573000.0,0.0,54959000.0,0.0,-23780000.0,31179000.0,-291190000.0,-253899000.0,348584000.0,0.0,227415000.0,227415000.0,227415000.0,0.0,0.0,0.392,130045000.0,298760000.0,11892000.0,0.104,10.245,48.557,48.351,153643000.0,0.0,35.78,19.024,19.093,69109000.0,705852000.0,580442000.0,580442000.0,67144000.0,0.208,0.239,0.403,0.572,76816000.0,62901000.0,1.0,308624474.0,309744000,309744000.0,1.874,1231755000.0,28116000.0,104393000.0,30921000.0,3.977,939005000.0
69,LLTC,MRT,1999-09-30,1999-09-26,1999-09-26,2019-04-29,0.0,1131923000.0,1003598000.0,986432000.0,145491000.0,0.536,3.163,-27906000.0,117822000.0,117822000.0,144128000.0,208368000.0,6.893,0.162,0.0,0.0,0.0,0.0,39266000.0,22635000.0,0.0,0.002,0.075,305180000.0,327815000.0,0.609,327815000.0,305180000.0,305180000.0,0.685,0.655,0.685,973964000.0,865802750.0,973964000.0,9668191727.0,32.0,29.493,274693000.0,0.892,1.0,394040000.0,0.732,0.0,0.0,870987000.0,762231250.0,16423000.0,743309000.0,743309000.0,0.0,157959000.0,143114000.0,14845000.0,9822411727.0,16981000.0,0.0,33822000.0,0.0,-22857000.0,10965000.0,-296583000.0,-268677000.0,302599000.0,0.0,208368000.0,208368000.0,208368000.0,0.0,0.0,0.387,118147000.0,275893000.0,10333000.0,0.109,10.085,47.14,46.489,145491000.0,0.0,31.845,18.252,18.22,69257000.0,647073000.0,538168000.0,538168000.0,61010000.0,0.208,0.241,0.4,0.567,55518000.0,57137000.0,1.0,308444394.0,307918000,307918000.0,1.748,1131923000.0,28116000.0,96812000.0,56616000.0,3.676,843318000.0
70,LLTC,MRT,1999-06-30,1999-06-27,1999-06-27,2019-04-29,0.0,1046914000.0,930579500.0,905112000.0,141802000.0,0.544,2.982,-39128000.0,154220000.0,154220000.0,139821000.0,194293000.0,7.225,0.155,0.0,0.0,0.0,0.0,35464000.0,21972000.0,0.0,0.002,0.073,285727000.0,307699000.0,0.607,307699000.0,285727000.0,285727000.0,0.64,0.61,0.64,906794000.0,797090000.0,906794000.0,9384978944.0,33.0,30.501,241303000.0,0.794,1.0,366848000.0,0.724,0.0,0.0,767419000.0,697523000.0,15524000.0,632487000.0,632487000.0,0.0,140120000.0,125275000.0,14845000.0,9488889944.0,25487000.0,0.0,-70404000.0,0.0,-22085000.0,-92489000.0,-162455000.0,-123327000.0,280431000.0,0.0,194293000.0,194293000.0,194293000.0,0.0,0.0,0.383,108922000.0,257926000.0,7873000.0,0.114,10.464,48.838,48.438,141802000.0,0.0,31.0,18.728,18.602,62188000.0,594767000.0,506669000.0,506669000.0,54662000.0,0.209,0.244,0.41,0.564,49077000.0,54260000.0,1.0,306093224.0,304040000,317888000.0,1.666,1046914000.0,28116000.0,91434000.0,42249000.0,3.443,779837000.0
71,LLTC,MRT,1999-03-31,1999-03-28,1999-03-28,2019-04-29,0.0,961251000.0,892056500.0,820054000.0,141197000.0,0.558,2.763,-36653000.0,103911000.0,103911000.0,140159000.0,189617000.0,7.642,0.144,0.0,0.0,0.0,0.0,33089000.0,21443000.0,0.0,0.003,0.068,280305000.0,301748000.0,0.606,301748000.0,280305000.0,280305000.0,0.62,0.615,0.62,840060000.0,759369750.0,840060000.0,7444948738.0,27.0,24.673,222363000.0,0.731,1.0,357997000.0,0.719,0.0,0.0,750031000.0,665934000.0,15775000.0,591381000.0,591381000.0,0.0,121191000.0,107309000.0,13882000.0,7540736738.0,-13459000.0,0.0,-73755000.0,0.0,-20559000.0,-94314000.0,-178161000.0,-141508000.0,259016000.0,0.0,189617000.0,189617000.0,189617000.0,0.0,0.0,0.381,104771000.0,253226000.0,10343000.0,0.11,8.976,39.768,40.371,141197000.0,0.0,25.03,15.137,15.277,64833000.0,546713000.0,498156000.0,498156000.0,51534000.0,0.213,0.25,0.421,0.563,45736000.0,53237000.0,1.0,301267948.0,304058000,304058000.0,1.638,961251000.0,35817000.0,90688000.0,34996000.0,3.161,712745000.0
72,LLTC,MRT,1998-12-31,1998-12-27,1998-12-27,2019-04-29,0.0,874304000.0,854098250.0,734461000.0,139843000.0,0.578,2.468,-34845000.0,95788000.0,95788000.0,140440000.0,186963000.0,6.223,0.178,0.0,0.0,0.0,0.0,32105000.0,20953000.0,0.0,0.003,0.065,277755000.0,298708000.0,0.605,298708000.0,277755000.0,277755000.0,0.615,0.605,0.615,742393000.0,724110000.0,742393000.0,6227973870.0,22.0,20.85,208321000.0,0.693,1.0,353605000.0,0.716,0.0,0.0,660488000.0,624403000.0,15944000.0,515314000.0,515314000.0,0.0,131911000.0,118028000.0,13883000.0,6328814870.0,34988000.0,0.0,-90144000.0,0.0,-19775000.0,-109919000.0,-98259000.0,-63414000.0,243166000.0,0.0,186963000.0,186963000.0,186963000.0,0.0,0.0,0.378,102214000.0,251391000.0,6501000.0,0.106,8.525,33.851,34.224,139843000.0,0.0,21.047,12.81,12.814,63383000.0,502217000.0,494045000.0,494045000.0,48963000.0,0.219,0.258,0.445,0.562,27407000.0,53251000.0,1.0,300692000.0,300788000,300788000.0,1.643,874304000.0,35817000.0,90792000.0,45229000.0,2.907,616433000.0
73,LLTC,MRT,1998-09-30,1998-09-27,1998-09-27,2019-04-29,0.0,839849000.0,822803500.0,699629000.0,140220000.0,0.597,2.297,-38810000.0,100841000.0,100841000.0,140057000.0,184641000.0,5.515,0.201,0.0,0.0,0.0,0.0,32051000.0,20653000.0,0.0,0.004,0.063,275589000.0,296242000.0,0.603,296242000.0,275589000.0,275589000.0,0.602,0.597,0.602,699113000.0,696521000.0,699113000.0,4215430377.0,15.0,14.23,222722000.0,0.732,1.0,350972000.0,0.715,0.0,0.0,612154000.0,602489250.0,15658000.0,474632000.0,474632000.0,0.0,140736000.0,126854000.0,13882000.0,4344163377.0,46634000.0,0.0,-134112000.0,0.0,-19121000.0,-153233000.0,-61665000.0,-22855000.0,261532000.0,0.0,184641000.0,184641000.0,184641000.0,0.0,0.0,0.376,100869000.0,250103000.0,6778000.0,0.105,6.214,23.528,23.439,140220000.0,0.0,14.11,8.847,8.746,65394000.0,469682000.0,491029000.0,491029000.0,47117000.0,0.224,0.265,0.457,0.561,26631000.0,53752000.0,1.0,307878340.0,304376000,316596000.0,1.613,839849000.0,35817000.0,90948000.0,63931000.0,2.759,572775000.0
74,LLTC,MRT,1998-06-30,1998-06-28,1998-06-28,2019-04-29,0.0,892822000.0,786227500.0,768176000.0,124646000.0,0.617,2.476,-24421000.0,128733000.0,128733000.0,137779000.0,180902000.0,6.244,0.181,0.0,0.0,0.0,0.0,33377000.0,20122000.0,0.0,0.004,0.06,271257000.0,291379000.0,0.601,291379000.0,271257000.0,271257000.0,0.59,0.58,0.59,755913000.0,672482000.0,755913000.0,4542313060.0,17.0,15.589,242619000.0,0.795,1.0,347020000.0,0.716,0.0,0.0,641063000.0,590798000.0,16120000.0,509160000.0,509160000.0,0.0,136909000.0,123026000.0,13883000.0,4659683060.0,78619000.0,0.0,-29849000.0,0.0,-18316000.0,-48165000.0,-140256000.0,-115835000.0,267040000.0,0.0,180902000.0,180902000.0,180902000.0,0.0,0.0,0.373,99473000.0,247547000.0,8241000.0,0.102,6.164,25.758,25.691,124646000.0,0.0,15.158,9.612,9.544,68539000.0,525258000.0,484799000.0,484799000.0,46198000.0,0.23,0.269,0.459,0.56,34125000.0,53275000.0,1.0,307417652.0,305272000,319878000.0,1.588,892822000.0,35817000.0,90355000.0,46632000.0,2.925,645150000.0
75,LLTC,MRT,1998-03-31,1998-03-29,1998-03-29,2019-04-29,0.0,809418000.0,,683431000.0,125987000.0,,2.295,-22640000.0,117370000.0,117370000.0,131455000.0,168801000.0,6.32,0.158,0.0,0.0,0.0,0.0,34225000.0,18389000.0,0.0,0.003,0.057,253931000.0,272320000.0,0.596,272320000.0,253931000.0,253931000.0,0.555,0.535,0.555,699021000.0,,699021000.0,5141703601.0,20.0,18.881,227443000.0,0.747,1.0,325408000.0,0.712,0.0,0.0,583907000.0,,14995000.0,449873000.0,449873000.0,0.0,110397000.0,108141000.0,2256000.0,5202503601.0,73262000.0,0.0,-29634000.0,0.0,-17487000.0,-47121000.0,-129700000.0,-107060000.0,250083000.0,0.0,168801000.0,168801000.0,168801000.0,0.0,0.0,0.369,93107000.0,232301000.0,9087000.0,0.103,7.443,30.82,30.914,125987000.0,0.0,17.157,11.387,11.436,67083000.0,480354000.0,456863000.0,456863000.0,43108000.0,,,,0.556,36477000.0,49999000.0,1.0,303220376.0,304520000,304520000.0,1.5,809418000.0,30168000.0,85130000.0,29414000.0,2.658,575290000.0
76,LLTC,MRT,1997-12-31,1997-12-28,1997-12-28,2019-04-29,0.0,749125000.0,,623174000.0,125951000.0,,2.073,-24255000.0,60800000.0,60800000.0,122966000.0,155607000.0,5.396,0.185,0.0,0.0,0.0,0.0,30236000.0,16270000.0,0.0,0.004,0.055,234924000.0,251194000.0,0.59,251194000.0,234924000.0,234924000.0,0.513,0.492,0.513,632037000.0,,632037000.0,,,,206015000.0,0.676,1.0,302948000.0,0.711,0.0,0.0,572833000.0,,15107000.0,451900000.0,451900000.0,0.0,117088000.0,115492000.0,1596000.0,4069975497.0,2434000.0,0.0,-28973000.0,0.0,-16697000.0,-45670000.0,-182166000.0,-157911000.0,230270000.0,0.0,155607000.0,155607000.0,155607000.0,0.0,0.0,0.365,87642000.0,215306000.0,17214000.0,0.107,6.439,26.155,26.165,125951000.0,0.0,13.422,9.556,9.607,56855000.0,437728000.0,425914000.0,425914000.0,40403000.0,,,,0.552,34823000.0,47239000.0,1.0,303220376.0,304848000,304848000.0,1.397,749125000.0,30698000.0,79317000.0,30540000.0,2.457,507682000.0
77,LLTC,MRT,1997-09-30,1997-09-28,1997-09-28,2019-04-29,,,,,,,,,,,115353000.0,143656000.0,,,,,,,,,,0.003,0.053,217730000.0,,,,217730000.0,217730000.0,0.475,0.455,0.475,,,,,,,,,1.0,283637000.0,0.711,,0.0,,,,,,,,,,,,,,,,,,,,,143656000.0,143656000.0,143656000.0,0.0,0.0,0.36,83593000.0,200044000.0,,0.112,,,37.437,,0.0,17.782,,13.59,,,398990000.0,398990000.0,37833000.0,,,,0.546,,45760000.0,1.0,,304928000,320280000.0,1.308,,,74074000.0,,,
78,LLTC,MRT,1997-06-30,1997-06-29,1997-06-29,2019-04-29,0.0,679633000.0,,559286000.0,120347000.0,,1.964,-21850000.0,50114000.0,50114000.0,109748000.0,134371000.0,6.285,0.154,0.0,0.0,0.0,0.0,29986000.0,12425000.0,0.0,0.004,0.05,204522000.0,216947000.0,0.572,216947000.0,204522000.0,204522000.0,0.45,0.43,0.45,589051000.0,,589051000.0,,,,129046000.0,0.43,1.0,269503000.0,0.711,0.0,0.0,540533000.0,,12185000.0,393325000.0,393325000.0,0.0,90582000.0,88986000.0,1596000.0,,-4279000.0,0.0,6883000.0,0.0,-14962000.0,-8079000.0,-147096000.0,-125246000.0,150896000.0,0.0,134371000.0,134371000.0,134371000.0,0.0,0.0,0.354,81071000.0,188432000.0,7872000.0,0.111,,,27.917,120347000.0,0.0,12.563,,9.936,64836000.0,416648000.0,379251000.0,379251000.0,35401000.0,,,,0.539,22272000.0,45670000.0,1.0,,299952000,314180000.0,1.264,679633000.0,30698000.0,70151000.0,17720000.0,2.266,470300000.0
79,LLTC,MRT,1997-03-31,1997-03-30,1997-03-30,2019-04-29,,,,,,,,,,,,,,,,,,,,,,0.004,0.048,,,,,,,,,,,,,,,,,,1.0,,,,,,,,,,,,,,,,,,,,,,,,,,,,,,,,,,,,,,,,11.5,,,,,,,,,,,,,,1.0,,300552000,,,,,,,,
80,LLTC,MRT,1996-12-31,1996-12-29,1996-12-29,2019-04-29,,,,,,,,,,,,,,,,,,,,,,0.004,0.045,,,,,,,,,,,,,,,,,,1.0,,,,,,,,,,,,,,,,,,,,,,,,,,,,,,,,,,,,,,,,10.75,,,,,,,,,,,,,,1.0,,298464000,,,,,,,,
81,LLTC,MRT,1996-06-30,1996-06-28,1996-06-28,2019-04-29,,,,,,,,-70383000.0,,,106832000.0,133964000.0,,,,,,,,10263000.0,,0.006,0.04,203902000.0,214165000.0,0.567,214165000.0,203902000.0,203902000.0,0.453,0.43,0.453,,,,,,,94246000.0,0.318,1.0,270939000.0,0.717,,0.0,,,,,,,,,,,6247000.0,0.0,-10135000.0,0.0,-11861000.0,-21996000.0,-136386000.0,-66003000.0,164629000.0,0.0,133964000.0,133964000.0,133964000.0,0.0,0.0,0.355,80185000.0,190754000.0,,0.088,,,16.004,,0.0,7.25,,5.695,,,377771000.0,377771000.0,31058000.0,,,,0.54,19989000.0,49127000.0,,,296760000,311552000.0,1.273,,,69938000.0,,,
