None,ticker,dimension,calendardate,datekey,reportperiod,lastupdated,accoci,assets,assetsavg,assetsc,assetsnc,assetturnover,bvps,capex,cashneq,cashnequsd,cor,consolinc,currentratio,de,debt,debtc,debtnc,debtusd,deferredrev,depamor,deposits,divyield,dps,ebit,ebitda,ebitdamargin,ebitdausd,ebitusd,ebt,eps,epsdil,epsusd,equity,equityavg,equityusd,ev,evebit,evebitda,fcf,fcfps,fxusd,gp,grossmargin,intangibles,intexp,invcap,invcapavg,inventory,investments,investmentsc,investmentsnc,liabilities,liabilitiesc,liabilitiesnc,marketcap,ncf,ncfbus,ncfcommon,ncfdebt,ncfdiv,ncff,ncfi,ncfinv,ncfo,ncfx,netinc,netinccmn,netinccmnusd,netincdis,netincnci,netmargin,opex,opinc,payables,payoutratio,pb,pe,pe1,ppnenet,prefdivis,price,ps,ps1,receivables,retearn,revenue,revenueusd,rnd,roa,roe,roic,ros,sbcomp,sgna,sharefactor,sharesbas,shareswa,shareswadil,sps,tangibles,taxassets,taxexp,taxliabilities,tbvps,workingcapital
0,POM,MRY,2015-12-31,2015-12-31,2015-12-31,2019-05-12,-36000000.0,16326000000.0,16260500000.0,1202000000.0,15124000000.0,0.309,17.443,-1176000000.0,57000000.0,57000000.0,3288000000.0,327000000.0,0.521,2.7,6238000000.0,1415000000.0,4823000000.0,6238000000.0,0.0,651000000.0,0.0,0.042,1.08,736000000.0,1387000000.0,0.276,1387000000.0,736000000.0,456000000.0,1.29,1.29,1.29,4413000000.0,4349000000.0,4413000000.0,12763583138.0,17.0,9.202,-237000000.0,-0.937,1.0,1735000000.0,0.345,1406000000.0,280000000.0,18793000000.0,18738250000.0,141000000.0,0.0,0.0,0.0,11913000000.0,2308000000.0,9605000000.0,6596583138.0,11000000.0,0.0,18000000.0,472000000.0,-275000000.0,233000000.0,-1161000000.0,0.0,939000000.0,0.0,327000000.0,327000000.0,327000000.0,-9000000.0,0.0,0.065,1062000000.0,673000000.0,175000000.0,0.837,1.495,20.173,20.163,11304000000.0,0.0,26.01,1.313,1.31,839000000.0,617000000.0,5023000000.0,5023000000.0,0.0,0.02,0.075,0.039,0.147,0.0,0.0,1.0,253617191.0,253000000.0,254000000.0,19.854,14920000000.0,132000000.0,129000000.0,3459000000.0,58.972,-1106000000.0
1,POM,MRY,2014-12-31,2014-12-31,2014-12-31,2019-05-12,-46000000.0,15589000000.0,15240250000.0,1034000000.0,14555000000.0,0.32,17.219,-1223000000.0,53000000.0,53000000.0,3211000000.0,242000000.0,0.503,2.607,5795000000.0,1170000000.0,4625000000.0,5795000000.0,0.0,549000000.0,0.0,0.04,1.08,648000000.0,1197000000.0,0.245,1197000000.0,648000000.0,380000000.0,0.96,0.96,0.96,4322000000.0,4338750000.0,4322000000.0,12252858418.0,19.0,10.236,-369000000.0,-1.47,1.0,1667000000.0,0.342,1407000000.0,268000000.0,17868000000.0,17452750000.0,141000000.0,0.0,0.0,0.0,11267000000.0,2056000000.0,9211000000.0,6783858418.0,-9000000.0,0.0,34000000.0,496000000.0,-272000000.0,363000000.0,-1226000000.0,0.0,854000000.0,0.0,242000000.0,242000000.0,242000000.0,0.0,0.0,0.05,1063000000.0,604000000.0,174000000.0,1.125,1.57,28.032,28.052,10506000000.0,0.0,26.93,1.391,1.386,782000000.0,565000000.0,4878000000.0,4878000000.0,0.0,0.016,0.056,0.037,0.133,0.0,0.0,1.0,251907108.0,251000000.0,252000000.0,19.434,14182000000.0,107000000.0,138000000.0,3299000000.0,56.502,-1022000000.0
2,POM,MRY,2013-12-31,2013-12-31,2013-12-31,2019-05-12,-34000000.0,14848000000.0,15101000000.0,1398000000.0,13450000000.0,0.309,17.541,-1310000000.0,50000000.0,50000000.0,3067000000.0,-212000000.0,0.604,2.441,5357000000.0,1020000000.0,4337000000.0,5357000000.0,0.0,473000000.0,0.0,0.056,1.08,380000000.0,853000000.0,0.183,853000000.0,380000000.0,107000000.0,-0.86,-0.86,-0.86,4315000000.0,4282750000.0,4315000000.0,9904846245.0,26.0,11.612,-813000000.0,-3.305,1.0,1599000000.0,0.343,1407000000.0,273000000.0,16435000000.0,16533500000.0,148000000.0,0.0,0.0,0.0,10533000000.0,2313000000.0,8220000000.0,4777846245.0,-2000000.0,873000000.0,374000000.0,-158000000.0,-270000000.0,-88000000.0,-411000000.0,0.0,497000000.0,0.0,-212000000.0,-212000000.0,-212000000.0,322000000.0,0.0,-0.045,931000000.0,668000000.0,215000000.0,-1.256,1.107,-22.537,-22.244,9704000000.0,0.0,19.13,1.024,1.009,835000000.0,595000000.0,4666000000.0,4666000000.0,0.0,-0.014,-0.05,0.023,0.081,0.0,0.0,1.0,249756730.0,246000000.0,246000000.0,18.967,13441000000.0,400000000.0,319000000.0,3001000000.0,54.638,-915000000.0
3,POM,MRY,2012-12-31,2012-12-31,2012-12-31,2019-05-12,-48000000.0,15794000000.0,15506250000.0,1267000000.0,14527000000.0,0.298,19.275,-1216000000.0,52000000.0,52000000.0,3191000000.0,285000000.0,0.498,2.578,5528000000.0,1542000000.0,3986000000.0,5528000000.0,0.0,454000000.0,0.0,0.055,1.08,644000000.0,1098000000.0,0.237,1098000000.0,644000000.0,388000000.0,1.25,1.24,1.25,4414000000.0,4404250000.0,4414000000.0,9783945351.0,15.0,8.911,-624000000.0,-2.725,1.0,1434000000.0,0.31,1407000000.0,256000000.0,17320000000.0,17316000000.0,153000000.0,8000000.0,0.0,8000000.0,11380000000.0,2543000000.0,8837000000.0,4499945351.0,-84000000.0,202000000.0,51000000.0,507000000.0,-248000000.0,293000000.0,-969000000.0,0.0,592000000.0,0.0,285000000.0,285000000.0,285000000.0,-67000000.0,0.0,0.062,893000000.0,541000000.0,196000000.0,0.864,1.019,15.789,15.688,8846000000.0,0.0,19.61,0.973,0.971,804000000.0,1077000000.0,4625000000.0,4625000000.0,0.0,0.018,0.065,0.037,0.139,0.0,0.0,1.0,229471971.0,229000000.0,230000000.0,20.197,14387000000.0,373000000.0,103000000.0,3303000000.0,62.825,-1276000000.0
4,POM,MRY,2011-12-31,2011-12-31,2011-12-31,2019-05-12,-63000000.0,14910000000.0,14490000000.0,1439000000.0,13471000000.0,0.343,19.186,-941000000.0,135000000.0,135000000.0,3598000000.0,257000000.0,0.773,2.439,5032000000.0,852000000.0,4180000000.0,5032000000.0,0.0,425000000.0,0.0,0.053,1.08,613000000.0,1038000000.0,0.209,1038000000.0,613000000.0,371000000.0,1.14,1.14,1.14,4336000000.0,4317500000.0,4336000000.0,9338214879.0,15.0,8.996,-255000000.0,-1.128,1.0,1366000000.0,0.275,1407000000.0,242000000.0,16539000000.0,16118750000.0,132000000.0,1354000000.0,5000000.0,1349000000.0,10574000000.0,1861000000.0,8713000000.0,4607214879.0,88000000.0,0.0,47000000.0,363000000.0,-244000000.0,149000000.0,-747000000.0,0.0,686000000.0,0.0,257000000.0,257000000.0,257000000.0,-35000000.0,0.0,0.052,813000000.0,553000000.0,549000000.0,0.947,1.063,17.927,17.807,8220000000.0,0.0,20.3,0.928,0.924,929000000.0,1072000000.0,4964000000.0,4964000000.0,0.0,0.018,0.06,0.038,0.123,0.0,0.0,1.0,226956398.0,226000000.0,226000000.0,21.965,13503000000.0,217000000.0,114000000.0,2995000000.0,59.748,-422000000.0
5,POM,MRY,2010-12-31,2010-12-31,2010-12-31,2019-05-12,-106000000.0,14480000000.0,15099000000.0,1757000000.0,12723000000.0,0.466,18.884,-940000000.0,36000000.0,36000000.0,5656000000.0,32000000.0,0.978,2.422,4679000000.0,617000000.0,4062000000.0,4679000000.0,0.0,393000000.0,0.0,0.059,1.08,349000000.0,742000000.0,0.105,742000000.0,349000000.0,43000000.0,0.14,0.14,0.14,4230000000.0,4208250000.0,4230000000.0,8720130804.0,25.0,11.752,-127000000.0,-0.567,1.0,1384000000.0,0.197,1407000000.0,306000000.0,15919000000.0,16691250000.0,126000000.0,1468000000.0,45000000.0,1423000000.0,10244000000.0,1797000000.0,8447000000.0,4097130804.0,-25000000.0,1640000000.0,47000000.0,-1339000000.0,-241000000.0,-1556000000.0,718000000.0,0.0,813000000.0,0.0,32000000.0,32000000.0,32000000.0,107000000.0,0.0,0.005,760000000.0,624000000.0,587000000.0,7.714,0.969,128.035,130.357,7673000000.0,0.0,18.25,0.582,0.581,1027000000.0,1059000000.0,7040000000.0,7040000000.0,0.0,0.002,0.008,0.021,0.05,0.0,0.0,1.0,224500318.0,224000000.0,224000000.0,31.429,13073000000.0,480000000.0,11000000.0,2838000000.0,58.362,-40000000.0
6,POM,MRY,2009-12-31,2009-12-31,2009-12-31,2019-05-12,-241000000.0,15779000000.0,16076750000.0,1926000000.0,13853000000.0,0.46,19.258,-864000000.0,59000000.0,59000000.0,6234000000.0,235000000.0,0.837,2.706,6020000000.0,1073000000.0,4947000000.0,6020000000.0,0.0,349000000.0,0.0,0.064,1.08,679000000.0,1028000000.0,0.139,1028000000.0,679000000.0,339000000.0,1.06,1.06,1.06,4256000000.0,4180250000.0,4256000000.0,9693838377.0,14.0,9.43,-258000000.0,-1.167,1.0,1168000000.0,0.158,1407000000.0,340000000.0,18031000000.0,18252250000.0,124000000.0,1424000000.0,22000000.0,1402000000.0,11517000000.0,2302000000.0,9215000000.0,3733838377.0,-338000000.0,0.0,49000000.0,92000000.0,-238000000.0,-84000000.0,-860000000.0,0.0,606000000.0,0.0,235000000.0,235000000.0,235000000.0,-12000000.0,0.0,0.032,520000000.0,648000000.0,574000000.0,1.019,0.877,15.889,15.896,8863000000.0,0.0,16.85,0.504,0.503,1019000000.0,1268000000.0,7402000000.0,7402000000.0,0.0,0.015,0.056,0.037,0.092,0.0,0.0,1.0,221592782.0,221000000.0,221000000.0,33.493,14372000000.0,434000000.0,104000000.0,2687000000.0,65.032,-376000000.0
7,POM,MRY,2008-12-31,2008-12-31,2008-12-31,2019-05-12,-262000000.0,16133000000.0,15916025000.0,2598000000.0,13535000000.0,0.506,20.539,-781000000.0,502000000.0,502000000.0,6829000000.0,300000000.0,1.298,2.849,5934000000.0,556000000.0,5378000000.0,5934000000.0,0.0,338000000.0,0.0,0.061,1.08,695000000.0,1033000000.0,0.128,1033000000.0,695000000.0,390000000.0,1.47,1.47,1.47,4190000000.0,4203500000.0,4190000000.0,8954298199.0,13.0,8.668,-368000000.0,-1.804,1.0,1230000000.0,0.153,1411000000.0,305000000.0,18152000000.0,17286150000.0,333000000.0,1442000000.0,98000000.0,1344000000.0,11937000000.0,2002000000.0,9935000000.0,3576798199.0,329000000.0,0.0,316000000.0,586000000.0,-222000000.0,630000000.0,-714000000.0,0.0,413000000.0,0.0,300000000.0,300000000.0,300000000.0,-117000000.0,0.0,0.037,681000000.0,549000000.0,847000000.0,0.735,0.854,11.923,12.082,8314000000.0,0.0,17.76,0.444,0.45,1392000000.0,1271000000.0,8059000000.0,8059000000.0,0.0,0.019,0.071,0.04,0.086,0.0,0.0,1.0,201396295.0,204000000.0,204000000.0,39.505,14722000000.0,348000000.0,90000000.0,2379000000.0,72.167,596000000.0
8,POM,MRY,2007-12-31,2007-12-31,2007-12-31,2019-05-12,-46000000.0,15111000000.0,14755150000.0,1997000000.0,13114000000.0,0.635,20.711,-623000000.0,494000000.0,494000000.0,7801000000.0,334000000.0,0.98,2.761,5362000000.0,627000000.0,4735000000.0,5362000000.0,0.0,366000000.0,0.0,0.035,1.04,862000000.0,1228000000.0,0.131,1228000000.0,862000000.0,522000000.0,1.72,1.72,1.72,4018000000.0,3781325000.0,4018000000.0,10820719576.0,13.0,8.812,172000000.0,0.887,1.0,1565000000.0,0.167,1410000000.0,340000000.0,16532000000.0,16238700000.0,288000000.0,1427000000.0,43000000.0,1384000000.0,11093000000.0,2037000000.0,9056000000.0,5683219576.0,6000000.0,0.0,228000000.0,-212000000.0,-203000000.0,-207000000.0,-582000000.0,0.0,795000000.0,0.0,334000000.0,334000000.0,334000000.0,0.0,0.0,0.036,759000000.0,806000000.0,797000000.0,0.605,1.414,17.016,17.052,7877000000.0,0.0,29.33,0.607,0.608,1278000000.0,1193000000.0,9366000000.0,9366000000.0,0.0,0.023,0.088,0.053,0.092,0.0,0.0,1.0,193768141.0,194000000.0,194000000.0,48.278,13701000000.0,446000000.0,188000000.0,2443000000.0,70.624,-40000000.0
9,POM,MRY,2006-12-31,2006-12-31,2006-12-31,2019-05-12,-103400000.0,14243500000.0,13892150000.0,1981400000.0,12262100000.0,0.602,18.912,-475000000.0,78300000.0,78300000.0,6874000000.0,248000000.0,0.782,2.943,5580000000.0,1212600000.0,4367400000.0,5580000000.0,0.0,413000000.0,0.0,0.04,1.04,748000000.0,1161000000.0,0.139,1161000000.0,748000000.0,409000000.0,1.3,1.3,1.3,3612200000.0,3568500000.0,3612200000.0,10595188305.0,14.0,9.126,-272000000.0,-1.424,1.0,1489000000.0,0.178,1409200000.0,339000000.0,15802000000.0,15660625000.0,288800000.0,1321800000.0,0.0,1321800000.0,10631300000.0,2534000000.0,8097300000.0,4976788305.0,-73000000.0,0.0,47000000.0,130000000.0,-198000000.0,-46000000.0,-230000000.0,25000000.0,203000000.0,0.0,248000000.0,248000000.0,248000000.0,0.0,0.0,0.03,796000000.0,693000000.0,700700000.0,0.8,1.378,20.068,20.008,7576600000.0,0.0,26.01,0.595,0.594,1253500000.0,1068700000.0,8363000000.0,8363000000.0,0.0,0.018,0.069,0.048,0.089,0.0,0.0,1.0,191341342.0,191000000.0,191000000.0,43.785,12834300000.0,228400000.0,161000000.0,2230000000.0,67.195,-552600000.0
10,POM,MRY,2005-12-31,2005-12-31,2005-12-31,2019-05-12,-22800000.0,14038900000.0,13883800000.0,2097700000.0,11941200000.0,0.581,18.963,-467100000.0,144500000.0,144500000.0,6427700000.0,371200000.0,0.868,2.917,5470500000.0,631200000.0,4839300000.0,5470500000.0,0.0,427300000.0,0.0,0.045,1.0,964000000.0,1391300000.0,0.173,1391300000.0,964000000.0,626400000.0,1.96,1.96,1.96,3584100000.0,3507650000.0,3584100000.0,9634689234.0,10.0,6.925,519800000.0,2.75,1.0,1637800000.0,0.203,1431300000.0,337600000.0,15516000000.0,15740350000.0,283300000.0,1297900000.0,0.0,1297900000.0,10454800000.0,2417600000.0,8037200000.0,4239389234.0,92000000.0,0.0,33200000.0,-387100000.0,-188900000.0,-561000000.0,-333900000.0,24600000.0,986900000.0,0.0,371200000.0,371200000.0,371200000.0,0.0,0.0,0.046,732400000.0,905400000.0,1002200000.0,0.51,1.183,11.421,11.413,7368800000.0,0.0,22.37,0.526,0.524,1361400000.0,1018700000.0,8065500000.0,8065500000.0,0.0,0.027,0.106,0.061,0.12,0.0,0.0,1.0,189512259.0,189000000.0,189000000.0,42.675,12607600000.0,0.0,255200000.0,2327200000.0,66.707,-319900000.0
11,POM,MRY,2004-12-31,2004-12-31,2004-12-31,2019-05-12,-52000000.0,13350800000.0,13464975000.0,1672500000.0,11678300000.0,0.536,18.886,-471000000.0,71500000.0,71500000.0,5687100000.0,260600000.0,0.862,2.998,5913700000.0,840900000.0,5072800000.0,5913700000.0,0.0,446200000.0,0.0,0.047,1.0,801200000.0,1247400000.0,0.173,1247400000.0,801200000.0,427900000.0,1.48,1.48,1.48,3339000000.0,3215825000.0,3339000000.0,9900846119.0,12.0,7.937,244700000.0,1.384,1.0,1536000000.0,0.213,1430500000.0,373300000.0,15822200000.0,15966250000.0,268400000.0,1218700000.0,0.0,1218700000.0,10011800000.0,1940300000.0,8071500000.0,4006546119.0,-60700000.0,29000000.0,318000000.0,-428000000.0,-176000000.0,-359100000.0,-417300000.0,37100000.0,715700000.0,0.0,260600000.0,260600000.0,260600000.0,0.0,0.0,0.036,763900000.0,772100000.0,664800000.0,0.676,1.2,15.374,14.405,7090600000.0,0.0,21.32,0.555,0.522,1122800000.0,836400000.0,7223100000.0,7223100000.0,0.0,0.019,0.081,0.05,0.111,0.0,0.0,1.0,187924302.0,176800000.0,176800000.0,40.855,11920300000.0,0.0,167300000.0,2065700000.0,67.423,-267800000.0
12,POM,MRY,2003-12-31,2003-12-31,2003-12-31,2019-05-12,-22700000.0,13371300000.0,13121775000.0,1685300000.0,11686000000.0,0.554,17.524,-450500000.0,114800000.0,114800000.0,5975200000.0,107300000.0,0.773,3.452,6341300000.0,933500000.0,5407800000.0,6341300000.0,0.0,422100000.0,0.0,0.051,1.0,542200000.0,964300000.0,0.133,964300000.0,542200000.0,169400000.0,0.63,0.63,0.63,3003300000.0,2985550000.0,3003300000.0,9429743321.0,17.0,9.779,211900000.0,1.236,1.0,1293500000.0,0.178,1432300000.0,372800000.0,15985800000.0,15485875000.0,281200000.0,1169000000.0,23000000.0,1146000000.0,10368000000.0,2179700000.0,8188300000.0,3348843321.0,39000000.0,0.0,32800000.0,-8000000.0,-170700000.0,-370700000.0,-252700000.0,113900000.0,662400000.0,0.0,107300000.0,107300000.0,107300000.0,0.0,0.0,0.015,682800000.0,610700000.0,699600000.0,1.587,1.115,31.21,31.016,6964900000.0,0.0,19.54,0.461,0.461,1059900000.0,781000000.0,7268700000.0,7268700000.0,0.0,0.008,0.036,0.035,0.075,0.0,0.0,1.0,171383998.0,171383998.0,,42.412,11939000000.0,0.0,62100000.0,1882800000.0,69.662,-494400000.0
13,POM,MRY,2002-12-31,2002-12-31,2002-12-31,2019-05-12,-52900000.0,13424100000.0,9355000000.0,1706900000.0,11717200000.0,0.462,18.308,-499800000.0,98800000.0,98800000.0,3325700000.0,210500000.0,0.657,3.481,6225600000.0,1393200000.0,4832400000.0,6225600000.0,0.0,239800000.0,0.0,0.047,0.916,548400000.0,788200000.0,0.182,788200000.0,548400000.0,334600000.0,1.61,1.61,1.61,2995800000.0,2409500000.0,2995800000.0,9261657424.0,17.0,11.75,293300000.0,1.792,1.0,998800000.0,0.231,1431800000.0,213800000.0,15522500000.0,10761650000.0,259900000.0,1266900000.0,175300000.0,1091600000.0,10428300000.0,2596600000.0,7831700000.0,3172857424.0,-453700000.0,-1075600000.0,115900000.0,881700000.0,-130600000.0,718100000.0,-1964900000.0,-341400000.0,793100000.0,0.0,210500000.0,210500000.0,210500000.0,0.0,0.0,0.049,453200000.0,545600000.0,638800000.0,0.569,1.059,15.073,12.043,7043300000.0,0.0,19.39,0.734,0.734,1118500000.0,838200000.0,4324500000.0,4324500000.0,0.0,0.023,0.087,0.051,0.127,0.0,0.0,1.0,163633699.0,163633699.0,,26.428,11992300000.0,0.0,124100000.0,1604200000.0,73.287,-889700000.0
14,POM,MRY,2001-12-31,2001-12-31,2001-12-31,2019-05-12,-6700000.0,5285900000.0,,1139900000.0,4146000000.0,,,-66200000.0,515500000.0,515500000.0,1611500000.0,163400000.0,1.181,1.899,2195800000.0,473400000.0,1722400000.0,2195800000.0,0.0,170600000.0,0.0,0.063,1.415,395600000.0,566200000.0,0.239,566200000.0,395600000.0,246900000.0,1.51,1.5,1.51,1823200000.0,,1823200000.0,,,,-164300000.0,,1.0,759700000.0,0.32,0.0,148700000.0,6000800000.0,,37800000.0,897200000.0,161200000.0,736000000.0,3462700000.0,965400000.0,2497300000.0,,-1349100000.0,0.0,-78100000.0,-829000000.0,-126500000.0,-1037600000.0,-213400000.0,-141800000.0,-98100000.0,0.0,163400000.0,163400000.0,163400000.0,0.0,0.0,0.069,393300000.0,366400000.0,224100000.0,0.937,,,14.947,2753400000.0,0.0,22.57,,,401200000.0,974100000.0,2371200000.0,2371200000.0,0.0,,,,0.167,0.0,0.0,1.0,,,,,5285900000.0,0.0,83500000.0,526300000.0,,174500000.0
15,POM,MRY,2000-12-31,2000-12-31,2000-12-31,2019-05-12,,,,,,,,2602600000.0,,,1593500000.0,346500000.0,,,,,,,,247600000.0,,0.067,1.66,899200000.0,1146800000.0,0.384,1146800000.0,899200000.0,687700000.0,3.02,2.96,3.02,,,,,,,2575700000.0,,1.0,1395800000.0,0.467,,211500000.0,,,,,,,,,,,1765900000.0,0.0,-200000000.0,-204300000.0,-190400000.0,-602600000.0,2395400000.0,-116700000.0,-26900000.0,0.0,346500000.0,346500000.0,346500000.0,0.0,0.0,0.116,500700000.0,895100000.0,,0.55,,,8.182,,0.0,24.71,,,,,2989300000.0,2989300000.0,0.0,,,,0.301,0.0,0.0,,,,,,,,341200000.0,,,
0,POM,MRQ,2015-12-31,2015-12-31,2015-12-31,2019-05-12,-36000000.0,16326000000.0,,1202000000.0,15124000000.0,,17.443,-321000000.0,57000000.0,57000000.0,734000000.0,130000000.0,0.521,2.7,6238000000.0,1415000000.0,4823000000.0,6238000000.0,0.0,157000000.0,0.0,0.042,0.27,223000000.0,380000000.0,0.33,380000000.0,223000000.0,153000000.0,0.51,0.51,0.51,4413000000.0,,4413000000.0,12763583138.0,17.0,9.202,17000000.0,0.067,1.0,416000000.0,0.362,1406000000.0,70000000.0,18793000000.0,,141000000.0,0.0,0.0,0.0,11913000000.0,2308000000.0,9605000000.0,6596583138.0,-246000000.0,0.0,-5000000.0,-177000000.0,-69000000.0,-258000000.0,-326000000.0,0.0,338000000.0,0.0,130000000.0,130000000.0,130000000.0,-9000000.0,0.0,0.113,207000000.0,209000000.0,175000000.0,0.529,1.495,20.173,20.163,11304000000.0,0.0,26.01,1.313,1.31,839000000.0,617000000.0,1150000000.0,1150000000.0,0.0,,,,,0.0,0.0,1.0,253617191.0,253000000.0,254000000.0,4.545,14920000000.0,132000000.0,23000000.0,3459000000.0,58.972,-1106000000.0
1,POM,MRQ,2015-09-30,2015-09-30,2015-09-30,2019-05-12,-41000000.0,16557000000.0,,1546000000.0,15011000000.0,,17.118,-293000000.0,304000000.0,304000000.0,874000000.0,91000000.0,0.661,2.808,6471000000.0,1439000000.0,5032000000.0,6471000000.0,0.0,178000000.0,0.0,0.045,0.27,211000000.0,389000000.0,0.286,389000000.0,211000000.0,140000000.0,0.36,0.36,0.36,4348000000.0,,4348000000.0,12243951437.0,19.0,9.702,-31000000.0,-0.122,1.0,488000000.0,0.358,1406000000.0,71000000.0,18978000000.0,,142000000.0,0.0,0.0,0.0,12209000000.0,2340000000.0,9869000000.0,6138951437.0,237000000.0,0.0,4000000.0,305000000.0,-69000000.0,258000000.0,-283000000.0,0.0,262000000.0,0.0,91000000.0,91000000.0,91000000.0,0.0,0.0,0.067,305000000.0,183000000.0,205000000.0,0.75,1.412,26.461,26.326,11037000000.0,0.0,24.22,1.23,1.233,947000000.0,556000000.0,1362000000.0,1362000000.0,0.0,,,,,0.0,0.0,1.0,253466203.0,254000000.0,254000000.0,5.362,15151000000.0,162000000.0,49000000.0,3469000000.0,59.65,-794000000.0
2,POM,MRQ,2015-06-30,2015-06-30,2015-06-30,2019-05-12,-42000000.0,16132000000.0,,1291000000.0,14841000000.0,,17.067,-316000000.0,61000000.0,61000000.0,749000000.0,53000000.0,0.635,2.736,6166000000.0,1121000000.0,5045000000.0,6166000000.0,0.0,157000000.0,0.0,0.04,0.27,151000000.0,308000000.0,0.27,308000000.0,151000000.0,80000000.0,0.21,0.21,0.21,4318000000.0,,4318000000.0,12737764395.0,21.0,10.624,-134000000.0,-0.53,1.0,391000000.0,0.343,1406000000.0,71000000.0,18798000000.0,,150000000.0,0.0,0.0,0.0,11814000000.0,2033000000.0,9781000000.0,6817764395.0,-107000000.0,0.0,11000000.0,84000000.0,-69000000.0,28000000.0,-317000000.0,0.0,182000000.0,0.0,53000000.0,53000000.0,53000000.0,0.0,0.0,0.046,252000000.0,139000000.0,172000000.0,1.286,1.579,30.99,30.966,10865000000.0,0.0,26.94,1.38,1.379,956000000.0,534000000.0,1140000000.0,1140000000.0,0.0,,,,,0.0,0.0,1.0,253072175.0,253000000.0,254000000.0,4.506,14726000000.0,140000000.0,27000000.0,3392000000.0,58.206,-742000000.0
3,POM,MRQ,2015-03-31,2015-03-31,2015-03-31,2019-05-12,-45000000.0,16027000000.0,,1411000000.0,14616000000.0,,17.063,-246000000.0,171000000.0,171000000.0,931000000.0,53000000.0,0.654,2.713,6091000000.0,1225000000.0,4866000000.0,6091000000.0,0.0,159000000.0,0.0,0.04,0.27,151000000.0,310000000.0,0.226,310000000.0,151000000.0,83000000.0,0.21,0.21,0.21,4317000000.0,,4317000000.0,12570038470.0,21.0,10.581,-89000000.0,-0.352,1.0,440000000.0,0.321,1406000000.0,68000000.0,18384000000.0,,148000000.0,0.0,0.0,0.0,11710000000.0,2157000000.0,9553000000.0,6783038470.0,127000000.0,0.0,8000000.0,260000000.0,-68000000.0,205000000.0,-235000000.0,0.0,157000000.0,0.0,53000000.0,53000000.0,53000000.0,0.0,0.0,0.039,298000000.0,142000000.0,206000000.0,1.286,1.571,30.832,30.839,10657000000.0,0.0,26.83,1.379,1.38,978000000.0,550000000.0,1371000000.0,1371000000.0,0.0,,,,,0.0,0.0,1.0,252815448.0,253000000.0,253000000.0,5.419,14621000000.0,141000000.0,30000000.0,3352000000.0,57.791,-746000000.0
4,POM,MRQ,2014-12-31,2014-12-31,2014-12-31,2019-05-12,-46000000.0,15589000000.0,,1034000000.0,14555000000.0,,17.219,-386000000.0,53000000.0,53000000.0,749000000.0,35000000.0,0.503,2.607,5795000000.0,1170000000.0,4625000000.0,5795000000.0,0.0,139000000.0,0.0,0.04,0.27,116000000.0,255000000.0,0.228,255000000.0,116000000.0,48000000.0,0.14,0.14,0.14,4322000000.0,,4322000000.0,12252858418.0,19.0,10.236,-281000000.0,-1.12,1.0,369000000.0,0.33,1407000000.0,68000000.0,17868000000.0,,141000000.0,0.0,0.0,0.0,11267000000.0,2056000000.0,9211000000.0,6783858418.0,-243000000.0,0.0,5000000.0,89000000.0,-68000000.0,34000000.0,-382000000.0,0.0,105000000.0,0.0,35000000.0,35000000.0,35000000.0,0.0,0.0,0.031,255000000.0,114000000.0,174000000.0,1.929,1.57,28.032,28.052,10506000000.0,0.0,26.93,1.391,1.386,782000000.0,565000000.0,1118000000.0,1118000000.0,0.0,,,,,0.0,0.0,1.0,251907108.0,251000000.0,252000000.0,4.454,14182000000.0,107000000.0,13000000.0,3299000000.0,56.502,-1022000000.0
5,POM,MRQ,2014-09-30,2014-09-30,2014-09-30,2019-05-12,-33000000.0,15298000000.0,,1369000000.0,13929000000.0,,17.31,-292000000.0,291000000.0,291000000.0,841000000.0,79000000.0,0.757,2.507,5760000000.0,822000000.0,4938000000.0,5760000000.0,0.0,145000000.0,0.0,0.04,0.27,181000000.0,326000000.0,0.248,326000000.0,181000000.0,113000000.0,0.31,0.31,0.31,4362000000.0,,4362000000.0,12185792569.0,17.0,9.923,38000000.0,0.151,1.0,472000000.0,0.359,1407000000.0,68000000.0,17551000000.0,,152000000.0,0.0,0.0,0.0,10936000000.0,1809000000.0,9127000000.0,6730792569.0,73000000.0,0.0,3000000.0,91000000.0,-68000000.0,41000000.0,-298000000.0,0.0,330000000.0,0.0,79000000.0,79000000.0,79000000.0,0.0,0.0,0.06,306000000.0,166000000.0,192000000.0,0.871,1.543,25.399,25.245,10253000000.0,0.0,26.76,1.388,1.39,812000000.0,598000000.0,1313000000.0,1313000000.0,0.0,,,,,0.0,0.0,1.0,251524386.0,252000000.0,252000000.0,5.21,13891000000.0,98000000.0,34000000.0,3254000000.0,55.123,-440000000.0
6,POM,MRQ,2014-06-30,2014-06-30,2014-06-30,2019-05-12,-35000000.0,15070000000.0,,1316000000.0,13754000000.0,,17.271,-267000000.0,219000000.0,219000000.0,745000000.0,53000000.0,0.745,2.476,5674000000.0,860000000.0,4814000000.0,5674000000.0,0.0,132000000.0,0.0,0.039,0.27,165000000.0,297000000.0,0.266,297000000.0,165000000.0,98000000.0,0.21,0.21,0.21,4335000000.0,,4335000000.0,12254168402.0,16.0,9.596,-132000000.0,-0.526,1.0,372000000.0,0.333,1407000000.0,67000000.0,17351000000.0,,149000000.0,0.0,0.0,0.0,10735000000.0,1767000000.0,8968000000.0,6898168401.0,62000000.0,0.0,13000000.0,-18000000.0,-68000000.0,188000000.0,-261000000.0,0.0,135000000.0,0.0,53000000.0,53000000.0,53000000.0,0.0,0.0,0.047,221000000.0,151000000.0,170000000.0,1.286,1.591,22.691,22.341,10105000000.0,0.0,27.48,1.413,1.413,822000000.0,587000000.0,1117000000.0,1117000000.0,0.0,,,,,0.0,0.0,1.0,251025051.0,251000000.0,252000000.0,4.45,13663000000.0,116000000.0,45000000.0,3228000000.0,54.434,-451000000.0
7,POM,MRQ,2014-03-31,2014-03-31,2014-03-31,2019-05-12,-33000000.0,15004000000.0,,1464000000.0,13540000000.0,,17.275,-278000000.0,337000000.0,337000000.0,876000000.0,75000000.0,0.766,2.46,5693000000.0,967000000.0,4726000000.0,5693000000.0,0.0,133000000.0,0.0,0.053,0.27,186000000.0,319000000.0,0.24,319000000.0,186000000.0,121000000.0,0.3,0.3,0.3,4336000000.0,,4336000000.0,10437590392.0,14.0,8.431,6000000.0,0.024,1.0,454000000.0,0.341,1407000000.0,65000000.0,17041000000.0,,142000000.0,0.0,0.0,0.0,10668000000.0,1912000000.0,8756000000.0,5130590392.0,99000000.0,0.0,13000000.0,334000000.0,-68000000.0,100000000.0,-285000000.0,0.0,284000000.0,0.0,75000000.0,75000000.0,75000000.0,0.0,0.0,0.056,281000000.0,173000000.0,187000000.0,0.9,1.183,17.511,17.21,9906000000.0,0.0,20.48,1.065,1.067,872000000.0,602000000.0,1330000000.0,1330000000.0,0.0,,,,,0.0,0.0,1.0,250517109.0,251000000.0,251000000.0,5.299,13597000000.0,122000000.0,46000000.0,3184000000.0,54.171,-448000000.0
8,POM,MRQ,2013-12-31,2013-12-31,2013-12-31,2019-05-12,-34000000.0,14848000000.0,,1398000000.0,13450000000.0,,17.329,-367000000.0,50000000.0,50000000.0,721000000.0,58000000.0,0.604,2.441,5357000000.0,1020000000.0,4337000000.0,5357000000.0,0.0,121000000.0,0.0,0.056,0.27,165000000.0,286000000.0,0.262,286000000.0,165000000.0,97000000.0,0.24,0.24,0.24,4315000000.0,,4315000000.0,9904846245.0,26.0,11.612,-128000000.0,-0.514,1.0,370000000.0,0.339,1407000000.0,68000000.0,16435000000.0,,148000000.0,0.0,0.0,0.0,10533000000.0,2313000000.0,8220000000.0,4777846245.0,-35000000.0,0.0,12000000.0,149000000.0,-69000000.0,82000000.0,-356000000.0,0.0,239000000.0,0.0,58000000.0,58000000.0,58000000.0,0.0,0.0,0.053,215000000.0,155000000.0,215000000.0,1.125,1.107,-22.537,-22.244,9704000000.0,0.0,19.13,1.024,1.009,835000000.0,595000000.0,1091000000.0,1091000000.0,0.0,,,,,0.0,0.0,1.0,249756730.0,249000000.0,249000000.0,4.382,13441000000.0,400000000.0,39000000.0,3001000000.0,53.98,-915000000.0
9,POM,MRQ,2013-09-30,2013-09-30,2013-09-30,2019-05-12,-40000000.0,14912000000.0,,1465000000.0,13447000000.0,,17.277,-327000000.0,87000000.0,87000000.0,824000000.0,118000000.0,0.616,2.466,5214000000.0,1108000000.0,4106000000.0,5214000000.0,0.0,124000000.0,0.0,0.059,0.27,251000000.0,375000000.0,0.279,375000000.0,251000000.0,183000000.0,0.48,0.48,0.48,4302000000.0,,4302000000.0,9829171251.0,29.0,12.317,-22000000.0,-0.088,1.0,520000000.0,0.387,1407000000.0,68000000.0,16254000000.0,,169000000.0,4000000.0,0.0,4000000.0,10610000000.0,2378000000.0,8232000000.0,4599171251.0,43000000.0,180000000.0,11000000.0,-65000000.0,-67000000.0,-124000000.0,-138000000.0,0.0,305000000.0,0.0,118000000.0,118000000.0,118000000.0,-8000000.0,0.0,0.088,285000000.0,235000000.0,492000000.0,0.563,1.069,-20.261,-18.837,9475000000.0,0.0,18.46,0.993,0.993,844000000.0,606000000.0,1344000000.0,1344000000.0,0.0,,,,,0.0,0.0,1.0,249142538.0,249000000.0,249000000.0,5.398,13505000000.0,367000000.0,65000000.0,2915000000.0,54.237,-913000000.0
10,POM,MRQ,2013-06-30,2013-06-30,2013-06-30,2019-05-12,-41000000.0,14989000000.0,,1396000000.0,13593000000.0,,17.012,-320000000.0,50000000.0,50000000.0,693000000.0,42000000.0,0.576,2.538,5280000000.0,1157000000.0,4123000000.0,5280000000.0,0.0,116000000.0,0.0,0.054,0.27,142000000.0,258000000.0,0.245,258000000.0,142000000.0,72000000.0,0.17,0.17,0.17,4236000000.0,,4236000000.0,10703410640.0,34.0,13.722,-191000000.0,-0.767,1.0,358000000.0,0.341,1407000000.0,70000000.0,16388000000.0,,161000000.0,171000000.0,0.0,171000000.0,10753000000.0,2424000000.0,8329000000.0,5011410640.0,-110000000.0,693000000.0,12000000.0,-558000000.0,-67000000.0,-618000000.0,379000000.0,0.0,129000000.0,0.0,42000000.0,42000000.0,42000000.0,11000000.0,0.0,0.04,213000000.0,145000000.0,523000000.0,1.588,1.183,-21.508,-20.784,9253000000.0,0.0,20.16,1.072,1.074,803000000.0,555000000.0,1051000000.0,1051000000.0,0.0,,,,,0.0,0.0,1.0,248581877.0,249000000.0,249000000.0,4.221,13582000000.0,366000000.0,30000000.0,2839000000.0,54.546,-1028000000.0
11,POM,MRQ,2013-03-31,2013-03-31,2013-03-31,2019-05-12,-42000000.0,15655000000.0,,1521000000.0,14134000000.0,,18.051,-296000000.0,151000000.0,151000000.0,829000000.0,-430000000.0,0.528,2.659,5843000000.0,1619000000.0,4224000000.0,5843000000.0,0.0,112000000.0,0.0,0.05,0.27,-178000000.0,-66000000.0,-0.056,-66000000.0,-178000000.0,-245000000.0,-1.82,-1.82,-1.82,4278000000.0,,4278000000.0,10399572237.0,31.0,13.181,-472000000.0,-1.992,1.0,351000000.0,0.297,1407000000.0,67000000.0,17057000000.0,,153000000.0,877000000.0,0.0,877000000.0,11377000000.0,2883000000.0,8494000000.0,4923572237.0,100000000.0,0.0,339000000.0,316000000.0,-67000000.0,572000000.0,-296000000.0,0.0,-176000000.0,0.0,-430000000.0,-430000000.0,-430000000.0,319000000.0,0.0,-0.364,218000000.0,133000000.0,486000000.0,-0.148,1.151,-23.115,-24.598,9034000000.0,0.0,21.4,1.049,1.08,838000000.0,612000000.0,1180000000.0,1180000000.0,0.0,,,,,0.0,0.0,1.0,230073469.0,237000000.0,237000000.0,4.979,14248000000.0,380000000.0,185000000.0,2755000000.0,60.118,-1362000000.0
12,POM,MRQ,2012-12-31,2012-12-31,2012-12-31,2019-05-12,-48000000.0,15794000000.0,,1267000000.0,14527000000.0,,19.026,-328000000.0,52000000.0,52000000.0,733000000.0,43000000.0,0.498,2.578,5528000000.0,1542000000.0,3986000000.0,5528000000.0,0.0,111000000.0,0.0,0.055,0.27,120000000.0,231000000.0,0.219,231000000.0,120000000.0,54000000.0,0.19,0.18,0.19,4414000000.0,,4414000000.0,9783945351.0,15.0,8.911,-155000000.0,-0.668,1.0,323000000.0,0.306,1407000000.0,66000000.0,17320000000.0,,153000000.0,8000000.0,0.0,8000000.0,11380000000.0,2543000000.0,8837000000.0,4499945351.0,-89000000.0,202000000.0,11000000.0,106000000.0,-63000000.0,45000000.0,-307000000.0,0.0,173000000.0,0.0,43000000.0,43000000.0,43000000.0,-9000000.0,0.0,0.041,221000000.0,102000000.0,196000000.0,1.421,1.019,15.789,15.688,8846000000.0,0.0,19.61,0.973,0.971,804000000.0,1077000000.0,1056000000.0,1056000000.0,0.0,,,,,0.0,0.0,1.0,229471971.0,232000000.0,233000000.0,4.552,14387000000.0,373000000.0,11000000.0,3303000000.0,62.013,-1276000000.0
13,POM,MRQ,2012-09-30,2012-09-30,2012-09-30,2019-05-12,-47000000.0,15622000000.0,,1487000000.0,14135000000.0,,19.445,-299000000.0,143000000.0,143000000.0,914000000.0,112000000.0,0.742,2.508,5427000000.0,978000000.0,4449000000.0,5427000000.0,0.0,122000000.0,0.0,0.057,0.27,235000000.0,357000000.0,0.257,357000000.0,235000000.0,169000000.0,0.49,0.49,0.49,4453000000.0,,4453000000.0,9760940297.0,17.0,9.56,-4000000.0,-0.017,1.0,475000000.0,0.342,1407000000.0,66000000.0,17496000000.0,,168000000.0,1236000000.0,2000000.0,1234000000.0,11169000000.0,2003000000.0,9166000000.0,4325940297.0,75000000.0,0.0,12000000.0,-70000000.0,-62000000.0,-118000000.0,-102000000.0,0.0,295000000.0,0.0,112000000.0,112000000.0,112000000.0,-25000000.0,0.0,0.081,274000000.0,201000000.0,548000000.0,0.551,0.971,16.574,16.435,8600000000.0,0.0,18.9,1.09,1.091,940000000.0,1129000000.0,1389000000.0,1389000000.0,0.0,,,,,0.0,0.0,1.0,228885730.0,229000000.0,231000000.0,6.066,14215000000.0,314000000.0,57000000.0,3332000000.0,62.074,-516000000.0
14,POM,MRQ,2012-06-30,2012-06-30,2012-06-30,2019-05-12,-51000000.0,15421000000.0,,1289000000.0,14132000000.0,,19.228,-298000000.0,63000000.0,63000000.0,734000000.0,62000000.0,0.687,2.518,5498000000.0,936000000.0,4562000000.0,5498000000.0,0.0,111000000.0,0.0,0.055,0.27,156000000.0,267000000.0,0.25,267000000.0,156000000.0,91000000.0,0.27,0.27,0.27,4384000000.0,,4384000000.0,9656448289.0,18.0,9.874,-197000000.0,-0.864,1.0,336000000.0,0.314,1407000000.0,65000000.0,17573000000.0,,149000000.0,1392000000.0,9000000.0,1383000000.0,11037000000.0,1876000000.0,9161000000.0,4467448289.0,-25000000.0,0.0,11000000.0,227000000.0,-62000000.0,153000000.0,-279000000.0,0.0,101000000.0,0.0,62000000.0,62000000.0,62000000.0,-9000000.0,0.0,0.058,199000000.0,137000000.0,526000000.0,1.0,1.019,19.509,19.376,8590000000.0,0.0,19.57,1.057,1.056,840000000.0,1079000000.0,1070000000.0,1070000000.0,0.0,,,,,0.0,0.0,1.0,228280444.0,228000000.0,229000000.0,4.693,14014000000.0,304000000.0,29000000.0,3204000000.0,61.465,-587000000.0
15,POM,MRQ,2012-03-31,2012-03-31,2012-03-31,2019-05-12,-55000000.0,15188000000.0,,1348000000.0,13840000000.0,,19.149,-291000000.0,89000000.0,89000000.0,912000000.0,68000000.0,0.643,2.479,5278000000.0,1108000000.0,4170000000.0,5278000000.0,0.0,110000000.0,0.0,0.057,0.27,144000000.0,254000000.0,0.205,254000000.0,144000000.0,79000000.0,0.3,0.3,0.3,4366000000.0,,4366000000.0,9196536485.0,15.0,8.955,-268000000.0,-1.175,1.0,330000000.0,0.266,1407000000.0,65000000.0,16875000000.0,,129000000.0,1368000000.0,6000000.0,1362000000.0,10822000000.0,2095000000.0,8727000000.0,4299536485.0,-45000000.0,0.0,17000000.0,244000000.0,-61000000.0,213000000.0,-281000000.0,0.0,23000000.0,0.0,68000000.0,68000000.0,68000000.0,-5000000.0,0.0,0.055,199000000.0,131000000.0,522000000.0,0.9,0.985,16.473,16.284,8399000000.0,0.0,18.89,0.941,0.943,843000000.0,1079000000.0,1242000000.0,1242000000.0,0.0,,,,,0.0,0.0,1.0,227609131.0,228000000.0,228000000.0,5.447,13781000000.0,391000000.0,11000000.0,3240000000.0,60.443,-747000000.0
16,POM,MRQ,2011-12-31,2011-12-31,2011-12-31,2019-05-12,-63000000.0,14910000000.0,,1439000000.0,13471000000.0,,19.186,-302000000.0,135000000.0,135000000.0,29000000.0,19000000.0,0.773,2.439,5032000000.0,852000000.0,4180000000.0,5032000000.0,0.0,100000000.0,0.0,0.053,0.27,43000000.0,143000000.0,0.538,143000000.0,43000000.0,-10000000.0,0.09,0.09,0.09,4336000000.0,,4336000000.0,9338214879.0,15.0,8.996,-147000000.0,-0.65,1.0,237000000.0,0.891,1407000000.0,53000000.0,16539000000.0,,132000000.0,1354000000.0,5000000.0,1349000000.0,10574000000.0,1861000000.0,8713000000.0,4607214879.0,6000000.0,0.0,11000000.0,177000000.0,-61000000.0,127000000.0,-276000000.0,-161000000.0,155000000.0,0.0,19000000.0,19000000.0,19000000.0,-34000000.0,0.0,0.071,191000000.0,46000000.0,549000000.0,3.0,1.063,17.927,17.807,8220000000.0,0.0,20.3,0.928,0.924,929000000.0,1072000000.0,266000000.0,266000000.0,0.0,,,,,0.0,0.0,1.0,226956398.0,226000000.0,226000000.0,1.177,13503000000.0,217000000.0,-29000000.0,2995000000.0,59.748,-422000000.0
17,POM,MRQ,2011-09-30,2011-09-30,2011-09-30,2019-05-12,-71000000.0,14570000000.0,,1618000000.0,12952000000.0,,19.279,-252000000.0,131000000.0,131000000.0,1229000000.0,80000000.0,0.961,2.344,4862000000.0,666000000.0,4196000000.0,4862000000.0,0.0,115000000.0,0.0,0.057,0.27,199000000.0,314000000.0,0.191,314000000.0,199000000.0,135000000.0,0.35,0.35,0.35,4357000000.0,,4357000000.0,8924409955.0,14.0,8.419,-55000000.0,-0.243,1.0,419000000.0,0.254,1407000000.0,64000000.0,16211000000.0,,146000000.0,1351000000.0,15000000.0,1336000000.0,10213000000.0,1683000000.0,8530000000.0,4283409955.0,45000000.0,0.0,11000000.0,142000000.0,-61000000.0,99000000.0,-251000000.0,0.0,197000000.0,0.0,80000000.0,80000000.0,80000000.0,0.0,0.0,0.049,224000000.0,195000000.0,534000000.0,0.771,0.983,15.806,15.899,8020000000.0,0.0,18.92,0.69,0.688,989000000.0,1114000000.0,1648000000.0,1648000000.0,0.0,,,,,0.0,0.0,1.0,226395875.0,226000000.0,226000000.0,7.292,13163000000.0,301000000.0,55000000.0,3026000000.0,58.243,-65000000.0
18,POM,MRQ,2011-06-30,2011-06-30,2011-06-30,2019-05-12,-80000000.0,14238000000.0,,1498000000.0,12740000000.0,,19.097,-216000000.0,78000000.0,78000000.0,1064000000.0,94000000.0,0.958,2.299,4719000000.0,514000000.0,4205000000.0,4719000000.0,0.0,105000000.0,0.0,0.055,0.27,211000000.0,316000000.0,0.224,316000000.0,211000000.0,148000000.0,0.42,0.42,0.42,4316000000.0,,4316000000.0,9096872540.0,18.0,9.792,-79000000.0,-0.35,1.0,348000000.0,0.246,1407000000.0,63000000.0,15908000000.0,,130000000.0,1351000000.0,22000000.0,1329000000.0,9922000000.0,1564000000.0,8358000000.0,4431872540.0,40000000.0,0.0,11000000.0,20000000.0,-61000000.0,-41000000.0,-56000000.0,161000000.0,137000000.0,0.0,94000000.0,94000000.0,94000000.0,1000000.0,0.0,0.067,185000000.0,163000000.0,553000000.0,0.643,1.027,21.307,21.337,7878000000.0,0.0,19.63,0.668,0.669,958000000.0,1095000000.0,1412000000.0,1412000000.0,0.0,,,,,0.0,0.0,1.0,225770379.0,226000000.0,226000000.0,6.248,12831000000.0,276000000.0,54000000.0,2915000000.0,56.774,-66000000.0
19,POM,MRQ,2011-03-31,2011-03-31,2011-03-31,2019-05-12,-90000000.0,14242000000.0,,1491000000.0,12751000000.0,,18.938,-171000000.0,37000000.0,37000000.0,1272000000.0,64000000.0,0.886,2.342,4702000000.0,652000000.0,4050000000.0,4702000000.0,0.0,105000000.0,0.0,0.058,0.27,160000000.0,265000000.0,0.162,265000000.0,160000000.0,98000000.0,0.28,0.28,0.28,4261000000.0,,4261000000.0,8841840429.0,24.0,11.424,26000000.0,0.116,1.0,362000000.0,0.222,1407000000.0,62000000.0,15817000000.0,,116000000.0,1468000000.0,31000000.0,1437000000.0,9981000000.0,1683000000.0,8298000000.0,4198840429.0,-3000000.0,0.0,14000000.0,24000000.0,-61000000.0,-36000000.0,-164000000.0,0.0,197000000.0,0.0,64000000.0,64000000.0,64000000.0,-2000000.0,0.0,0.039,213000000.0,149000000.0,505000000.0,0.964,0.985,69.981,71.731,7760000000.0,0.0,18.65,0.613,0.612,939000000.0,1062000000.0,1634000000.0,1634000000.0,0.0,,,,,0.0,0.0,1.0,225138897.0,225000000.0,225000000.0,7.262,12835000000.0,372000000.0,34000000.0,2904000000.0,57.044,-192000000.0
20,POM,MRQ,2010-12-31,2010-12-31,2010-12-31,2019-05-12,-106000000.0,14480000000.0,,1757000000.0,12723000000.0,,18.634,-251000000.0,36000000.0,36000000.0,1239000000.0,33000000.0,0.978,2.422,4679000000.0,617000000.0,4062000000.0,4679000000.0,0.0,107000000.0,0.0,0.059,0.27,58000000.0,165000000.0,0.109,165000000.0,58000000.0,-8000000.0,0.14,0.14,0.14,4230000000.0,,4230000000.0,8720130804.0,25.0,11.752,2000000.0,0.009,1.0,279000000.0,0.184,1407000000.0,66000000.0,15919000000.0,,126000000.0,1468000000.0,45000000.0,1423000000.0,10244000000.0,1797000000.0,8447000000.0,4097130804.0,-23000000.0,5000000.0,11000000.0,15000000.0,-60000000.0,-45000000.0,-231000000.0,0.0,253000000.0,0.0,33000000.0,33000000.0,33000000.0,-19000000.0,0.0,0.022,191000000.0,88000000.0,587000000.0,1.929,0.969,128.035,130.357,7673000000.0,0.0,18.25,0.582,0.581,1027000000.0,1059000000.0,1518000000.0,1518000000.0,0.0,,,,,0.0,0.0,1.0,224500318.0,227000000.0,227000000.0,6.687,13073000000.0,480000000.0,-41000000.0,2838000000.0,57.59,-40000000.0
21,POM,MRQ,2010-09-30,2010-09-30,2010-09-30,2019-05-12,-148000000.0,14211000000.0,,1738000000.0,12473000000.0,,18.763,-214000000.0,44000000.0,44000000.0,1585000000.0,17000000.0,0.948,2.38,4667000000.0,622000000.0,4045000000.0,4667000000.0,0.0,104000000.0,0.0,0.058,0.27,79000000.0,183000000.0,0.089,183000000.0,79000000.0,11000000.0,0.08,0.08,0.08,4203000000.0,,4203000000.0,10215346913.0,24.0,12.849,-153000000.0,-0.683,1.0,482000000.0,0.233,1407000000.0,68000000.0,15594000000.0,,140000000.0,1456000000.0,38000000.0,1418000000.0,10002000000.0,1833000000.0,8169000000.0,4164346913.0,8000000.0,1635000000.0,11000000.0,-1432000000.0,-61000000.0,-1475000000.0,1422000000.0,0.0,61000000.0,0.0,17000000.0,17000000.0,17000000.0,4000000.0,0.0,0.008,270000000.0,212000000.0,547000000.0,3.375,0.991,104.109,103.333,7529000000.0,0.0,18.6,0.581,0.581,1058000000.0,1086000000.0,2067000000.0,2067000000.0,0.0,,,,,0.0,0.0,1.0,223889619.0,224000000.0,224000000.0,9.228,12804000000.0,345000000.0,-6000000.0,2704000000.0,57.161,-95000000.0
22,POM,MRQ,2010-06-30,2010-06-30,2010-06-30,2019-05-12,-161000000.0,15873000000.0,,1864000000.0,14009000000.0,,18.933,-267000000.0,46000000.0,46000000.0,1308000000.0,-54000000.0,0.548,2.758,6097000000.0,2046000000.0,4051000000.0,6097000000.0,0.0,93000000.0,0.0,0.069,0.27,68000000.0,161000000.0,0.098,161000000.0,68000000.0,-21000000.0,-0.24,-0.24,-0.24,4222000000.0,,4222000000.0,9663938210.0,16.0,10.014,165000000.0,0.74,1.0,328000000.0,0.2,1407000000.0,89000000.0,17116000000.0,,129000000.0,1436000000.0,30000000.0,1406000000.0,11645000000.0,3401000000.0,8244000000.0,3499938210.0,-2000000.0,0.0,10000000.0,-118000000.0,-60000000.0,-168000000.0,-266000000.0,0.0,432000000.0,0.0,-54000000.0,-54000000.0,-54000000.0,130000000.0,0.0,-0.033,135000000.0,193000000.0,649000000.0,-1.125,0.829,23.809,23.758,9029000000.0,0.0,15.68,0.489,0.489,1034000000.0,1130000000.0,1636000000.0,1636000000.0,0.0,,,,,0.0,0.0,1.0,223210345.0,223000000.0,223000000.0,7.336,14466000000.0,397000000.0,33000000.0,2743000000.0,64.87,-1537000000.0
23,POM,MRQ,2010-03-31,2010-03-31,2010-03-31,2019-05-12,-307000000.0,15832000000.0,,1874000000.0,13958000000.0,,18.82,-208000000.0,51000000.0,51000000.0,1526000000.0,36000000.0,0.764,2.788,6215000000.0,1255000000.0,4960000000.0,6215000000.0,0.0,89000000.0,0.0,0.063,0.27,144000000.0,233000000.0,0.128,233000000.0,144000000.0,61000000.0,0.16,0.16,0.16,4178000000.0,,4178000000.0,9772426975.0,14.0,9.619,-141000000.0,-0.635,1.0,293000000.0,0.161,1407000000.0,83000000.0,18136000000.0,,226000000.0,1516000000.0,70000000.0,1446000000.0,11648000000.0,2453000000.0,9195000000.0,3813426975.0,-8000000.0,0.0,15000000.0,196000000.0,-60000000.0,132000000.0,-207000000.0,0.0,67000000.0,0.0,36000000.0,36000000.0,36000000.0,-8000000.0,0.0,0.02,162000000.0,131000000.0,640000000.0,1.688,0.913,16.874,16.98,8965000000.0,0.0,17.15,0.531,0.53,1205000000.0,1244000000.0,1819000000.0,1819000000.0,0.0,,,,,0.0,0.0,1.0,222357258.0,222000000.0,222000000.0,8.194,14425000000.0,408000000.0,25000000.0,2655000000.0,64.977,-579000000.0
24,POM,MRQ,2009-12-31,2009-12-31,2009-12-31,2019-05-12,-241000000.0,15779000000.0,,1926000000.0,13853000000.0,,19.0,-270000000.0,59000000.0,59000000.0,1389000000.0,41000000.0,0.837,2.706,6020000000.0,1073000000.0,4947000000.0,6020000000.0,0.0,84000000.0,0.0,0.064,0.27,134000000.0,218000000.0,0.132,218000000.0,134000000.0,48000000.0,0.18,0.18,0.18,4256000000.0,,4256000000.0,9693838377.0,14.0,9.43,28000000.0,0.125,1.0,260000000.0,0.158,1407000000.0,86000000.0,18031000000.0,,124000000.0,1424000000.0,22000000.0,1402000000.0,11517000000.0,2302000000.0,9215000000.0,3733838377.0,26000000.0,0.0,12000000.0,29000000.0,-60000000.0,-2000000.0,-270000000.0,0.0,298000000.0,0.0,41000000.0,41000000.0,41000000.0,-2000000.0,0.0,0.025,132000000.0,128000000.0,574000000.0,1.5,0.877,15.889,15.896,8863000000.0,0.0,16.85,0.504,0.503,1019000000.0,1268000000.0,1649000000.0,1649000000.0,0.0,,,,,0.0,0.0,1.0,221592782.0,224000000.0,224000000.0,7.362,14372000000.0,434000000.0,7000000.0,2687000000.0,64.161,-376000000.0
25,POM,MRQ,2009-09-30,2009-09-30,2009-09-30,2019-05-12,-258000000.0,15830000000.0,,2039000000.0,13791000000.0,,19.213,-206000000.0,35000000.0,35000000.0,1680000000.0,124000000.0,0.913,2.727,5995000000.0,1034000000.0,4961000000.0,5995000000.0,0.0,93000000.0,0.0,0.073,0.27,260000000.0,353000000.0,0.172,353000000.0,260000000.0,175000000.0,0.56,0.56,0.56,4246000000.0,,4246000000.0,9237810974.0,15.0,9.901,95000000.0,0.43,1.0,370000000.0,0.18,1411000000.0,85000000.0,18145000000.0,,286000000.0,1465000000.0,62000000.0,1403000000.0,11578000000.0,2234000000.0,9344000000.0,3285810974.0,-100000000.0,0.0,11000000.0,-155000000.0,-59000000.0,-193000000.0,-208000000.0,0.0,301000000.0,0.0,124000000.0,124000000.0,124000000.0,-20000000.0,0.0,0.06,135000000.0,235000000.0,634000000.0,0.482,0.774,12.589,12.504,8674000000.0,0.0,14.88,0.541,0.541,1184000000.0,1287000000.0,2050000000.0,2050000000.0,0.0,,,,,0.0,0.0,1.0,220820630.0,221000000.0,221000000.0,9.276,14419000000.0,493000000.0,51000000.0,2601000000.0,65.244,-195000000.0
26,POM,MRQ,2009-06-30,2009-06-30,2009-06-30,2019-05-12,-308000000.0,16113000000.0,,2055000000.0,14058000000.0,,18.723,-208000000.0,198000000.0,198000000.0,1405000000.0,25000000.0,0.863,2.91,6150000000.0,1149000000.0,5001000000.0,6150000000.0,0.0,76000000.0,0.0,0.08,0.27,136000000.0,212000000.0,0.127,212000000.0,136000000.0,49000000.0,0.11,0.11,0.11,4119000000.0,,4119000000.0,8522667643.0,13.0,8.878,-327000000.0,-1.486,1.0,261000000.0,0.157,1411000000.0,87000000.0,18272000000.0,,282000000.0,1474000000.0,83000000.0,1391000000.0,11988000000.0,2382000000.0,9606000000.0,2956667643.0,-460000000.0,0.0,11000000.0,-74000000.0,-60000000.0,-139000000.0,-202000000.0,0.0,-119000000.0,0.0,25000000.0,25000000.0,25000000.0,14000000.0,0.0,0.015,117000000.0,144000000.0,658000000.0,2.455,0.718,11.549,11.016,8561000000.0,0.0,13.44,0.417,0.417,1158000000.0,1222000000.0,1666000000.0,1666000000.0,0.0,,,,,0.0,0.0,1.0,219990152.0,220000000.0,220000000.0,7.573,14702000000.0,552000000.0,24000000.0,2592000000.0,66.827,-327000000.0
27,POM,MRQ,2009-03-31,2009-03-31,2009-03-31,2019-05-12,-351000000.0,16585000000.0,,2641000000.0,13944000000.0,,18.721,-180000000.0,658000000.0,658000000.0,2219000000.0,45000000.0,1.212,3.044,6224000000.0,762000000.0,5462000000.0,6224000000.0,0.0,96000000.0,0.0,0.087,0.27,159000000.0,255000000.0,0.101,255000000.0,159000000.0,69000000.0,0.21,0.21,0.21,4100000000.0,,4100000000.0,7945425762.0,13.0,8.242,-54000000.0,-0.247,1.0,301000000.0,0.119,1411000000.0,90000000.0,18561000000.0,,273000000.0,1497000000.0,119000000.0,1378000000.0,12479000000.0,2179000000.0,10300000000.0,2513425762.0,196000000.0,0.0,15000000.0,292000000.0,-59000000.0,250000000.0,-180000000.0,0.0,126000000.0,0.0,45000000.0,45000000.0,45000000.0,0.0,0.0,0.018,146000000.0,155000000.0,748000000.0,1.286,0.613,10.217,10.576,8427000000.0,0.0,12.48,0.317,0.344,1338000000.0,1257000000.0,2520000000.0,2520000000.0,0.0,,,,,0.0,0.0,1.0,201396295.0,219000000.0,219000000.0,11.507,15174000000.0,468000000.0,24000000.0,2553000000.0,69.288,462000000.0
28,POM,MRQ,2008-12-31,2008-12-31,2008-12-31,2019-05-12,-262000000.0,16133000000.0,,2598000000.0,13535000000.0,,19.671,-220000000.0,502000000.0,502000000.0,-205000000.0,67000000.0,1.298,2.849,5934000000.0,556000000.0,5378000000.0,5934000000.0,0.0,55000000.0,0.0,0.061,0.27,58000000.0,113000000.0,-0.706,113000000.0,58000000.0,-4000000.0,0.31,0.31,0.31,4190000000.0,,4190000000.0,8954298199.0,13.0,8.668,-276000000.0,-1.296,1.0,45000000.0,-0.281,1411000000.0,62000000.0,18152000000.0,,333000000.0,1442000000.0,98000000.0,1344000000.0,11937000000.0,2002000000.0,9935000000.0,3576798199.0,157000000.0,0.0,276000000.0,183000000.0,-59000000.0,389000000.0,-176000000.0,0.0,-56000000.0,0.0,67000000.0,67000000.0,67000000.0,-117000000.0,0.0,-0.419,108000000.0,-63000000.0,847000000.0,0.871,0.854,11.923,12.082,8314000000.0,0.0,17.76,0.444,0.45,1392000000.0,1271000000.0,-160000000.0,-160000000.0,0.0,,,,,0.0,0.0,1.0,201396295.0,213000000.0,213000000.0,-0.751,14722000000.0,348000000.0,-71000000.0,2379000000.0,69.117,596000000.0
29,POM,MRQ,2008-09-30,2008-09-30,2008-09-30,2019-05-12,-123700000.0,15572600000.0,,2527100000.0,13045500000.0,,20.066,-195000000.0,377400000.0,377400000.0,2574000000.0,119000000.0,0.96,2.842,5754900000.0,1112300000.0,4642600000.0,5754900000.0,0.0,99000000.0,0.0,0.047,0.27,281000000.0,380000000.0,0.124,380000000.0,281000000.0,199000000.0,0.59,0.59,0.59,4053300000.0,,4053300000.0,9209089118.0,11.0,7.653,-419000000.0,-2.074,1.0,486000000.0,0.159,1409000000.0,82000000.0,16907500000.0,,359700000.0,1321200000.0,0.0,1321200000.0,11519300000.0,2633600000.0,8885700000.0,4613989118.0,-64000000.0,0.0,11000000.0,388000000.0,-54000000.0,337000000.0,-177000000.0,0.0,-224000000.0,0.0,119000000.0,119000000.0,119000000.0,0.0,0.0,0.039,211000000.0,275000000.0,867500000.0,0.458,1.138,15.877,15.91,8167100000.0,0.0,22.91,0.437,0.439,1448500000.0,1262500000.0,3060000000.0,3060000000.0,0.0,,,,,0.0,0.0,1.0,201396295.0,202000000.0,202000000.0,15.149,14163600000.0,410800000.0,80000000.0,2423900000.0,70.117,-106500000.0
30,POM,MRQ,2008-06-30,2008-06-30,2008-06-30,2019-05-12,282600000.0,16365600000.0,,2993700000.0,13371900000.0,,21.769,-195000000.0,771000000.0,771000000.0,2243000000.0,15000000.0,1.245,2.74,5366100000.0,565700000.0,4800400000.0,5366100000.0,0.0,93000000.0,0.0,0.041,0.27,123000000.0,216000000.0,0.086,216000000.0,123000000.0,43000000.0,0.07,0.07,0.07,4375600000.0,,4375600000.0,9869414967.0,11.0,7.928,151000000.0,0.751,1.0,275000000.0,0.109,1409000000.0,80000000.0,17147600000.0,,345400000.0,1307300000.0,0.0,1307300000.0,11990000000.0,2404100000.0,9585900000.0,5165814967.0,-25000000.0,0.0,10000000.0,-100000000.0,-55000000.0,-142000000.0,-229000000.0,0.0,346000000.0,0.0,15000000.0,15000000.0,15000000.0,0.0,0.0,0.006,161000000.0,114000000.0,1047100000.0,3.857,1.181,15.229,14.913,8054600000.0,0.0,25.65,0.503,0.502,1518200000.0,1198200000.0,2518000000.0,2518000000.0,0.0,,,,,0.0,0.0,1.0,201396295.0,201000000.0,201000000.0,12.527,14956600000.0,466100000.0,28000000.0,2699700000.0,74.411,589600000.0
31,POM,MRQ,2008-03-31,2008-03-31,2008-03-31,2019-05-12,74100000.0,15592900000.0,,2342100000.0,13250800000.0,,20.871,-171000000.0,765100000.0,765100000.0,2217000000.0,99000000.0,1.201,2.717,5468700000.0,481700000.0,4987000000.0,5468700000.0,0.0,91000000.0,0.0,0.042,0.27,233000000.0,324000000.0,0.123,324000000.0,233000000.0,152000000.0,0.49,0.49,0.49,4195100000.0,,4195100000.0,9657848446.0,10.0,7.479,176000000.0,0.876,1.0,424000000.0,0.161,1409600000.0,81000000.0,16937500000.0,,266200000.0,1402900000.0,0.0,1402900000.0,11397800000.0,1949400000.0,9448400000.0,4789948446.0,261000000.0,0.0,19000000.0,115000000.0,-54000000.0,46000000.0,-132000000.0,0.0,347000000.0,0.0,99000000.0,99000000.0,99000000.0,0.0,0.0,0.037,201000000.0,223000000.0,811200000.0,0.551,1.142,12.559,12.677,7924500000.0,0.0,24.72,0.487,0.506,1241400000.0,1237600000.0,2641000000.0,2641000000.0,0.0,,,,,0.0,0.0,1.0,193768141.0,201000000.0,201000000.0,13.139,14183300000.0,385800000.0,53000000.0,2567500000.0,70.564,392700000.0
32,POM,MRQ,2007-12-31,2007-12-31,2007-12-31,2019-05-12,-46000000.0,15111000000.0,,1997000000.0,13114000000.0,,20.427,-200300000.0,494000000.0,494000000.0,1955500000.0,57600000.0,0.98,2.761,5362000000.0,627000000.0,4735000000.0,5362000000.0,0.0,92600000.0,0.0,0.035,0.26,190700000.0,283300000.0,0.121,283300000.0,190700000.0,105300000.0,0.29,0.29,0.29,4018000000.0,,4018000000.0,10820719576.0,13.0,8.812,132200000.0,0.672,1.0,377100000.0,0.162,1410000000.0,85400000.0,16532000000.0,,288000000.0,1427000000.0,43000000.0,1384000000.0,11093000000.0,2037000000.0,9056000000.0,5683219576.0,28800000.0,0.0,183100000.0,-240600000.0,-52500000.0,-113500000.0,-190200000.0,-1200000.0,332500000.0,0.0,57600000.0,57600000.0,57600000.0,0.0,0.0,0.025,200500000.0,176600000.0,797000000.0,0.897,1.414,17.016,17.052,7877000000.0,0.0,29.33,0.607,0.608,1278000000.0,1193000000.0,2332600000.0,2332600000.0,0.0,,,,,0.0,0.0,1.0,193768141.0,196700000.0,196700000.0,11.859,13701000000.0,446000000.0,47700000.0,2443000000.0,69.654,-40000000.0
33,POM,MRQ,2007-09-30,2007-09-30,2007-09-30,2019-05-12,-97700000.0,15057700000.0,,2081600000.0,12976100000.0,,19.511,-137700000.0,467300000.0,467300000.0,2265500000.0,167600000.0,0.894,2.988,5604800000.0,960900000.0,4643900000.0,5604800000.0,0.0,87600000.0,0.0,0.038,0.26,334000000.0,421600000.0,0.152,421600000.0,334000000.0,247800000.0,0.87,0.87,0.87,3775300000.0,,3775300000.0,10804367061.0,13.0,9.121,10000000.0,0.052,1.0,504800000.0,0.182,1407900000.0,86200000.0,16459300000.0,,294900000.0,1369300000.0,0.0,1369300000.0,11282400000.0,2328000000.0,8954400000.0,5240467061.0,3000000.0,0.0,6900000.0,5000000.0,-50200000.0,-25500000.0,-119200000.0,1200000.0,147700000.0,0.0,167600000.0,167600000.0,167600000.0,0.0,0.0,0.06,184000000.0,320800000.0,780700000.0,0.299,1.388,16.775,16.613,7696800000.0,0.0,27.08,0.586,0.586,1413500000.0,1186900000.0,2770300000.0,2770300000.0,0.0,,,,,0.0,0.0,1.0,193517986.0,193500000.0,193500000.0,14.317,13649800000.0,417500000.0,80200000.0,2365800000.0,70.542,-246400000.0
34,POM,MRQ,2007-06-30,2007-06-30,2007-06-30,2019-05-12,-79400000.0,14530400000.0,,2005000000.0,12525400000.0,,19.034,-158000000.0,35900000.0,35900000.0,1757800000.0,57200000.0,0.832,2.951,5599800000.0,932200000.0,4667600000.0,5599800000.0,0.0,92700000.0,0.0,0.037,0.26,169700000.0,262400000.0,0.126,262400000.0,169700000.0,85900000.0,0.3,0.3,0.3,3677400000.0,,3677400000.0,10870716376.0,15.0,9.649,-100700000.0,-0.521,1.0,326500000.0,0.157,1407300000.0,83800000.0,16277000000.0,,282400000.0,1349900000.0,0.0,1349900000.0,10853000000.0,2410000000.0,8443000000.0,5444916376.0,-58700000.0,0.0,11100000.0,78900000.0,-50200000.0,36600000.0,-152600000.0,0.0,57300000.0,0.0,57200000.0,57200000.0,57200000.0,0.0,0.0,0.027,170500000.0,156000000.0,803500000.0,0.867,1.481,21.885,21.692,7651600000.0,0.0,28.2,0.622,0.622,1270700000.0,1078400000.0,2084300000.0,2084300000.0,0.0,,,,,0.0,0.0,1.0,193082141.0,193200000.0,193200000.0,10.788,13123100000.0,471300000.0,28700000.0,2416100000.0,67.925,-405000000.0
35,POM,MRQ,2007-03-31,2007-03-31,2007-03-31,2019-05-12,-81800000.0,14321500000.0,,1912100000.0,12409400000.0,,18.985,-127000000.0,98800000.0,98800000.0,1822200000.0,51600000.0,0.721,2.919,5524600000.0,1257600000.0,4267000000.0,5524600000.0,0.0,93100000.0,0.0,0.036,0.26,167600000.0,260700000.0,0.12,260700000.0,167600000.0,83000000.0,0.27,0.27,0.27,3654600000.0,,3654600000.0,11104334062.0,15.0,9.707,130500000.0,0.678,1.0,356600000.0,0.164,1409200000.0,84600000.0,15686500000.0,,241700000.0,1330900000.0,0.0,1330900000.0,10666900000.0,2651600000.0,8015300000.0,5585134062.0,32900000.0,0.0,26900000.0,-55300000.0,-50100000.0,-104600000.0,-120000000.0,0.0,257500000.0,0.0,51600000.0,51600000.0,51600000.0,0.0,0.0,0.024,204000000.0,152600000.0,718000000.0,0.963,1.528,23.003,22.85,7580800000.0,0.0,29.02,0.65,0.65,1163900000.0,1071400000.0,2178800000.0,2178800000.0,0.0,,,,,0.0,0.0,1.0,192458100.0,192500000.0,192500000.0,11.318,12912300000.0,478900000.0,31400000.0,2388600000.0,67.077,-739500000.0
36,POM,MRQ,2006-12-31,2006-12-31,2006-12-31,2019-05-12,-103400000.0,14243500000.0,,1981400000.0,12262100000.0,,18.735,-118700000.0,78300000.0,78300000.0,1591500000.0,36000000.0,0.782,2.943,5580000000.0,1212600000.0,4367400000.0,5580000000.0,0.0,94300000.0,0.0,0.04,0.26,145500000.0,239800000.0,0.126,239800000.0,145500000.0,60300000.0,0.19,0.19,0.19,3612200000.0,,3612200000.0,10595188305.0,14.0,9.126,103700000.0,0.538,1.0,313100000.0,0.164,1409200000.0,85200000.0,15802000000.0,,288800000.0,1321800000.0,0.0,1321800000.0,10631300000.0,2534000000.0,8097300000.0,4976788305.0,5300000.0,0.0,14400000.0,-95900000.0,-49500000.0,-133600000.0,-83500000.0,9000000.0,222400000.0,0.0,36000000.0,36000000.0,36000000.0,0.0,0.0,0.019,180000000.0,133100000.0,700700000.0,1.368,1.378,20.068,20.008,7576600000.0,0.0,26.01,0.595,0.594,1253500000.0,1068700000.0,1904600000.0,1904600000.0,0.0,,,,,0.0,0.0,1.0,191341342.0,192800000.0,192800000.0,9.879,12834300000.0,228400000.0,24300000.0,2230000000.0,66.568,-552600000.0
37,POM,MRQ,2006-09-30,2006-09-30,2006-09-30,2019-05-12,-108000000.0,13949900000.0,,1946500000.0,12003400000.0,,18.903,-108000000.0,60300000.0,60300000.0,2097900000.0,104000000.0,0.743,2.868,5678700000.0,1424700000.0,4254000000.0,5678700000.0,0.0,110400000.0,0.0,0.043,0.26,253300000.0,363700000.0,0.14,363700000.0,253300000.0,166300000.0,0.54,0.54,0.54,3606700000.0,,3606700000.0,10361574125.0,13.0,8.276,-9000000.0,-0.047,1.0,492000000.0,0.19,1409200000.0,87000000.0,15539200000.0,,334300000.0,1332700000.0,0.0,1332700000.0,10343200000.0,2619900000.0,7723300000.0,4609074125.0,10300000.0,0.0,15000000.0,-119600000.0,-49700000.0,-156600000.0,67900000.0,2900000.0,99000000.0,0.0,104000000.0,104000000.0,104000000.0,0.0,0.0,0.04,249200000.0,242800000.0,721200000.0,0.481,1.278,15.672,15.797,7492800000.0,0.0,24.17,0.541,0.541,1394700000.0,1082200000.0,2589900000.0,2589900000.0,0.0,,,,,0.0,0.0,1.0,190694006.0,190800000.0,190800000.0,13.574,12540700000.0,4500000.0,62300000.0,2005800000.0,65.727,-673400000.0
38,POM,MRQ,2006-06-30,2006-06-30,2006-06-30,2019-05-12,-105700000.0,13688400000.0,,1778500000.0,11909900000.0,,18.529,-128100000.0,45900000.0,45900000.0,1596600000.0,51200000.0,0.789,2.88,5798400000.0,1033700000.0,4764700000.0,5798400000.0,0.0,104100000.0,0.0,0.043,0.26,175600000.0,279700000.0,0.146,279700000.0,175600000.0,90400000.0,0.27,0.27,0.27,3528000000.0,,3528000000.0,9998051620.0,11.0,7.253,-228900000.0,-1.202,1.0,320000000.0,0.167,1415000000.0,85200000.0,15771600000.0,,349500000.0,1312000000.0,0.0,1312000000.0,10160400000.0,2254300000.0,7906100000.0,4488851620.0,-17900000.0,0.0,8200000.0,232800000.0,-49400000.0,195600000.0,-112700000.0,0.0,-100800000.0,0.0,51200000.0,51200000.0,51200000.0,0.0,0.0,0.027,156800000.0,163200000.0,746600000.0,0.963,1.272,12.535,12.543,7431200000.0,0.0,23.58,0.533,0.534,1185600000.0,1027900000.0,1916600000.0,1916600000.0,0.0,,,,,0.0,0.0,1.0,190366905.0,190400000.0,190400000.0,10.066,12273400000.0,0.0,39200000.0,1946300000.0,64.461,-475800000.0
39,POM,MRQ,2006-03-31,2006-03-31,2006-03-31,2019-05-12,-96400000.0,13686800000.0,,1774600000.0,11912200000.0,,18.573,-120200000.0,73200000.0,73200000.0,1588000000.0,56800000.0,0.794,2.88,5582400000.0,833100000.0,4749300000.0,5582400000.0,0.0,104200000.0,0.0,0.044,0.26,173600000.0,277800000.0,0.142,277800000.0,173600000.0,92000000.0,0.29,0.29,0.29,3527100000.0,,3527100000.0,9655944253.0,10.0,6.923,-137800000.0,-0.726,1.0,363900000.0,0.186,1431300000.0,81600000.0,15529700000.0,,334400000.0,1316700000.0,0.0,1316700000.0,10159700000.0,2235000000.0,7924700000.0,4329944253.0,-70700000.0,0.0,9400000.0,112700000.0,-49400000.0,48600000.0,-101700000.0,13100000.0,-17600000.0,0.0,56800000.0,56800000.0,56800000.0,0.0,0.0,0.029,210000000.0,153900000.0,742400000.0,0.897,1.228,11.599,11.628,7394600000.0,0.0,22.79,0.527,0.527,1145900000.0,1026100000.0,1951900000.0,1951900000.0,0.0,,,,,0.0,0.0,1.0,189993166.0,189900000.0,189900000.0,10.279,12255500000.0,0.0,35200000.0,2081000000.0,64.537,-460400000.0
40,POM,MRQ,2005-12-31,2005-12-31,2005-12-31,2019-05-12,-22800000.0,14038900000.0,,2097700000.0,11941200000.0,,18.903,-125700000.0,144500000.0,144500000.0,1682400000.0,82100000.0,0.868,2.917,5470500000.0,631200000.0,4839300000.0,5470500000.0,0.0,110700000.0,0.0,0.045,0.25,220100000.0,330800000.0,0.16,330800000.0,220100000.0,136900000.0,0.43,0.43,0.43,3584100000.0,,3584100000.0,9634689234.0,10.0,6.925,56200000.0,0.296,1.0,380500000.0,0.184,1431300000.0,83200000.0,15516000000.0,,283300000.0,1297900000.0,0.0,1297900000.0,10454800000.0,2417600000.0,8037200000.0,4239389234.0,-127600000.0,0.0,12500000.0,-152800000.0,-47400000.0,-191900000.0,-117600000.0,800000.0,181900000.0,0.0,82100000.0,82100000.0,82100000.0,0.0,0.0,0.04,172500000.0,208000000.0,1002200000.0,0.581,1.183,11.421,11.413,7368800000.0,0.0,22.37,0.526,0.524,1361400000.0,1018700000.0,2062900000.0,2062900000.0,0.0,,,,,0.0,0.0,1.0,189512259.0,189600000.0,189600000.0,10.88,12607600000.0,0.0,54800000.0,2327200000.0,66.496,-319900000.0
41,POM,MRQ,2005-09-30,2005-09-30,2005-09-30,2019-05-12,23400000.0,14223200000.0,,2295900000.0,11927300000.0,,19.115,-123200000.0,280300000.0,280300000.0,1917200000.0,168000000.0,0.997,2.933,5675600000.0,657900000.0,5017700000.0,5675600000.0,0.0,109100000.0,0.0,0.043,0.25,381000000.0,490100000.0,0.197,490100000.0,381000000.0,295300000.0,0.89,0.89,0.89,3616600000.0,,3616600000.0,10212577735.0,12.0,7.925,371300000.0,1.962,1.0,566400000.0,0.228,1428000000.0,85700000.0,15886700000.0,,291500000.0,1277900000.0,0.0,1277900000.0,10606600000.0,2303800000.0,8302800000.0,4401677735.0,72300000.0,0.0,6700000.0,-345600000.0,-47200000.0,-382900000.0,-39300000.0,0.0,494500000.0,0.0,168000000.0,168000000.0,168000000.0,0.0,0.0,0.068,198100000.0,368300000.0,950600000.0,0.281,1.217,14.815,15.013,7282500000.0,0.0,23.27,0.57,0.57,1389000000.0,1011800000.0,2483600000.0,2483600000.0,0.0,,,,,0.0,0.0,1.0,189156757.0,189200000.0,189200000.0,13.127,12795200000.0,0.0,127300000.0,2335500000.0,67.628,-7900000.0
42,POM,MRQ,2005-06-30,2005-06-30,2005-06-30,2019-05-12,-37400000.0,13757700000.0,,1873600000.0,11884100000.0,,18.14,-129900000.0,209700000.0,209700000.0,1379100000.0,66400000.0,0.872,3.017,6020600000.0,996200000.0,5024400000.0,6020600000.0,0.0,101800000.0,0.0,0.042,0.25,194200000.0,296000000.0,0.172,296000000.0,194200000.0,108900000.0,0.35,0.35,0.35,3424900000.0,,3424900000.0,10297653095.0,13.0,8.587,14300000.0,0.076,1.0,341100000.0,0.198,1431300000.0,85300000.0,15989400000.0,,277000000.0,1257800000.0,0.0,1257800000.0,10332800000.0,2147900000.0,8184900000.0,4519553095.0,133800000.0,0.0,7000000.0,166900000.0,-47200000.0,109100000.0,-119500000.0,0.0,144200000.0,0.0,66400000.0,66400000.0,66400000.0,0.0,0.0,0.039,156700000.0,184400000.0,712500000.0,0.714,1.32,18.824,18.415,7248800000.0,0.0,23.94,0.62,0.62,1168200000.0,888900000.0,1720200000.0,1720200000.0,0.0,,,,,0.0,0.0,1.0,188786679.0,188800000.0,188800000.0,9.111,12326400000.0,0.0,42500000.0,2169000000.0,65.288,-274300000.0
43,POM,MRQ,2005-03-31,2005-03-31,2005-03-31,2019-05-12,-31800000.0,13515400000.0,,1716300000.0,11799100000.0,,18.073,-88300000.0,78700000.0,78700000.0,1449000000.0,54700000.0,0.749,2.969,5856800000.0,1178800000.0,4678000000.0,5856800000.0,0.0,105700000.0,0.0,0.048,0.25,168700000.0,274400000.0,0.153,274400000.0,168700000.0,85300000.0,0.29,0.29,0.29,3405000000.0,,3405000000.0,9795544964.0,12.0,7.813,78000000.0,0.414,1.0,349800000.0,0.194,1431300000.0,83400000.0,15569300000.0,,244300000.0,1237300000.0,0.0,1237300000.0,10110400000.0,2292900000.0,7817500000.0,3953444964.0,13500000.0,0.0,7000000.0,-55600000.0,-47100000.0,-95300000.0,-57500000.0,23800000.0,166300000.0,0.0,54700000.0,54700000.0,54700000.0,0.0,0.0,0.03,205100000.0,144700000.0,640600000.0,0.862,1.161,14.97,14.182,7210400000.0,0.0,20.99,0.545,0.545,1140500000.0,872100000.0,1798800000.0,1798800000.0,0.0,,,,,0.0,0.0,1.0,188348974.0,188400000.0,188400000.0,9.548,12084100000.0,0.0,30600000.0,2166000000.0,64.141,-576600000.0
44,POM,MRQ,2004-12-31,2004-12-31,2004-12-31,2019-05-12,-52000000.0,13350800000.0,,1672500000.0,11678300000.0,,17.77,-114000000.0,71500000.0,71500000.0,1407700000.0,8000000.0,0.862,2.998,5913700000.0,840900000.0,5072800000.0,5913700000.0,0.0,110300000.0,0.0,0.047,0.25,117800000.0,228100000.0,0.133,228100000.0,117800000.0,33700000.0,0.02,0.02,0.02,3339000000.0,,3339000000.0,9900846119.0,12.0,7.937,161600000.0,0.86,1.0,313300000.0,0.182,1430500000.0,84100000.0,15822200000.0,,268400000.0,1218700000.0,0.0,1218700000.0,10011800000.0,1940300000.0,8071500000.0,4006546119.0,-26800000.0,29000000.0,8100000.0,-133500000.0,-47000000.0,-208000000.0,-94400000.0,2600000.0,275600000.0,0.0,8000000.0,8000000.0,8000000.0,0.0,0.0,0.005,201700000.0,111600000.0,664800000.0,12.5,1.2,15.374,14.405,7090600000.0,0.0,21.32,0.555,0.522,1122800000.0,836400000.0,1721000000.0,1721000000.0,0.0,,,,,0.0,0.0,1.0,187924302.0,187900000.0,187900000.0,9.159,11920300000.0,0.0,25700000.0,2065700000.0,63.44,-267800000.0
45,POM,MRQ,2004-09-30,2004-09-30,2004-09-30,2019-05-12,-21900000.0,13528700000.0,,1801600000.0,11727100000.0,,19.569,-123800000.0,82900000.0,82900000.0,1545400000.0,111000000.0,0.829,2.946,5977200000.0,1119200000.0,4858000000.0,5977200000.0,0.0,113700000.0,0.0,0.05,0.25,287000000.0,400700000.0,0.196,400700000.0,287000000.0,182500000.0,0.64,0.64,0.64,3428500000.0,,3428500000.0,9611167139.0,14.0,8.648,70700000.0,0.404,1.0,501100000.0,0.245,1430500000.0,104500000.0,15818400000.0,,276800000.0,1208400000.0,6300000.0,1202100000.0,10100200000.0,2174100000.0,7926100000.0,3434967139.0,11200000.0,0.0,294900000.0,-278300000.0,-43100000.0,-49700000.0,-133600000.0,0.0,194500000.0,0.0,111000000.0,111000000.0,111000000.0,0.0,0.0,0.054,221600000.0,279500000.0,634500000.0,0.391,1.002,18.628,18.598,7023500000.0,0.0,19.9,0.49,0.497,1301600000.0,904600000.0,2046500000.0,2046500000.0,0.0,,,,,0.0,0.0,1.0,172611414.0,175200000.0,175200000.0,11.681,12098200000.0,0.0,71500000.0,1979800000.0,69.054,-372500000.0
46,POM,MRQ,2004-06-30,2004-06-30,2004-06-30,2019-05-12,-28400000.0,13430600000.0,,1698000000.0,11732600000.0,,17.819,-138900000.0,80700000.0,80700000.0,1308100000.0,90400000.0,0.841,3.377,6256900000.0,942800000.0,5314100000.0,6256900000.0,0.0,109400000.0,0.0,0.055,0.25,241200000.0,350600000.0,0.207,350600000.0,241200000.0,149100000.0,0.53,0.53,0.53,3068400000.0,,3068400000.0,9276796921.0,13.0,7.874,-31400000.0,-0.182,1.0,383400000.0,0.227,1432300000.0,92100000.0,16155600000.0,,264000000.0,1186100000.0,4200000.0,1181900000.0,10362200000.0,2018900000.0,8343300000.0,3147296921.0,-243300000.0,0.0,7600000.0,-182300000.0,-43000000.0,-226700000.0,-124100000.0,25600000.0,107500000.0,0.0,90400000.0,90400000.0,90400000.0,0.0,0.0,0.053,152900000.0,230500000.0,666300000.0,0.472,1.026,13.642,13.541,6987600000.0,0.0,18.28,0.443,0.444,1222600000.0,836700000.0,1691500000.0,1691500000.0,0.0,,,,,0.0,0.0,1.0,172171604.0,172200000.0,172200000.0,9.823,11998300000.0,0.0,58700000.0,1927900000.0,69.677,-320900000.0
47,POM,MRQ,2004-03-31,2004-03-31,2004-03-31,2019-05-12,-14300000.0,13549800000.0,,1808100000.0,11741700000.0,,17.622,-94300000.0,303100000.0,303100000.0,1425900000.0,51200000.0,0.831,3.476,6432600000.0,1132700000.0,5299900000.0,6432600000.0,0.0,112800000.0,0.0,0.049,0.25,155200000.0,268000000.0,0.152,268000000.0,155200000.0,62600000.0,0.3,0.3,0.3,3027400000.0,,3027400000.0,9679197752.0,15.0,8.913,43800000.0,0.255,1.0,338200000.0,0.192,1434300000.0,92600000.0,16068800000.0,,252400000.0,1190500000.0,26300000.0,1164200000.0,10522400000.0,2176200000.0,8346200000.0,3512297752.0,198200000.0,0.0,7400000.0,166100000.0,-42900000.0,125300000.0,-65200000.0,8900000.0,138100000.0,0.0,51200000.0,51200000.0,51200000.0,0.0,0.0,0.029,187700000.0,150500000.0,602400000.0,0.833,1.16,19.161,19.103,6944700000.0,0.0,20.44,0.494,0.494,1155000000.0,789300000.0,1764100000.0,1764100000.0,0.0,,,,,0.0,0.0,1.0,171834528.0,171800000.0,171800000.0,10.268,12115500000.0,0.0,11400000.0,1894200000.0,70.521,-368100000.0
48,POM,MRQ,2003-12-31,2003-12-31,2003-12-31,2019-05-12,-22700000.0,13371300000.0,,1685300000.0,11686000000.0,,17.524,-8400000.0,114800000.0,114800000.0,1253400000.0,-68200000.0,0.773,3.452,6341300000.0,933500000.0,5407800000.0,6341300000.0,0.0,101700000.0,0.0,0.051,0.25,-9600000.0,92100000.0,0.061,92100000.0,-9600000.0,-106000000.0,-0.4,-0.4,-0.4,3003300000.0,,3003300000.0,9429743321.0,17.0,9.779,168700000.0,0.984,1.0,257600000.0,0.17,1432300000.0,96400000.0,15985800000.0,,281200000.0,1169000000.0,23000000.0,1146000000.0,10368000000.0,2179700000.0,8188300000.0,3348843321.0,-78000000.0,0.0,8700000.0,-65100000.0,-42900000.0,-230300000.0,-24800000.0,106000000.0,177100000.0,0.0,-68200000.0,-68200000.0,-68200000.0,0.0,0.0,-0.045,173900000.0,83700000.0,699600000.0,-0.625,1.115,31.21,31.016,6964900000.0,0.0,19.54,0.461,0.461,1059900000.0,781000000.0,1511000000.0,1511000000.0,0.0,,,,,0.0,0.0,1.0,171383998.0,171383998.0,,8.816,11939000000.0,0.0,-37800000.0,1882800000.0,69.662,-494400000.0
49,POM,MRQ,2003-09-30,2003-09-30,2003-09-30,2019-05-12,-68600000.0,13111200000.0,,1886500000.0,11224700000.0,,17.863,-142000000.0,206200000.0,206200000.0,1657800000.0,157300000.0,0.787,3.292,6287100000.0,1112000000.0,5175100000.0,6287100000.0,0.0,112500000.0,0.0,0.058,0.25,355000000.0,467500000.0,0.219,467500000.0,355000000.0,258800000.0,0.92,0.92,0.92,3054600000.0,,3054600000.0,9171579958.0,14.0,8.428,-12400000.0,-0.073,1.0,472800000.0,0.222,1432600000.0,96200000.0,15363800000.0,,240000000.0,1311200000.0,176900000.0,1134300000.0,10056600000.0,2395700000.0,7660900000.0,2953279958.0,100200000.0,0.0,10900000.0,-37500000.0,-42600000.0,-80700000.0,51300000.0,-1300000.0,129600000.0,0.0,157300000.0,157300000.0,157300000.0,0.0,0.0,0.074,124200000.0,348600000.0,615100000.0,0.272,0.967,14.635,15.853,6780800000.0,0.0,17.28,0.401,0.401,1154700000.0,885900000.0,2130600000.0,2130600000.0,0.0,,,,,0.0,0.0,1.0,170907405.0,171000000.0,171000000.0,12.46,11678600000.0,0.0,101500000.0,1694200000.0,68.296,-509200000.0
50,POM,MRQ,2003-06-30,2003-06-30,2003-06-30,2019-05-12,-56900000.0,12969200000.0,,1721700000.0,11247500000.0,,17.256,-151000000.0,105400000.0,105400000.0,1393200000.0,43000000.0,0.725,3.408,6323700000.0,1145400000.0,5178300000.0,6323700000.0,0.0,103900000.0,0.0,0.048,0.25,154500000.0,258400000.0,0.152,258400000.0,154500000.0,63400000.0,0.25,0.25,0.25,2942200000.0,,2942200000.0,9583721510.0,17.0,10.09,158500000.0,0.93,1.0,305200000.0,0.18,1432500000.0,91100000.0,15381200000.0,,245100000.0,1288400000.0,173500000.0,1114900000.0,10027000000.0,2373800000.0,7653200000.0,3265621510.0,4900000.0,0.0,6600000.0,-108400000.0,-40900000.0,-150800000.0,-153800000.0,-9200000.0,309500000.0,0.0,43000000.0,43000000.0,43000000.0,0.0,0.0,0.025,165900000.0,139300000.0,541800000.0,1.0,1.11,20.448,19.753,6805200000.0,0.0,19.16,0.475,0.475,1071700000.0,771100000.0,1698400000.0,1698400000.0,0.0,,,,,0.0,0.0,1.0,170439536.0,170500000.0,170500000.0,9.961,11536700000.0,0.0,20400000.0,1671400000.0,67.664,-652100000.0
51,POM,MRQ,2003-03-31,2003-03-31,2003-03-31,2019-05-12,-47200000.0,13035400000.0,,1907300000.0,11128100000.0,,17.306,-149100000.0,108700000.0,108700000.0,1670800000.0,-24900000.0,0.704,3.431,6426800000.0,1401200000.0,5025600000.0,6426800000.0,0.0,104000000.0,0.0,0.053,0.25,42200000.0,146200000.0,0.076,146200000.0,42200000.0,-46900000.0,-0.15,-0.15,-0.15,2942100000.0,,2942100000.0,8974026363.0,17.0,10.783,-102900000.0,-0.605,1.0,257900000.0,0.134,1432500000.0,89100000.0,15212700000.0,,224500000.0,1264000000.0,167800000.0,1096200000.0,10093300000.0,2708300000.0,7385000000.0,2847226363.0,11900000.0,0.0,6600000.0,203000000.0,-44300000.0,91100000.0,-125400000.0,18400000.0,46200000.0,0.0,-24900000.0,-24900000.0,-24900000.0,0.0,0.0,-0.013,218800000.0,39100000.0,673900000.0,-1.667,0.968,17.532,15.13,6761000000.0,0.0,17.4,0.494,0.514,1269300000.0,770600000.0,1928700000.0,1928700000.0,0.0,,,,,0.0,0.0,1.0,163633699.0,170000000.0,170000000.0,11.345,11602900000.0,0.0,-22000000.0,1601900000.0,68.252,-801000000.0
52,POM,MRQ,2002-12-31,2002-12-31,2002-12-31,2019-05-12,-52900000.0,13424100000.0,,1706900000.0,11717200000.0,,18.308,-248600000.0,98800000.0,98800000.0,1343700000.0,26400000.0,0.657,3.481,6225600000.0,1393200000.0,4832400000.0,6225600000.0,0.0,90700000.0,0.0,0.047,0.25,125400000.0,216100000.0,0.134,216100000.0,125400000.0,40000000.0,0.07,0.07,0.07,2995800000.0,,2995800000.0,9261657424.0,17.0,11.75,-57400000.0,-0.351,1.0,264100000.0,0.164,1431800000.0,85400000.0,15522500000.0,,259900000.0,1266900000.0,175300000.0,1091600000.0,10428300000.0,2596600000.0,7831700000.0,3172857424.0,-27900000.0,0.0,118100000.0,57900000.0,-36800000.0,117400000.0,-336500000.0,-47300000.0,191200000.0,0.0,26400000.0,26400000.0,26400000.0,0.0,0.0,0.016,141400000.0,122700000.0,638800000.0,3.571,1.059,15.073,12.043,7043300000.0,0.0,19.39,0.734,0.734,1118500000.0,838200000.0,1607800000.0,1607800000.0,0.0,,,,,0.0,0.0,1.0,163633699.0,163633699.0,,9.826,11992300000.0,0.0,13600000.0,1604200000.0,73.287,-889700000.0
53,POM,MRQ,2002-09-30,2002-09-30,2002-09-30,2019-05-12,-70100000.0,12648400000.0,,1661400000.0,10987000000.0,,19.945,-147800000.0,89700000.0,89700000.0,1242200000.0,115200000.0,0.567,3.392,6178500000.0,1630700000.0,4547800000.0,6178500000.0,0.0,73200000.0,0.0,0.046,0.166,255900000.0,329100000.0,0.201,329100000.0,255900000.0,189500000.0,0.8,0.8,0.8,2880100000.0,,2880100000.0,,,,202300000.0,1.401,1.0,399000000.0,0.243,1418300000.0,66400000.0,14386700000.0,,160800000.0,1204400000.0,164800000.0,1039600000.0,9768300000.0,2932200000.0,6836100000.0,3264492295.0,-399100000.0,-1075600000.0,0.0,819300000.0,-37700000.0,655500000.0,-1404700000.0,-168800000.0,350100000.0,0.0,115200000.0,115200000.0,115200000.0,0.0,0.0,0.07,141200000.0,257800000.0,620200000.0,0.207,1.133,19.548,15.346,6726500000.0,0.0,19.95,1.032,0.91,1174500000.0,852700000.0,1641200000.0,1641200000.0,0.0,,,,,0.0,0.0,1.0,163633699.0,144400000.0,144400000.0,11.366,11230100000.0,0.0,74300000.0,1340700000.0,77.771,-1270800000.0
54,POM,MRQ,2002-06-30,2002-06-30,2002-06-30,2019-05-12,,,,,,,,-48900000.0,,,392700000.0,45700000.0,,,,,,,,38000000.0,,0.047,0.25,102800000.0,140800000.0,0.242,140800000.0,102800000.0,70800000.0,0.43,0.43,0.43,,,,,,,213600000.0,1.994,1.0,188500000.0,0.324,,32000000.0,,,,,,,,,,,37300000.0,0.0,0.0,-35300000.0,-27900000.0,-64500000.0,-160700000.0,-119400000.0,262500000.0,0.0,45700000.0,45700000.0,45700000.0,0.0,0.0,0.079,89100000.0,99400000.0,,0.581,,,18.842,,0.0,21.48,,1.026,,,581200000.0,581200000.0,0.0,,,,,0.0,0.0,1.0,,107100000.0,107100000.0,5.427,,,25100000.0,,,
55,POM,MRQ,2002-03-31,2002-03-31,2002-03-31,2019-05-12,,,,,,,,-54500000.0,,,342900000.0,23300000.0,,,,,,,,37900000.0,,0.054,0.25,65800000.0,103700000.0,0.212,103700000.0,65800000.0,34400000.0,0.22,0.22,0.22,,,,,,,-65200000.0,-0.609,1.0,146300000.0,0.299,,31400000.0,,,,,,,,,,,-64000000.0,0.0,-2200000.0,39800000.0,-28200000.0,9700000.0,-63000000.0,-5900000.0,-10700000.0,0.0,23300000.0,23300000.0,23300000.0,0.0,0.0,0.048,83400000.0,62900000.0,,1.136,,,,,0.0,23.35,,,,,489200000.0,489200000.0,0.0,,,,,0.0,0.0,1.0,,107100000.0,107100000.0,4.568,,,11100000.0,,,
56,POM,MRQ,2001-12-31,2001-12-31,2001-12-31,2019-05-12,-6700000.0,5285900000.0,,1139900000.0,4146000000.0,,,-45300000.0,515500000.0,515500000.0,337500000.0,-17200000.0,1.181,1.899,2195800000.0,473400000.0,1722400000.0,2195800000.0,0.0,41600000.0,0.0,0.063,0.25,-9900000.0,31700000.0,0.07,31700000.0,-9900000.0,-43400000.0,-0.15,-0.16,-0.15,1823200000.0,,1823200000.0,,,,95900000.0,,1.0,115000000.0,0.254,0.0,33500000.0,6000800000.0,,37800000.0,897200000.0,161200000.0,736000000.0,3462700000.0,965400000.0,2497300000.0,,-177300000.0,0.0,-4200000.0,-103300000.0,-23000000.0,-138400000.0,-180100000.0,-134800000.0,141200000.0,0.0,-17200000.0,-17200000.0,-17200000.0,0.0,0.0,-0.038,122200000.0,-7200000.0,224100000.0,-1.667,,,14.947,2753400000.0,0.0,22.57,,,401200000.0,974100000.0,452500000.0,452500000.0,0.0,,,,,0.0,0.0,1.0,,,,,5285900000.0,0.0,-26200000.0,526300000.0,,174500000.0
57,POM,MRQ,2001-09-30,2001-09-30,2001-09-30,2019-05-12,,,,,,,,,,,490400000.0,68700000.0,,,,,,,,,,0.072,0.25,132200000.0,,,,132200000.0,104500000.0,0.64,0.64,0.64,,,,,,,,,1.0,229600000.0,0.319,,27700000.0,,,,,,,,,,,,,,,,,,,,,68700000.0,68700000.0,68700000.0,0.0,0.0,0.095,96400000.0,133200000.0,,0.391,,,,,0.0,21.96,,,,,720000000.0,720000000.0,0.0,,,,,,0.0,1.0,,107900000.0,107900000.0,6.673,,,35800000.0,,,
0,POM,MRT,2015-12-31,2015-12-31,2015-12-31,2019-05-12,-36000000.0,16326000000.0,16260500000.0,1202000000.0,15124000000.0,0.309,17.443,-1176000000.0,57000000.0,57000000.0,3288000000.0,327000000.0,0.521,2.7,6238000000.0,1415000000.0,4823000000.0,6238000000.0,0.0,651000000.0,0.0,0.042,1.08,736000000.0,1387000000.0,0.276,1387000000.0,736000000.0,456000000.0,1.29,1.29,1.29,4413000000.0,4349000000.0,4413000000.0,12763583138.0,17.0,9.202,-237000000.0,-0.937,1.0,1735000000.0,0.345,1406000000.0,280000000.0,18793000000.0,18738250000.0,141000000.0,0.0,0.0,0.0,11913000000.0,2308000000.0,9605000000.0,6596583138.0,11000000.0,0.0,18000000.0,472000000.0,-275000000.0,233000000.0,-1161000000.0,0.0,939000000.0,0.0,327000000.0,327000000.0,327000000.0,-9000000.0,0.0,0.065,1062000000.0,673000000.0,175000000.0,0.837,1.495,20.173,20.163,11304000000.0,0.0,26.01,1.313,1.31,839000000.0,617000000.0,5023000000.0,5023000000.0,0.0,0.02,0.075,0.039,0.147,0.0,0.0,1.0,253617191.0,253000000.0,254000000.0,19.854,14920000000.0,132000000.0,129000000.0,3459000000.0,58.972,-1106000000.0
1,POM,MRT,2015-09-30,2015-09-30,2015-09-30,2019-05-12,-41000000.0,16557000000.0,16076250000.0,1546000000.0,15011000000.0,0.31,17.118,-1241000000.0,304000000.0,304000000.0,3303000000.0,232000000.0,0.661,2.808,6471000000.0,1439000000.0,5032000000.0,6471000000.0,0.0,633000000.0,0.0,0.045,1.08,629000000.0,1262000000.0,0.253,1262000000.0,629000000.0,351000000.0,0.92,0.92,0.92,4348000000.0,4326250000.0,4348000000.0,12243951437.0,19.0,9.702,-535000000.0,-2.106,1.0,1688000000.0,0.338,1406000000.0,278000000.0,18978000000.0,18507000000.0,142000000.0,0.0,0.0,0.0,12209000000.0,2340000000.0,9869000000.0,6138951437.0,14000000.0,0.0,28000000.0,738000000.0,-274000000.0,525000000.0,-1217000000.0,0.0,706000000.0,0.0,232000000.0,232000000.0,232000000.0,0.0,0.0,0.046,1110000000.0,578000000.0,205000000.0,1.174,1.412,26.461,26.326,11037000000.0,0.0,24.22,1.23,1.233,947000000.0,556000000.0,4991000000.0,4991000000.0,0.0,0.014,0.054,0.034,0.126,0.0,0.0,1.0,253466203.0,254000000.0,254000000.0,19.65,15151000000.0,162000000.0,119000000.0,3469000000.0,59.65,-794000000.0
2,POM,MRT,2015-06-30,2015-06-30,2015-06-30,2019-05-12,-42000000.0,16132000000.0,15761500000.0,1291000000.0,14841000000.0,0.314,17.067,-1240000000.0,61000000.0,61000000.0,3270000000.0,220000000.0,0.635,2.736,6166000000.0,1121000000.0,5045000000.0,6166000000.0,0.0,600000000.0,0.0,0.04,1.08,599000000.0,1199000000.0,0.243,1199000000.0,599000000.0,324000000.0,0.87,0.87,0.87,4318000000.0,4329750000.0,4318000000.0,12737764395.0,21.0,10.624,-466000000.0,-1.842,1.0,1672000000.0,0.338,1406000000.0,275000000.0,18798000000.0,18150250000.0,150000000.0,0.0,0.0,0.0,11814000000.0,2033000000.0,9781000000.0,6817764395.0,-150000000.0,0.0,27000000.0,524000000.0,-273000000.0,308000000.0,-1232000000.0,0.0,774000000.0,0.0,220000000.0,220000000.0,220000000.0,0.0,0.0,0.045,1111000000.0,561000000.0,172000000.0,1.241,1.579,30.99,30.966,10865000000.0,0.0,26.94,1.38,1.379,956000000.0,534000000.0,4942000000.0,4942000000.0,0.0,0.014,0.051,0.033,0.121,0.0,0.0,1.0,253072175.0,253000000.0,254000000.0,19.534,14726000000.0,140000000.0,104000000.0,3392000000.0,58.206,-742000000.0
3,POM,MRT,2015-03-31,2015-03-31,2015-03-31,2019-05-12,-45000000.0,16027000000.0,15496000000.0,1411000000.0,14616000000.0,0.317,17.063,-1191000000.0,171000000.0,171000000.0,3266000000.0,220000000.0,0.654,2.713,6091000000.0,1225000000.0,4866000000.0,6091000000.0,0.0,575000000.0,0.0,0.04,1.08,613000000.0,1188000000.0,0.242,1188000000.0,613000000.0,342000000.0,0.87,0.87,0.87,4317000000.0,4334000000.0,4317000000.0,12570038470.0,21.0,10.581,-464000000.0,-1.834,1.0,1653000000.0,0.336,1406000000.0,271000000.0,18384000000.0,17788500000.0,148000000.0,0.0,0.0,0.0,11710000000.0,2157000000.0,9553000000.0,6783038470.0,19000000.0,0.0,29000000.0,422000000.0,-272000000.0,468000000.0,-1176000000.0,0.0,727000000.0,0.0,220000000.0,220000000.0,220000000.0,0.0,0.0,0.045,1080000000.0,573000000.0,206000000.0,1.241,1.571,30.832,30.839,10657000000.0,0.0,26.83,1.379,1.38,978000000.0,550000000.0,4919000000.0,4919000000.0,0.0,0.014,0.051,0.034,0.125,0.0,0.0,1.0,252815448.0,253000000.0,253000000.0,19.443,14621000000.0,141000000.0,122000000.0,3352000000.0,57.791,-746000000.0
4,POM,MRT,2014-12-31,2014-12-31,2014-12-31,2019-05-12,-46000000.0,15589000000.0,15240250000.0,1034000000.0,14555000000.0,0.32,17.219,-1223000000.0,53000000.0,53000000.0,3211000000.0,242000000.0,0.503,2.607,5795000000.0,1170000000.0,4625000000.0,5795000000.0,0.0,549000000.0,0.0,0.04,1.08,648000000.0,1197000000.0,0.245,1197000000.0,648000000.0,380000000.0,0.96,0.96,0.96,4322000000.0,4338750000.0,4322000000.0,12252858418.0,19.0,10.236,-369000000.0,-1.47,1.0,1667000000.0,0.342,1407000000.0,268000000.0,17868000000.0,17452750000.0,141000000.0,0.0,0.0,0.0,11267000000.0,2056000000.0,9211000000.0,6783858418.0,-9000000.0,0.0,34000000.0,496000000.0,-272000000.0,363000000.0,-1226000000.0,0.0,854000000.0,0.0,242000000.0,242000000.0,242000000.0,0.0,0.0,0.05,1063000000.0,604000000.0,174000000.0,1.125,1.57,28.032,28.052,10506000000.0,0.0,26.93,1.391,1.386,782000000.0,565000000.0,4878000000.0,4878000000.0,0.0,0.016,0.056,0.037,0.133,0.0,0.0,1.0,251907108.0,251000000.0,252000000.0,19.434,14182000000.0,107000000.0,138000000.0,3299000000.0,56.502,-1022000000.0
5,POM,MRT,2014-09-30,2014-09-30,2014-09-30,2019-05-12,-33000000.0,15298000000.0,15055000000.0,1369000000.0,13929000000.0,0.322,17.31,-1204000000.0,291000000.0,291000000.0,3183000000.0,265000000.0,0.757,2.507,5760000000.0,822000000.0,4938000000.0,5760000000.0,0.0,531000000.0,0.0,0.04,1.08,697000000.0,1228000000.0,0.253,1228000000.0,697000000.0,429000000.0,1.06,1.06,1.06,4362000000.0,4337000000.0,4362000000.0,12185792569.0,17.0,9.923,-216000000.0,-0.857,1.0,1668000000.0,0.344,1407000000.0,268000000.0,17551000000.0,17094500000.0,152000000.0,0.0,0.0,0.0,10936000000.0,1809000000.0,9127000000.0,6730792569.0,199000000.0,0.0,41000000.0,556000000.0,-273000000.0,411000000.0,-1200000000.0,0.0,988000000.0,0.0,265000000.0,265000000.0,265000000.0,0.0,0.0,0.055,1023000000.0,645000000.0,192000000.0,1.019,1.543,25.399,25.245,10253000000.0,0.0,26.76,1.388,1.39,812000000.0,598000000.0,4851000000.0,4851000000.0,0.0,0.018,0.061,0.041,0.144,0.0,0.0,1.0,251524386.0,252000000.0,252000000.0,19.25,13891000000.0,98000000.0,164000000.0,3254000000.0,55.123,-440000000.0
6,POM,MRT,2014-06-30,2014-06-30,2014-06-30,2019-05-12,-35000000.0,15070000000.0,14958500000.0,1316000000.0,13754000000.0,0.326,17.271,-1239000000.0,219000000.0,219000000.0,3166000000.0,304000000.0,0.745,2.476,5674000000.0,860000000.0,4814000000.0,5674000000.0,0.0,510000000.0,0.0,0.039,1.08,767000000.0,1277000000.0,0.262,1277000000.0,767000000.0,499000000.0,1.23,1.23,1.23,4335000000.0,4322000000.0,4335000000.0,12254168402.0,16.0,9.596,-276000000.0,-1.1,1.0,1716000000.0,0.351,1407000000.0,268000000.0,17351000000.0,16770250000.0,149000000.0,0.0,0.0,0.0,10735000000.0,1767000000.0,8968000000.0,6898168401.0,169000000.0,180000000.0,49000000.0,400000000.0,-272000000.0,246000000.0,-1040000000.0,0.0,963000000.0,0.0,304000000.0,304000000.0,304000000.0,-8000000.0,0.0,0.062,1002000000.0,714000000.0,170000000.0,0.878,1.591,22.691,22.341,10105000000.0,0.0,27.48,1.413,1.413,822000000.0,587000000.0,4882000000.0,4882000000.0,0.0,0.02,0.07,0.046,0.157,0.0,0.0,1.0,251025051.0,251000000.0,252000000.0,19.45,13663000000.0,116000000.0,195000000.0,3228000000.0,54.434,-451000000.0
7,POM,MRT,2014-03-31,2014-03-31,2014-03-31,2019-05-12,-33000000.0,15004000000.0,14938250000.0,1464000000.0,13540000000.0,0.322,17.275,-1292000000.0,337000000.0,337000000.0,3114000000.0,293000000.0,0.766,2.46,5693000000.0,967000000.0,4726000000.0,5693000000.0,0.0,494000000.0,0.0,0.053,1.08,744000000.0,1238000000.0,0.257,1238000000.0,744000000.0,473000000.0,1.19,1.19,1.19,4336000000.0,4297250000.0,4336000000.0,10437590392.0,14.0,8.431,-335000000.0,-1.335,1.0,1702000000.0,0.353,1407000000.0,271000000.0,17041000000.0,16529500000.0,142000000.0,0.0,0.0,0.0,10668000000.0,1912000000.0,8756000000.0,5130590392.0,-3000000.0,873000000.0,48000000.0,-140000000.0,-271000000.0,-560000000.0,-400000000.0,0.0,957000000.0,0.0,293000000.0,293000000.0,293000000.0,3000000.0,0.0,0.061,994000000.0,708000000.0,187000000.0,0.908,1.183,17.511,17.21,9906000000.0,0.0,20.48,1.065,1.067,872000000.0,602000000.0,4816000000.0,4816000000.0,0.0,0.02,0.068,0.045,0.154,0.0,0.0,1.0,250517109.0,251000000.0,251000000.0,19.187,13597000000.0,122000000.0,180000000.0,3184000000.0,54.171,-448000000.0
8,POM,MRT,2013-12-31,2013-12-31,2013-12-31,2019-05-12,-34000000.0,14848000000.0,15101000000.0,1398000000.0,13450000000.0,0.309,17.541,-1310000000.0,50000000.0,50000000.0,3067000000.0,-212000000.0,0.604,2.441,5357000000.0,1020000000.0,4337000000.0,5357000000.0,0.0,473000000.0,0.0,0.056,1.08,380000000.0,853000000.0,0.183,853000000.0,380000000.0,107000000.0,-0.86,-0.86,-0.86,4315000000.0,4282750000.0,4315000000.0,9904846245.0,26.0,11.612,-813000000.0,-3.305,1.0,1599000000.0,0.343,1407000000.0,273000000.0,16435000000.0,16533500000.0,148000000.0,0.0,0.0,0.0,10533000000.0,2313000000.0,8220000000.0,4777846245.0,-2000000.0,873000000.0,374000000.0,-158000000.0,-270000000.0,-88000000.0,-411000000.0,0.0,497000000.0,0.0,-212000000.0,-212000000.0,-212000000.0,322000000.0,0.0,-0.045,931000000.0,668000000.0,215000000.0,-1.256,1.107,-22.537,-22.244,9704000000.0,0.0,19.13,1.024,1.009,835000000.0,595000000.0,4666000000.0,4666000000.0,0.0,-0.014,-0.05,0.023,0.081,0.0,0.0,1.0,249756730.0,246000000.0,246000000.0,18.967,13441000000.0,400000000.0,319000000.0,3001000000.0,54.638,-915000000.0
9,POM,MRT,2013-09-30,2013-09-30,2013-09-30,2019-05-12,-40000000.0,14912000000.0,15337500000.0,1465000000.0,13447000000.0,0.302,17.277,-1271000000.0,87000000.0,87000000.0,3079000000.0,-227000000.0,0.616,2.466,5214000000.0,1108000000.0,4106000000.0,5214000000.0,0.0,463000000.0,0.0,0.059,1.08,335000000.0,798000000.0,0.172,798000000.0,335000000.0,64000000.0,-0.98,-0.99,-0.98,4302000000.0,4307500000.0,4302000000.0,9829171251.0,29.0,12.317,-840000000.0,-3.373,1.0,1552000000.0,0.335,1407000000.0,271000000.0,16254000000.0,16754750000.0,169000000.0,4000000.0,0.0,4000000.0,10610000000.0,2378000000.0,8232000000.0,4599171251.0,-56000000.0,1075000000.0,373000000.0,-201000000.0,-264000000.0,-125000000.0,-362000000.0,0.0,431000000.0,0.0,-227000000.0,-227000000.0,-227000000.0,313000000.0,0.0,-0.049,937000000.0,615000000.0,492000000.0,-1.102,1.069,-20.261,-18.837,9475000000.0,0.0,18.46,0.993,0.993,844000000.0,606000000.0,4631000000.0,4631000000.0,0.0,-0.015,-0.053,0.02,0.072,0.0,0.0,1.0,249142538.0,249000000.0,249000000.0,18.598,13505000000.0,367000000.0,291000000.0,2915000000.0,54.237,-913000000.0
10,POM,MRT,2013-06-30,2013-06-30,2013-06-30,2019-05-12,-41000000.0,14989000000.0,15515000000.0,1396000000.0,13593000000.0,0.301,17.012,-1243000000.0,50000000.0,50000000.0,3169000000.0,-233000000.0,0.576,2.538,5280000000.0,1157000000.0,4123000000.0,5280000000.0,0.0,461000000.0,0.0,0.054,1.08,319000000.0,780000000.0,0.167,780000000.0,319000000.0,50000000.0,-0.97,-0.98,-0.97,4236000000.0,4345250000.0,4236000000.0,10703410640.0,34.0,13.722,-822000000.0,-3.301,1.0,1507000000.0,0.322,1407000000.0,269000000.0,16388000000.0,17065250000.0,161000000.0,171000000.0,0.0,171000000.0,10753000000.0,2424000000.0,8329000000.0,5011410640.0,-24000000.0,895000000.0,374000000.0,-206000000.0,-259000000.0,-119000000.0,-326000000.0,0.0,421000000.0,0.0,-233000000.0,-233000000.0,-233000000.0,296000000.0,0.0,-0.05,926000000.0,581000000.0,523000000.0,-1.113,1.183,-21.508,-20.784,9253000000.0,0.0,20.16,1.072,1.074,803000000.0,555000000.0,4676000000.0,4676000000.0,0.0,-0.015,-0.054,0.019,0.068,0.0,0.0,1.0,248581877.0,249000000.0,249000000.0,18.779,13582000000.0,366000000.0,283000000.0,2839000000.0,54.546,-1028000000.0
11,POM,MRT,2013-03-31,2013-03-31,2013-03-31,2019-05-12,-42000000.0,15655000000.0,15623000000.0,1521000000.0,14134000000.0,0.301,18.051,-1221000000.0,151000000.0,151000000.0,3210000000.0,-213000000.0,0.528,2.659,5843000000.0,1619000000.0,4224000000.0,5843000000.0,0.0,456000000.0,0.0,0.05,1.08,333000000.0,789000000.0,0.168,789000000.0,333000000.0,69000000.0,-0.87,-0.88,-0.87,4278000000.0,4382250000.0,4278000000.0,10399572237.0,31.0,13.181,-828000000.0,-3.494,1.0,1485000000.0,0.316,1407000000.0,264000000.0,17057000000.0,17361500000.0,153000000.0,877000000.0,0.0,877000000.0,11377000000.0,2883000000.0,8494000000.0,4923572237.0,61000000.0,202000000.0,373000000.0,579000000.0,-254000000.0,652000000.0,-984000000.0,0.0,393000000.0,0.0,-213000000.0,-213000000.0,-213000000.0,276000000.0,0.0,-0.045,912000000.0,573000000.0,486000000.0,-1.241,1.151,-23.115,-24.598,9034000000.0,0.0,21.4,1.049,1.08,838000000.0,612000000.0,4695000000.0,4695000000.0,0.0,-0.014,-0.049,0.019,0.071,0.0,0.0,1.0,230073469.0,237000000.0,237000000.0,19.81,14248000000.0,380000000.0,282000000.0,2755000000.0,60.118,-1362000000.0
12,POM,MRT,2012-12-31,2012-12-31,2012-12-31,2019-05-12,-48000000.0,15794000000.0,15506250000.0,1267000000.0,14527000000.0,0.298,19.275,-1216000000.0,52000000.0,52000000.0,3191000000.0,285000000.0,0.498,2.578,5528000000.0,1542000000.0,3986000000.0,5528000000.0,0.0,454000000.0,0.0,0.055,1.08,644000000.0,1098000000.0,0.237,1098000000.0,644000000.0,388000000.0,1.25,1.24,1.25,4414000000.0,4404250000.0,4414000000.0,9783945351.0,15.0,8.911,-624000000.0,-2.725,1.0,1434000000.0,0.31,1407000000.0,256000000.0,17320000000.0,17316000000.0,153000000.0,8000000.0,0.0,8000000.0,11380000000.0,2543000000.0,8837000000.0,4499945351.0,-84000000.0,202000000.0,51000000.0,507000000.0,-248000000.0,293000000.0,-969000000.0,0.0,592000000.0,0.0,285000000.0,285000000.0,285000000.0,-67000000.0,0.0,0.062,893000000.0,541000000.0,196000000.0,0.864,1.019,15.789,15.688,8846000000.0,0.0,19.61,0.973,0.971,804000000.0,1077000000.0,4625000000.0,4625000000.0,0.0,0.018,0.065,0.037,0.139,0.0,0.0,1.0,229471971.0,229000000.0,230000000.0,20.197,14387000000.0,373000000.0,103000000.0,3303000000.0,62.825,-1276000000.0
13,POM,MRT,2012-09-30,2012-09-30,2012-09-30,2019-05-12,-47000000.0,15622000000.0,15285250000.0,1487000000.0,14135000000.0,0.26,19.445,-1190000000.0,143000000.0,143000000.0,2589000000.0,261000000.0,0.742,2.508,5427000000.0,978000000.0,4449000000.0,5427000000.0,0.0,443000000.0,0.0,0.057,1.08,578000000.0,1021000000.0,0.257,1021000000.0,578000000.0,329000000.0,1.15,1.15,1.15,4453000000.0,4384750000.0,4453000000.0,9760940297.0,17.0,9.56,-616000000.0,-2.69,1.0,1378000000.0,0.347,1407000000.0,249000000.0,17496000000.0,17120750000.0,168000000.0,1236000000.0,2000000.0,1234000000.0,11169000000.0,2003000000.0,9166000000.0,4325940297.0,11000000.0,0.0,51000000.0,578000000.0,-246000000.0,375000000.0,-938000000.0,-161000000.0,574000000.0,0.0,261000000.0,261000000.0,261000000.0,-73000000.0,0.0,0.066,863000000.0,515000000.0,548000000.0,0.939,0.971,16.574,16.435,8600000000.0,0.0,18.9,1.09,1.091,940000000.0,1129000000.0,3967000000.0,3967000000.0,0.0,0.017,0.06,0.034,0.146,0.0,0.0,1.0,228885730.0,229000000.0,231000000.0,17.323,14215000000.0,314000000.0,68000000.0,3332000000.0,62.074,-516000000.0
14,POM,MRT,2012-06-30,2012-06-30,2012-06-30,2019-05-12,-51000000.0,15421000000.0,15022250000.0,1289000000.0,14132000000.0,0.281,19.228,-1143000000.0,63000000.0,63000000.0,2904000000.0,229000000.0,0.687,2.518,5498000000.0,936000000.0,4562000000.0,5498000000.0,0.0,436000000.0,0.0,0.055,1.08,542000000.0,978000000.0,0.231,978000000.0,542000000.0,295000000.0,1.01,1.01,1.01,4384000000.0,4360750000.0,4384000000.0,9656448289.0,18.0,9.874,-667000000.0,-2.925,1.0,1322000000.0,0.313,1407000000.0,247000000.0,17573000000.0,16799500000.0,149000000.0,1392000000.0,9000000.0,1383000000.0,11037000000.0,1876000000.0,9161000000.0,4467448289.0,-19000000.0,0.0,50000000.0,790000000.0,-245000000.0,592000000.0,-1087000000.0,-161000000.0,476000000.0,0.0,229000000.0,229000000.0,229000000.0,-48000000.0,0.0,0.054,813000000.0,509000000.0,526000000.0,1.069,1.019,19.509,19.376,8590000000.0,0.0,19.57,1.057,1.056,840000000.0,1079000000.0,4226000000.0,4226000000.0,0.0,0.015,0.053,0.032,0.128,0.0,0.0,1.0,228280444.0,228000000.0,229000000.0,18.535,14014000000.0,304000000.0,66000000.0,3204000000.0,61.465,-587000000.0
15,POM,MRT,2012-03-31,2012-03-31,2012-03-31,2019-05-12,-55000000.0,15188000000.0,14726500000.0,1348000000.0,13840000000.0,0.31,19.149,-1061000000.0,89000000.0,89000000.0,3234000000.0,261000000.0,0.643,2.479,5278000000.0,1108000000.0,4170000000.0,5278000000.0,0.0,430000000.0,0.0,0.057,1.08,597000000.0,1027000000.0,0.225,1027000000.0,597000000.0,352000000.0,1.16,1.16,1.16,4366000000.0,4343750000.0,4366000000.0,9196536485.0,15.0,8.955,-549000000.0,-2.408,1.0,1334000000.0,0.292,1407000000.0,245000000.0,16875000000.0,16383250000.0,129000000.0,1368000000.0,6000000.0,1362000000.0,10822000000.0,2095000000.0,8727000000.0,4299536485.0,46000000.0,0.0,50000000.0,583000000.0,-244000000.0,398000000.0,-864000000.0,0.0,512000000.0,0.0,261000000.0,261000000.0,261000000.0,-38000000.0,0.0,0.057,799000000.0,535000000.0,522000000.0,0.931,0.985,16.473,16.284,8399000000.0,0.0,18.89,0.941,0.943,843000000.0,1079000000.0,4568000000.0,4568000000.0,0.0,0.018,0.06,0.036,0.131,0.0,0.0,1.0,227609131.0,228000000.0,228000000.0,20.035,13781000000.0,391000000.0,91000000.0,3240000000.0,60.443,-747000000.0
16,POM,MRT,2011-12-31,2011-12-31,2011-12-31,2019-05-12,-63000000.0,14910000000.0,14490000000.0,1439000000.0,13471000000.0,0.343,19.186,-941000000.0,135000000.0,135000000.0,3598000000.0,257000000.0,0.773,2.439,5032000000.0,852000000.0,4180000000.0,5032000000.0,0.0,425000000.0,0.0,0.053,1.08,613000000.0,1038000000.0,0.209,1038000000.0,613000000.0,371000000.0,1.14,1.14,1.14,4336000000.0,4317500000.0,4336000000.0,9338214879.0,15.0,8.996,-255000000.0,-1.128,1.0,1366000000.0,0.275,1407000000.0,242000000.0,16539000000.0,16118750000.0,132000000.0,1354000000.0,5000000.0,1349000000.0,10574000000.0,1861000000.0,8713000000.0,4607214879.0,88000000.0,0.0,47000000.0,363000000.0,-244000000.0,149000000.0,-747000000.0,0.0,686000000.0,0.0,257000000.0,257000000.0,257000000.0,-35000000.0,0.0,0.052,813000000.0,553000000.0,549000000.0,0.947,1.063,17.927,17.807,8220000000.0,0.0,20.3,0.928,0.924,929000000.0,1072000000.0,4964000000.0,4964000000.0,0.0,0.018,0.06,0.038,0.123,0.0,0.0,1.0,226956398.0,226000000.0,226000000.0,21.965,13503000000.0,217000000.0,114000000.0,2995000000.0,59.748,-422000000.0
17,POM,MRT,2011-09-30,2011-09-30,2011-09-30,2019-05-12,-71000000.0,14570000000.0,14382500000.0,1618000000.0,12952000000.0,0.432,19.279,-890000000.0,131000000.0,131000000.0,4804000000.0,271000000.0,0.961,2.344,4862000000.0,666000000.0,4196000000.0,4862000000.0,0.0,432000000.0,0.0,0.057,1.08,628000000.0,1060000000.0,0.171,1060000000.0,628000000.0,373000000.0,1.19,1.19,1.19,4357000000.0,4291000000.0,4357000000.0,8924409955.0,14.0,8.419,-106000000.0,-0.469,1.0,1408000000.0,0.227,1407000000.0,255000000.0,16211000000.0,15963750000.0,146000000.0,1351000000.0,15000000.0,1336000000.0,10213000000.0,1683000000.0,8530000000.0,4283409955.0,59000000.0,5000000.0,47000000.0,201000000.0,-243000000.0,-23000000.0,-702000000.0,161000000.0,784000000.0,0.0,271000000.0,271000000.0,271000000.0,-20000000.0,0.0,0.044,813000000.0,595000000.0,534000000.0,0.908,0.983,15.806,15.899,8020000000.0,0.0,18.92,0.69,0.688,989000000.0,1114000000.0,6212000000.0,6212000000.0,0.0,0.019,0.063,0.039,0.101,0.0,0.0,1.0,226395875.0,226000000.0,226000000.0,27.487,13163000000.0,301000000.0,102000000.0,3026000000.0,58.243,-65000000.0
18,POM,MRT,2011-06-30,2011-06-30,2011-06-30,2019-05-12,-80000000.0,14238000000.0,14292750000.0,1498000000.0,12740000000.0,0.464,19.097,-852000000.0,78000000.0,78000000.0,5160000000.0,208000000.0,0.958,2.299,4719000000.0,514000000.0,4205000000.0,4719000000.0,0.0,421000000.0,0.0,0.055,1.08,508000000.0,929000000.0,0.14,929000000.0,508000000.0,249000000.0,0.92,0.92,0.92,4316000000.0,4252500000.0,4316000000.0,9096872540.0,18.0,9.792,-204000000.0,-0.903,1.0,1471000000.0,0.222,1407000000.0,259000000.0,15908000000.0,15809500000.0,130000000.0,1351000000.0,22000000.0,1329000000.0,9922000000.0,1564000000.0,8358000000.0,4431872540.0,22000000.0,1640000000.0,47000000.0,-1373000000.0,-243000000.0,-1597000000.0,971000000.0,161000000.0,648000000.0,0.0,208000000.0,208000000.0,208000000.0,-16000000.0,0.0,0.031,859000000.0,612000000.0,553000000.0,1.174,1.027,21.307,21.337,7878000000.0,0.0,19.63,0.668,0.669,958000000.0,1095000000.0,6631000000.0,6631000000.0,0.0,0.015,0.049,0.032,0.077,0.0,0.0,1.0,225770379.0,226000000.0,226000000.0,29.341,12831000000.0,276000000.0,41000000.0,2915000000.0,56.774,-66000000.0
19,POM,MRT,2011-03-31,2011-03-31,2011-03-31,2019-05-12,-90000000.0,14242000000.0,14701500000.0,1491000000.0,12751000000.0,0.466,18.938,-903000000.0,37000000.0,37000000.0,5404000000.0,60000000.0,0.886,2.342,4702000000.0,652000000.0,4050000000.0,4702000000.0,0.0,409000000.0,0.0,0.058,1.08,365000000.0,774000000.0,0.113,774000000.0,365000000.0,80000000.0,0.26,0.26,0.26,4261000000.0,4229000000.0,4261000000.0,8841840429.0,24.0,11.424,40000000.0,0.178,1.0,1451000000.0,0.212,1407000000.0,285000000.0,15817000000.0,16111500000.0,116000000.0,1468000000.0,31000000.0,1437000000.0,9981000000.0,1683000000.0,8298000000.0,4198840429.0,-20000000.0,1640000000.0,46000000.0,-1511000000.0,-242000000.0,-1724000000.0,761000000.0,0.0,943000000.0,0.0,60000000.0,60000000.0,60000000.0,113000000.0,0.0,0.009,809000000.0,642000000.0,505000000.0,4.154,0.985,69.981,71.731,7760000000.0,0.0,18.65,0.613,0.612,939000000.0,1062000000.0,6855000000.0,6855000000.0,0.0,0.004,0.014,0.023,0.053,0.0,0.0,1.0,225138897.0,225000000.0,225000000.0,30.467,12835000000.0,372000000.0,20000000.0,2904000000.0,57.044,-192000000.0
20,POM,MRT,2010-12-31,2010-12-31,2010-12-31,2019-05-12,-106000000.0,14480000000.0,15099000000.0,1757000000.0,12723000000.0,0.466,18.884,-940000000.0,36000000.0,36000000.0,5656000000.0,32000000.0,0.978,2.422,4679000000.0,617000000.0,4062000000.0,4679000000.0,0.0,393000000.0,0.0,0.059,1.08,349000000.0,742000000.0,0.105,742000000.0,349000000.0,43000000.0,0.14,0.14,0.14,4230000000.0,4208250000.0,4230000000.0,8720130804.0,25.0,11.752,-127000000.0,-0.567,1.0,1384000000.0,0.197,1407000000.0,306000000.0,15919000000.0,16691250000.0,126000000.0,1468000000.0,45000000.0,1423000000.0,10244000000.0,1797000000.0,8447000000.0,4097130804.0,-25000000.0,1640000000.0,47000000.0,-1339000000.0,-241000000.0,-1556000000.0,718000000.0,0.0,813000000.0,0.0,32000000.0,32000000.0,32000000.0,107000000.0,0.0,0.005,760000000.0,624000000.0,587000000.0,7.714,0.969,128.035,130.357,7673000000.0,0.0,18.25,0.582,0.581,1027000000.0,1059000000.0,7040000000.0,7040000000.0,0.0,0.002,0.008,0.021,0.05,0.0,0.0,1.0,224500318.0,224000000.0,224000000.0,31.429,13073000000.0,480000000.0,11000000.0,2838000000.0,58.362,-40000000.0
21,POM,MRT,2010-09-30,2010-09-30,2010-09-30,2019-05-12,-148000000.0,14211000000.0,15423750000.0,1738000000.0,12473000000.0,0.465,18.763,-959000000.0,44000000.0,44000000.0,5808000000.0,40000000.0,0.948,2.38,4667000000.0,622000000.0,4045000000.0,4667000000.0,0.0,370000000.0,0.0,0.058,1.08,425000000.0,795000000.0,0.111,795000000.0,425000000.0,99000000.0,0.18,0.18,0.18,4203000000.0,4214750000.0,4203000000.0,10215346913.0,24.0,12.849,-101000000.0,-0.451,1.0,1363000000.0,0.19,1407000000.0,326000000.0,15594000000.0,17219250000.0,140000000.0,1456000000.0,38000000.0,1418000000.0,10002000000.0,1833000000.0,8169000000.0,4164346913.0,24000000.0,1635000000.0,48000000.0,-1325000000.0,-241000000.0,-1513000000.0,679000000.0,0.0,858000000.0,0.0,40000000.0,40000000.0,40000000.0,124000000.0,0.0,0.006,699000000.0,664000000.0,547000000.0,6.0,0.991,104.109,103.333,7529000000.0,0.0,18.6,0.581,0.581,1058000000.0,1086000000.0,7171000000.0,7171000000.0,0.0,0.003,0.009,0.025,0.059,0.0,0.0,1.0,223889619.0,224000000.0,224000000.0,32.013,12804000000.0,345000000.0,59000000.0,2704000000.0,57.161,-95000000.0
22,POM,MRT,2010-06-30,2010-06-30,2010-06-30,2019-05-12,-161000000.0,15873000000.0,15828500000.0,1864000000.0,14009000000.0,0.452,18.933,-951000000.0,46000000.0,46000000.0,5903000000.0,147000000.0,0.548,2.758,6097000000.0,2046000000.0,4051000000.0,6097000000.0,0.0,359000000.0,0.0,0.069,1.08,606000000.0,965000000.0,0.135,965000000.0,606000000.0,263000000.0,0.66,0.66,0.66,4222000000.0,4225500000.0,4222000000.0,9663938210.0,16.0,10.014,147000000.0,0.659,1.0,1251000000.0,0.175,1407000000.0,343000000.0,17116000000.0,17857000000.0,129000000.0,1436000000.0,30000000.0,1406000000.0,11645000000.0,3401000000.0,8244000000.0,3499938210.0,-84000000.0,0.0,48000000.0,-48000000.0,-239000000.0,-231000000.0,-951000000.0,0.0,1098000000.0,0.0,147000000.0,147000000.0,147000000.0,100000000.0,0.0,0.021,564000000.0,687000000.0,649000000.0,1.636,0.829,23.809,23.758,9029000000.0,0.0,15.68,0.489,0.489,1034000000.0,1130000000.0,7154000000.0,7154000000.0,0.0,0.009,0.035,0.034,0.085,0.0,0.0,1.0,223210345.0,223000000.0,223000000.0,32.081,14466000000.0,397000000.0,116000000.0,2743000000.0,64.87,-1537000000.0
23,POM,MRT,2010-03-31,2010-03-31,2010-03-31,2019-05-12,-307000000.0,15832000000.0,15888500000.0,1874000000.0,13958000000.0,0.452,18.82,-892000000.0,51000000.0,51000000.0,6000000000.0,226000000.0,0.764,2.788,6215000000.0,1255000000.0,4960000000.0,6215000000.0,0.0,342000000.0,0.0,0.063,1.08,674000000.0,1016000000.0,0.141,1016000000.0,674000000.0,333000000.0,1.01,1.01,1.01,4178000000.0,4199750000.0,4178000000.0,9772426975.0,14.0,9.619,-345000000.0,-1.554,1.0,1184000000.0,0.165,1407000000.0,341000000.0,18136000000.0,18146000000.0,226000000.0,1516000000.0,70000000.0,1446000000.0,11648000000.0,2453000000.0,9195000000.0,3813426975.0,-542000000.0,0.0,49000000.0,-4000000.0,-239000000.0,-202000000.0,-887000000.0,0.0,547000000.0,0.0,226000000.0,226000000.0,226000000.0,-16000000.0,0.0,0.031,546000000.0,638000000.0,640000000.0,1.069,0.913,16.874,16.98,8965000000.0,0.0,17.15,0.531,0.53,1205000000.0,1244000000.0,7184000000.0,7184000000.0,0.0,0.014,0.054,0.037,0.094,0.0,0.0,1.0,222357258.0,222000000.0,222000000.0,32.36,14425000000.0,408000000.0,107000000.0,2655000000.0,64.977,-579000000.0
24,POM,MRT,2009-12-31,2009-12-31,2009-12-31,2019-05-12,-241000000.0,15779000000.0,16076750000.0,1926000000.0,13853000000.0,0.46,19.258,-864000000.0,59000000.0,59000000.0,6234000000.0,235000000.0,0.837,2.706,6020000000.0,1073000000.0,4947000000.0,6020000000.0,0.0,349000000.0,0.0,0.064,1.08,679000000.0,1028000000.0,0.139,1028000000.0,679000000.0,339000000.0,1.06,1.06,1.06,4256000000.0,4180250000.0,4256000000.0,9693838377.0,14.0,9.43,-258000000.0,-1.167,1.0,1168000000.0,0.158,1407000000.0,340000000.0,18031000000.0,18252250000.0,124000000.0,1424000000.0,22000000.0,1402000000.0,11517000000.0,2302000000.0,9215000000.0,3733838377.0,-338000000.0,0.0,49000000.0,92000000.0,-238000000.0,-84000000.0,-860000000.0,0.0,606000000.0,0.0,235000000.0,235000000.0,235000000.0,-12000000.0,0.0,0.032,520000000.0,648000000.0,574000000.0,1.019,0.877,15.889,15.896,8863000000.0,0.0,16.85,0.504,0.503,1019000000.0,1268000000.0,7402000000.0,7402000000.0,0.0,0.015,0.056,0.037,0.092,0.0,0.0,1.0,221592782.0,221000000.0,221000000.0,33.493,14372000000.0,434000000.0,104000000.0,2687000000.0,65.032,-376000000.0
25,POM,MRT,2009-09-30,2009-09-30,2009-09-30,2019-05-12,-258000000.0,15830000000.0,16165250000.0,2039000000.0,13791000000.0,0.376,19.213,-814000000.0,35000000.0,35000000.0,5099000000.0,261000000.0,0.913,2.727,5995000000.0,1034000000.0,4961000000.0,5995000000.0,0.0,320000000.0,0.0,0.073,1.08,613000000.0,933000000.0,0.154,933000000.0,613000000.0,289000000.0,1.19,1.19,1.19,4246000000.0,4163750000.0,4246000000.0,9237810974.0,15.0,9.901,-562000000.0,-2.543,1.0,977000000.0,0.161,1411000000.0,324000000.0,18145000000.0,18282500000.0,286000000.0,1465000000.0,62000000.0,1403000000.0,11578000000.0,2234000000.0,9344000000.0,3285810974.0,-207000000.0,0.0,313000000.0,246000000.0,-237000000.0,307000000.0,-766000000.0,0.0,252000000.0,0.0,261000000.0,261000000.0,261000000.0,-123000000.0,0.0,0.043,506000000.0,471000000.0,634000000.0,0.908,0.774,12.589,12.504,8674000000.0,0.0,14.88,0.541,0.541,1184000000.0,1287000000.0,6076000000.0,6076000000.0,0.0,0.016,0.063,0.034,0.101,0.0,0.0,1.0,220820630.0,221000000.0,221000000.0,27.493,14419000000.0,493000000.0,28000000.0,2601000000.0,65.244,-195000000.0
26,POM,MRT,2009-06-30,2009-06-30,2009-06-30,2019-05-12,-308000000.0,16113000000.0,16100900000.0,2055000000.0,14058000000.0,0.44,18.723,-803000000.0,198000000.0,198000000.0,5993000000.0,256000000.0,0.863,2.91,6150000000.0,1149000000.0,5001000000.0,6150000000.0,0.0,326000000.0,0.0,0.08,1.08,634000000.0,960000000.0,0.135,960000000.0,634000000.0,313000000.0,1.22,1.22,1.22,4119000000.0,4115575000.0,4119000000.0,8522667643.0,13.0,8.878,-1076000000.0,-4.891,1.0,1093000000.0,0.154,1411000000.0,321000000.0,18272000000.0,17973125000.0,282000000.0,1474000000.0,83000000.0,1391000000.0,11988000000.0,2382000000.0,9606000000.0,2956667643.0,-171000000.0,0.0,313000000.0,789000000.0,-232000000.0,837000000.0,-735000000.0,0.0,-273000000.0,0.0,256000000.0,256000000.0,256000000.0,-103000000.0,0.0,0.036,582000000.0,511000000.0,658000000.0,0.885,0.718,11.549,11.016,8561000000.0,0.0,13.44,0.417,0.417,1158000000.0,1222000000.0,7086000000.0,7086000000.0,0.0,0.016,0.062,0.035,0.089,0.0,0.0,1.0,219990152.0,220000000.0,220000000.0,32.209,14702000000.0,552000000.0,57000000.0,2592000000.0,66.827,-327000000.0
27,POM,MRT,2009-03-31,2009-03-31,2009-03-31,2019-05-12,-351000000.0,16585000000.0,16164050000.0,2641000000.0,13944000000.0,0.491,18.721,-790000000.0,658000000.0,658000000.0,6831000000.0,246000000.0,1.212,3.044,6224000000.0,762000000.0,5462000000.0,6224000000.0,0.0,343000000.0,0.0,0.087,1.08,621000000.0,964000000.0,0.121,964000000.0,621000000.0,307000000.0,1.18,1.18,1.18,4100000000.0,4179725000.0,4100000000.0,7945425762.0,13.0,8.242,-598000000.0,-2.731,1.0,1107000000.0,0.139,1411000000.0,314000000.0,18561000000.0,17692025000.0,273000000.0,1497000000.0,119000000.0,1378000000.0,12479000000.0,2179000000.0,10300000000.0,2513425762.0,264000000.0,0.0,312000000.0,763000000.0,-227000000.0,834000000.0,-762000000.0,0.0,192000000.0,0.0,246000000.0,246000000.0,246000000.0,-117000000.0,0.0,0.031,626000000.0,481000000.0,748000000.0,0.915,0.613,10.217,10.576,8427000000.0,0.0,12.48,0.317,0.344,1338000000.0,1257000000.0,7938000000.0,7938000000.0,0.0,0.015,0.059,0.035,0.078,0.0,0.0,1.0,201396295.0,219000000.0,219000000.0,36.247,15174000000.0,468000000.0,61000000.0,2553000000.0,69.288,462000000.0
28,POM,MRT,2008-12-31,2008-12-31,2008-12-31,2019-05-12,-262000000.0,16133000000.0,15916025000.0,2598000000.0,13535000000.0,0.506,20.539,-781000000.0,502000000.0,502000000.0,6829000000.0,300000000.0,1.298,2.849,5934000000.0,556000000.0,5378000000.0,5934000000.0,0.0,338000000.0,0.0,0.061,1.08,695000000.0,1033000000.0,0.128,1033000000.0,695000000.0,390000000.0,1.47,1.47,1.47,4190000000.0,4203500000.0,4190000000.0,8954298199.0,13.0,8.668,-368000000.0,-1.804,1.0,1230000000.0,0.153,1411000000.0,305000000.0,18152000000.0,17286150000.0,333000000.0,1442000000.0,98000000.0,1344000000.0,11937000000.0,2002000000.0,9935000000.0,3576798199.0,329000000.0,0.0,316000000.0,586000000.0,-222000000.0,630000000.0,-714000000.0,0.0,413000000.0,0.0,300000000.0,300000000.0,300000000.0,-117000000.0,0.0,0.037,681000000.0,549000000.0,847000000.0,0.735,0.854,11.923,12.082,8314000000.0,0.0,17.76,0.444,0.45,1392000000.0,1271000000.0,8059000000.0,8059000000.0,0.0,0.019,0.071,0.04,0.086,0.0,0.0,1.0,201396295.0,204000000.0,204000000.0,39.505,14722000000.0,348000000.0,90000000.0,2379000000.0,72.167,596000000.0
29,POM,MRT,2008-09-30,2008-09-30,2008-09-30,2019-05-12,-123700000.0,15572600000.0,15660525000.0,2527100000.0,13045500000.0,0.674,20.066,-761300000.0,377400000.0,377400000.0,8989500000.0,290600000.0,0.96,2.842,5754900000.0,1112300000.0,4642600000.0,5754900000.0,0.0,375600000.0,0.0,0.047,1.07,827700000.0,1203300000.0,0.114,1203300000.0,827700000.0,499300000.0,1.44,1.44,1.44,4053300000.0,4160500000.0,4053300000.0,9209089118.0,11.0,7.653,40200000.0,0.199,1.0,1562100000.0,0.148,1409000000.0,328400000.0,16907500000.0,16881150000.0,359700000.0,1321200000.0,0.0,1321200000.0,11519300000.0,2633600000.0,8885700000.0,4613989118.0,200800000.0,0.0,223100000.0,162400000.0,-215500000.0,127500000.0,-728200000.0,-1200000.0,801500000.0,0.0,290600000.0,290600000.0,290600000.0,0.0,0.0,0.028,773500000.0,788600000.0,867500000.0,0.743,1.138,15.877,15.91,8167100000.0,0.0,22.91,0.437,0.439,1448500000.0,1262500000.0,10551600000.0,10551600000.0,0.0,0.019,0.07,0.049,0.078,0.0,0.0,1.0,201396295.0,202000000.0,202000000.0,52.236,14163600000.0,410800000.0,208700000.0,2423900000.0,70.117,-106500000.0
30,POM,MRT,2008-06-30,2008-06-30,2008-06-30,2019-05-12,282600000.0,16365600000.0,15531800000.0,2993700000.0,13371900000.0,0.661,21.769,-704000000.0,771000000.0,771000000.0,8681000000.0,339200000.0,1.245,2.74,5366100000.0,565700000.0,4800400000.0,5366100000.0,0.0,364200000.0,0.0,0.041,1.06,880700000.0,1244900000.0,0.121,1244900000.0,880700000.0,548100000.0,1.72,1.72,1.72,4375600000.0,4091000000.0,4375600000.0,9869414967.0,11.0,7.928,469200000.0,2.334,1.0,1580900000.0,0.154,1409000000.0,332600000.0,17147600000.0,16769100000.0,345400000.0,1307300000.0,0.0,1307300000.0,11990000000.0,2404100000.0,9585900000.0,5165814967.0,267800000.0,0.0,219000000.0,-220600000.0,-211700000.0,-235000000.0,-670400000.0,0.0,1173200000.0,0.0,339200000.0,339200000.0,339200000.0,0.0,0.0,0.033,746500000.0,834400000.0,1047100000.0,0.616,1.181,15.229,14.913,8054600000.0,0.0,25.65,0.503,0.502,1518200000.0,1198200000.0,10261900000.0,10261900000.0,0.0,0.022,0.083,0.053,0.086,0.0,0.0,1.0,201396295.0,201000000.0,201000000.0,51.054,14956600000.0,466100000.0,208900000.0,2699700000.0,74.411,589600000.0
31,POM,MRT,2008-03-31,2008-03-31,2008-03-31,2019-05-12,74100000.0,15592900000.0,15073000000.0,2342100000.0,13250800000.0,0.652,20.871,-667000000.0,765100000.0,765100000.0,8195800000.0,381400000.0,1.201,2.717,5468700000.0,481700000.0,4987000000.0,5468700000.0,0.0,363900000.0,0.0,0.042,1.05,927400000.0,1291300000.0,0.131,1291300000.0,927400000.0,591000000.0,1.95,1.95,1.95,4195100000.0,3916450000.0,4195100000.0,9657848446.0,10.0,7.479,217500000.0,1.082,1.0,1632400000.0,0.166,1409600000.0,336400000.0,16937500000.0,16551450000.0,266200000.0,1402900000.0,0.0,1402900000.0,11397800000.0,1949400000.0,9448400000.0,4789948446.0,234100000.0,0.0,220100000.0,-41700000.0,-206900000.0,-56400000.0,-594000000.0,0.0,884500000.0,0.0,381400000.0,381400000.0,381400000.0,0.0,0.0,0.039,756000000.0,876400000.0,811200000.0,0.538,1.142,12.559,12.677,7924500000.0,0.0,24.72,0.487,0.506,1241400000.0,1237600000.0,9828200000.0,9828200000.0,0.0,0.025,0.097,0.056,0.094,0.0,0.0,1.0,193768141.0,201000000.0,201000000.0,48.897,14183300000.0,385800000.0,209600000.0,2567500000.0,70.564,392700000.0
32,POM,MRT,2007-12-31,2007-12-31,2007-12-31,2019-05-12,-46000000.0,15111000000.0,14755150000.0,1997000000.0,13114000000.0,0.635,20.711,-623000000.0,494000000.0,494000000.0,7801000000.0,334000000.0,0.98,2.761,5362000000.0,627000000.0,4735000000.0,5362000000.0,0.0,366000000.0,0.0,0.035,1.04,862000000.0,1228000000.0,0.131,1228000000.0,862000000.0,522000000.0,1.72,1.72,1.72,4018000000.0,3781325000.0,4018000000.0,10820719576.0,13.0,8.812,172000000.0,0.887,1.0,1565000000.0,0.167,1410000000.0,340000000.0,16532000000.0,16238700000.0,288000000.0,1427000000.0,43000000.0,1384000000.0,11093000000.0,2037000000.0,9056000000.0,5683219576.0,6000000.0,0.0,228000000.0,-212000000.0,-203000000.0,-207000000.0,-582000000.0,0.0,795000000.0,0.0,334000000.0,334000000.0,334000000.0,0.0,0.0,0.036,759000000.0,806000000.0,797000000.0,0.605,1.414,17.016,17.052,7877000000.0,0.0,29.33,0.607,0.608,1278000000.0,1193000000.0,9366000000.0,9366000000.0,0.0,0.023,0.088,0.053,0.092,0.0,0.0,1.0,193768141.0,194000000.0,194000000.0,48.278,13701000000.0,446000000.0,188000000.0,2443000000.0,70.624,-40000000.0
33,POM,MRT,2007-09-30,2007-09-30,2007-09-30,2019-05-12,-97700000.0,15057700000.0,14538275000.0,2081600000.0,12976100000.0,0.615,19.511,-541400000.0,467300000.0,467300000.0,7437000000.0,312400000.0,0.894,2.988,5604800000.0,960900000.0,4643900000.0,5604800000.0,0.0,367700000.0,0.0,0.038,1.04,816800000.0,1184500000.0,0.133,1184500000.0,816800000.0,477000000.0,1.63,1.63,1.63,3775300000.0,3679875000.0,3775300000.0,10804367061.0,13.0,9.121,143500000.0,0.742,1.0,1501000000.0,0.168,1407900000.0,339800000.0,16459300000.0,16056200000.0,294900000.0,1369300000.0,0.0,1369300000.0,11282400000.0,2328000000.0,8954400000.0,5240467061.0,-17500000.0,0.0,59300000.0,-67300000.0,-200000000.0,-227100000.0,-475300000.0,10200000.0,684900000.0,0.0,312400000.0,312400000.0,312400000.0,0.0,0.0,0.035,738500000.0,762500000.0,780700000.0,0.638,1.388,16.775,16.613,7696800000.0,0.0,27.08,0.586,0.586,1413500000.0,1186900000.0,8938000000.0,8938000000.0,0.0,0.021,0.085,0.051,0.091,0.0,0.0,1.0,193517986.0,193500000.0,193500000.0,46.191,13649800000.0,417500000.0,164600000.0,2365800000.0,70.542,-246400000.0
34,POM,MRT,2007-06-30,2007-06-30,2007-06-30,2019-05-12,-79400000.0,14530400000.0,14261325000.0,2005000000.0,12525400000.0,0.614,19.034,-511700000.0,35900000.0,35900000.0,7269400000.0,248800000.0,0.832,2.951,5599800000.0,932200000.0,4667600000.0,5599800000.0,0.0,390500000.0,0.0,0.037,1.04,736100000.0,1126600000.0,0.129,1126600000.0,736100000.0,395500000.0,1.3,1.3,1.3,3677400000.0,3637725000.0,3677400000.0,10870716376.0,15.0,9.649,124500000.0,0.644,1.0,1488200000.0,0.17,1407300000.0,340600000.0,16277000000.0,15826175000.0,282400000.0,1349900000.0,0.0,1349900000.0,10853000000.0,2410000000.0,8443000000.0,5444916376.0,-10200000.0,0.0,67400000.0,-191900000.0,-199500000.0,-358200000.0,-288200000.0,11900000.0,636200000.0,0.0,248800000.0,248800000.0,248800000.0,0.0,0.0,0.028,803700000.0,684500000.0,803500000.0,0.8,1.481,21.885,21.692,7651600000.0,0.0,28.2,0.622,0.622,1270700000.0,1078400000.0,8757600000.0,8757600000.0,0.0,0.017,0.068,0.047,0.084,0.0,0.0,1.0,193082141.0,193200000.0,193200000.0,45.329,13123100000.0,471300000.0,146700000.0,2416100000.0,67.925,-405000000.0
35,POM,MRT,2007-03-31,2007-03-31,2007-03-31,2019-05-12,-81800000.0,14321500000.0,14050825000.0,1912100000.0,12409400000.0,0.611,18.985,-481800000.0,98800000.0,98800000.0,7108200000.0,242800000.0,0.721,2.919,5524600000.0,1257600000.0,4267000000.0,5524600000.0,0.0,401900000.0,0.0,0.036,1.04,742000000.0,1143900000.0,0.133,1143900000.0,742000000.0,400000000.0,1.27,1.27,1.27,3654600000.0,3600375000.0,3654600000.0,11104334062.0,15.0,9.707,-3700000.0,-0.019,1.0,1481700000.0,0.172,1409200000.0,342000000.0,15686500000.0,15699825000.0,241700000.0,1330900000.0,0.0,1330900000.0,10666900000.0,2651600000.0,8015300000.0,5585134062.0,30600000.0,0.0,64500000.0,-38000000.0,-198700000.0,-199200000.0,-248300000.0,11900000.0,478100000.0,0.0,242800000.0,242800000.0,242800000.0,0.0,0.0,0.028,790000000.0,691700000.0,718000000.0,0.819,1.528,23.003,22.85,7580800000.0,0.0,29.02,0.65,0.65,1163900000.0,1071400000.0,8589900000.0,8589900000.0,0.0,0.017,0.067,0.047,0.086,0.0,0.0,1.0,192458100.0,192500000.0,192500000.0,44.623,12912300000.0,478900000.0,157200000.0,2388600000.0,67.077,-739500000.0
36,POM,MRT,2006-12-31,2006-12-31,2006-12-31,2019-05-12,-103400000.0,14243500000.0,13892150000.0,1981400000.0,12262100000.0,0.602,18.912,-475000000.0,78300000.0,78300000.0,6874000000.0,248000000.0,0.782,2.943,5580000000.0,1212600000.0,4367400000.0,5580000000.0,0.0,413000000.0,0.0,0.04,1.04,748000000.0,1161000000.0,0.139,1161000000.0,748000000.0,409000000.0,1.3,1.3,1.3,3612200000.0,3568500000.0,3612200000.0,10595188305.0,14.0,9.126,-272000000.0,-1.424,1.0,1489000000.0,0.178,1409200000.0,339000000.0,15802000000.0,15660625000.0,288800000.0,1321800000.0,0.0,1321800000.0,10631300000.0,2534000000.0,8097300000.0,4976788305.0,-73000000.0,0.0,47000000.0,130000000.0,-198000000.0,-46000000.0,-230000000.0,25000000.0,203000000.0,0.0,248000000.0,248000000.0,248000000.0,0.0,0.0,0.03,796000000.0,693000000.0,700700000.0,0.8,1.378,20.068,20.008,7576600000.0,0.0,26.01,0.595,0.594,1253500000.0,1068700000.0,8363000000.0,8363000000.0,0.0,0.018,0.069,0.048,0.089,0.0,0.0,1.0,191341342.0,191000000.0,191000000.0,43.785,12834300000.0,228400000.0,161000000.0,2230000000.0,67.195,-552600000.0
37,POM,MRT,2006-09-30,2006-09-30,2006-09-30,2019-05-12,-108000000.0,13949900000.0,13841000000.0,1946500000.0,12003400000.0,0.616,18.903,-482000000.0,60300000.0,60300000.0,6964900000.0,294100000.0,0.743,2.868,5678700000.0,1424700000.0,4254000000.0,5678700000.0,0.0,429400000.0,0.0,0.043,1.03,822600000.0,1252000000.0,0.147,1252000000.0,822600000.0,485600000.0,1.53,1.53,1.53,3606700000.0,3561475000.0,3606700000.0,10361574125.0,13.0,8.276,-319500000.0,-1.675,1.0,1556400000.0,0.183,1409200000.0,337000000.0,15539200000.0,15589125000.0,334300000.0,1332700000.0,0.0,1332700000.0,10343200000.0,2619900000.0,7723300000.0,4609074125.0,-205900000.0,0.0,45100000.0,73100000.0,-195900000.0,-104300000.0,-264100000.0,16800000.0,162500000.0,0.0,294100000.0,294100000.0,294100000.0,0.0,0.0,0.035,788500000.0,767900000.0,721200000.0,0.673,1.278,15.672,15.797,7492800000.0,0.0,24.17,0.541,0.541,1394700000.0,1082200000.0,8521300000.0,8521300000.0,0.0,0.021,0.083,0.053,0.097,0.0,0.0,1.0,190694006.0,190800000.0,190800000.0,44.661,12540700000.0,4500000.0,191500000.0,2005800000.0,65.727,-673400000.0
38,POM,MRT,2006-06-30,2006-06-30,2006-06-30,2019-05-12,-105700000.0,13688400000.0,13909325000.0,1778500000.0,11909900000.0,0.605,18.529,-497200000.0,45900000.0,45900000.0,6784200000.0,358100000.0,0.789,2.88,5798400000.0,1033700000.0,4764700000.0,5798400000.0,0.0,428100000.0,0.0,0.043,1.02,950300000.0,1378400000.0,0.164,1378400000.0,950300000.0,614600000.0,1.88,1.88,1.88,3528000000.0,3563950000.0,3528000000.0,9998051620.0,11.0,7.253,60800000.0,0.319,1.0,1630800000.0,0.194,1415000000.0,335700000.0,15771600000.0,15676000000.0,349500000.0,1312000000.0,0.0,1312000000.0,10160400000.0,2254300000.0,7906100000.0,4488851620.0,-143900000.0,0.0,36800000.0,-152900000.0,-193400000.0,-330600000.0,-371300000.0,13900000.0,558000000.0,0.0,358100000.0,358100000.0,358100000.0,0.0,0.0,0.043,737400000.0,893400000.0,746600000.0,0.543,1.272,12.535,12.543,7431200000.0,0.0,23.58,0.533,0.534,1185600000.0,1027900000.0,8415000000.0,8415000000.0,0.0,0.026,0.1,0.061,0.113,0.0,0.0,1.0,190366905.0,190400000.0,190400000.0,44.196,12273400000.0,0.0,256500000.0,1946300000.0,64.461,-475800000.0
39,POM,MRT,2006-03-31,2006-03-31,2006-03-31,2019-05-12,-96400000.0,13686800000.0,13926650000.0,1774600000.0,11912200000.0,0.59,18.573,-499000000.0,73200000.0,73200000.0,6566700000.0,373300000.0,0.794,2.88,5582400000.0,833100000.0,4749300000.0,5582400000.0,0.0,425800000.0,0.0,0.044,1.01,968900000.0,1394700000.0,0.17,1394700000.0,968900000.0,633100000.0,1.96,1.96,1.96,3527100000.0,3538175000.0,3527100000.0,9655944253.0,10.0,6.923,304000000.0,1.601,1.0,1651900000.0,0.201,1431300000.0,335800000.0,15529700000.0,15730450000.0,334400000.0,1316700000.0,0.0,1316700000.0,10159700000.0,2235000000.0,7924700000.0,4329944253.0,7800000.0,0.0,35600000.0,-218800000.0,-191200000.0,-417100000.0,-378100000.0,13900000.0,803000000.0,0.0,373300000.0,373300000.0,373300000.0,0.0,0.0,0.045,737300000.0,914600000.0,742400000.0,0.515,1.228,11.599,11.628,7394600000.0,0.0,22.79,0.527,0.527,1145900000.0,1026100000.0,8218600000.0,8218600000.0,0.0,0.027,0.106,0.062,0.118,0.0,0.0,1.0,189993166.0,189900000.0,189900000.0,43.279,12255500000.0,0.0,259800000.0,2081000000.0,64.537,-460400000.0
40,POM,MRT,2005-12-31,2005-12-31,2005-12-31,2019-05-12,-22800000.0,14038900000.0,13883800000.0,2097700000.0,11941200000.0,0.581,18.963,-467100000.0,144500000.0,144500000.0,6427700000.0,371200000.0,0.868,2.917,5470500000.0,631200000.0,4839300000.0,5470500000.0,0.0,427300000.0,0.0,0.045,1.0,964000000.0,1391300000.0,0.173,1391300000.0,964000000.0,626400000.0,1.96,1.96,1.96,3584100000.0,3507650000.0,3584100000.0,9634689234.0,10.0,6.925,519800000.0,2.75,1.0,1637800000.0,0.203,1431300000.0,337600000.0,15516000000.0,15740350000.0,283300000.0,1297900000.0,0.0,1297900000.0,10454800000.0,2417600000.0,8037200000.0,4239389234.0,92000000.0,0.0,33200000.0,-387100000.0,-188900000.0,-561000000.0,-333900000.0,24600000.0,986900000.0,0.0,371200000.0,371200000.0,371200000.0,0.0,0.0,0.046,732400000.0,905400000.0,1002200000.0,0.51,1.183,11.421,11.413,7368800000.0,0.0,22.37,0.526,0.524,1361400000.0,1018700000.0,8065500000.0,8065500000.0,0.0,0.027,0.106,0.061,0.12,0.0,0.0,1.0,189512259.0,189000000.0,189000000.0,42.675,12607600000.0,0.0,255200000.0,2327200000.0,66.707,-319900000.0
41,POM,MRT,2005-09-30,2005-09-30,2005-09-30,2019-05-12,23400000.0,14223200000.0,13711775000.0,2295900000.0,11927300000.0,0.563,19.115,-455400000.0,280300000.0,280300000.0,6153000000.0,297100000.0,0.997,2.933,5675600000.0,657900000.0,5017700000.0,5675600000.0,0.0,426900000.0,0.0,0.043,1.0,861700000.0,1288600000.0,0.167,1288600000.0,861700000.0,523200000.0,1.55,1.55,1.55,3616600000.0,3446375000.0,3616600000.0,10212577735.0,12.0,7.925,625200000.0,3.304,1.0,1570600000.0,0.203,1428000000.0,338500000.0,15886700000.0,15816900000.0,291500000.0,1277900000.0,0.0,1277900000.0,10606600000.0,2303800000.0,8302800000.0,4401677735.0,192800000.0,29000000.0,28800000.0,-367800000.0,-188500000.0,-577100000.0,-310700000.0,26400000.0,1080600000.0,0.0,297100000.0,297100000.0,297100000.0,0.0,0.0,0.038,761600000.0,809000000.0,950600000.0,0.645,1.217,14.815,15.013,7282500000.0,0.0,23.27,0.57,0.57,1389000000.0,1011800000.0,7723600000.0,7723600000.0,0.0,0.022,0.086,0.054,0.112,0.0,0.0,1.0,189156757.0,189200000.0,189200000.0,40.822,12795200000.0,0.0,226100000.0,2335500000.0,67.628,-7900000.0
42,POM,MRT,2005-06-30,2005-06-30,2005-06-30,2019-05-12,-37400000.0,13757700000.0,13538150000.0,1873600000.0,11884100000.0,0.538,18.14,-456000000.0,209700000.0,209700000.0,5781200000.0,240100000.0,0.872,3.017,6020600000.0,996200000.0,5024400000.0,6020600000.0,0.0,431500000.0,0.0,0.042,1.0,767700000.0,1199200000.0,0.165,1199200000.0,767700000.0,410400000.0,1.3,1.3,1.3,3424900000.0,3399350000.0,3424900000.0,10297653095.0,13.0,8.587,324600000.0,1.719,1.0,1505300000.0,0.207,1431300000.0,357300000.0,15989400000.0,15799825000.0,277000000.0,1257800000.0,0.0,1257800000.0,10332800000.0,2147900000.0,8184900000.0,4519553095.0,131700000.0,29000000.0,317000000.0,-300500000.0,-184400000.0,-243900000.0,-405000000.0,26400000.0,780600000.0,0.0,240100000.0,240100000.0,240100000.0,0.0,0.0,0.033,785100000.0,720200000.0,712500000.0,0.769,1.32,18.824,18.415,7248800000.0,0.0,23.94,0.62,0.62,1168200000.0,888900000.0,7286500000.0,7286500000.0,0.0,0.018,0.071,0.049,0.105,0.0,0.0,1.0,188786679.0,188800000.0,188800000.0,38.594,12326400000.0,0.0,170300000.0,2169000000.0,65.288,-274300000.0
43,POM,MRT,2005-03-31,2005-03-31,2005-03-31,2019-05-12,-31800000.0,13515400000.0,13456375000.0,1716300000.0,11799100000.0,0.539,18.073,-465000000.0,78700000.0,78700000.0,5710200000.0,264100000.0,0.749,2.969,5856800000.0,1178800000.0,4678000000.0,5856800000.0,0.0,439100000.0,0.0,0.048,1.0,814700000.0,1253800000.0,0.173,1253800000.0,814700000.0,450600000.0,1.48,1.48,1.48,3405000000.0,3310225000.0,3405000000.0,9795544964.0,12.0,7.813,278900000.0,1.48,1.0,1547600000.0,0.213,1431300000.0,364100000.0,15569300000.0,15841375000.0,244300000.0,1237300000.0,0.0,1237300000.0,10110400000.0,2292900000.0,7817500000.0,3953444964.0,-245400000.0,29000000.0,317600000.0,-649700000.0,-180200000.0,-579700000.0,-409600000.0,52000000.0,743900000.0,0.0,264100000.0,264100000.0,264100000.0,0.0,0.0,0.036,781300000.0,766300000.0,640600000.0,0.676,1.161,14.97,14.182,7210400000.0,0.0,20.99,0.545,0.545,1140500000.0,872100000.0,7257800000.0,7257800000.0,0.0,0.02,0.08,0.051,0.112,0.0,0.0,1.0,188348974.0,188400000.0,188400000.0,38.523,12084100000.0,0.0,186500000.0,2166000000.0,64.141,-576600000.0
44,POM,MRT,2004-12-31,2004-12-31,2004-12-31,2019-05-12,-52000000.0,13350800000.0,13464975000.0,1672500000.0,11678300000.0,0.536,18.886,-471000000.0,71500000.0,71500000.0,5687100000.0,260600000.0,0.862,2.998,5913700000.0,840900000.0,5072800000.0,5913700000.0,0.0,446200000.0,0.0,0.047,1.0,801200000.0,1247400000.0,0.173,1247400000.0,801200000.0,427900000.0,1.48,1.48,1.48,3339000000.0,3215825000.0,3339000000.0,9900846119.0,12.0,7.937,244700000.0,1.384,1.0,1536000000.0,0.213,1430500000.0,373300000.0,15822200000.0,15966250000.0,268400000.0,1218700000.0,0.0,1218700000.0,10011800000.0,1940300000.0,8071500000.0,4006546119.0,-60700000.0,29000000.0,318000000.0,-428000000.0,-176000000.0,-359100000.0,-417300000.0,37100000.0,715700000.0,0.0,260600000.0,260600000.0,260600000.0,0.0,0.0,0.036,763900000.0,772100000.0,664800000.0,0.676,1.2,15.374,14.405,7090600000.0,0.0,21.32,0.555,0.522,1122800000.0,836400000.0,7223100000.0,7223100000.0,0.0,0.019,0.081,0.05,0.111,0.0,0.0,1.0,187924302.0,176800000.0,176800000.0,40.855,11920300000.0,0.0,167300000.0,2065700000.0,67.423,-267800000.0
45,POM,MRT,2004-09-30,2004-09-30,2004-09-30,2019-05-12,-21900000.0,13528700000.0,13470100000.0,1801600000.0,11727100000.0,0.521,19.569,-365400000.0,82900000.0,82900000.0,5532800000.0,184400000.0,0.829,2.946,5977200000.0,1119200000.0,4858000000.0,5977200000.0,0.0,437600000.0,0.0,0.05,1.0,673800000.0,1111400000.0,0.158,1111400000.0,673800000.0,288200000.0,1.07,1.07,1.07,3428500000.0,3131900000.0,3428500000.0,9611167139.0,14.0,8.648,251800000.0,1.437,1.0,1480300000.0,0.211,1430500000.0,385600000.0,15818400000.0,16007150000.0,276800000.0,1208400000.0,6300000.0,1202100000.0,10100200000.0,2174100000.0,7926100000.0,3434967139.0,-111900000.0,0.0,318600000.0,-359600000.0,-171900000.0,-381400000.0,-347700000.0,140500000.0,617200000.0,0.0,184400000.0,184400000.0,184400000.0,0.0,0.0,0.026,736100000.0,744200000.0,634500000.0,0.935,1.002,18.628,18.598,7023500000.0,0.0,19.9,0.49,0.497,1301600000.0,904600000.0,7013100000.0,7013100000.0,0.0,0.014,0.059,0.042,0.096,0.0,0.0,1.0,172611414.0,175200000.0,,40.029,12098200000.0,0.0,103800000.0,1979800000.0,69.054,-372500000.0
46,POM,MRT,2004-06-30,2004-06-30,2004-06-30,2019-05-12,-28400000.0,13430600000.0,13365725000.0,1698000000.0,11732600000.0,0.531,17.819,-383600000.0,80700000.0,80700000.0,5645200000.0,230700000.0,0.841,3.377,6256900000.0,942800000.0,5314100000.0,6256900000.0,0.0,436400000.0,0.0,0.055,1.0,741800000.0,1178200000.0,0.166,1178200000.0,741800000.0,364500000.0,1.35,1.35,1.35,3068400000.0,3038425000.0,3068400000.0,9276796921.0,13.0,7.874,168700000.0,0.98,1.0,1452000000.0,0.205,1432300000.0,377300000.0,16155600000.0,15893500000.0,264000000.0,1186100000.0,4200000.0,1181900000.0,10362200000.0,2018900000.0,8343300000.0,3147296921.0,-22900000.0,0.0,34600000.0,-118800000.0,-171400000.0,-412400000.0,-162800000.0,139200000.0,552300000.0,0.0,230700000.0,230700000.0,230700000.0,0.0,0.0,0.033,638700000.0,813300000.0,666300000.0,0.741,1.026,13.642,13.541,6987600000.0,0.0,18.28,0.443,0.444,1222600000.0,836700000.0,7097200000.0,7097200000.0,0.0,0.017,0.076,0.047,0.105,0.0,0.0,1.0,172171604.0,172200000.0,,41.215,11998300000.0,0.0,133800000.0,1927900000.0,69.677,-320900000.0
47,POM,MRT,2004-03-31,2004-03-31,2004-03-31,2019-05-12,-14300000.0,13549800000.0,13250375000.0,1808100000.0,11741700000.0,0.536,17.622,-395700000.0,303100000.0,303100000.0,5730300000.0,183300000.0,0.831,3.476,6432600000.0,1132700000.0,5299900000.0,6432600000.0,0.0,430900000.0,0.0,0.049,1.0,655100000.0,1086000000.0,0.153,1086000000.0,655100000.0,278800000.0,1.07,1.07,1.07,3027400000.0,3006875000.0,3027400000.0,9679197752.0,15.0,8.913,358600000.0,2.087,1.0,1373800000.0,0.193,1434300000.0,376300000.0,16068800000.0,15699900000.0,252400000.0,1190500000.0,26300000.0,1164200000.0,10522400000.0,2176200000.0,8346200000.0,3512297752.0,225300000.0,0.0,33600000.0,-44900000.0,-169300000.0,-336500000.0,-192500000.0,104400000.0,754300000.0,0.0,183300000.0,183300000.0,183300000.0,0.0,0.0,0.026,651700000.0,722100000.0,602400000.0,0.935,1.16,19.161,19.103,6944700000.0,0.0,20.44,0.494,0.494,1155000000.0,789300000.0,7104100000.0,7104100000.0,0.0,0.014,0.061,0.042,0.092,0.0,0.0,1.0,171834528.0,171800000.0,,41.351,12115500000.0,0.0,95500000.0,1894200000.0,70.521,-368100000.0
48,POM,MRT,2003-12-31,2003-12-31,2003-12-31,2019-05-12,-22700000.0,13371300000.0,13121775000.0,1685300000.0,11686000000.0,0.554,17.524,-450500000.0,114800000.0,114800000.0,5975200000.0,107300000.0,0.773,3.452,6341300000.0,933500000.0,5407800000.0,6341300000.0,0.0,422100000.0,0.0,0.051,1.0,542200000.0,964300000.0,0.133,964300000.0,542200000.0,169400000.0,0.63,0.63,0.63,3003300000.0,2985550000.0,3003300000.0,9429743321.0,17.0,9.779,211900000.0,1.236,1.0,1293500000.0,0.178,1432300000.0,372800000.0,15985800000.0,15485875000.0,281200000.0,1169000000.0,23000000.0,1146000000.0,10368000000.0,2179700000.0,8188300000.0,3348843321.0,39000000.0,0.0,32800000.0,-8000000.0,-170700000.0,-370700000.0,-252700000.0,113900000.0,662400000.0,0.0,107300000.0,107300000.0,107300000.0,0.0,0.0,0.015,682800000.0,610700000.0,699600000.0,1.587,1.115,31.21,31.016,6964900000.0,0.0,19.54,0.461,0.461,1059900000.0,781000000.0,7268700000.0,7268700000.0,0.0,0.008,0.036,0.035,0.075,0.0,0.0,1.0,171383998.0,171383998.0,,42.412,11939000000.0,0.0,62100000.0,1882800000.0,69.662,-494400000.0
49,POM,MRT,2003-09-30,2003-09-30,2003-09-30,2019-05-12,-68600000.0,13111200000.0,13134975000.0,1886500000.0,11224700000.0,0.561,17.863,-690700000.0,206200000.0,206200000.0,6065500000.0,201800000.0,0.787,3.292,6287100000.0,1112000000.0,5175100000.0,6287100000.0,0.0,411100000.0,0.0,0.058,1.0,677100000.0,1088200000.0,0.148,1088200000.0,677100000.0,315300000.0,1.09,1.09,1.09,3054600000.0,2983675000.0,3054600000.0,9171579958.0,14.0,8.428,-14200000.0,-0.083,1.0,1300000000.0,0.176,1432600000.0,361800000.0,15363800000.0,15370050000.0,240000000.0,1311200000.0,176900000.0,1134300000.0,10056600000.0,2395700000.0,7660900000.0,2953279958.0,89100000.0,0.0,142200000.0,115000000.0,-164600000.0,-23000000.0,-564400000.0,-39400000.0,676500000.0,0.0,201800000.0,201800000.0,201800000.0,0.0,0.0,0.027,650300000.0,649700000.0,615100000.0,0.917,0.967,14.635,15.853,6780800000.0,0.0,17.28,0.401,0.401,1154700000.0,885900000.0,7365500000.0,7365500000.0,0.0,0.015,0.068,0.044,0.092,0.0,0.0,1.0,170907405.0,171000000.0,,43.073,11678600000.0,0.0,113500000.0,1694200000.0,68.296,-509200000.0
50,POM,MRT,2003-06-30,2003-06-30,2003-06-30,2019-05-12,-56900000.0,12969200000.0,13019275000.0,1721700000.0,11247500000.0,0.528,17.256,-696500000.0,105400000.0,105400000.0,5649900000.0,159700000.0,0.725,3.408,6323700000.0,1145400000.0,5178300000.0,6323700000.0,0.0,371800000.0,0.0,0.048,0.916,578000000.0,949800000.0,0.138,949800000.0,578000000.0,246000000.0,0.97,0.97,0.97,2942200000.0,2940050000.0,2942200000.0,9583721510.0,17.0,10.09,200500000.0,1.176,1.0,1226200000.0,0.178,1432500000.0,332000000.0,15381200000.0,15125775000.0,245100000.0,1288400000.0,173500000.0,1114900000.0,10027000000.0,2373800000.0,7653200000.0,3265621510.0,-410200000.0,-1075600000.0,131300000.0,971800000.0,-159700000.0,713200000.0,-2020400000.0,-206900000.0,897000000.0,0.0,159700000.0,159700000.0,159700000.0,0.0,0.0,0.023,667300000.0,558900000.0,541800000.0,0.944,1.11,20.448,19.753,6805200000.0,0.0,19.16,0.475,0.475,1071700000.0,771100000.0,6876100000.0,6876100000.0,0.0,0.012,0.054,0.038,0.084,0.0,0.0,1.0,170439536.0,170500000.0,,40.329,11536700000.0,0.0,86300000.0,1671400000.0,67.664,-652100000.0
51,POM,MRT,2003-03-31,2003-03-31,2003-03-31,2019-05-12,-47200000.0,13035400000.0,,1907300000.0,11128100000.0,,17.306,-594400000.0,108700000.0,108700000.0,4649400000.0,162400000.0,0.704,3.431,6426800000.0,1401200000.0,5025600000.0,6426800000.0,0.0,305900000.0,0.0,0.053,0.916,526300000.0,832200000.0,0.145,832200000.0,526300000.0,253400000.0,1.15,1.15,1.15,2942100000.0,,2942100000.0,8974026363.0,17.0,10.783,255600000.0,1.504,1.0,1109500000.0,0.193,1432500000.0,272900000.0,15212700000.0,,224500000.0,1264000000.0,167800000.0,1096200000.0,10093300000.0,2708300000.0,7385000000.0,2847226363.0,-377800000.0,-1075600000.0,124700000.0,1044900000.0,-146700000.0,799500000.0,-2027300000.0,-317100000.0,850000000.0,0.0,162400000.0,162400000.0,162400000.0,0.0,0.0,0.028,590500000.0,519000000.0,673900000.0,0.797,0.968,17.532,15.13,6761000000.0,0.0,17.4,0.494,0.514,1269300000.0,770600000.0,5758900000.0,5758900000.0,0.0,,,,0.091,0.0,0.0,1.0,163633699.0,170000000.0,,33.876,11602900000.0,0.0,91000000.0,1601900000.0,68.252,-801000000.0
52,POM,MRT,2002-12-31,2002-12-31,2002-12-31,2019-05-12,-52900000.0,13424100000.0,9355000000.0,1706900000.0,11717200000.0,0.462,18.308,-499800000.0,98800000.0,98800000.0,3325700000.0,210500000.0,0.657,3.481,6225600000.0,1393200000.0,4832400000.0,6225600000.0,0.0,239800000.0,0.0,0.047,0.916,548400000.0,788200000.0,0.182,788200000.0,548400000.0,334600000.0,1.61,1.61,1.61,2995800000.0,2409500000.0,2995800000.0,9261657424.0,17.0,11.75,293300000.0,1.792,1.0,998800000.0,0.231,1431800000.0,213800000.0,15522500000.0,10761650000.0,259900000.0,1266900000.0,175300000.0,1091600000.0,10428300000.0,2596600000.0,7831700000.0,3172857424.0,-453700000.0,-1075600000.0,115900000.0,881700000.0,-130600000.0,718100000.0,-1964900000.0,-341400000.0,793100000.0,0.0,210500000.0,210500000.0,210500000.0,0.0,0.0,0.049,453200000.0,545600000.0,638800000.0,0.569,1.059,15.073,12.043,7043300000.0,0.0,19.39,0.734,0.734,1118500000.0,838200000.0,4324500000.0,4324500000.0,0.0,0.023,0.087,0.051,0.127,0.0,0.0,1.0,163633699.0,163633699.0,,26.428,11992300000.0,0.0,124100000.0,1604200000.0,73.287,-889700000.0
53,POM,MRT,2002-09-30,2002-09-30,2002-09-30,2019-05-12,-70100000.0,12648400000.0,,1661400000.0,10987000000.0,,19.945,-296500000.0,89700000.0,89700000.0,2315300000.0,167000000.0,0.567,3.392,6178500000.0,1630700000.0,4547800000.0,6178500000.0,0.0,190700000.0,0.0,0.046,0.916,414600000.0,605300000.0,0.191,605300000.0,414600000.0,251300000.0,1.3,1.29,1.3,2880100000.0,,2880100000.0,,,,446600000.0,3.093,1.0,848800000.0,0.268,1418300000.0,163300000.0,14386700000.0,,160800000.0,1204400000.0,164800000.0,1039600000.0,9768300000.0,2932200000.0,6836100000.0,3264492295.0,-603100000.0,-1075600000.0,-6400000.0,720500000.0,-116800000.0,462300000.0,-1808500000.0,-428900000.0,743100000.0,0.0,167000000.0,167000000.0,167000000.0,0.0,0.0,0.053,435900000.0,412900000.0,620200000.0,0.705,1.133,19.548,15.346,6726500000.0,0.0,19.95,1.032,0.91,1174500000.0,852700000.0,3164100000.0,3164100000.0,0.0,,,,0.131,0.0,0.0,1.0,163633699.0,144400000.0,,21.912,11230100000.0,0.0,84300000.0,1340700000.0,77.771,-1270800000.0
54,POM,MRT,2002-06-30,2002-06-30,2002-06-30,2019-05-12,,,,,,,,,,,1563500000.0,120500000.0,,,,,,,,,,0.047,1.0,290900000.0,,,,290900000.0,166300000.0,1.14,1.13,1.14,,,,,,,,,1.0,679400000.0,0.303,,124600000.0,,,,,,,,,,,,,,,,,,,,,120500000.0,120500000.0,120500000.0,0.0,0.0,0.054,391100000.0,288300000.0,,0.877,,,18.842,,0.0,21.48,,1.026,,,2242900000.0,2242900000.0,0.0,,,,0.13,,0.0,1.0,,107100000.0,,20.942,,,45800000.0,,,
55,POM,MRT,2002-03-31,2002-03-31,2002-03-31,2019-05-12,,,,,,,,,,,,,,,,,,,,,,0.054,1.25,,,,,,,,,,,,,,,,,,1.0,,,,,,,,,,,,,,,,,,,,,,,,,,,,,,,,,,,,,,,,23.35,,,,,,,,,,,,,,1.0,,107100000.0,,,,,,,,
56,POM,MRT,2001-12-31,2001-12-31,2001-12-31,2019-05-12,-6700000.0,5285900000.0,,1139900000.0,4146000000.0,,,-66200000.0,515500000.0,515500000.0,1611500000.0,163400000.0,1.181,1.899,2195800000.0,473400000.0,1722400000.0,2195800000.0,0.0,170600000.0,0.0,0.063,1.415,395600000.0,566200000.0,0.239,566200000.0,395600000.0,246900000.0,1.51,1.5,1.51,1823200000.0,,1823200000.0,,,,-164300000.0,,1.0,759700000.0,0.32,0.0,148700000.0,6000800000.0,,37800000.0,897200000.0,161200000.0,736000000.0,3462700000.0,965400000.0,2497300000.0,,-1349100000.0,0.0,-78100000.0,-829000000.0,-126500000.0,-1037600000.0,-213400000.0,-141800000.0,-98100000.0,0.0,163400000.0,163400000.0,163400000.0,0.0,0.0,0.069,393300000.0,366400000.0,224100000.0,0.937,,,14.947,2753400000.0,0.0,22.57,,,401200000.0,974100000.0,2371200000.0,2371200000.0,0.0,,,,0.167,0.0,0.0,1.0,,,,,5285900000.0,0.0,83500000.0,526300000.0,,174500000.0
57,POM,MRT,2001-09-30,2001-09-30,2001-09-30,2019-05-12,,,,,,,,,,,,,,,,,,,,,,0.072,1.58,,,,,,,,,,,,,,,,,,1.0,,,,,,,,,,,,,,,,,,,,,,,,,,,,,,,,,,,,,,,,21.96,,,,,,,,,,,,,,1.0,,107900000.0,,,,,,,,
58,POM,MRT,2000-12-31,2000-12-31,2000-12-31,2019-05-12,,,,,,,,2602600000.0,,,1593500000.0,346500000.0,,,,,,,,247600000.0,,0.067,1.66,899200000.0,1146800000.0,0.384,1146800000.0,899200000.0,687700000.0,3.02,2.96,3.02,,,,,,,2575700000.0,,1.0,1395800000.0,0.467,,211500000.0,,,,,,,,,,,1765900000.0,0.0,-200000000.0,-204300000.0,-190400000.0,-602600000.0,2395400000.0,-116700000.0,-26900000.0,0.0,346500000.0,346500000.0,346500000.0,0.0,0.0,0.116,500700000.0,895100000.0,,0.55,,,8.182,,0.0,24.71,,,,,2989300000.0,2989300000.0,0.0,,,,0.301,0.0,0.0,,,,,,,,341200000.0,,,
