None,ticker,dimension,calendardate,datekey,reportperiod,lastupdated,accoci,assets,assetsavg,assetsc,assetsnc,assetturnover,bvps,capex,cashneq,cashnequsd,cor,consolinc,currentratio,de,debt,debtc,debtnc,debtusd,deferredrev,depamor,deposits,divyield,dps,ebit,ebitda,ebitdamargin,ebitdausd,ebitusd,ebt,eps,epsdil,epsusd,equity,equityavg,equityusd,ev,evebit,evebitda,fcf,fcfps,fxusd,gp,grossmargin,intangibles,intexp,invcap,invcapavg,inventory,investments,investmentsc,investmentsnc,liabilities,liabilitiesc,liabilitiesnc,marketcap,ncf,ncfbus,ncfcommon,ncfdebt,ncfdiv,ncff,ncfi,ncfinv,ncfo,ncfx,netinc,netinccmn,netinccmnusd,netincdis,netincnci,netmargin,opex,opinc,payables,payoutratio,pb,pe,pe1,ppnenet,prefdivis,price,ps,ps1,receivables,retearn,revenue,revenueusd,rnd,roa,roe,roic,ros,sbcomp,sgna,sharefactor,sharesbas,shareswa,shareswadil,sps,tangibles,taxassets,taxexp,taxliabilities,tbvps,workingcapital
0,ATGE,MRY,2021-12-31,2021-06-30,2021-06-30,2021-08-19,-7365000.0,3053836000.0,2664849250.0,1514953000.0,1538883000.0,0.417,25.351,-48664000.0,1313616000.0,1313616000.0,489233000.0,76475000.0,3.706,1.346,1293895000.0,58329000.0,1235566000.0,1293895000.0,100697000.0,99051000.0,0.0,0.0,0.0,143522000.0,242573000.0,0.218,242573000.0,143522000.0,102157000.0,1.5,1.49,1.5,1301070000.0,1313011000.0,1301070000.0,1745566473.0,12.0,7.196,143535000.0,2.797,1.0,623147000.0,0.56,962623000.0,41365000.0,1662685000.0,1306634000.0,0.0,0.0,0.0,0.0,1750976000.0,408807000.0,1342169000.0,1761485473.0,812511000.0,0.0,-98281000.0,778953000.0,0.0,676466000.0,-56688000.0,-8024000.0,192199000.0,534000.0,76909000.0,76909000.0,76909000.0,0.0,-434000.0,0.069,461664000.0,161483000.0,56071000.0,0.0,1.354,22.904,23.76,466180000.0,0.0,35.64,1.584,1.644,67996000.0,2005105000.0,1112380000.0,1112380000.0,0.0,0.029,0.059,0.11,0.129,13875000.0,420267000.0,1.0,49424396.0,51322000.0,51645000.0,21.675,2091213000.0,22479000.0,25248000.0,26991000.0,40.747,1106146000.0
1,ATGE,MRY,2020-12-31,2020-06-30,2020-06-30,2021-08-19,-9055000.0,2228687000.0,2380910250.0,692766000.0,1535921000.0,0.442,24.421,-37716000.0,501105000.0,501105000.0,490054000.0,-85778000.0,2.002,0.699,516791000.0,54644000.0,462147000.0,516791000.0,91589000.0,99406000.0,0.0,0.0,0.0,-72182000.0,27224000.0,0.026,27224000.0,-72182000.0,-91692000.0,-1.59,-1.58,-1.59,1310421000.0,1306771250.0,1310421000.0,2125799037.0,-29.0,78.085,69976000.0,1.304,1.0,561947000.0,0.534,973728000.0,19510000.0,924662000.0,1441137000.0,0.0,0.0,0.0,0.0,915414000.0,345983000.0,569431000.0,1613646037.0,200638000.0,313610000.0,-133111000.0,-107800000.0,0.0,-256109000.0,382523000.0,-186000.0,107692000.0,-33468000.0,-85334000.0,-85334000.0,-85334000.0,0.0,-444000.0,-0.081,419687000.0,142260000.0,46484000.0,0.0,1.231,-18.91,-19.591,461037000.0,0.0,31.15,1.534,1.589,87042000.0,1927568000.0,1052001000.0,1052001000.0,0.0,-0.036,-0.065,-0.05,-0.069,14584000.0,395838000.0,1.0,51802441.0,53659000.0,54094000.0,19.605,1254959000.0,22277000.0,-6358000.0,24975000.0,23.388,346783000.0
2,ATGE,MRY,2019-12-31,2019-06-30,2019-06-30,2021-08-19,-137290000.0,2242696000.0,2215871750.0,504700000.0,1737996000.0,0.458,23.771,-57574000.0,205224000.0,205224000.0,471782000.0,95581000.0,1.62,0.605,401094000.0,3000000.0,398094000.0,401094000.0,95944000.0,40706000.0,0.0,0.0,0.0,147944000.0,188650000.0,0.186,188650000.0,147944000.0,128046000.0,1.63,1.6,1.63,1391530000.0,1416449750.0,1391530000.0,2519006100.0,17.0,13.353,147284000.0,2.516,1.0,542061000.0,0.535,985245000.0,19898000.0,1141690000.0,1063129750.0,0.0,8680000.0,8680000.0,0.0,841623000.0,311631000.0,529992000.0,2549019100.0,-143938000.0,-178478000.0,-235437000.0,107000000.0,0.0,-137533000.0,-213836000.0,-4480000.0,204858000.0,2573000.0,95168000.0,95168000.0,95168000.0,0.0,413000.0,0.094,386231000.0,155830000.0,53385000.0,0.0,1.832,26.784,27.638,283433000.0,0.0,45.05,2.514,2.601,83560000.0,2012902000.0,1013843000.0,1013843000.0,0.0,0.043,0.067,0.139,0.146,13217000.0,359342000.0,1.0,56582000.0,58540000.0,59330000.0,17.319,1257451000.0,12729000.0,32878000.0,25322000.0,21.48,193069000.0
3,ATGE,MRY,2018-12-31,2018-06-30,2018-06-30,2021-08-19,-142168000.0,2344961000.0,2307349500.0,688000000.0,1656961000.0,0.416,24.719,-46622000.0,431000000.0,431000000.0,461557000.0,34297000.0,1.881,0.537,293073000.0,3000000.0,290073000.0,293073000.0,106773000.0,41778000.0,0.0,0.0,0.0,133457000.0,175235000.0,0.182,175235000.0,133457000.0,121876000.0,0.55,0.54,0.55,1519286000.0,1563892750.0,1519286000.0,2750551700.0,21.0,15.696,192567000.0,3.133,1.0,498720000.0,0.519,1176818000.0,11581000.0,664435000.0,601211000.0,0.0,4255000.0,4255000.0,0.0,816565000.0,365781000.0,450784000.0,2896918700.0,193309000.0,-8069000.0,-112404000.0,165129000.0,0.0,37204000.0,-71450000.0,-159000.0,239189000.0,-11634000.0,33769000.0,33769000.0,33769000.0,0.0,528000.0,0.035,331558000.0,167162000.0,47477000.0,0.0,1.907,85.786,87.455,388654000.0,0.0,48.1,3.017,3.079,146726000.0,1917373000.0,960277000.0,960277000.0,0.0,0.015,0.022,0.222,0.139,14499000.0,327707000.0,1.0,60227000.0,61462000.0,62280000.0,15.624,1168143000.0,38780000.0,88107000.0,29115000.0,19.006,322219000.0
4,ATGE,MRY,2017-12-31,2017-06-30,2017-06-30,2021-08-19,-59119000.0,2315018000.0,2314654000.0,471207000.0,1843811000.0,0.522,26.651,-42508000.0,241738000.0,241738000.0,638245000.0,123280000.0,1.249,0.383,125000000.0,0.0,125000000.0,125000000.0,103542000.0,56974000.0,0.0,0.005,0.18,141021000.0,197995000.0,0.164,197995000.0,141021000.0,131877000.0,1.93,1.91,1.93,1669039000.0,1632488500.0,1669039000.0,2281979700.0,16.0,11.525,188412000.0,3.009,1.0,569664000.0,0.472,1221044000.0,9144000.0,599909000.0,611161750.0,0.0,4013000.0,4013000.0,0.0,639694000.0,377327000.0,262367000.0,2376656700.0,-64251000.0,-330567000.0,-19968000.0,120181000.0,-11414000.0,85843000.0,-379654000.0,-93000.0,230920000.0,-1360000.0,122283000.0,122283000.0,122283000.0,0.0,997000.0,0.101,434166000.0,135498000.0,43083000.0,0.093,1.424,19.436,19.663,488826000.0,0.0,37.95,1.968,1.968,148677000.0,1881397000.0,1207909000.0,1207909000.0,0.0,0.053,0.075,0.231,0.117,16600000.0,369043000.0,1.0,62626000.0,62626000.0,,19.288,1093974000.0,34755000.0,9594000.0,34712000.0,17.468,93880000.0
5,ATGE,MRY,2016-12-31,2016-06-30,2016-06-30,2021-08-19,-42467000.0,2096996000.0,2048301000.0,518105000.0,1578891000.0,0.527,25.212,-51455000.0,315347000.0,315347000.0,568950000.0,-2756000.0,1.432,0.322,0.0,0.0,0.0,0.0,100442000.0,48511000.0,0.0,0.02,0.36,27428000.0,75939000.0,0.07,75939000.0,27428000.0,22160000.0,-0.05,-0.05,-0.05,1582087000.0,1537057000.0,1582087000.0,778268840.0,28.0,10.249,180028000.0,2.869,1.0,511125000.0,0.473,930863000.0,5268000.0,488950000.0,450094250.0,0.0,3609000.0,3609000.0,0.0,509797000.0,361836000.0,147961000.0,1119477840.0,-48418000.0,-173864000.0,-31144000.0,-11500000.0,-22977000.0,-69095000.0,-215407000.0,-3219000.0,231483000.0,4601000.0,-3166000.0,-3166000.0,-3166000.0,0.0,410000.0,-0.003,355035000.0,156090000.0,64687000.0,-7.2,0.708,-353.594,-356.8,521763000.0,0.0,17.84,1.036,1.036,162389000.0,1771068000.0,1080075000.0,1080075000.0,0.0,-0.002,-0.002,0.061,0.025,22368000.0,352646000.0,1.0,62751000.0,62751000.0,,17.212,1166133000.0,52608000.0,25326000.0,29936000.0,18.583,156269000.0
6,ATGE,MRY,2015-12-31,2015-06-30,2015-06-30,2021-08-19,-77114000.0,2039832000.0,2072750500.0,559599000.0,1480233000.0,0.921,24.871,-88707000.0,363765000.0,363765000.0,1000055000.0,140699000.0,1.738,0.281,0.0,0.0,0.0,0.0,90232000.0,90556000.0,0.0,0.012,0.36,161686000.0,252242000.0,0.132,252242000.0,161686000.0,158436000.0,2.17,2.14,2.17,1584810000.0,1561450500.0,1584810000.0,1498552600.0,9.0,5.941,116796000.0,1.833,1.0,909888000.0,0.476,876060000.0,3250000.0,478098000.0,456968500.0,0.0,3579000.0,3579000.0,0.0,445402000.0,321909000.0,123493000.0,1910325600.0,-2770000.0,-67017000.0,-15886000.0,-5978000.0,-23230000.0,-48613000.0,-155882000.0,-158000.0,205503000.0,-3778000.0,139899000.0,139899000.0,139899000.0,-5576000.0,800000.0,0.073,752978000.0,156910000.0,63083000.0,0.166,1.205,13.655,13.816,545874000.0,0.0,29.98,1.0,1.0,139163000.0,1796361000.0,1909943000.0,1909943000.0,0.0,0.067,0.09,0.354,0.085,17440000.0,708285000.0,1.0,63720000.0,63720000.0,,29.974,1163772000.0,7097000.0,18537000.0,21731000.0,18.264,237690000.0
7,ATGE,MRY,2014-12-31,2014-06-30,2014-06-30,2021-08-19,-15394000.0,1997636000.0,1990605250.0,577091000.0,1420545000.0,0.966,24.15,-79355000.0,366535000.0,366535000.0,983436000.0,134711000.0,1.822,0.299,0.0,0.0,0.0,0.0,99160000.0,89817000.0,0.0,0.008,0.34,163632000.0,253449000.0,0.132,253449000.0,163632000.0,161731000.0,2.09,2.07,2.09,1533393000.0,1460212000.0,1533393000.0,2283561470.0,14.0,9.01,186206000.0,2.933,1.0,939935000.0,0.489,814811000.0,1901000.0,499478000.0,460255750.0,0.0,3448000.0,3448000.0,0.0,457850000.0,316812000.0,141038000.0,2688399470.0,161044000.0,-4843000.0,11854000.0,-9095000.0,-21903000.0,-19144000.0,-84333000.0,-135000.0,265561000.0,-1040000.0,134032000.0,134032000.0,134032000.0,0.0,679000.0,0.07,758667000.0,181268000.0,52260000.0,0.163,1.753,20.058,20.258,555837000.0,0.0,42.34,1.398,1.398,132621000.0,1682071000.0,1923371000.0,1923371000.0,0.0,0.067,0.092,0.356,0.085,17685000.0,727870000.0,1.0,63495500.0,63495500.0,,30.291,1182825000.0,39679000.0,27699000.0,47921000.0,18.628,260279000.0
8,ATGE,MRY,2013-12-31,2013-06-30,2013-06-30,2021-08-19,-17101000.0,1857018000.0,1952739000.0,442164000.0,1414854000.0,1.006,22.217,-111775000.0,203595000.0,203595000.0,962223000.0,108840000.0,1.398,0.329,0.0,0.0,0.0,0.0,97478000.0,93250000.0,0.0,0.011,0.34,147972000.0,241222000.0,0.123,241222000.0,147972000.0,146013000.0,1.66,1.65,1.66,1397156000.0,1402599000.0,1397156000.0,1665606142.0,11.0,6.905,149730000.0,2.381,1.0,1002152000.0,0.51,790935000.0,1959000.0,546271000.0,485092750.0,0.0,2975000.0,2975000.0,0.0,459008000.0,316217000.0,142791000.0,1950751142.0,23068000.0,-31386000.0,-47210000.0,-3822000.0,-31529000.0,-82561000.0,-152632000.0,-7742000.0,261505000.0,-3244000.0,106786000.0,106786000.0,106786000.0,0.0,2054000.0,0.054,839605000.0,162547000.0,55131000.0,0.205,1.396,18.268,18.687,571657000.0,0.0,31.02,0.993,0.993,139778000.0,1575009000.0,1964375000.0,1964375000.0,0.0,0.055,0.076,0.305,0.075,15493000.0,756384000.0,1.0,62886884.0,62886884.0,,31.237,1066083000.0,29758000.0,39227000.0,60103000.0,16.952,125947000.0
9,ATGE,MRY,2012-12-31,2012-06-30,2012-06-30,2021-08-19,-5889000.0,1842537000.0,1972749500.0,404427000.0,1438110000.0,1.05,20.716,-125298000.0,176482000.0,176482000.0,960814000.0,142381000.0,1.284,0.352,0.0,0.0,0.0,0.0,98081000.0,84474000.0,0.0,0.01,0.3,215080000.0,299554000.0,0.145,299554000.0,215080000.0,212468000.0,2.11,2.09,2.11,1356393000.0,1375909000.0,1356393000.0,1685180328.0,8.0,5.626,152124000.0,2.323,1.0,1110969000.0,0.536,835181000.0,2612000.0,515995000.0,383017250.0,0.0,2632000.0,2632000.0,0.0,477902000.0,314879000.0,163023000.0,2027814328.0,-273069000.0,-250894000.0,-150243000.0,-70000.0,-18369000.0,-168018000.0,-380010000.0,-61000.0,277422000.0,-2463000.0,141565000.0,141565000.0,141565000.0,0.0,816000.0,0.068,872044000.0,238925000.0,61831000.0,0.142,1.495,14.324,14.678,558977000.0,0.0,30.97,0.979,0.979,93046000.0,1488988000.0,2071783000.0,2071783000.0,0.0,0.072,0.103,0.562,0.104,18530000.0,789903000.0,1.0,65476730.0,65476730.0,,31.642,1007356000.0,71436000.0,70903000.0,66197000.0,15.385,89548000.0
10,ATGE,MRY,2011-12-31,2011-06-30,2011-06-30,2021-08-19,15729000.0,1850503000.0,1894604500.0,624650000.0,1225853000.0,1.14,20.2,-132602000.0,449453000.0,449453000.0,914389000.0,330830000.0,1.974,0.327,0.0,0.0,0.0,0.0,97894000.0,61194000.0,0.0,0.004,0.24,498227000.0,559421000.0,0.259,559421000.0,498227000.0,496945000.0,4.73,4.68,4.73,1389516000.0,1305379500.0,1389516000.0,3463574967.0,7.0,6.191,275388000.0,4.003,1.0,1245875000.0,0.577,719082000.0,1282000.0,365537000.0,220286250.0,0.0,2575000.0,2575000.0,0.0,454232000.0,316431000.0,137801000.0,4067467967.0,139443000.0,-3027000.0,-122382000.0,-3290000.0,-15529000.0,-140189000.0,-125986000.0,13394000.0,407990000.0,-2372000.0,330403000.0,330403000.0,330403000.0,0.0,427000.0,0.153,744369000.0,501506000.0,63611000.0,0.051,2.927,12.311,12.501,468244000.0,0.0,59.13,1.883,1.883,114689000.0,1367972000.0,2160264000.0,2160264000.0,0.0,0.174,0.253,2.262,0.231,14251000.0,744369000.0,1.0,68788567.0,68788567.0,,31.404,1131421000.0,24457000.0,166542000.0,69029000.0,16.448,308219000.0
11,ATGE,MRY,2010-12-31,2010-06-30,2010-06-30,2021-08-19,9896000.0,1627826000.0,1700587250.0,499647000.0,1128179000.0,1.126,16.556,-131009000.0,309804000.0,309804000.0,826089000.0,279983000.0,1.453,0.376,0.0,0.0,0.0,0.0,107557000.0,62222000.0,0.0,0.004,0.2,414133000.0,476355000.0,0.249,476355000.0,414133000.0,412548000.0,3.92,3.87,3.92,1179381000.0,1082608000.0,1179381000.0,3288200764.0,8.0,6.903,260539000.0,3.657,1.0,1089092000.0,0.569,709059000.0,1585000.0,265109000.0,162649750.0,0.0,15666000.0,15666000.0,0.0,443438000.0,343854000.0,99584000.0,3739209764.0,142500000.0,0.0,-27645000.0,-124811000.0,-12839000.0,-161840000.0,-85788000.0,45921000.0,391548000.0,-1420000.0,279909000.0,279909000.0,279909000.0,0.0,74000.0,0.146,678190000.0,410902000.0,90364000.0,0.051,3.17,13.359,13.39,388137000.0,0.0,52.49,1.952,1.952,119210000.0,1055591000.0,1915181000.0,1915181000.0,0.0,0.165,0.259,2.546,0.216,10148000.0,678190000.0,1.0,71236612.0,71236612.0,,26.885,918767000.0,22340000.0,132639000.0,41486000.0,12.897,155793000.0
12,ATGE,MRY,2009-12-31,2009-06-30,2009-06-30,2021-08-19,7157000.0,1434299000.0,1469702750.0,385446000.0,1048853000.0,0.994,12.975,-74044000.0,170541000.0,170541000.0,669673000.0,165652000.0,0.983,0.544,124811000.0,104811000.0,20000000.0,124811000.0,102306000.0,50450000.0,0.0,0.003,0.16,240088000.0,290538000.0,0.199,290538000.0,240088000.0,237313000.0,2.32,2.28,2.32,926942000.0,870594000.0,926942000.0,3392787323.0,14.0,11.678,175521000.0,2.457,1.0,791780000.0,0.542,715763000.0,2775000.0,280789000.0,204996750.0,0.0,60174000.0,60174000.0,0.0,504169000.0,392017000.0,112152000.0,3574949323.0,-51997000.0,-315318000.0,-19461000.0,112071000.0,-10015000.0,86166000.0,-389425000.0,-63000.0,249565000.0,1697000.0,165613000.0,165613000.0,165613000.0,0.0,39000.0,0.113,552970000.0,238810000.0,71564000.0,0.069,3.857,21.586,21.569,307571000.0,0.0,50.04,2.446,2.446,104413000.0,791677000.0,1461453000.0,1461453000.0,0.0,0.113,0.19,1.171,0.164,7550000.0,548070000.0,1.0,71441833.0,71441833.0,,20.457,718536000.0,21562000.0,71700000.0,51895000.0,10.058,-6571000.0
13,ATGE,MRY,2008-12-31,2008-06-30,2008-06-30,2021-08-19,-2963000.0,1018356000.0,1020780000.0,325588000.0,692768000.0,1.07,10.745,-10235000.0,221312000.0,221312000.0,503133000.0,125532000.0,1.545,0.329,0.0,0.0,0.0,0.0,57849000.0,39874000.0,0.0,0.002,0.12,172798000.0,212672000.0,0.195,212672000.0,172798000.0,172276000.0,1.76,1.73,1.76,766426000.0,717991000.0,766426000.0,3551810197.0,21.0,16.701,188411000.0,2.642,1.0,588700000.0,0.539,370871000.0,522000.0,215481000.0,201716250.0,0.0,59479000.0,2308000.0,57171000.0,251930000.0,210692000.0,41238000.0,3824467197.0,88044000.0,-27603000.0,-5741000.0,-1895000.0,-7840000.0,-11275000.0,-99997000.0,-62159000.0,198646000.0,670000.0,125532000.0,125532000.0,125532000.0,0.0,0.0,0.115,422622000.0,166078000.0,70368000.0,0.068,4.99,30.466,30.466,239315000.0,0.0,53.62,3.503,3.503,55214000.0,637501000.0,1091833000.0,1091833000.0,0.0,0.123,0.175,0.857,0.158,5724000.0,422622000.0,1.0,71325386.0,71325386.0,,15.308,647485000.0,14975000.0,46744000.0,11726000.0,9.078,114896000.0
14,ATGE,MRY,2007-12-31,2007-06-30,2007-06-30,2021-08-19,-918000.0,844113000.0,912799250.0,218985000.0,625128000.0,1.023,9.049,-1916000.0,143638000.0,143638000.0,486721000.0,76188000.0,1.32,0.315,0.0,0.0,0.0,0.0,51750000.0,44007000.0,0.0,0.003,0.1,107593000.0,151600000.0,0.162,151600000.0,107593000.0,104940000.0,1.07,1.07,1.07,641966000.0,614932250.0,641966000.0,2219718491.0,21.0,14.642,123260000.0,1.737,1.0,446752000.0,0.479,348033000.0,2653000.0,186567000.0,150610750.0,0.0,0.0,0.0,0.0,202147000.0,165875000.0,36272000.0,2413581491.0,-1428000.0,0.0,3339000.0,-125000000.0,-3545000.0,-124234000.0,-1916000.0,0.0,125176000.0,-454000.0,76188000.0,76188000.0,76188000.0,0.0,0.0,0.082,344465000.0,102287000.0,34295000.0,0.093,3.76,31.679,31.794,259327000.0,0.0,34.02,2.586,2.586,43084000.0,510979000.0,933473000.0,933473000.0,0.0,0.083,0.124,0.714,0.115,5428000.0,359025000.0,1.0,70945958.0,70945958.0,,13.158,496080000.0,13915000.0,28752000.0,18343000.0,6.992,53110000.0
15,ATGE,MRY,2006-12-31,2006-06-30,2006-06-30,2021-08-19,-424000.0,872482000.0,935232750.0,228073000.0,644409000.0,0.898,7.981,-23467000.0,151215000.0,151215000.0,453066000.0,43053000.0,1.08,0.545,125000000.0,60000000.0,65000000.0,125000000.0,48353000.0,48108000.0,0.0,0.0,0.0,51078000.0,99186000.0,0.118,99186000.0,51078000.0,57483000.0,0.61,0.61,0.61,564607000.0,541499250.0,564607000.0,1484286633.0,29.0,14.965,67355000.0,0.952,1.0,386447000.0,0.46,354875000.0,-6405000.0,280123000.0,313967750.0,133000.0,0.0,0.0,0.0,307875000.0,211269000.0,96606000.0,1554164633.0,-31240000.0,-2530000.0,3934000.0,-100000000.0,0.0,-95534000.0,-25997000.0,0.0,90822000.0,-531000.0,43053000.0,43053000.0,43053000.0,0.0,0.0,0.051,322559000.0,63888000.0,39677000.0,0.0,2.753,36.099,36.016,272926000.0,0.0,21.97,1.851,1.851,46567000.0,441893000.0,839513000.0,839513000.0,0.0,0.046,0.08,0.163,0.061,4339000.0,323010000.0,1.0,70740311.0,70740311.0,,11.868,517607000.0,13700000.0,14430000.0,12564000.0,7.317,16804000.0
16,ATGE,MRY,2005-12-31,2005-06-30,2005-06-30,2021-08-19,266000.0,910035000.0,930126000.0,242338000.0,667697000.0,0.839,7.29,-42909000.0,175758000.0,175758000.0,434408000.0,18011000.0,1.298,0.773,225000000.0,50000000.0,175000000.0,225000000.0,37508000.0,57566000.0,0.0,0.0,0.0,31951000.0,89517000.0,0.115,89517000.0,31951000.0,23546000.0,0.26,0.26,0.26,513383000.0,498900000.0,513383000.0,1425121947.0,45.0,15.92,44068000.0,0.626,1.0,346254000.0,0.444,363007000.0,8405000.0,409548000.0,394312500.0,164000.0,0.0,0.0,0.0,396652000.0,186722000.0,209930000.0,1401483947.0,15596000.0,-4861000.0,1091000.0,-25000000.0,0.0,-23328000.0,-47770000.0,0.0,86977000.0,-283000.0,18011000.0,18011000.0,18011000.0,0.0,0.0,0.023,316113000.0,30141000.0,30681000.0,0.0,2.73,77.813,76.538,286767000.0,0.0,19.9,1.795,1.795,39226000.0,398840000.0,780662000.0,780662000.0,0.0,0.019,0.036,0.081,0.041,13011000.0,307362000.0,1.0,70426329.0,70426329.0,,11.085,547028000.0,17142000.0,5535000.0,15949000.0,7.767,55616000.0
17,ATGE,MRY,2004-12-31,2004-06-30,2004-06-30,2021-08-19,266000.0,884132000.0,909209250.0,208875000.0,675257000.0,0.863,7.305,-42808000.0,159684000.0,159684000.0,422280000.0,52357000.0,1.119,0.773,225000000.0,50000000.0,175000000.0,225000000.0,37508000.0,55584000.0,0.0,0.0,0.0,82401000.0,137985000.0,0.176,137985000.0,82401000.0,74567000.0,0.75,0.74,0.75,513383000.0,460590000.0,513383000.0,1979921103.0,24.0,14.349,91148000.0,1.297,1.0,362605000.0,0.462,370743000.0,7834000.0,391983000.0,423496500.0,3281000.0,0.0,0.0,0.0,396652000.0,186722000.0,209930000.0,1927122103.0,52756000.0,-1493000.0,2631000.0,-40000000.0,0.0,-36898000.0,-44301000.0,0.0,133956000.0,-1000.0,52357000.0,52357000.0,52357000.0,0.0,0.0,0.067,280204000.0,82401000.0,30681000.0,0.0,3.754,36.807,36.56,286887000.0,0.0,27.42,2.455,2.455,28150000.0,398840000.0,784885000.0,784885000.0,0.0,0.058,0.114,0.195,0.105,6789000.0,280204000.0,1.0,70281623.0,70281623.0,,11.168,513389000.0,7619000.0,22210000.0,15949000.0,7.305,22153000.0
18,ATGE,MRY,2003-12-31,2003-06-30,2003-06-30,2021-08-19,703000.0,841416000.0,651084250.0,154459000.0,686957000.0,1.044,5.942,-43762000.0,107523000.0,107523000.0,366075000.0,61148000.0,1.226,1.024,290000000.0,15000000.0,275000000.0,290000000.0,26859000.0,40332000.0,0.0,0.0,0.0,87737000.0,128069000.0,0.188,128069000.0,87737000.0,86457000.0,0.87,0.87,0.87,415667000.0,392663500.0,415667000.0,1412756342.0,16.0,11.031,56431000.0,0.807,1.0,313504000.0,0.461,384309000.0,1280000.0,513584000.0,250401000.0,4315000.0,0.0,0.0,0.0,425749000.0,126000000.0,299749000.0,1629265342.0,50956000.0,-295908000.0,404000.0,290000000.0,0.0,290404000.0,-339670000.0,0.0,100193000.0,29000.0,61148000.0,61148000.0,61148000.0,0.0,0.0,0.09,225767000.0,87737000.0,18866000.0,0.0,3.92,26.645,26.77,285354000.0,0.0,23.29,2.397,2.397,24275000.0,346975000.0,679579000.0,679579000.0,0.0,0.094,0.156,0.35,0.129,0.0,225767000.0,1.0,69955575.0,69955575.0,,9.714,457107000.0,11358000.0,25309000.0,10332000.0,6.534,28459000.0
19,ATGE,MRY,2002-12-31,2002-06-30,2002-06-30,2021-08-19,674000.0,467628000.0,523892250.0,117827000.0,349801000.0,1.237,5.058,-85873000.0,78949000.0,78949000.0,347986000.0,67055000.0,1.136,0.323,0.0,0.0,0.0,0.0,28170000.0,33536000.0,0.0,0.0,0.0,111436000.0,144972000.0,0.224,144972000.0,111436000.0,110629000.0,0.96,0.95,0.96,353546000.0,326421500.0,353546000.0,1481235054.0,13.0,10.217,27634000.0,0.395,1.0,300148000.0,0.463,78083000.0,807000.0,206904000.0,201196750.0,4907000.0,0.0,0.0,0.0,114082000.0,103692000.0,10390000.0,1596352054.0,28656000.0,0.0,1068000.0,0.0,0.0,1068000.0,-85873000.0,0.0,113507000.0,-46000.0,67055000.0,67055000.0,67055000.0,0.0,0.0,0.103,188712000.0,111436000.0,36284000.0,0.0,4.515,23.807,23.792,257627000.0,0.0,22.84,2.463,2.463,26054000.0,285827000.0,648134000.0,648134000.0,0.0,0.128,0.205,0.554,0.172,0.0,188712000.0,1.0,69892822.0,69892822.0,,9.273,389545000.0,7249000.0,43574000.0,0.0,5.573,14135000.0
20,ATGE,MRY,2001-12-31,2001-06-30,2001-06-30,2021-08-19,720000.0,391675000.0,427564750.0,88627000.0,303048000.0,1.329,4.082,-76933000.0,49697000.0,49697000.0,304532000.0,57776000.0,0.939,0.376,0.0,0.0,0.0,0.0,25136000.0,32036000.0,0.0,0.0,0.0,96315000.0,128351000.0,0.226,128351000.0,96315000.0,95915000.0,0.83,0.82,0.83,284671000.0,261762000.0,284671000.0,2433955306.0,25.0,18.963,10666000.0,0.153,1.0,263645000.0,0.464,78852000.0,400000.0,168744000.0,133791250.0,4899000.0,0.0,0.0,0.0,107004000.0,94382000.0,12622000.0,2519168306.0,3362000.0,-8572000.0,982000.0,0.0,0.0,982000.0,-85505000.0,0.0,87599000.0,286000.0,57776000.0,57776000.0,57776000.0,0.0,0.0,0.102,167330000.0,96315000.0,34573000.0,0.0,8.849,43.602,43.518,207465000.0,0.0,36.12,4.434,4.434,25664000.0,218772000.0,568177000.0,568177000.0,0.0,0.135,0.221,0.72,0.17,0.0,167330000.0,1.0,69744416.0,69744416.0,,8.147,312823000.0,9879000.0,38139000.0,0.0,4.485,-5755000.0
21,ATGE,MRY,2000-12-31,2000-06-30,2000-06-30,2021-08-19,434000.0,327079000.0,368738500.0,81964000.0,245115000.0,1.33,3.234,-40797000.0,45246000.0,45246000.0,269663000.0,47781000.0,0.919,0.453,0.0,0.0,0.0,0.0,25602000.0,25251000.0,0.0,0.0,0.0,79483000.0,104734000.0,0.213,104734000.0,79483000.0,78074000.0,0.69,0.68,0.69,225139000.0,205093750.0,225139000.0,1770209969.0,22.0,16.902,31945000.0,0.459,1.0,220926000.0,0.45,74134000.0,1409000.0,118514000.0,107123500.0,6371000.0,0.0,0.0,0.0,101940000.0,89185000.0,12755000.0,1840799969.0,-5997000.0,-38587000.0,659000.0,0.0,0.0,659000.0,-79384000.0,0.0,72742000.0,-14000.0,47781000.0,47781000.0,47781000.0,0.0,0.0,0.097,141443000.0,79483000.0,31827000.0,0.0,8.176,38.526,38.319,158801000.0,0.0,26.44,3.752,3.752,25362000.0,160996000.0,490589000.0,490589000.0,0.0,0.13,0.233,0.742,0.162,0.0,141443000.0,1.0,69621784.0,69621784.0,,7.046,252945000.0,5558000.0,30293000.0,0.0,3.633,-7221000.0
22,ATGE,MRY,1999-12-31,1999-06-30,1999-06-30,2021-08-19,448000.0,260691000.0,279636500.0,78941000.0,181750000.0,1.453,2.526,-44819000.0,52614000.0,52614000.0,221856000.0,38830000.0,1.066,0.487,0.0,0.0,0.0,0.0,17124000.0,17784000.0,0.0,0.0,0.0,63410000.0,81194000.0,0.2,81194000.0,63410000.0,63110000.0,0.56,0.55,0.56,175305000.0,159909500.0,175305000.0,1465383838.0,23.0,18.048,9748000.0,0.14,1.0,184465000.0,0.454,37841000.0,300000.0,96193000.0,70780250.0,6592000.0,0.0,0.0,0.0,85386000.0,74043000.0,11343000.0,1553290838.0,-33000.0,0.0,341000.0,-10000000.0,0.0,-9659000.0,-44819000.0,0.0,54567000.0,-122000.0,38830000.0,38830000.0,38830000.0,0.0,0.0,0.096,121055000.0,63410000.0,29080000.0,0.0,8.861,40.002,39.964,135211000.0,0.0,22.38,3.823,3.823,14217000.0,113215000.0,406321000.0,406321000.0,0.0,0.139,0.243,0.896,0.156,0.0,121055000.0,1.0,69405310.0,69405310.0,,5.854,222850000.0,4536000.0,24280000.0,2137000.0,3.211,4898000.0
23,ATGE,MRY,1998-12-31,1998-06-30,1998-06-30,2021-08-19,570000.0,223892000.0,241272000.0,69720000.0,154172000.0,1.465,1.966,-31845000.0,48756000.0,48756000.0,198273000.0,30724000.0,1.057,0.643,10000000.0,0.0,10000000.0,10000000.0,14937000.0,13987000.0,0.0,0.0,0.0,51396000.0,65383000.0,0.185,65383000.0,51396000.0,50483000.0,0.44,0.44,0.44,136256000.0,124092500.0,136256000.0,1448613092.0,28.0,22.156,15754000.0,0.227,1.0,155198000.0,0.439,37908000.0,913000.0,81249000.0,57739750.0,5218000.0,0.0,0.0,0.0,87636000.0,65979000.0,21657000.0,1520338092.0,-6984000.0,0.0,129000.0,-23000000.0,0.0,-22871000.0,-31845000.0,0.0,47599000.0,133000.0,30724000.0,30724000.0,30724000.0,0.0,0.0,0.087,103802000.0,51396000.0,24116000.0,0.0,11.158,49.484,49.864,108105000.0,0.0,21.94,4.301,4.301,11878000.0,74385000.0,353471000.0,353471000.0,0.0,0.127,0.248,0.89,0.145,0.0,103802000.0,1.0,69295264.0,69295264.0,,5.101,185984000.0,1550000.0,19759000.0,3612000.0,2.684,3741000.0
24,ATGE,MRY,1997-12-31,1997-06-30,1997-06-30,2021-08-19,437000.0,208652000.0,,72465000.0,136187000.0,,,-28807000.0,50969000.0,50969000.0,178135000.0,24186000.0,1.243,0.982,33000000.0,0.0,33000000.0,33000000.0,12295000.0,11262000.0,0.0,0.0,0.0,42704000.0,53966000.0,0.175,53966000.0,42704000.0,39856000.0,0.36,0.35,0.36,105270000.0,,105270000.0,,,,13620000.0,,1.0,130184000.0,0.422,37770000.0,2848000.0,94620000.0,,4549000.0,0.0,0.0,0.0,103382000.0,58293000.0,45089000.0,,8917000.0,0.0,23800000.0,-28500000.0,0.0,-4700000.0,-28807000.0,0.0,42427000.0,-3000.0,24186000.0,24186000.0,24186000.0,0.0,0.0,0.078,87480000.0,42704000.0,22301000.0,0.0,,,37.5,90688000.0,0.0,13.5,,,12322000.0,43661000.0,308319000.0,308319000.0,0.0,,,,0.139,0.0,87480000.0,1.0,,,,,170882000.0,0.0,15670000.0,5009000.0,,14172000.0
25,ATGE,MRY,1996-12-31,1996-06-30,1996-06-30,2021-08-19,,,,,,,,-18352000.0,,,155254000.0,19245000.0,,,,,,,,7579000.0,,0.0,0.0,33761000.0,41340000.0,0.159,41340000.0,33761000.0,32698000.0,0.29,0.29,0.29,,,,,,,10016000.0,,1.0,104753000.0,0.403,,1063000.0,,,,,,,,,,,3696000.0,-16930000.0,84000.0,28471000.0,0.0,28555000.0,-53217000.0,0.0,28368000.0,-10000.0,19245000.0,19245000.0,19245000.0,0.0,0.0,0.074,70992000.0,33761000.0,,0.0,,,38.793,,0.0,11.25,,,,,260007000.0,260007000.0,0.0,,,,0.13,0.0,70992000.0,1.0,,,,,,,13453000.0,,,
0,ATGE,MRQ,2021-06-30,2021-06-30,2021-06-30,2021-08-19,-7365000.0,3053836000.0,,1514953000.0,1538883000.0,,26.078,-13820000.0,1313616000.0,1313616000.0,125635000.0,8937000.0,3.706,1.346,1293895000.0,58329000.0,1235566000.0,1293895000.0,100697000.0,23756000.0,0.0,0.0,0.0,37988000.0,61744000.0,0.22,61744000.0,37988000.0,12606000.0,0.19,0.19,0.19,1301070000.0,,1301070000.0,1745566473.0,12.0,7.196,34216000.0,0.686,1.0,154739000.0,0.552,962623000.0,25382000.0,1662685000.0,,0.0,0.0,0.0,0.0,1750976000.0,408807000.0,1342169000.0,1761485473.0,7836000.0,0.0,-17762000.0,-750000.0,0.0,-18574000.0,-21817000.0,-7997000.0,48036000.0,191000.0,9012000.0,9012000.0,9012000.0,0.0,-75000.0,0.032,114499000.0,40240000.0,56071000.0,0.0,1.354,22.904,23.76,466180000.0,0.0,35.64,1.584,1.644,67996000.0,2005105000.0,280374000.0,280374000.0,0.0,,,,,2628000.0,107868000.0,1.0,49424396.0,49891000.0,50277000.0,5.62,2091213000.0,22479000.0,3594000.0,26991000.0,41.916,1106146000.0
1,ATGE,MRQ,2021-03-31,2021-03-31,2021-03-31,2021-08-19,-7756000.0,3031000000.0,,1497278000.0,1533722000.0,,25.785,-10669000.0,1305780000.0,1305780000.0,123077000.0,24550000.0,3.917,1.319,1289861000.0,57911000.0,1231950000.0,1289861000.0,116670000.0,24876000.0,0.0,0.0,0.0,40548000.0,65424000.0,0.233,65424000.0,40548000.0,31993000.0,0.49,0.48,0.49,1306224000.0,,1306224000.0,2029274293.0,-12.0,-32.577,70101000.0,1.384,1.0,157577000.0,0.561,966532000.0,8555000.0,1666344000.0,,0.0,10890000.0,10890000.0,0.0,1722283000.0,382205000.0,1340078000.0,1983074293.0,817059000.0,0.0,-35695000.0,782925000.0,0.0,747159000.0,-10648000.0,21000.0,80770000.0,-222000.0,24652000.0,24652000.0,24652000.0,0.0,-102000.0,0.088,113363000.0,44214000.0,45958000.0,0.0,1.518,-10.54,-11.561,455357000.0,0.0,39.54,1.816,1.835,77559000.0,1995465000.0,280654000.0,280654000.0,0.0,,,,,3595000.0,108500000.0,1.0,50153624.0,50658000.0,51111000.0,5.54,2064468000.0,27441000.0,7341000.0,27005000.0,40.753,1115073000.0
2,ATGE,MRQ,2020-12-31,2020-12-31,2020-12-31,2021-08-19,-7711000.0,2244664000.0,,680447000.0,1564217000.0,,25.144,-9732000.0,488721000.0,488721000.0,126823000.0,23149000.0,1.997,0.707,534921000.0,54950000.0,479971000.0,534921000.0,97400000.0,24287000.0,0.0,0.0,0.0,34274000.0,58561000.0,0.207,58561000.0,34274000.0,30538000.0,0.45,0.44,0.45,1313779000.0,,1313779000.0,1736510453.0,-36.0,30.237,-26266000.0,-0.503,1.0,156288000.0,0.552,969075000.0,3736000.0,981046000.0,,0.0,10541000.0,10541000.0,0.0,928290000.0,340743000.0,587547000.0,1768502453.0,-73396000.0,0.0,-44910000.0,-2472000.0,0.0,-47534000.0,-9831000.0,-99000.0,-16534000.0,503000.0,23315000.0,23315000.0,23315000.0,0.0,-166000.0,0.082,115965000.0,40323000.0,49035000.0,0.0,1.346,-28.536,-32.028,483190000.0,0.0,33.95,1.634,1.639,91051000.0,1970813000.0,283111000.0,283111000.0,0.0,,,,,3648000.0,103721000.0,1.0,52091383.0,52251000.0,52441000.0,5.418,1275589000.0,23489000.0,7223000.0,25792000.0,24.413,339704000.0
3,ATGE,MRQ,2020-09-30,2020-09-30,2020-09-30,2021-08-19,-8612000.0,2329897000.0,,768473000.0,1561424000.0,,25.369,-14443000.0,562117000.0,562117000.0,113698000.0,19839000.0,1.875,0.748,530125000.0,54897000.0,475228000.0,530125000.0,168253000.0,26132000.0,0.0,0.0,0.0,30712000.0,56844000.0,0.212,56844000.0,30712000.0,27020000.0,0.38,0.38,0.38,1330971000.0,,1330971000.0,1288730476.0,-20.0,34.885,65484000.0,1.248,1.0,154543000.0,0.576,971507000.0,3692000.0,916461000.0,,0.0,9434000.0,9434000.0,0.0,996165000.0,409937000.0,586228000.0,1273044476.0,61012000.0,0.0,86000.0,-750000.0,0.0,-4585000.0,-14392000.0,51000.0,79927000.0,62000.0,19930000.0,19930000.0,19930000.0,0.0,-91000.0,0.074,117837000.0,36706000.0,48148000.0,0.0,0.956,-15.96,-17.404,476768000.0,0.0,24.54,1.195,1.208,99536000.0,1947498000.0,268241000.0,268241000.0,0.0,,,,,4004000.0,100178000.0,1.0,51876303.0,52464000.0,52797000.0,5.113,1358390000.0,18325000.0,7090000.0,25410000.0,25.892,358536000.0
4,ATGE,MRQ,2020-06-30,2020-06-30,2020-06-30,2021-08-19,-9055000.0,2228687000.0,,692766000.0,1535921000.0,,25.063,-12203000.0,501105000.0,501105000.0,116050000.0,-256162000.0,2.002,0.699,516791000.0,54644000.0,462147000.0,516791000.0,91589000.0,33578000.0,0.0,0.0,0.0,-276698000.0,-243120000.0,-0.936,-243120000.0,-276698000.0,-280623000.0,-4.74,-4.71,-4.74,1310421000.0,,1310421000.0,2125799037.0,-29.0,78.085,-10042000.0,-0.192,1.0,143679000.0,0.553,973728000.0,3925000.0,924662000.0,,0.0,0.0,0.0,0.0,915414000.0,345983000.0,569431000.0,1613646037.0,248566000.0,313518000.0,1502000.0,-160750000.0,0.0,-159964000.0,411930000.0,-3000.0,2161000.0,-5561000.0,-256052000.0,-256052000.0,-256052000.0,0.0,-110000.0,-0.986,121958000.0,21721000.0,46484000.0,0.0,1.231,-18.91,-19.591,461037000.0,0.0,31.15,1.534,1.589,87042000.0,1927568000.0,259729000.0,259729000.0,0.0,,,,,3256000.0,103669000.0,1.0,51802441.0,52285000.0,52648000.0,4.968,1254959000.0,22277000.0,-24571000.0,24975000.0,24.002,346783000.0
5,ATGE,MRQ,2020-03-31,2020-03-31,2020-03-31,2021-08-19,-276379000.0,2444020000.0,,544266000.0,1899754000.0,,24.446,-11623000.0,168578000.0,168578000.0,118712000.0,150712000.0,1.579,0.886,680731000.0,54926000.0,625805000.0,680731000.0,120047000.0,22185000.0,0.0,0.0,0.0,162960000.0,185145000.0,0.682,185145000.0,162960000.0,157769000.0,2.85,2.83,2.85,1294559000.0,,1294559000.0,1994954739.0,7.0,5.691,107582000.0,2.032,1.0,152775000.0,0.563,976327000.0,5191000.0,1635160000.0,,0.0,7754000.0,7754000.0,0.0,1146499000.0,344686000.0,801813000.0,1417565739.0,77752000.0,0.0,-36622000.0,34250000.0,0.0,-3610000.0,-12973000.0,-132000.0,119205000.0,-24870000.0,150832000.0,150832000.0,150832000.0,0.0,-120000.0,0.556,98288000.0,54487000.0,33932000.0,0.0,1.095,6.437,6.582,474975000.0,0.0,26.79,1.342,1.343,98732000.0,2183620000.0,271487000.0,271487000.0,0.0,,,,,2781000.0,96434000.0,1.0,52913988.0,52955000.0,53319000.0,5.127,1467693000.0,10922000.0,6937000.0,25101000.0,27.716,199580000.0
6,ATGE,MRQ,2019-12-31,2019-12-31,2019-12-31,2021-08-19,-159118000.0,2390610000.0,,389929000.0,2000681000.0,,24.029,-9875000.0,70747000.0,70747000.0,127258000.0,5420000.0,1.282,0.844,648136000.0,56029000.0,592107000.0,648136000.0,51413000.0,19912000.0,0.0,0.0,0.0,18161000.0,38073000.0,0.143,38073000.0,18161000.0,13095000.0,0.1,0.1,0.1,1294912000.0,,1294912000.0,2343128150.0,14.0,10.335,-71017000.0,-1.318,1.0,138914000.0,0.522,979541000.0,5066000.0,1684270000.0,,0.0,9229000.0,9229000.0,0.0,1092616000.0,304188000.0,788428000.0,1888205150.0,-43904000.0,92000.0,-58564000.0,84250000.0,0.0,24214000.0,-10689000.0,-49000.0,-61142000.0,3713000.0,5525000.0,5525000.0,5525000.0,0.0,-105000.0,0.021,98603000.0,40311000.0,31457000.0,0.0,1.458,17.599,18.701,469495000.0,0.0,34.97,1.809,1.806,93394000.0,2032788000.0,266172000.0,266172000.0,0.0,,,,,3324000.0,96648000.0,1.0,53995000.0,53890000.0,54280000.0,4.939,1411069000.0,10242000.0,7570000.0,24916000.0,26.184,85741000.0
7,ATGE,MRQ,2019-09-30,2019-09-30,2019-09-30,2021-08-19,-176739000.0,2460324000.0,,456113000.0,2004211000.0,,23.916,-4015000.0,121789000.0,121789000.0,128034000.0,14252000.0,1.106,0.851,576712000.0,57057000.0,519655000.0,576712000.0,168533000.0,23731000.0,0.0,0.0,0.0,23395000.0,47126000.0,0.185,47126000.0,23395000.0,18067000.0,0.26,0.26,0.26,1327193000.0,,1327193000.0,2192644070.0,12.0,9.395,43453000.0,0.783,1.0,126579000.0,0.497,982316000.0,5328000.0,1520456000.0,,0.0,8763000.0,8763000.0,0.0,1129944000.0,412475000.0,717469000.0,2092017070.0,-81776000.0,0.0,-39427000.0,-65550000.0,0.0,-116749000.0,-5745000.0,-2000.0,47468000.0,-6750000.0,14361000.0,14361000.0,14361000.0,0.0,-109000.0,0.056,100838000.0,25741000.0,44674000.0,0.0,1.576,17.571,18.49,476061000.0,0.0,38.09,2.028,2.049,116212000.0,2027263000.0,254613000.0,254613000.0,0.0,,,,,5223000.0,99087000.0,1.0,54923000.0,55493000.0,56140000.0,4.588,1478008000.0,9814000.0,3706000.0,25375000.0,26.634,43638000.0
8,ATGE,MRQ,2019-06-30,2019-06-30,2019-06-30,2021-08-19,-137290000.0,2242696000.0,,504700000.0,1737996000.0,,24.601,-12305000.0,205224000.0,205224000.0,121979000.0,49794000.0,1.62,0.605,401094000.0,3000000.0,398094000.0,401094000.0,95944000.0,9990000.0,0.0,0.0,0.0,70194000.0,80184000.0,0.303,80184000.0,70194000.0,65006000.0,0.86,0.84,0.86,1391530000.0,,1391530000.0,2519006100.0,17.0,13.353,64018000.0,1.132,1.0,142261000.0,0.538,985245000.0,5188000.0,1141690000.0,,0.0,8680000.0,8680000.0,0.0,841623000.0,311631000.0,529992000.0,2549019100.0,-21135000.0,-119602000.0,-75780000.0,109250000.0,0.0,33055000.0,-133535000.0,-35000.0,76323000.0,3022000.0,49498000.0,49498000.0,49498000.0,0.0,296000.0,0.187,87447000.0,54814000.0,53385000.0,0.0,1.832,26.784,27.638,283433000.0,0.0,45.05,2.514,2.601,83560000.0,2012902000.0,264240000.0,264240000.0,0.0,,,,,2848000.0,90181000.0,1.0,56582000.0,56563000.0,57308000.0,4.672,1257451000.0,12729000.0,15508000.0,25322000.0,22.231,193069000.0
9,ATGE,MRQ,2019-03-31,2019-03-31,2019-03-31,2021-08-19,-148706000.0,2148703000.0,,540091000.0,1608612000.0,,24.192,-13211000.0,231091000.0,231091000.0,120192000.0,37866000.0,1.747,0.524,291589000.0,3000000.0,288589000.0,291589000.0,108370000.0,10808000.0,0.0,0.0,0.0,50534000.0,61342000.0,0.237,61342000.0,50534000.0,45748000.0,0.65,0.64,0.65,1404587000.0,,1404587000.0,2672834600.0,24.0,18.845,92303000.0,1.59,1.0,138511000.0,0.535,864698000.0,4786000.0,1035298000.0,,0.0,8341000.0,8341000.0,0.0,735634000.0,309205000.0,426429000.0,2676369600.0,25983000.0,0.0,-60820000.0,-750000.0,0.0,-63004000.0,-15789000.0,-291000.0,105514000.0,-738000.0,37905000.0,37905000.0,37905000.0,0.0,-39000.0,0.147,92932000.0,45579000.0,39092000.0,0.0,1.905,24.672,25.733,279387000.0,0.0,46.32,3.352,3.368,89578000.0,1964169000.0,258703000.0,258703000.0,0.0,,,,,3009000.0,90746000.0,1.0,57780000.0,58061000.0,58802000.0,4.456,1284005000.0,19199000.0,7843000.0,33278000.0,22.115,230886000.0
10,ATGE,MRQ,2018-12-31,2018-12-31,2018-12-31,2021-08-19,-143518000.0,2122223000.0,,506549000.0,1615674000.0,,24.156,-18737000.0,209113000.0,209113000.0,118077000.0,17506000.0,2.073,0.478,292084000.0,3000000.0,289084000.0,292084000.0,47097000.0,10576000.0,0.0,0.0,0.0,34158000.0,44734000.0,0.176,44734000.0,34158000.0,29152000.0,0.29,0.29,0.29,1429647000.0,,1429647000.0,2662750400.0,24.0,18.373,-73730000.0,-1.246,1.0,135884000.0,0.535,866207000.0,5006000.0,1094677000.0,,0.0,7269000.0,7269000.0,0.0,683925000.0,244310000.0,439615000.0,2779813400.0,-149870000.0,-58876000.0,-50313000.0,-750000.0,0.0,-52652000.0,-44093000.0,-2000.0,-54993000.0,1868000.0,17295000.0,17295000.0,17295000.0,0.0,211000.0,0.068,77215000.0,58669000.0,46442000.0,0.0,1.944,25.293,26.436,275546000.0,0.0,47.32,3.271,3.296,81990000.0,1926134000.0,253961000.0,253961000.0,0.0,,,,,3223000.0,89251000.0,1.0,58745000.0,59185000.0,60000000.0,4.291,1256016000.0,19141000.0,11857000.0,32398000.0,21.222,262239000.0
11,ATGE,MRQ,2018-09-30,2018-09-30,2018-09-30,2021-08-19,-163168000.0,2349865000.0,,739386000.0,1610479000.0,,24.028,-13321000.0,335099000.0,335099000.0,111534000.0,-9585000.0,1.611,0.626,292579000.0,3000000.0,289579000.0,292579000.0,173856000.0,9332000.0,0.0,0.0,0.0,-6942000.0,2390000.0,0.01,2390000.0,-6942000.0,-11860000.0,-0.16,-0.16,-0.16,1440035000.0,,1440035000.0,2750747200.0,26.0,19.0,64693000.0,1.079,1.0,125405000.0,0.529,867405000.0,4918000.0,980854000.0,,0.0,8402000.0,8402000.0,0.0,901016000.0,459086000.0,441930000.0,2888674200.0,1084000.0,0.0,-48524000.0,-750000.0,0.0,-54932000.0,-20419000.0,-4152000.0,78014000.0,-1579000.0,-9530000.0,-9530000.0,-9530000.0,0.0,-55000.0,-0.04,128637000.0,-3232000.0,48087000.0,0.0,2.006,252.198,283.529,351403000.0,0.0,48.2,3.195,3.195,108213000.0,1908465000.0,236939000.0,236939000.0,0.0,,,,,4137000.0,89164000.0,1.0,59931000.0,59931000.0,,3.954,1482460000.0,31080000.0,-2330000.0,29378000.0,24.736,280300000.0
12,ATGE,MRQ,2018-06-30,2018-06-30,2018-06-30,2021-08-19,-142168000.0,2344961000.0,,688000000.0,1656961000.0,,24.719,3811000.0,431000000.0,431000000.0,-28374000.0,62875000.0,1.881,0.537,293073000.0,3000000.0,290073000.0,293073000.0,106773000.0,891000.0,0.0,0.0,0.0,32472000.0,33363000.0,0.683,33363000.0,32472000.0,28138000.0,1.02,1.01,1.02,1519286000.0,,1519286000.0,2750551700.0,21.0,15.696,59736000.0,0.972,1.0,77227000.0,1.581,1176818000.0,4334000.0,664435000.0,,0.0,4255000.0,4255000.0,0.0,816565000.0,365781000.0,450784000.0,2896918700.0,168094000.0,-4028000.0,-23920000.0,180688000.0,0.0,145109000.0,-22020000.0,-14000.0,55925000.0,-10920000.0,62806000.0,62806000.0,62806000.0,0.0,69000.0,1.286,52374000.0,24853000.0,47477000.0,0.0,1.907,85.786,87.455,388654000.0,0.0,48.1,3.017,3.079,146726000.0,1917373000.0,48853000.0,48853000.0,0.0,,,,,2982000.0,51707000.0,1.0,60227000.0,61462000.0,,0.795,1168143000.0,38780000.0,-34668000.0,29115000.0,19.006,322219000.0
13,ATGE,MRQ,2018-03-31,2018-03-31,2018-03-31,2021-08-19,-59195000.0,2288326000.0,,539340000.0,1748986000.0,,25.852,-18960000.0,265823000.0,265823000.0,159312000.0,39288000.0,1.424,0.461,120000000.0,0.0,120000000.0,120000000.0,133299000.0,14234000.0,0.0,0.0,0.0,50208000.0,64442000.0,0.208,64442000.0,50208000.0,47358000.0,0.64,0.63,0.64,1558287000.0,,1558287000.0,2818366350.0,18.0,13.93,114525000.0,1.9,1.0,150758000.0,0.486,1230985000.0,2850000.0,532892000.0,,0.0,4200000.0,4200000.0,0.0,718648000.0,378626000.0,340022000.0,2866171350.0,56558000.0,-3069000.0,-5279000.0,-47618000.0,0.0,-52953000.0,-24303000.0,-9000.0,133485000.0,329000.0,39334000.0,39334000.0,39334000.0,0.0,-46000.0,0.127,98254000.0,52504000.0,33992000.0,0.0,1.839,207.363,237.75,418359000.0,0.0,47.55,2.551,2.551,155418000.0,1852122000.0,310070000.0,310070000.0,0.0,,,,,2737000.0,97633000.0,1.0,60277000.0,60277000.0,,5.144,1057341000.0,30500000.0,8024000.0,122081000.0,17.541,160714000.0
14,ATGE,MRQ,2017-12-31,2017-12-31,2017-12-31,2021-08-19,-60745000.0,2211600000.0,,469809000.0,1741791000.0,,25.055,-19700000.0,212272000.0,212272000.0,157443000.0,-80782000.0,1.583,0.45,165000000.0,0.0,165000000.0,165000000.0,69953000.0,12978000.0,0.0,0.0,0.0,31601000.0,44579000.0,0.145,44579000.0,31601000.0,29120000.0,-1.33,-1.33,-1.33,1519959000.0,,1519959000.0,2404770250.0,16.0,11.927,-60258000.0,-0.993,1.0,150768000.0,0.489,1219743000.0,2481000.0,647766000.0,,0.0,4268000.0,4268000.0,0.0,684236000.0,296819000.0,387417000.0,2550963250.0,-61440000.0,-972000.0,-34909000.0,28374000.0,0.0,-6855000.0,-11219000.0,-123000.0,-40558000.0,-2808000.0,-81156000.0,-81156000.0,-81156000.0,0.0,374000.0,-0.263,90849000.0,59919000.0,32730000.0,0.0,1.678,177.805,221.316,418339000.0,0.0,42.05,2.225,2.225,134274000.0,1812746000.0,308211000.0,308211000.0,0.0,,,,,3795000.0,89423000.0,1.0,60665000.0,60665000.0,,5.081,991857000.0,31968000.0,110276000.0,120307000.0,16.35,172990000.0
15,ATGE,MRQ,2017-09-30,2017-09-30,2017-09-30,2021-08-19,-35720000.0,2384511000.0,,541626000.0,1842885000.0,,26.71,-11773000.0,274657000.0,274657000.0,173176000.0,12916000.0,1.202,0.434,135000000.0,0.0,135000000.0,135000000.0,171470000.0,13675000.0,0.0,0.005,0.0,17058000.0,30733000.0,0.105,30733000.0,17058000.0,17260000.0,0.21,0.2,0.21,1658039000.0,,1658039000.0,2099328600.0,17.0,12.074,78564000.0,1.266,1.0,119967000.0,0.409,1234585000.0,-202000.0,559751000.0,,0.0,4139000.0,4139000.0,0.0,719906000.0,450518000.0,269388000.0,2225424600.0,30097000.0,0.0,-48296000.0,3685000.0,0.0,-48097000.0,-13908000.0,-13000.0,90337000.0,1765000.0,12785000.0,12785000.0,12785000.0,0.0,131000.0,0.044,90081000.0,29886000.0,46095000.0,0.0,1.342,20.247,20.486,476128000.0,0.0,35.85,1.899,1.899,151867000.0,1894372000.0,293143000.0,293143000.0,0.0,,,,,4985000.0,88944000.0,1.0,62076000.0,62076000.0,,4.722,1149926000.0,32137000.0,4475000.0,34755000.0,18.524,91108000.0
16,ATGE,MRQ,2017-06-30,2017-06-30,2017-06-30,2021-08-19,-59119000.0,2315018000.0,,471207000.0,1843811000.0,,26.651,-12957000.0,241738000.0,241738000.0,89395000.0,43354000.0,1.249,0.383,125000000.0,0.0,125000000.0,125000000.0,103542000.0,8646000.0,0.0,0.005,0.0,53928000.0,62574000.0,0.295,62574000.0,53928000.0,47473000.0,0.68,0.67,0.68,1669039000.0,,1669039000.0,2281979700.0,16.0,11.525,48176000.0,0.769,1.0,122854000.0,0.579,1221044000.0,6455000.0,599909000.0,,0.0,4013000.0,4013000.0,0.0,639694000.0,377327000.0,262367000.0,2376656700.0,36419000.0,0.0,-10441000.0,4124000.0,0.0,-6554000.0,-16476000.0,-11000.0,61133000.0,-1684000.0,42859000.0,42859000.0,42859000.0,0.0,495000.0,0.202,64577000.0,58277000.0,43083000.0,0.0,1.424,19.436,19.663,488826000.0,0.0,37.95,1.968,1.968,148677000.0,1881397000.0,212249000.0,212249000.0,0.0,,,,,3308000.0,60721000.0,1.0,62626000.0,62626000.0,,3.389,1093974000.0,34755000.0,4614000.0,34712000.0,17.468,93880000.0
17,ATGE,MRQ,2017-03-31,2017-03-31,2017-03-31,2021-08-19,-37013000.0,2317809000.0,,428592000.0,1889217000.0,,26.307,-10780000.0,210094000.0,210094000.0,182216000.0,40022000.0,1.066,0.397,120000000.0,0.0,120000000.0,120000000.0,136612000.0,16238000.0,0.0,0.01,0.0,47508000.0,63746000.0,0.192,63746000.0,47508000.0,47202000.0,0.63,0.62,0.63,1654324000.0,,1654324000.0,2243236250.0,22.0,16.739,117529000.0,1.869,1.0,150459000.0,0.452,1260109000.0,306000.0,565441000.0,,0.0,3950000.0,3950000.0,0.0,656885000.0,402165000.0,254720000.0,2229273250.0,3640000.0,0.0,-7369000.0,-105425000.0,-2000.0,-112865000.0,-12132000.0,-9000.0,128309000.0,328000.0,39859000.0,39859000.0,39859000.0,0.0,163000.0,0.12,106494000.0,43965000.0,30203000.0,0.0,1.348,32.097,32.227,498262000.0,0.0,35.45,2.703,2.703,133683000.0,1837738000.0,332675000.0,332675000.0,0.0,,,,,3959000.0,103690000.0,1.0,62885000.0,62885000.0,,5.29,1057700000.0,35497000.0,7343000.0,30228000.0,16.82,26427000.0
18,ATGE,MRQ,2016-12-31,2016-12-31,2016-12-31,2021-08-19,-50828000.0,2301433000.0,,427433000.0,1874000000.0,,25.628,-7453000.0,203482000.0,203482000.0,179148000.0,14755000.0,1.313,0.43,225000000.0,0.0,225000000.0,225000000.0,88092000.0,11175000.0,0.0,0.012,0.18,5643000.0,16818000.0,0.05,16818000.0,5643000.0,4331000.0,0.23,0.23,0.23,1604913000.0,,1604913000.0,1889025600.0,17.0,12.373,-64733000.0,-1.034,1.0,154810000.0,0.464,1252525000.0,1312000.0,744870000.0,,0.0,3844000.0,3844000.0,0.0,689800000.0,325556000.0,364244000.0,1953837600.0,16225000.0,503000.0,-464000.0,95000000.0,-11412000.0,82852000.0,-8648000.0,-63000.0,-57280000.0,-699000.0,14413000.0,14413000.0,14413000.0,0.0,342000.0,0.043,156280000.0,-1470000.0,32119000.0,0.783,1.217,23.967,24.375,500526000.0,0.0,31.2,2.022,2.022,127941000.0,1797634000.0,333958000.0,333958000.0,0.0,,,,,3583000.0,101167000.0,1.0,62623000.0,62623000.0,,5.333,1048908000.0,26618000.0,-10082000.0,32452000.0,16.75,101877000.0
19,ATGE,MRQ,2016-09-30,2016-09-30,2016-09-30,2021-08-19,-49223000.0,2324356000.0,,423658000.0,1900698000.0,,25.687,-11318000.0,194812000.0,194812000.0,250673000.0,25149000.0,0.952,0.448,130000000.0,0.0,130000000.0,130000000.0,224713000.0,20915000.0,0.0,0.016,0.0,33110000.0,54025000.0,0.12,54025000.0,33110000.0,32053000.0,0.4,0.39,0.4,1601678000.0,,1601678000.0,1122536240.0,21.0,11.157,87440000.0,1.402,1.0,199219000.0,0.443,1280277000.0,1057000.0,534427000.0,,0.0,3738000.0,3738000.0,0.0,717635000.0,444840000.0,272795000.0,1437883240.0,-120535000.0,-331070000.0,-1694000.0,126482000.0,0.0,122410000.0,-342398000.0,-10000.0,98758000.0,695000.0,25152000.0,25152000.0,25152000.0,0.0,-3000.0,0.056,166112000.0,33107000.0,57423000.0,0.0,0.898,87.034,88.692,514444000.0,0.0,23.06,1.321,1.321,184294000.0,1796099000.0,449892000.0,449892000.0,0.0,,,,,5750000.0,161065000.0,1.0,62354000.0,62354000.0,,7.215,1044079000.0,32037000.0,6901000.0,30769000.0,16.744,-21182000.0
20,ATGE,MRQ,2016-06-30,2016-06-30,2016-06-30,2021-08-19,-42467000.0,2096996000.0,,518105000.0,1578891000.0,,25.212,-451000.0,315347000.0,315347000.0,-170015000.0,-9601000.0,1.432,0.322,0.0,0.0,0.0,0.0,100442000.0,-15328000.0,0.0,0.02,0.18,14755000.0,-573000.0,0.002,-573000.0,14755000.0,14674000.0,-0.16,-0.16,-0.16,1582087000.0,,1582087000.0,778268840.0,28.0,10.249,11343000.0,0.181,1.0,-121746000.0,0.417,930863000.0,81000.0,488950000.0,,0.0,3609000.0,3609000.0,0.0,509797000.0,361836000.0,147961000.0,1119477840.0,-25610000.0,-28075000.0,-7912000.0,-5610000.0,-11414000.0,-28410000.0,-15406000.0,-11000.0,11794000.0,6412000.0,-9969000.0,-9969000.0,-9969000.0,0.0,368000.0,0.034,-265121000.0,143375000.0,64687000.0,-1.125,0.708,-353.594,-356.8,521763000.0,0.0,17.84,1.036,1.036,162389000.0,1771068000.0,-291761000.0,-291761000.0,0.0,,,,,8379000.0,-132016000.0,1.0,62751000.0,62751000.0,,-4.65,1166133000.0,52608000.0,24643000.0,29936000.0,18.583,156269000.0
21,ATGE,MRQ,2016-03-31,2016-03-31,2016-03-31,2021-08-19,-91348000.0,2097059000.0,,551526000.0,1545533000.0,,24.628,-9956000.0,341209000.0,341209000.0,252867000.0,51930000.0,1.373,0.346,0.0,0.0,0.0,0.0,170106000.0,21567000.0,0.0,0.021,0.0,60842000.0,82409000.0,0.174,82409000.0,60842000.0,59461000.0,0.81,0.81,0.81,1555935000.0,,1555935000.0,898900790.0,19.0,6.676,133214000.0,2.109,1.0,221354000.0,0.467,936058000.0,1381000.0,418238000.0,,0.0,3528000.0,3528000.0,0.0,537595000.0,401554000.0,136041000.0,1091066790.0,152021000.0,24788000.0,-7551000.0,-2414000.0,0.0,-9965000.0,14824000.0,-8000.0,143170000.0,3992000.0,51925000.0,51925000.0,51925000.0,0.0,5000.0,0.109,160507000.0,60847000.0,54222000.0,0.0,0.701,29.706,30.298,512340000.0,0.0,17.27,0.591,0.591,170035000.0,1794012000.0,474221000.0,474221000.0,0.0,,,,,3777000.0,161483000.0,1.0,63177000.0,63177000.0,,7.506,1161001000.0,24242000.0,7536000.0,27692000.0,18.377,149972000.0
22,ATGE,MRQ,2015-12-31,2015-12-31,2015-12-31,2021-08-19,-133207000.0,1892540000.0,,359027000.0,1533513000.0,,23.109,-18295000.0,192166000.0,192166000.0,241021000.0,-50470000.0,1.23,0.288,0.0,0.0,0.0,0.0,77778000.0,21247000.0,0.0,0.014,0.18,-56494000.0,-35247000.0,-0.077,-35247000.0,-56494000.0,-58101000.0,-0.79,-0.79,-0.79,1466837000.0,,1466837000.0,1162207560.0,29.0,8.908,-58357000.0,-0.919,1.0,215182000.0,0.472,900895000.0,1607000.0,507670000.0,,0.0,3493000.0,3493000.0,0.0,422890000.0,291809000.0,131081000.0,1606577560.0,-258260000.0,-170577000.0,-7945000.0,-545000.0,-11563000.0,-20053000.0,-188945000.0,-73000.0,-40062000.0,-9200000.0,-50587000.0,-50587000.0,-50587000.0,0.0,117000.0,-0.111,271559000.0,-56377000.0,56762000.0,-0.228,1.095,50.325,51.653,535551000.0,0.0,25.31,0.863,0.863,121817000.0,1743105000.0,456203000.0,456203000.0,0.0,,,,,3974000.0,159163000.0,1.0,63476000.0,63476000.0,,7.187,991645000.0,24889000.0,-7514000.0,21380000.0,15.622,67218000.0
23,ATGE,MRQ,2015-09-30,2015-09-30,2015-09-30,2021-08-19,-122154000.0,2106609000.0,,681663000.0,1424946000.0,,24.3,-22753000.0,444370000.0,444370000.0,245077000.0,5386000.0,1.551,0.363,0.0,0.0,0.0,0.0,223343000.0,21025000.0,0.0,0.013,0.0,8326000.0,29351000.0,0.066,29351000.0,8326000.0,6127000.0,0.08,0.08,0.08,1543369000.0,,1543369000.0,1364423730.0,9.0,5.788,93828000.0,1.477,1.0,196336000.0,0.445,837320000.0,2199000.0,385519000.0,,0.0,3398000.0,3398000.0,0.0,559588000.0,439400000.0,120188000.0,1728188730.0,83431000.0,0.0,-7736000.0,-2931000.0,0.0,-10667000.0,-25880000.0,-3127000.0,116581000.0,3397000.0,5465000.0,5465000.0,5465000.0,0.0,-79000.0,0.012,188089000.0,8247000.0,59777000.0,0.0,1.12,13.834,14.026,530336000.0,0.0,27.21,0.915,0.915,185956000.0,1804482000.0,441413000.0,441413000.0,0.0,,,,,6238000.0,164016000.0,1.0,63513000.0,63513000.0,,6.95,1269289000.0,6318000.0,662000.0,21103000.0,19.985,242263000.0
24,ATGE,MRQ,2015-06-30,2015-06-30,2015-06-30,2021-08-19,-77114000.0,2039832000.0,,559599000.0,1480233000.0,,24.871,-24406000.0,363765000.0,363765000.0,249729000.0,30256000.0,1.738,0.281,0.0,0.0,0.0,0.0,90232000.0,24612000.0,0.0,0.012,0.18,33517000.0,58129000.0,0.123,58129000.0,33517000.0,31810000.0,0.47,0.46,0.47,1584810000.0,,1584810000.0,1498552600.0,9.0,5.941,-28270000.0,-0.444,1.0,223460000.0,0.472,876060000.0,1707000.0,478098000.0,,0.0,3579000.0,3579000.0,0.0,445402000.0,321909000.0,123493000.0,1910325600.0,-46697000.0,0.0,-4094000.0,3472000.0,-11591000.0,-15732000.0,-24417000.0,-11000.0,-3864000.0,-2684000.0,29926000.0,29926000.0,29926000.0,0.0,330000.0,0.063,189613000.0,33847000.0,63083000.0,0.383,1.205,13.655,13.816,545874000.0,0.0,29.98,1.0,1.0,139163000.0,1796361000.0,473189000.0,473189000.0,0.0,,,,,4005000.0,175407000.0,1.0,63720000.0,63720000.0,,7.426,1163772000.0,7097000.0,1884000.0,21731000.0,18.264,237690000.0
25,ATGE,MRQ,2015-03-31,2015-03-31,2015-03-31,2021-08-19,-78876000.0,2148677000.0,,667921000.0,1480756000.0,,24.532,-21240000.0,411773000.0,411773000.0,253186000.0,47204000.0,1.672,0.367,0.0,0.0,0.0,0.0,176451000.0,23289000.0,0.0,0.01,0.0,54942000.0,78231000.0,0.16,78231000.0,54942000.0,53447000.0,0.73,0.72,0.73,1564946000.0,,1564946000.0,1737605456.0,10.0,6.699,95818000.0,1.502,1.0,236644000.0,0.483,886406000.0,1495000.0,450940000.0,,0.0,3577000.0,3577000.0,0.0,574631000.0,399558000.0,175073000.0,2128104456.0,22150000.0,-63468000.0,-6305000.0,-5353000.0,0.0,-11658000.0,-84715000.0,-7000.0,117058000.0,1465000.0,47120000.0,47120000.0,47120000.0,-5576000.0,84000.0,0.096,187194000.0,49450000.0,58531000.0,0.0,1.36,14.432,14.568,544623000.0,0.0,33.36,1.107,1.107,149586000.0,1778239000.0,489830000.0,489830000.0,0.0,,,,,3905000.0,180212000.0,1.0,63792100.0,63792100.0,,7.679,1262271000.0,45163000.0,6327000.0,71153000.0,19.787,268363000.0
26,ATGE,MRQ,2014-12-31,2014-12-31,2014-12-31,2021-08-19,-44066000.0,1967866000.0,,572779000.0,1395087000.0,,24.356,-21909000.0,390499000.0,390499000.0,250809000.0,42802000.0,2.162,0.26,0.0,0.0,0.0,0.0,66356000.0,21443000.0,0.0,0.007,0.18,48581000.0,70024000.0,0.144,70024000.0,48581000.0,48529000.0,0.66,0.65,0.66,1555875000.0,,1555875000.0,2547218125.0,14.0,9.343,-70663000.0,-1.106,1.0,234071000.0,0.483,808908000.0,52000.0,503479000.0,,0.0,3520000.0,3520000.0,0.0,403852000.0,264980000.0,138872000.0,3032383125.0,-93143000.0,-3549000.0,-6577000.0,0.0,-11639000.0,-18216000.0,-25587000.0,-129000.0,-48754000.0,-586000.0,42413000.0,42413000.0,42413000.0,0.0,389000.0,0.087,185101000.0,48970000.0,55737000.0,0.273,1.949,19.456,19.616,542989000.0,0.0,47.47,1.573,1.573,89318000.0,1731976000.0,484880000.0,484880000.0,0.0,,,,,4008000.0,174913000.0,1.0,63879990.0,63879990.0,,7.59,1158958000.0,45104000.0,6116000.0,48339000.0,18.143,307799000.0
27,ATGE,MRQ,2014-09-30,2014-09-30,2014-09-30,2021-08-19,-32015000.0,2134627000.0,,735872000.0,1398755000.0,,24.177,-21152000.0,485165000.0,485165000.0,246331000.0,20437000.0,1.631,0.382,0.0,0.0,0.0,0.0,234884000.0,21212000.0,0.0,0.008,0.0,24646000.0,45858000.0,0.099,45858000.0,24646000.0,24650000.0,0.32,0.31,0.32,1540171000.0,,1540171000.0,2360590430.0,12.0,8.35,119911000.0,1.882,1.0,215713000.0,0.467,802840000.0,-4000.0,395357000.0,,0.0,3414000.0,3414000.0,0.0,587839000.0,451265000.0,136574000.0,2727125430.0,114920000.0,0.0,1090000.0,-4097000.0,0.0,-3007000.0,-21163000.0,-11000.0,141063000.0,-1973000.0,20440000.0,20440000.0,20440000.0,0.0,-3000.0,0.044,191070000.0,24643000.0,62435000.0,0.0,1.771,16.875,17.056,552414000.0,0.0,42.81,1.41,1.41,170280000.0,1702289000.0,462044000.0,462044000.0,0.0,,,,,5522000.0,177753000.0,1.0,63703000.0,63703000.0,,7.253,1331787000.0,46741000.0,4210000.0,50552000.0,20.906,284607000.0
28,ATGE,MRQ,2014-06-30,2014-06-30,2014-06-30,2021-08-19,-15394000.0,1997636000.0,,577091000.0,1420545000.0,,24.15,-31746000.0,366535000.0,366535000.0,256073000.0,37936000.0,1.822,0.299,0.0,0.0,0.0,0.0,99160000.0,22927000.0,0.0,0.008,0.17,42344000.0,65271000.0,0.135,65271000.0,42344000.0,42070000.0,0.58,0.58,0.58,1533393000.0,,1533393000.0,2283561470.0,14.0,9.01,-29394000.0,-0.463,1.0,229000000.0,0.472,814811000.0,274000.0,499478000.0,,0.0,3448000.0,3448000.0,0.0,457850000.0,316812000.0,141038000.0,2688399470.0,-38627000.0,-1227000.0,4609000.0,-2638000.0,-10962000.0,-8991000.0,-32919000.0,54000.0,2352000.0,931000.0,37484000.0,37484000.0,37484000.0,0.0,452000.0,0.077,184184000.0,44816000.0,52260000.0,0.293,1.753,20.058,20.258,555837000.0,0.0,42.34,1.398,1.398,132621000.0,1682071000.0,485073000.0,485073000.0,0.0,,,,,4013000.0,169716000.0,1.0,63495500.0,63495500.0,,7.639,1182825000.0,39679000.0,4586000.0,47921000.0,18.628,260279000.0
29,ATGE,MRQ,2014-03-31,2014-03-31,2014-03-31,2021-08-19,-19604000.0,2048865000.0,,638496000.0,1410369000.0,,23.573,-14183000.0,404838000.0,404838000.0,242631000.0,55544000.0,1.574,0.368,0.0,0.0,0.0,0.0,194560000.0,22581000.0,0.0,0.008,0.0,68911000.0,91492000.0,0.184,91492000.0,68911000.0,68443000.0,0.86,0.86,0.86,1493319000.0,,1493319000.0,2411457110.0,29.0,13.895,135905000.0,2.145,1.0,253486000.0,0.511,811562000.0,468000.0,426777000.0,,0.0,3333000.0,3333000.0,0.0,549357000.0,405688000.0,143669000.0,2685364110.0,134781000.0,65000.0,2961000.0,-4319000.0,0.0,-1358000.0,-14201000.0,-83000.0,150088000.0,252000.0,55525000.0,55525000.0,55525000.0,0.0,19000.0,0.112,183949000.0,69537000.0,54594000.0,0.0,1.798,41.803,42.39,551511000.0,0.0,42.39,1.4,1.4,161202000.0,1655283000.0,496117000.0,496117000.0,0.0,,,,,3812000.0,183949000.0,1.0,63349000.0,63349000.0,,7.831,1237303000.0,29458000.0,12918000.0,54574000.0,19.532,232808000.0
30,ATGE,MRQ,2013-12-31,2013-12-31,2013-12-31,2021-08-19,-25573000.0,1889113000.0,,475745000.0,1413368000.0,,22.526,-11246000.0,273907000.0,273907000.0,242997000.0,48408000.0,1.549,0.322,0.0,0.0,0.0,0.0,97725000.0,22680000.0,0.0,0.01,0.17,57389000.0,80069000.0,0.163,80069000.0,57389000.0,56647000.0,0.75,0.74,0.75,1424991000.0,,1424991000.0,1929899500.0,22.0,10.77,-39345000.0,-0.622,1.0,248272000.0,0.505,808477000.0,742000.0,499577000.0,,0.0,3263000.0,3263000.0,0.0,458147000.0,307152000.0,150995000.0,2245694500.0,-46510000.0,2000000.0,2748000.0,0.0,-10927000.0,-8179000.0,-9343000.0,-97000.0,-28099000.0,-889000.0,48155000.0,48155000.0,48155000.0,920000.0,253000.0,0.098,189710000.0,58562000.0,62721000.0,0.227,1.576,34.268,34.466,558043000.0,0.0,35.5,1.166,1.166,117812000.0,1599985000.0,491269000.0,491269000.0,0.0,,,,,4044000.0,185046000.0,1.0,63259000.0,63259000.0,,7.766,1080636000.0,31169000.0,8492000.0,59941000.0,17.083,168593000.0
31,ATGE,MRQ,2013-09-30,2013-09-30,2013-09-30,2021-08-19,-17605000.0,2026807000.0,,592476000.0,1434331000.0,,22.058,-22180000.0,315795000.0,315795000.0,241737000.0,-7177000.0,1.235,0.455,0.0,0.0,0.0,0.0,243353000.0,21629000.0,0.0,0.011,0.0,-5012000.0,16617000.0,0.037,16617000.0,-5012000.0,-5429000.0,-0.11,-0.11,-0.11,1389145000.0,,1389145000.0,1721012680.0,18.0,9.148,119040000.0,1.89,1.0,209176000.0,0.464,816074000.0,417000.0,415191000.0,,0.0,3104000.0,3104000.0,0.0,631772000.0,479747000.0,152025000.0,1924607680.0,111400000.0,-5681000.0,1536000.0,-2138000.0,-14000.0,-616000.0,-27870000.0,-9000.0,141220000.0,-1334000.0,-7132000.0,-7132000.0,-7132000.0,0.0,-45000.0,-0.016,198905000.0,10271000.0,57798000.0,0.0,1.385,28.443,28.83,570493000.0,0.0,30.56,0.994,0.994,183487000.0,1562662000.0,450913000.0,450913000.0,0.0,,,,,5816000.0,189158000.0,1.0,62978000.0,62978000.0,,7.16,1210733000.0,33336000.0,1703000.0,64026000.0,19.225,112729000.0
32,ATGE,MRQ,2013-06-30,2013-06-30,2013-06-30,2021-08-19,-17101000.0,1857018000.0,,442164000.0,1414854000.0,,22.217,-33774000.0,203595000.0,203595000.0,245698000.0,-31366000.0,1.398,0.329,0.0,0.0,0.0,0.0,97478000.0,24036000.0,0.0,0.011,0.17,-38665000.0,-14629000.0,-0.03,-14629000.0,-38665000.0,-38824000.0,-0.5,-0.5,-0.5,1397156000.0,,1397156000.0,1665606142.0,11.0,6.905,-54692000.0,-0.87,1.0,234266000.0,0.488,790935000.0,159000.0,546271000.0,,0.0,2975000.0,2975000.0,0.0,459008000.0,316217000.0,142791000.0,1950751142.0,-80850000.0,0.0,-1909000.0,-3822000.0,-10822000.0,-16221000.0,-41649000.0,-7474000.0,-20918000.0,-2062000.0,-32310000.0,-32310000.0,-32310000.0,0.0,944000.0,-0.067,264010000.0,-29744000.0,55131000.0,-0.34,1.396,18.268,18.687,571657000.0,0.0,31.02,0.993,0.993,139778000.0,1575009000.0,479964000.0,479964000.0,0.0,,,,,3403000.0,192302000.0,1.0,62886884.0,62886884.0,,7.632,1066083000.0,29758000.0,-6514000.0,60103000.0,16.952,125947000.0
33,ATGE,MRQ,2013-03-31,2013-03-31,2013-03-31,2021-08-19,-5934000.0,2018834000.0,,548025000.0,1470809000.0,,22.939,-30788000.0,285161000.0,285161000.0,236828000.0,57160000.0,1.338,0.387,0.0,0.0,0.0,0.0,195359000.0,23353000.0,0.0,0.01,0.0,73777000.0,97130000.0,0.193,97130000.0,73777000.0,73436000.0,0.89,0.88,0.89,1449123000.0,,1449123000.0,1785551555.0,9.0,5.998,71430000.0,1.131,1.0,266997000.0,0.53,858595000.0,341000.0,465623000.0,,0.0,2952000.0,2952000.0,0.0,560694000.0,409455000.0,151239000.0,2005704555.0,61735000.0,0.0,-8629000.0,0.0,0.0,-9019000.0,-31330000.0,-186000.0,102218000.0,-134000.0,56821000.0,56821000.0,56821000.0,0.0,339000.0,0.113,191349000.0,75648000.0,53822000.0,0.0,1.384,13.627,13.804,569963000.0,0.0,31.75,1.017,1.017,171736000.0,1616850000.0,503825000.0,503825000.0,0.0,,,,,3720000.0,189320000.0,1.0,63171797.0,63171797.0,,7.975,1160239000.0,23962000.0,16615000.0,58956000.0,18.366,138570000.0
34,ATGE,MRQ,2012-12-31,2012-12-31,2012-12-31,2021-08-19,-6696000.0,1914784000.0,,450771000.0,1464013000.0,,22.008,-21591000.0,220461000.0,220461000.0,240244000.0,51224000.0,1.336,0.365,0.0,0.0,0.0,0.0,140576000.0,23593000.0,0.0,0.013,0.17,65419000.0,89012000.0,0.178,89012000.0,65419000.0,64890000.0,0.78,0.78,0.78,1396358000.0,,1396358000.0,1253506714.0,5.0,3.936,-5508000.0,-0.087,1.0,260422000.0,0.52,860376000.0,529000.0,496419000.0,,0.0,2752000.0,2752000.0,0.0,509525000.0,337528000.0,171997000.0,1505618714.0,-31307000.0,-1848000.0,-12477000.0,0.0,-10914000.0,-23339000.0,-23870000.0,-74000.0,16083000.0,-181000.0,50286000.0,50286000.0,50286000.0,0.0,938000.0,0.1,193227000.0,67195000.0,60383000.0,0.218,1.078,9.56,9.806,559357000.0,0.0,23.73,0.749,0.749,118322000.0,1560130000.0,500666000.0,500666000.0,0.0,,,,,2654000.0,183743000.0,1.0,63447902.0,63447902.0,,7.891,1054408000.0,48835000.0,14604000.0,64444000.0,16.618,113243000.0
35,ATGE,MRQ,2012-09-30,2012-09-30,2012-09-30,2021-08-19,-5412000.0,2020320000.0,,546053000.0,1474267000.0,,21.33,-25622000.0,252118000.0,252118000.0,239453000.0,31822000.0,1.151,0.471,0.0,0.0,0.0,0.0,255222000.0,22268000.0,0.0,0.013,0.0,47441000.0,69709000.0,0.145,69709000.0,47441000.0,46511000.0,0.49,0.49,0.49,1367759000.0,,1367759000.0,1282874129.0,7.0,4.768,138500000.0,2.16,1.0,240467000.0,0.501,861895000.0,930000.0,432058000.0,,0.0,2750000.0,2750000.0,0.0,643924000.0,474249000.0,169675000.0,1459448129.0,73490000.0,-29538000.0,-24195000.0,0.0,-9793000.0,-33982000.0,-55783000.0,-8000.0,164122000.0,-867000.0,31989000.0,31989000.0,31989000.0,0.0,-167000.0,0.067,191019000.0,49448000.0,61543000.0,0.0,1.067,12.574,12.859,567659000.0,0.0,22.76,0.718,0.718,167045000.0,1520415000.0,479920000.0,479920000.0,0.0,,,,,5716000.0,191019000.0,1.0,64123380.0,64123380.0,,7.484,1158425000.0,59729000.0,14522000.0,67286000.0,18.066,71804000.0
36,ATGE,MRQ,2012-06-30,2012-06-30,2012-06-30,2021-08-19,-5889000.0,1842537000.0,,404427000.0,1438110000.0,,20.716,-33131000.0,176482000.0,176482000.0,237159000.0,8485000.0,1.284,0.352,0.0,0.0,0.0,0.0,98081000.0,19626000.0,0.0,0.01,0.15,22206000.0,41832000.0,0.086,41832000.0,22206000.0,21247000.0,0.14,0.13,0.14,1356393000.0,,1356393000.0,1685180328.0,8.0,5.626,-110838000.0,-1.693,1.0,250730000.0,0.514,835181000.0,959000.0,515995000.0,,0.0,2632000.0,2632000.0,0.0,477902000.0,314879000.0,163023000.0,2027814328.0,-155364000.0,-5219000.0,-33422000.0,0.0,61000.0,-33424000.0,-42102000.0,5000.0,-77707000.0,-2131000.0,8085000.0,8085000.0,8085000.0,0.0,400000.0,0.017,200880000.0,49850000.0,61831000.0,1.071,1.495,14.324,14.678,558977000.0,0.0,30.97,0.979,0.979,93046000.0,1488988000.0,487889000.0,487889000.0,0.0,,,,,5639000.0,193778000.0,1.0,65476730.0,65476730.0,,7.451,1007356000.0,71436000.0,13162000.0,66197000.0,15.385,89548000.0
37,ATGE,MRQ,2012-03-31,2012-03-31,2012-03-31,2021-08-19,3163000.0,2112202000.0,,665368000.0,1446834000.0,,21.009,-29140000.0,342634000.0,342634000.0,244195000.0,67304000.0,1.2,0.509,0.0,0.0,0.0,0.0,372457000.0,22517000.0,0.0,0.008,0.0,95391000.0,117908000.0,0.218,117908000.0,95391000.0,94741000.0,1.01,1.0,1.01,1394490000.0,,1394490000.0,1931648949.0,6.0,5.039,106693000.0,1.607,1.0,296612000.0,0.548,859434000.0,650000.0,355698000.0,,0.0,2665000.0,2665000.0,0.0,709544000.0,554436000.0,155108000.0,2248196949.0,43691000.0,-24247000.0,-29104000.0,0.0,-10145000.0,-38794000.0,-53395000.0,-8000.0,135833000.0,47000.0,67131000.0,67131000.0,67131000.0,0.0,173000.0,0.124,201158000.0,95454000.0,53208000.0,0.0,1.612,10.774,11.033,546550000.0,0.0,33.87,1.066,1.066,254661000.0,1490371000.0,540807000.0,540807000.0,0.0,,,,,4037000.0,201158000.0,1.0,66377235.0,66377235.0,,8.147,1252768000.0,31231000.0,27610000.0,63693000.0,18.873,110932000.0
38,ATGE,MRQ,2011-12-31,2011-12-31,2011-12-31,2021-08-19,4458000.0,1924332000.0,,528780000.0,1395552000.0,,20.126,-29207000.0,316548000.0,316548000.0,241212000.0,9280000.0,1.238,0.416,0.0,0.0,0.0,0.0,279668000.0,22335000.0,0.0,0.007,0.15,17262000.0,39597000.0,0.076,39597000.0,17262000.0,16781000.0,0.13,0.13,0.13,1354039000.0,,1354039000.0,2258857343.0,7.0,5.383,3453000.0,0.051,1.0,282837000.0,0.54,829904000.0,481000.0,350790000.0,,0.0,2499000.0,2499000.0,0.0,562661000.0,427090000.0,135571000.0,2587472343.0,-37169000.0,6400000.0,-46236000.0,-70000.0,0.0,-46347000.0,-22855000.0,-48000.0,32660000.0,-627000.0,8865000.0,8865000.0,8865000.0,0.0,415000.0,0.017,269081000.0,13756000.0,51413000.0,1.154,1.911,11.037,11.312,524908000.0,0.0,38.46,1.215,1.215,145488000.0,1423651000.0,524049000.0,524049000.0,0.0,,,,,3955000.0,194042000.0,1.0,67276972.0,67276972.0,,7.789,1094428000.0,29320000.0,7916000.0,64570000.0,16.267,101690000.0
39,ATGE,MRQ,2011-09-30,2011-09-30,2011-09-30,2021-08-19,5348000.0,2011927000.0,,545231000.0,1466696000.0,,20.442,-33820000.0,328615000.0,328615000.0,238248000.0,57312000.0,1.178,0.433,0.0,0.0,0.0,0.0,268965000.0,19996000.0,0.0,0.006,0.0,80221000.0,100217000.0,0.193,100217000.0,80221000.0,79699000.0,0.84,0.83,0.84,1398714000.0,,1398714000.0,2079465589.0,4.0,3.909,152816000.0,2.233,1.0,280790000.0,0.541,911030000.0,522000.0,309586000.0,,0.0,2337000.0,2337000.0,0.0,606037000.0,462696000.0,143341000.0,2528918589.0,-124227000.0,-227828000.0,-41481000.0,0.0,-8285000.0,-49453000.0,-261658000.0,-10000.0,186636000.0,248000.0,57484000.0,57484000.0,57484000.0,0.0,-172000.0,0.111,200925000.0,79865000.0,65678000.0,0.0,1.808,8.047,8.159,515785000.0,0.0,36.96,1.172,1.172,151428000.0,1424866000.0,519038000.0,519038000.0,0.0,,,,,4899000.0,200925000.0,1.0,68423122.0,68423122.0,,7.586,1100897000.0,21712000.0,22215000.0,75490000.0,16.09,82535000.0
40,ATGE,MRQ,2011-06-30,2011-06-30,2011-06-30,2021-08-19,15729000.0,1850503000.0,,624650000.0,1225853000.0,,20.2,-41303000.0,449453000.0,449453000.0,223477000.0,75688000.0,1.974,0.327,0.0,0.0,0.0,0.0,97894000.0,13316000.0,0.0,0.004,0.12,112328000.0,125644000.0,0.239,125644000.0,112328000.0,111887000.0,1.09,1.08,1.09,1389516000.0,,1389516000.0,3463574967.0,7.0,6.191,-118544000.0,-1.723,1.0,301166000.0,0.574,719082000.0,441000.0,365537000.0,,0.0,2575000.0,2575000.0,0.0,454232000.0,316431000.0,137801000.0,4067467967.0,-149370000.0,-3027000.0,-21750000.0,-3290000.0,0.0,-24589000.0,-47464000.0,-10000.0,-77241000.0,-76000.0,75196000.0,75196000.0,75196000.0,0.0,492000.0,0.143,184255000.0,116911000.0,63611000.0,0.11,2.927,12.311,12.501,468244000.0,0.0,59.13,1.883,1.883,114689000.0,1367972000.0,524643000.0,524643000.0,0.0,,,,,3059000.0,184255000.0,1.0,68788567.0,68788567.0,,7.627,1131421000.0,24457000.0,36691000.0,69029000.0,16.448,308219000.0
41,ATGE,MRQ,2011-03-31,2011-03-31,2011-03-31,2021-08-19,13662000.0,2070427000.0,,887722000.0,1182705000.0,,19.332,-37636000.0,603893000.0,603893000.0,232914000.0,92909000.0,1.481,0.542,0.0,0.0,0.0,0.0,420887000.0,16512000.0,0.0,0.004,0.0,137653000.0,154165000.0,0.274,154165000.0,137653000.0,137305000.0,1.34,1.32,1.34,1338581000.0,,1338581000.0,3344736817.0,7.0,6.092,173662000.0,2.508,1.0,329816000.0,0.586,709692000.0,348000.0,157466000.0,,0.0,2556000.0,2556000.0,0.0,725380000.0,599376000.0,126004000.0,3813126817.0,137233000.0,0.0,-26521000.0,0.0,-8395000.0,-34458000.0,-38272000.0,-9000.0,211298000.0,-1335000.0,92900000.0,92900000.0,92900000.0,0.0,9000.0,0.165,192589000.0,137227000.0,63741000.0,0.0,2.849,11.669,11.869,437956000.0,0.0,55.07,1.78,1.78,223953000.0,1300862000.0,562730000.0,562730000.0,0.0,,,,,2873000.0,192589000.0,1.0,69241453.0,69241453.0,,8.127,1360735000.0,26290000.0,44405000.0,63874000.0,19.652,288346000.0
42,ATGE,MRQ,2010-12-31,2010-12-31,2010-12-31,2021-08-19,13623000.0,1834583000.0,,675752000.0,1158831000.0,,18.122,-30653000.0,468390000.0,468390000.0,229917000.0,88872000.0,1.479,0.44,0.0,0.0,0.0,0.0,281532000.0,16123000.0,0.0,0.005,0.12,135768000.0,151891000.0,0.275,151891000.0,135768000.0,135529000.0,1.26,1.25,1.26,1269507000.0,,1269507000.0,2899077758.0,6.0,5.443,47301000.0,0.675,1.0,321546000.0,0.583,709564000.0,239000.0,199788000.0,,0.0,2464000.0,2464000.0,0.0,559041000.0,456841000.0,102200000.0,3361213758.0,8288000.0,0.0,-38525000.0,0.0,-17000.0,-38450000.0,-30702000.0,-49000.0,77954000.0,-514000.0,88706000.0,88706000.0,88706000.0,0.0,166000.0,0.161,185993000.0,135553000.0,62185000.0,0.095,2.648,10.669,10.806,414959000.0,0.0,47.98,1.613,1.613,152834000.0,1208419000.0,551463000.0,551463000.0,0.0,,,,,3069000.0,185993000.0,1.0,70054476.0,70054476.0,,7.872,1125019000.0,24547000.0,46823000.0,43914000.0,16.059,218911000.0
43,ATGE,MRQ,2010-09-30,2010-09-30,2010-09-30,2021-08-19,12704000.0,1822905000.0,,680775000.0,1142130000.0,,17.302,-23010000.0,462136000.0,462136000.0,228081000.0,73361000.0,1.383,0.485,0.0,0.0,0.0,0.0,264922000.0,15243000.0,0.0,0.004,0.0,112478000.0,127721000.0,0.245,127721000.0,112478000.0,112224000.0,1.04,1.03,1.04,1223914000.0,,1223914000.0,3171212980.0,7.0,6.252,172969000.0,2.445,1.0,293347000.0,0.563,710002000.0,254000.0,158354000.0,,0.0,2330000.0,2330000.0,0.0,593358000.0,492413000.0,100945000.0,3481016980.0,143292000.0,0.0,-35586000.0,0.0,-7117000.0,-42692000.0,-9548000.0,13462000.0,195979000.0,-447000.0,73601000.0,73601000.0,73601000.0,0.0,-240000.0,0.141,181532000.0,111815000.0,74527000.0,0.0,2.844,11.651,11.717,398520000.0,0.0,49.21,1.736,1.736,161323000.0,1128326000.0,521428000.0,521428000.0,0.0,,,,,5250000.0,181532000.0,1.0,70738000.0,70738000.0,,7.371,1112903000.0,24202000.0,38623000.0,45307000.0,15.733,188362000.0
44,ATGE,MRQ,2010-06-30,2010-06-30,2010-06-30,2021-08-19,9896000.0,1627826000.0,,499647000.0,1128179000.0,,16.556,-29410000.0,309804000.0,309804000.0,215341000.0,71902000.0,1.453,0.376,0.0,0.0,0.0,0.0,107557000.0,14513000.0,0.0,0.004,0.1,100772000.0,115285000.0,0.228,115285000.0,100772000.0,100440000.0,1.0,0.99,1.0,1179381000.0,,1179381000.0,3288200764.0,8.0,6.903,-119190000.0,-1.673,1.0,291333000.0,0.575,709059000.0,332000.0,265109000.0,,0.0,15666000.0,15666000.0,0.0,443438000.0,343854000.0,99584000.0,3739209764.0,-132195000.0,0.0,-15362000.0,-44757000.0,0.0,-59392000.0,16558000.0,45968000.0,-89780000.0,419000.0,71576000.0,71576000.0,71576000.0,0.0,326000.0,0.141,190765000.0,100568000.0,90364000.0,0.1,3.17,13.359,13.39,388137000.0,0.0,52.49,1.952,1.952,119210000.0,1055591000.0,506674000.0,506674000.0,0.0,,,,,2247000.0,190765000.0,1.0,71236612.0,71236612.0,,7.113,918767000.0,22340000.0,28864000.0,41486000.0,12.897,155793000.0
45,ATGE,MRQ,2010-03-31,2010-03-31,2010-03-31,2021-08-19,9995000.0,1880227000.0,,768583000.0,1111644000.0,,15.845,-39970000.0,495766000.0,495766000.0,214300000.0,80920000.0,1.185,0.663,44757000.0,44757000.0,0.0,44757000.0,390283000.0,14932000.0,0.0,0.003,0.0,122809000.0,137741000.0,0.273,137741000.0,122809000.0,122473000.0,1.14,1.12,1.14,1127606000.0,,1127606000.0,4357460674.0,12.0,10.129,174094000.0,2.446,1.0,290085000.0,0.575,711055000.0,336000.0,69400000.0,,0.0,61781000.0,61781000.0,0.0,748103000.0,648763000.0,99340000.0,4639877674.0,167347000.0,0.0,-176000.0,25000.0,-7123000.0,-5703000.0,-40671000.0,-8000.0,214064000.0,-343000.0,81152000.0,81152000.0,81152000.0,0.0,-232000.0,0.161,168065000.0,122020000.0,89152000.0,0.0,4.115,18.91,18.899,372012000.0,0.0,65.2,2.571,2.571,155902000.0,991295000.0,504385000.0,504385000.0,0.0,,,,,2184000.0,168065000.0,1.0,71163768.0,71163768.0,,7.088,1169172000.0,22489000.0,41321000.0,48281000.0,16.429,119820000.0
46,ATGE,MRQ,2009-12-31,2009-12-31,2009-12-31,2021-08-19,11547000.0,1665818000.0,,578635000.0,1087183000.0,,14.714,-35147000.0,327149000.0,327149000.0,199965000.0,72590000.0,1.101,0.59,44732000.0,44732000.0,0.0,44732000.0,293913000.0,16825000.0,0.0,0.003,0.1,109680000.0,126505000.0,0.267,126505000.0,109680000.0,109185000.0,1.02,1.0,1.02,1045165000.0,,1045165000.0,3844216263.0,12.0,10.136,54911000.0,0.773,1.0,273047000.0,0.577,713015000.0,495000.0,144881000.0,,0.0,61608000.0,61608000.0,0.0,616549000.0,525505000.0,91044000.0,4029525263.0,-6693000.0,0.0,-1840000.0,-60109000.0,0.0,-60931000.0,-35174000.0,-27000.0,90058000.0,-646000.0,72454000.0,72454000.0,72454000.0,0.0,136000.0,0.153,164118000.0,108929000.0,71246000.0,0.098,3.855,18.733,18.785,345757000.0,0.0,56.73,2.381,2.381,135183000.0,910802000.0,473012000.0,473012000.0,0.0,,,,,2095000.0,164118000.0,1.0,71029883.0,71029883.0,,6.659,952803000.0,22191000.0,36731000.0,51790000.0,13.414,53130000.0
47,ATGE,MRQ,2009-09-30,2009-09-30,2009-09-30,2021-08-19,11131000.0,1628478000.0,,561201000.0,1067277000.0,,13.747,-26482000.0,290150000.0,290150000.0,196483000.0,54571000.0,1.009,0.661,104841000.0,104841000.0,0.0,104841000.0,244535000.0,15952000.0,0.0,0.003,0.0,80872000.0,96824000.0,0.225,96824000.0,80872000.0,80450000.0,0.77,0.76,0.77,978280000.0,,978280000.0,3891106127.0,14.0,11.84,150724000.0,2.118,1.0,234627000.0,0.544,715776000.0,422000.0,171209000.0,,0.0,61253000.0,61253000.0,0.0,646459000.0,556184000.0,90275000.0,3936836127.0,114041000.0,0.0,-10267000.0,-19970000.0,-5716000.0,-35814000.0,-26501000.0,-12000.0,177206000.0,-850000.0,54727000.0,54727000.0,54727000.0,0.0,-156000.0,0.127,155242000.0,79385000.0,86642000.0,0.0,4.024,21.222,21.277,323377000.0,0.0,55.32,2.478,2.478,156973000.0,845686000.0,431110000.0,431110000.0,0.0,,,,,3622000.0,155242000.0,1.0,71164789.0,71164789.0,,6.058,912702000.0,20223000.0,25723000.0,51366000.0,12.825,5017000.0
48,ATGE,MRQ,2009-06-30,2009-06-30,2009-06-30,2021-08-19,7157000.0,1434299000.0,,385446000.0,1048853000.0,,12.975,-23336000.0,170541000.0,170541000.0,184752000.0,37071000.0,0.983,0.544,124811000.0,104811000.0,20000000.0,124811000.0,102306000.0,14073000.0,0.0,0.003,0.08,55069000.0,69142000.0,0.174,69142000.0,55069000.0,54307000.0,0.52,0.51,0.52,926942000.0,,926942000.0,3392787323.0,14.0,11.678,-61703000.0,-0.864,1.0,211487000.0,0.534,715763000.0,762000.0,280789000.0,,0.0,60174000.0,60174000.0,0.0,504169000.0,392017000.0,112152000.0,3574949323.0,-129777000.0,-27856000.0,-16611000.0,-22992000.0,0.0,-39382000.0,-51206000.0,-14000.0,-38367000.0,-822000.0,37032000.0,37032000.0,37032000.0,0.0,39000.0,0.093,157793000.0,53694000.0,71564000.0,0.154,3.857,21.586,21.569,307571000.0,0.0,50.04,2.446,2.446,104413000.0,791677000.0,396239000.0,396239000.0,0.0,,,,,1037000.0,152893000.0,1.0,71441833.0,71441833.0,,5.546,718536000.0,21562000.0,17275000.0,51895000.0,10.058,-6571000.0
49,ATGE,MRQ,2009-03-31,2009-03-31,2009-03-31,2021-08-19,737000.0,1590869000.0,,549805000.0,1041064000.0,,12.52,-25500000.0,317225000.0,317225000.0,178201000.0,50886000.0,0.938,0.774,135063000.0,115063000.0,20000000.0,135063000.0,302517000.0,13273000.0,0.0,0.003,0.0,73533000.0,86806000.0,0.222,86806000.0,73533000.0,73049000.0,0.71,0.7,0.71,896638000.0,,896638000.0,3370246246.0,15.0,12.74,123659000.0,1.727,1.0,213681000.0,0.545,679233000.0,484000.0,143035000.0,,0.0,59204000.0,1743000.0,57461000.0,694231000.0,586439000.0,107792000.0,3450396246.0,91653000.0,-962000.0,-6826000.0,-20061000.0,-5733000.0,-31365000.0,-26474000.0,-12000.0,149159000.0,333000.0,50886000.0,50886000.0,50886000.0,0.0,0.0,0.13,137917000.0,75764000.0,66212000.0,0.0,3.848,22.53,22.514,277738000.0,0.0,48.18,2.571,2.571,179954000.0,760350000.0,391882000.0,391882000.0,0.0,,,,,1704000.0,137917000.0,1.0,71614700.0,71614700.0,,5.472,911636000.0,17850000.0,22163000.0,58518000.0,12.73,-36634000.0
50,ATGE,MRQ,2008-12-31,2008-12-31,2008-12-31,2021-08-19,469000.0,1454887000.0,,424952000.0,1029935000.0,,11.875,-14570000.0,235274000.0,235274000.0,167107000.0,42865000.0,0.854,0.71,155124000.0,135124000.0,20000000.0,155124000.0,226059000.0,13327000.0,0.0,0.002,0.08,62532000.0,75859000.0,0.205,75859000.0,62532000.0,61356000.0,0.6,0.59,0.6,850606000.0,,850606000.0,4086593877.0,21.0,16.929,27385000.0,0.382,1.0,202508000.0,0.548,682100000.0,1176000.0,194879000.0,,0.0,59618000.0,1861000.0,57757000.0,604281000.0,497758000.0,106523000.0,4112340877.0,20267000.0,-246000.0,558000.0,-10752000.0,0.0,-8519000.0,-14840000.0,-24000.0,41955000.0,1671000.0,42865000.0,42865000.0,42865000.0,0.0,0.0,0.116,139968000.0,62540000.0,40905000.0,0.133,4.835,29.253,29.142,264830000.0,0.0,57.41,3.313,3.313,137602000.0,709464000.0,369615000.0,369615000.0,0.0,,,,,1699000.0,139968000.0,1.0,71631090.0,71631090.0,,5.16,772787000.0,16312000.0,18491000.0,56060000.0,10.788,-72806000.0
51,ATGE,MRQ,2008-09-30,2008-09-30,2008-09-30,2021-08-19,-2557000.0,1398756000.0,,392327000.0,1006429000.0,,11.317,-10638000.0,191623000.0,191623000.0,139613000.0,34830000.0,0.773,0.731,165876000.0,145876000.0,20000000.0,165876000.0,193917000.0,9777000.0,0.0,0.002,0.0,48954000.0,58731000.0,0.193,58731000.0,48954000.0,48601000.0,0.49,0.48,0.49,808190000.0,,808190000.0,3316444920.0,18.0,14.7,86180000.0,1.207,1.0,164104000.0,0.54,664027000.0,353000.0,201284000.0,,0.0,59264000.0,2136000.0,57128000.0,590566000.0,507698000.0,82868000.0,3537756920.0,-34140000.0,-286254000.0,3418000.0,165876000.0,-4282000.0,165432000.0,-296905000.0,-13000.0,96818000.0,515000.0,34830000.0,34830000.0,34830000.0,0.0,0.0,0.115,117292000.0,46812000.0,81153000.0,0.0,4.377,26.495,26.492,260648000.0,0.0,49.54,3.089,3.089,154654000.0,672331000.0,303717000.0,303717000.0,0.0,,,,,3110000.0,117292000.0,1.0,71412130.0,71412130.0,,4.253,734729000.0,15635000.0,13771000.0,33526000.0,10.289,-115371000.0
52,ATGE,MRQ,2008-06-30,2008-06-30,2008-06-30,2021-08-19,-2963000.0,1018356000.0,,325588000.0,692768000.0,,10.745,-25414000.0,221312000.0,221312000.0,127372000.0,24566000.0,1.545,0.329,0.0,0.0,0.0,0.0,57849000.0,9859000.0,0.0,0.002,0.06,33290000.0,43149000.0,0.156,43149000.0,33290000.0,33186000.0,0.34,0.33,0.34,766426000.0,,766426000.0,3551810197.0,21.0,16.701,-32090000.0,-0.45,1.0,149433000.0,0.54,370871000.0,104000.0,215481000.0,,0.0,59479000.0,2308000.0,57171000.0,251930000.0,210692000.0,41238000.0,3824467197.0,-32381000.0,-13000.0,-1809000.0,0.0,0.0,-473000.0,-26162000.0,-735000.0,-6676000.0,930000.0,24566000.0,24566000.0,24566000.0,0.0,0.0,0.089,118484000.0,30949000.0,70368000.0,0.176,4.99,30.466,30.466,239315000.0,0.0,53.62,3.503,3.503,55214000.0,637501000.0,276805000.0,276805000.0,0.0,,,,,1437000.0,118484000.0,1.0,71325386.0,71325386.0,,3.881,647485000.0,14975000.0,8620000.0,11726000.0,9.078,114896000.0
53,ATGE,MRQ,2008-03-31,2008-03-31,2008-03-31,2021-08-19,-2644000.0,1115892000.0,,434573000.0,681319000.0,,10.311,4608000.0,272657000.0,272657000.0,130846000.0,38318000.0,1.303,0.515,0.0,0.0,0.0,0.0,217274000.0,10281000.0,0.0,0.003,0.0,53374000.0,63655000.0,0.219,63655000.0,53374000.0,53275000.0,0.54,0.53,0.54,736397000.0,,736397000.0,2879449140.0,18.0,14.538,77800000.0,1.089,1.0,160127000.0,0.55,372530000.0,99000.0,137291000.0,,0.0,59982000.0,2345000.0,57637000.0,379495000.0,333414000.0,46081000.0,2988184140.0,150668000.0,-136000.0,-5637000.0,0.0,-4283000.0,-8265000.0,85334000.0,80862000.0,73192000.0,407000.0,38318000.0,38318000.0,38318000.0,0.0,0.0,0.132,109576000.0,50551000.0,36895000.0,0.0,4.058,25.559,25.512,222831000.0,0.0,41.84,2.852,2.852,121523000.0,606781000.0,290973000.0,290973000.0,0.0,,,,,1407000.0,109576000.0,1.0,71419315.0,71419315.0,,4.074,743362000.0,17287000.0,14957000.0,13809000.0,10.408,101159000.0
54,ATGE,MRQ,2007-12-31,2007-12-31,2007-12-31,2021-08-19,-1788000.0,996332000.0,,368257000.0,628075000.0,,9.86,-9817000.0,108735000.0,108735000.0,123887000.0,35813000.0,1.491,0.417,0.0,0.0,0.0,0.0,135343000.0,10248000.0,0.0,0.002,0.06,49825000.0,60073000.0,0.219,60073000.0,49825000.0,49727000.0,0.5,0.49,0.5,703165000.0,,703165000.0,3534310974.0,26.0,19.924,42304000.0,0.593,1.0,149850000.0,0.547,373970000.0,98000.0,266694000.0,,0.0,142144000.0,142144000.0,0.0,293167000.0,246933000.0,46234000.0,3705539974.0,-51099000.0,-27454000.0,4531000.0,-1895000.0,0.0,3679000.0,-106819000.0,-69548000.0,52121000.0,-80000.0,35813000.0,35813000.0,35813000.0,0.0,0.0,0.131,102917000.0,46933000.0,37029000.0,0.12,5.27,36.501,36.592,234041000.0,0.0,51.96,3.696,3.696,76842000.0,568463000.0,273737000.0,273737000.0,0.0,,,,,1366000.0,102917000.0,1.0,71315242.0,71315242.0,,3.838,622362000.0,17938000.0,13914000.0,16053000.0,8.727,121324000.0
55,ATGE,MRQ,2007-09-30,2007-09-30,2007-09-30,2021-08-19,-1550000.0,952540000.0,,353729000.0,598811000.0,,9.367,20388000.0,171229000.0,171229000.0,121028000.0,26835000.0,1.433,0.43,0.0,0.0,0.0,0.0,137243000.0,9486000.0,0.0,0.003,0.0,36309000.0,45795000.0,0.183,45795000.0,36309000.0,36088000.0,0.38,0.37,0.38,665976000.0,,665976000.0,2487647425.0,23.0,16.487,100397000.0,1.412,1.0,129290000.0,0.517,346987000.0,221000.0,187399000.0,,0.0,72745000.0,72745000.0,0.0,286564000.0,246925000.0,39639000.0,2631285425.0,20856000.0,0.0,-2826000.0,0.0,-3557000.0,-6216000.0,-52350000.0,-72738000.0,80009000.0,-587000.0,26835000.0,26835000.0,26835000.0,0.0,0.0,0.107,95388000.0,33902000.0,32799000.0,0.0,3.951,32.049,32.183,232864000.0,0.0,37.01,2.728,2.728,75790000.0,536933000.0,250318000.0,250318000.0,0.0,,,,,1514000.0,91645000.0,1.0,71096607.0,71096607.0,,3.521,605553000.0,15491000.0,9253000.0,8689000.0,8.517,106804000.0
56,ATGE,MRQ,2007-06-30,2007-06-30,2007-06-30,2021-08-19,-918000.0,844113000.0,,218985000.0,625128000.0,,9.049,-11019000.0,143638000.0,143638000.0,120022000.0,15947000.0,1.32,0.315,0.0,0.0,0.0,0.0,51750000.0,10613000.0,0.0,0.003,0.05,17926000.0,28539000.0,0.123,28539000.0,17926000.0,19936000.0,0.22,0.22,0.22,641966000.0,,641966000.0,2219718491.0,21.0,14.642,-10018000.0,-0.141,1.0,112807000.0,0.485,348033000.0,-2010000.0,186567000.0,,0.0,0.0,0.0,0.0,202147000.0,165875000.0,36272000.0,2413581491.0,-6666000.0,0.0,3244000.0,0.0,0.0,4036000.0,-11019000.0,0.0,1001000.0,-684000.0,15947000.0,15947000.0,15947000.0,0.0,0.0,0.068,94861000.0,17946000.0,34295000.0,0.227,3.76,31.679,31.794,259327000.0,0.0,34.02,2.586,2.586,43084000.0,510979000.0,232829000.0,232829000.0,0.0,,,,,1081000.0,89706000.0,1.0,70945958.0,70945958.0,,3.282,496080000.0,13915000.0,3989000.0,18343000.0,6.992,53110000.0
57,ATGE,MRQ,2007-03-31,2007-03-31,2007-03-31,2021-08-19,-159000.0,947161000.0,,320175000.0,626986000.0,,8.821,-9473000.0,193863000.0,193863000.0,125815000.0,22924000.0,1.107,0.513,0.0,0.0,0.0,0.0,179375000.0,11444000.0,0.0,0.002,0.0,31543000.0,42987000.0,0.175,42987000.0,31543000.0,30769000.0,0.32,0.32,0.32,626010000.0,,626010000.0,1937436995.0,22.0,14.697,20386000.0,0.287,1.0,120010000.0,0.488,349457000.0,774000.0,114500000.0,,125000.0,0.0,0.0,0.0,321151000.0,289341000.0,31810000.0,2082873995.0,-35525000.0,0.0,-2401000.0,-50000000.0,-3545000.0,-55813000.0,-9473000.0,0.0,29859000.0,-98000.0,22924000.0,22924000.0,22924000.0,0.0,0.0,0.093,90423000.0,29587000.0,34283000.0,0.0,3.327,28.908,28.775,257564000.0,0.0,29.35,2.281,2.281,95490000.0,498589000.0,245825000.0,245825000.0,0.0,,,,,1234000.0,90283000.0,1.0,70966746.0,70966746.0,,3.464,597704000.0,15501000.0,7845000.0,11811000.0,8.422,30834000.0
58,ATGE,MRQ,2006-12-31,2006-12-31,2006-12-31,2021-08-19,-50000.0,919801000.0,,292504000.0,627297000.0,,8.532,-8441000.0,195437000.0,195437000.0,120580000.0,16397000.0,1.034,0.522,50000000.0,50000000.0,0.0,50000000.0,127317000.0,11358000.0,0.0,0.002,0.05,22210000.0,33568000.0,0.142,33568000.0,22210000.0,21998000.0,0.23,0.23,0.23,604362000.0,,604362000.0,1869516036.0,24.0,14.995,35723000.0,0.504,1.0,115024000.0,0.488,351263000.0,212000.0,140108000.0,,118000.0,0.0,0.0,0.0,315439000.0,282993000.0,32446000.0,1983360036.0,2700000.0,0.0,1611000.0,-35000000.0,0.0,-33350000.0,-8441000.0,0.0,44164000.0,327000.0,16397000.0,16397000.0,16397000.0,0.0,0.0,0.07,93238000.0,21786000.0,32975000.0,0.217,3.282,30.603,30.435,256651000.0,0.0,28.0,2.234,2.234,60350000.0,475665000.0,235604000.0,235604000.0,0.0,,,,,2135000.0,93238000.0,1.0,70834287.0,70834287.0,,3.326,568538000.0,15344000.0,5601000.0,12407000.0,8.026,9511000.0
59,ATGE,MRQ,2006-09-30,2006-09-30,2006-09-30,2021-08-19,-423000.0,940122000.0,,313724000.0,626398000.0,,8.296,27017000.0,198844000.0,198844000.0,120304000.0,20920000.0,1.006,0.601,85000000.0,75000000.0,10000000.0,85000000.0,122444000.0,10592000.0,0.0,0.0,0.0,31506000.0,42098000.0,0.192,42098000.0,31506000.0,32237000.0,0.3,0.29,0.3,587391000.0,,587391000.0,1479841914.0,20.0,12.3,77169000.0,1.09,1.0,98911000.0,0.451,353068000.0,-731000.0,161268000.0,,129000.0,0.0,0.0,0.0,352731000.0,311942000.0,40789000.0,1506056914.0,38063000.0,0.0,885000.0,-40000000.0,0.0,-39107000.0,27017000.0,0.0,50152000.0,1000.0,20920000.0,20920000.0,20920000.0,0.0,0.0,0.095,65943000.0,32968000.0,34313000.0,0.0,2.564,25.423,25.321,257241000.0,0.0,21.27,1.747,1.747,76803000.0,462813000.0,219215000.0,219215000.0,0.0,,,,,978000.0,85798000.0,1.0,70806625.0,70806625.0,,3.096,587054000.0,15485000.0,11317000.0,10705000.0,8.291,1782000.0
60,ATGE,MRQ,2006-06-30,2006-06-30,2006-06-30,2021-08-19,-424000.0,872482000.0,,228073000.0,644409000.0,,7.981,-8982000.0,151215000.0,151215000.0,114406000.0,11811000.0,1.08,0.545,125000000.0,60000000.0,65000000.0,125000000.0,48353000.0,11961000.0,0.0,0.0,0.0,1208000.0,13169000.0,0.062,13169000.0,1208000.0,15364000.0,0.17,0.17,0.17,564607000.0,,564607000.0,1484286633.0,29.0,14.965,-13538000.0,-0.191,1.0,98252000.0,0.462,354875000.0,-14156000.0,280123000.0,,133000.0,0.0,0.0,0.0,307875000.0,211269000.0,96606000.0,1554164633.0,-31772000.0,0.0,1501000.0,-20000000.0,0.0,-17967000.0,-8982000.0,0.0,-4556000.0,-267000.0,11811000.0,11811000.0,11811000.0,0.0,0.0,0.056,84234000.0,14018000.0,39677000.0,0.0,2.753,36.099,36.016,272926000.0,0.0,21.97,1.851,1.851,46567000.0,441893000.0,212658000.0,212658000.0,0.0,,,,,1053000.0,84234000.0,1.0,70740311.0,70740311.0,,3.006,517607000.0,13700000.0,3553000.0,12564000.0,7.317,16804000.0
61,ATGE,MRQ,2006-03-31,2006-03-31,2006-03-31,2021-08-19,-71000.0,986199000.0,,338036000.0,648163000.0,,7.798,-5435000.0,214878000.0,214878000.0,115483000.0,15682000.0,1.101,0.792,145000000.0,50000000.0,95000000.0,145000000.0,159946000.0,12117000.0,0.0,0.0,0.0,23724000.0,35841000.0,0.163,35841000.0,23724000.0,21234000.0,0.22,0.22,0.22,550285000.0,,550285000.0,1584109636.0,30.0,15.235,32727000.0,0.464,1.0,104723000.0,0.476,357069000.0,2490000.0,252090000.0,,104000.0,0.0,0.0,0.0,435914000.0,307162000.0,128752000.0,1606871636.0,18590000.0,-532000.0,1393000.0,-15000000.0,0.0,-13607000.0,-5967000.0,0.0,38162000.0,2000.0,15682000.0,15682000.0,15682000.0,0.0,0.0,0.071,80999000.0,23724000.0,30016000.0,0.0,2.92,50.899,50.6,273624000.0,0.0,22.77,1.953,1.953,90089000.0,430082000.0,220206000.0,220206000.0,0.0,,,,,1047000.0,80999000.0,1.0,70569681.0,70569681.0,,3.12,629130000.0,19811000.0,5552000.0,14628000.0,8.915,30874000.0
62,ATGE,MRQ,2005-12-31,2005-12-31,2005-12-31,2021-08-19,-73000.0,956454000.0,,301299000.0,655155000.0,,7.54,-4486000.0,182762000.0,182762000.0,111468000.0,10828000.0,1.139,0.798,160000000.0,35000000.0,125000000.0,160000000.0,139288000.0,12236000.0,0.0,0.0,0.0,16965000.0,29201000.0,0.139,29201000.0,16965000.0,14359000.0,0.15,0.15,0.15,531810000.0,,531810000.0,1439536000.0,32.0,14.532,38268000.0,0.543,1.0,98401000.0,0.469,291306000.0,2606000.0,377907000.0,,85000.0,0.0,0.0,0.0,424644000.0,264479000.0,160165000.0,1410582000.0,23936000.0,2000.0,712000.0,-15000000.0,0.0,-14330000.0,-4484000.0,0.0,42754000.0,-4000.0,10828000.0,10828000.0,10828000.0,0.0,0.0,0.052,81436000.0,16965000.0,29983000.0,0.0,2.652,52.695,52.632,277693000.0,0.0,20.0,1.754,1.754,85467000.0,414400000.0,209869000.0,209869000.0,0.0,,,,,1094000.0,81887000.0,1.0,70529100.0,70529100.0,,2.976,665148000.0,17142000.0,3531000.0,16078000.0,9.431,36820000.0
63,ATGE,MRQ,2005-09-30,2005-09-30,2005-09-30,2021-08-19,-69000.0,925796000.0,,263346000.0,662450000.0,,7.361,-4564000.0,146046000.0,146046000.0,111709000.0,4732000.0,1.068,0.783,175000000.0,50000000.0,125000000.0,175000000.0,111110000.0,11794000.0,0.0,0.0,0.0,9181000.0,20975000.0,0.107,20975000.0,9181000.0,6526000.0,0.07,0.07,0.07,519295000.0,,519295000.0,1393075177.0,38.0,15.096,9898000.0,0.14,1.0,85071000.0,0.432,362426000.0,2655000.0,345751000.0,,95000.0,0.0,0.0,0.0,406501000.0,246573000.0,159928000.0,1343833177.0,-41994000.0,-2000000.0,328000.0,-50000000.0,0.0,-49630000.0,-6564000.0,0.0,14462000.0,-262000.0,4732000.0,4732000.0,4732000.0,0.0,0.0,0.024,75890000.0,9181000.0,24154000.0,0.0,2.588,65.225,63.5,282253000.0,0.0,19.05,1.703,1.703,83585000.0,403572000.0,196780000.0,196780000.0,0.0,,,,,1145000.0,75890000.0,1.0,70542424.0,70542424.0,,2.79,563370000.0,17142000.0,1794000.0,15963000.0,7.986,16773000.0
64,ATGE,MRQ,2005-06-30,2005-06-30,2005-06-30,2021-08-19,266000.0,910035000.0,,242338000.0,667697000.0,,7.29,-12348000.0,175758000.0,175758000.0,104440000.0,328000.0,1.298,0.773,225000000.0,50000000.0,175000000.0,225000000.0,37508000.0,15462000.0,0.0,0.0,0.0,2496000.0,17958000.0,0.092,17958000.0,2496000.0,482000.0,0.01,0.01,0.01,513383000.0,,513383000.0,1425121947.0,45.0,15.92,-7641000.0,-0.108,1.0,91374000.0,0.467,363007000.0,2014000.0,409548000.0,,164000.0,0.0,0.0,0.0,396652000.0,186722000.0,209930000.0,1401483947.0,23636000.0,0.0,830000.0,30000000.0,0.0,31221000.0,-12348000.0,0.0,4707000.0,56000.0,328000.0,328000.0,328000.0,0.0,0.0,0.002,88878000.0,2496000.0,30681000.0,0.0,2.73,77.813,76.538,286767000.0,0.0,19.9,1.795,1.795,39226000.0,398840000.0,195814000.0,195814000.0,0.0,,,,,7877000.0,80127000.0,1.0,70426329.0,70426329.0,,2.78,547028000.0,17142000.0,154000.0,15949000.0,7.767,55616000.0
65,ATGE,MRQ,2005-03-31,2005-03-31,2005-03-31,2021-08-19,210000.0,980416000.0,,309903000.0,670513000.0,,7.16,-9135000.0,171362000.0,171362000.0,111014000.0,10881000.0,1.265,0.946,195000000.0,0.0,195000000.0,195000000.0,159967000.0,14351000.0,0.0,0.0,0.0,16575000.0,30926000.0,0.153,30926000.0,16575000.0,14266000.0,0.15,0.15,0.15,503847000.0,,503847000.0,1352700352.0,29.0,13.143,5350000.0,0.076,1.0,90916000.0,0.45,366213000.0,2309000.0,392888000.0,,160000.0,0.0,0.0,0.0,476569000.0,244953000.0,231616000.0,1331369352.0,5742000.0,-4861000.0,114000.0,5000000.0,0.0,5270000.0,-13996000.0,0.0,14485000.0,-17000.0,10881000.0,10881000.0,10881000.0,0.0,0.0,0.054,74341000.0,16575000.0,22433000.0,0.0,2.642,48.107,47.3,286582000.0,0.0,18.92,1.696,1.696,119012000.0,398614000.0,201930000.0,201930000.0,0.0,,,,,1278000.0,74341000.0,1.0,70368359.0,70368359.0,,2.87,614203000.0,9395000.0,3385000.0,18384000.0,8.728,64950000.0
66,ATGE,MRQ,2004-12-31,2004-12-31,2004-12-31,2021-08-19,247000.0,934372000.0,,264574000.0,669798000.0,,6.992,-15714000.0,168669000.0,168669000.0,108689000.0,4662000.0,1.176,0.899,190000000.0,0.0,190000000.0,190000000.0,132198000.0,14216000.0,0.0,0.0,0.0,8206000.0,22422000.0,0.115,22422000.0,8206000.0,6115000.0,0.07,0.07,0.07,491979000.0,,491979000.0,1278772045.0,23.0,11.541,27441000.0,0.39,1.0,85833000.0,0.441,363469000.0,2091000.0,367283000.0,,1047000.0,0.0,0.0,0.0,442393000.0,224951000.0,217442000.0,1221545045.0,17374000.0,0.0,17000.0,-10000000.0,0.0,-9985000.0,-15714000.0,0.0,43155000.0,-82000.0,4662000.0,4662000.0,4662000.0,0.0,0.0,0.024,77627000.0,8206000.0,19527000.0,0.0,2.483,36.917,36.167,288467000.0,0.0,17.36,1.567,1.567,75323000.0,387733000.0,194522000.0,194522000.0,0.0,,,,,1417000.0,77627000.0,1.0,70365498.0,70365498.0,,2.764,570903000.0,7821000.0,1453000.0,9783000.0,8.113,39623000.0
67,ATGE,MRQ,2004-09-30,2004-09-30,2004-09-30,2021-08-19,500000.0,895681000.0,,227732000.0,667949000.0,,6.915,-5712000.0,142773000.0,142773000.0,110265000.0,2140000.0,1.277,0.841,200000000.0,0.0,200000000.0,200000000.0,99292000.0,13537000.0,0.0,0.0,0.0,4674000.0,18211000.0,0.097,18211000.0,4674000.0,2683000.0,0.03,0.03,0.03,486391000.0,,486391000.0,1546998107.0,22.0,12.22,18918000.0,0.269,1.0,78131000.0,0.415,367106000.0,1991000.0,407531000.0,,1376000.0,0.0,0.0,0.0,409290000.0,178271000.0,231019000.0,1456682107.0,-31156000.0,0.0,130000.0,-50000000.0,0.0,-49834000.0,-5712000.0,0.0,24630000.0,-240000.0,2140000.0,2140000.0,2140000.0,0.0,0.0,0.011,75267000.0,2864000.0,17601000.0,0.0,2.995,33.103,32.873,282914000.0,0.0,20.71,1.858,1.858,64298000.0,383071000.0,188396000.0,188396000.0,0.0,,,,,2439000.0,75267000.0,1.0,70337137.0,70337137.0,,2.678,528575000.0,6454000.0,543000.0,13736000.0,7.515,49461000.0
68,ATGE,MRQ,2004-06-30,2004-06-30,2004-06-30,2021-08-19,266000.0,884132000.0,,208875000.0,675257000.0,,7.305,-16659000.0,159684000.0,159684000.0,108081000.0,9992000.0,1.119,0.773,225000000.0,50000000.0,175000000.0,225000000.0,37508000.0,14458000.0,0.0,0.0,0.0,16908000.0,31366000.0,0.157,31366000.0,16908000.0,15087000.0,0.15,0.14,0.15,513383000.0,,513383000.0,1979921103.0,24.0,14.349,-21966000.0,-0.313,1.0,91962000.0,0.46,370743000.0,1821000.0,391983000.0,,3281000.0,0.0,0.0,0.0,396652000.0,186722000.0,209930000.0,1927122103.0,-976000.0,0.0,491000.0,20000000.0,0.0,20962000.0,-16659000.0,0.0,-5307000.0,28000.0,9992000.0,9992000.0,9992000.0,0.0,0.0,0.05,75054000.0,16908000.0,30681000.0,0.0,3.754,36.807,36.56,286887000.0,0.0,27.42,2.455,2.455,28150000.0,398840000.0,200043000.0,200043000.0,0.0,,,,,6789000.0,75054000.0,1.0,70281623.0,70281623.0,,2.846,513389000.0,7619000.0,5095000.0,15949000.0,7.305,22153000.0
69,ATGE,MRQ,2004-03-31,2004-03-31,2004-03-31,2021-08-19,674000.0,956614000.0,,283229000.0,673385000.0,,6.564,-10056000.0,177201000.0,177201000.0,105114000.0,16295000.0,1.192,1.079,230000000.0,0.0,230000000.0,230000000.0,162848000.0,14163000.0,0.0,0.0,0.0,24641000.0,38804000.0,0.197,38804000.0,24641000.0,22756000.0,0.23,0.23,0.23,460143000.0,,460143000.0,2205564836.0,26.0,15.842,49848000.0,0.711,1.0,91686000.0,0.466,375703000.0,1885000.0,396172000.0,,1978000.0,0.0,0.0,0.0,496471000.0,237538000.0,258933000.0,2113457836.0,41077000.0,-350000.0,1522000.0,-10000000.0,0.0,-8478000.0,-10406000.0,0.0,59904000.0,57000.0,16295000.0,16295000.0,16295000.0,0.0,0.0,0.083,67045000.0,24641000.0,17732000.0,0.0,4.593,38.769,39.156,281009000.0,0.0,30.15,2.784,2.784,87206000.0,389340000.0,196800000.0,196800000.0,0.0,,,,,0.0,67045000.0,1.0,70098104.0,70098104.0,,2.807,580911000.0,9944000.0,6461000.0,13429000.0,8.287,45691000.0
70,ATGE,MRQ,2003-12-31,2003-12-31,2003-12-31,2021-08-19,635000.0,900974000.0,,223455000.0,677519000.0,,6.315,-8414000.0,127602000.0,127602000.0,104635000.0,15578000.0,1.176,1.037,240000000.0,0.0,240000000.0,240000000.0,122567000.0,14195000.0,0.0,0.0,0.0,24015000.0,38210000.0,0.192,38210000.0,24015000.0,22043000.0,0.22,0.22,0.22,442287000.0,,442287000.0,1862287521.0,22.0,13.857,13425000.0,0.192,1.0,94171000.0,0.474,378761000.0,1972000.0,444552000.0,,2241000.0,0.0,0.0,0.0,458687000.0,190059000.0,268628000.0,1760157521.0,-11759000.0,-2328000.0,228000.0,-23000000.0,0.0,-22772000.0,-10742000.0,0.0,21839000.0,-84000.0,15578000.0,15578000.0,15578000.0,0.0,0.0,0.078,70156000.0,24015000.0,15423000.0,0.0,3.98,33.141,33.507,281633000.0,0.0,25.13,2.405,2.405,75705000.0,373045000.0,198806000.0,198806000.0,0.0,,,,,0.0,70156000.0,1.0,70042082.0,70042082.0,,2.838,522213000.0,9944000.0,6465000.0,13432000.0,7.456,33396000.0
71,ATGE,MRQ,2003-09-30,2003-09-30,2003-09-30,2021-08-19,701000.0,895117000.0,,214541000.0,680576000.0,,6.09,-7679000.0,139233000.0,139233000.0,104450000.0,10492000.0,1.206,1.099,263000000.0,0.0,263000000.0,263000000.0,96349000.0,12768000.0,0.0,0.0,0.0,16837000.0,29605000.0,0.156,29605000.0,16837000.0,14681000.0,0.15,0.15,0.15,426547000.0,,426547000.0,1824367978.0,21.0,14.008,49841000.0,0.712,1.0,84786000.0,0.448,379773000.0,2156000.0,461279000.0,,3072000.0,0.0,0.0,0.0,468570000.0,177832000.0,290738000.0,1657118978.0,24414000.0,1185000.0,390000.0,-27000000.0,0.0,-26610000.0,-6494000.0,0.0,57520000.0,-2000.0,10492000.0,10492000.0,10492000.0,0.0,0.0,0.055,67949000.0,16837000.0,14635000.0,0.0,3.885,27.398,27.512,283847000.0,0.0,23.66,2.349,2.349,50888000.0,357467000.0,189236000.0,189236000.0,0.0,,,,,0.0,67949000.0,1.0,70038841.0,70038841.0,,2.702,515344000.0,11358000.0,4189000.0,13049000.0,7.358,36709000.0
72,ATGE,MRQ,2003-06-30,2003-06-30,2003-06-30,2021-08-19,703000.0,841416000.0,,154459000.0,686957000.0,,5.942,-12757000.0,107523000.0,107523000.0,92112000.0,12149000.0,1.226,1.024,290000000.0,15000000.0,275000000.0,290000000.0,26859000.0,11648000.0,0.0,0.0,0.0,20958000.0,32606000.0,0.187,32606000.0,20958000.0,19819000.0,0.17,0.17,0.17,415667000.0,,415667000.0,1412756342.0,16.0,11.031,-41781000.0,-0.597,1.0,82283000.0,0.472,384309000.0,1139000.0,513584000.0,,4315000.0,0.0,0.0,0.0,425749000.0,126000000.0,299749000.0,1629265342.0,-47446000.0,-295908000.0,188000.0,290000000.0,0.0,290188000.0,-308665000.0,0.0,-29024000.0,55000.0,12149000.0,12149000.0,12149000.0,0.0,0.0,0.07,61325000.0,20958000.0,18866000.0,0.0,3.92,26.645,26.77,285354000.0,0.0,23.29,2.397,2.397,24275000.0,346975000.0,174395000.0,174395000.0,0.0,,,,,0.0,61325000.0,1.0,69955575.0,69955575.0,,2.493,457107000.0,11358000.0,7670000.0,10332000.0,6.534,28459000.0
73,ATGE,MRQ,2003-03-31,2003-03-31,2003-03-31,2021-08-19,648000.0,626348000.0,,275579000.0,350769000.0,,5.758,-10898000.0,180163000.0,180163000.0,88312000.0,14892000.0,1.338,0.555,0.0,0.0,0.0,0.0,145136000.0,9634000.0,0.0,0.0,0.0,24341000.0,33975000.0,0.201,33975000.0,24341000.0,24294000.0,0.21,0.21,0.21,402735000.0,,402735000.0,1130114825.0,12.0,8.616,23333000.0,0.334,1.0,81055000.0,0.479,77539000.0,47000.0,162748000.0,,3234000.0,0.0,0.0,0.0,223613000.0,205898000.0,17715000.0,1305862825.0,23512000.0,0.0,80000.0,0.0,0.0,80000.0,-10898000.0,0.0,34231000.0,99000.0,14892000.0,14892000.0,14892000.0,0.0,0.0,0.088,56714000.0,24341000.0,13224000.0,0.0,3.242,20.032,20.075,260463000.0,0.0,18.67,1.957,1.957,80523000.0,334826000.0,169367000.0,169367000.0,0.0,,,,,0.0,56714000.0,1.0,69944447.0,69944447.0,,2.421,548809000.0,7769000.0,9402000.0,4899000.0,7.846,69681000.0
74,ATGE,MRQ,2002-12-31,2002-12-31,2002-12-31,2021-08-19,549000.0,595485000.0,,246200000.0,349285000.0,,5.544,-10063000.0,175748000.0,175748000.0,93480000.0,22951000.0,1.288,0.536,0.0,0.0,0.0,0.0,116566000.0,10255000.0,0.0,0.0,0.0,23797000.0,34052000.0,0.197,34052000.0,23797000.0,23750000.0,0.33,0.33,0.33,387664000.0,,387664000.0,1038538285.0,10.0,7.623,37404000.0,0.535,1.0,79068000.0,0.458,77721000.0,47000.0,150932000.0,,3022000.0,0.0,0.0,0.0,207821000.0,191084000.0,16737000.0,1161478285.0,37529000.0,0.0,3000.0,0.0,0.0,3000.0,-10063000.0,0.0,47467000.0,122000.0,22951000.0,22951000.0,22951000.0,0.0,0.0,0.133,55271000.0,23797000.0,31285000.0,0.0,2.996,16.915,16.949,258940000.0,0.0,16.61,1.753,1.753,46845000.0,319934000.0,172548000.0,172548000.0,0.0,,,,,0.0,55271000.0,1.0,69926447.0,69926447.0,,2.468,517764000.0,16549000.0,799000.0,4888000.0,7.404,55116000.0
75,ATGE,MRQ,2002-09-30,2002-09-30,2002-09-30,2021-08-19,427000.0,541088000.0,,190060000.0,351028000.0,,5.214,-10044000.0,122940000.0,122940000.0,92171000.0,11156000.0,1.146,0.484,0.0,0.0,0.0,0.0,79229000.0,8795000.0,0.0,0.0,0.0,18641000.0,27436000.0,0.168,27436000.0,18641000.0,18594000.0,0.16,0.16,0.16,364588000.0,,364588000.0,1223013406.0,11.0,8.652,37475000.0,0.536,1.0,71098000.0,0.435,77901000.0,47000.0,174340000.0,,3347000.0,0.0,0.0,0.0,176500000.0,165907000.0,10593000.0,1301962406.0,37361000.0,0.0,133000.0,0.0,0.0,133000.0,-10044000.0,0.0,47519000.0,-247000.0,11156000.0,11156000.0,11156000.0,0.0,0.0,0.068,52457000.0,18641000.0,30173000.0,0.0,3.571,20.301,20.462,258922000.0,0.0,18.62,1.982,1.982,54149000.0,296983000.0,163269000.0,163269000.0,0.0,,,,,0.0,52457000.0,1.0,69922793.0,69922793.0,,2.335,463187000.0,6952000.0,7438000.0,0.0,6.624,24153000.0
76,ATGE,MRQ,2002-06-30,2002-06-30,2002-06-30,2021-08-19,674000.0,467628000.0,,117827000.0,349801000.0,,5.058,-12401000.0,78949000.0,78949000.0,86897000.0,16191000.0,1.136,0.323,0.0,0.0,0.0,0.0,28170000.0,8798000.0,0.0,0.0,0.0,26910000.0,35708000.0,0.22,35708000.0,26910000.0,26847000.0,0.23,0.23,0.23,353546000.0,,353546000.0,1481235054.0,13.0,10.217,-6820000.0,-0.098,1.0,75116000.0,0.464,78083000.0,63000.0,206904000.0,,4907000.0,0.0,0.0,0.0,114082000.0,103692000.0,10390000.0,1596352054.0,-20428000.0,0.0,94000.0,-14000000.0,0.0,-13906000.0,-12401000.0,0.0,5581000.0,298000.0,16191000.0,16191000.0,16191000.0,0.0,0.0,0.1,48206000.0,26910000.0,36284000.0,0.0,4.515,23.807,23.792,257627000.0,0.0,22.84,2.463,2.463,26054000.0,285827000.0,162013000.0,162013000.0,0.0,,,,,0.0,48206000.0,1.0,69892822.0,69892822.0,,2.318,389545000.0,7249000.0,10656000.0,0.0,5.573,14135000.0
77,ATGE,MRQ,2002-03-31,2002-03-31,2002-03-31,2021-08-19,376000.0,593100000.0,,245332000.0,347768000.0,,4.815,-10984000.0,129117000.0,129117000.0,87827000.0,18367000.0,1.055,0.764,14000000.0,0.0,14000000.0,14000000.0,152479000.0,8590000.0,0.0,0.0,0.0,30451000.0,39041000.0,0.237,39041000.0,30451000.0,30308000.0,0.26,0.26,0.26,336165000.0,,336165000.0,2023409288.0,19.0,14.25,12665000.0,0.181,1.0,76987000.0,0.467,78310000.0,143000.0,167110000.0,,3085000.0,0.0,0.0,0.0,256935000.0,232563000.0,24372000.0,2103451288.0,2189000.0,0.0,531000.0,-11000000.0,0.0,-10469000.0,-10984000.0,0.0,23649000.0,-7000.0,18367000.0,18367000.0,18367000.0,0.0,0.0,0.111,46536000.0,30451000.0,38399000.0,0.0,6.257,32.503,32.75,253689000.0,0.0,30.13,3.32,3.32,105186000.0,269636000.0,164814000.0,164814000.0,0.0,,,,,0.0,46536000.0,1.0,69812522.0,69812522.0,,2.361,514790000.0,8634000.0,11941000.0,0.0,7.374,12769000.0
78,ATGE,MRQ,2001-12-31,2001-12-31,2001-12-31,2021-08-19,383000.0,527888000.0,,182465000.0,345423000.0,,4.546,-7270000.0,105042000.0,105042000.0,90135000.0,18419000.0,1.038,0.664,25000000.0,0.0,25000000.0,25000000.0,107239000.0,8481000.0,0.0,0.0,0.0,30686000.0,39167000.0,0.235,39167000.0,30686000.0,30395000.0,0.26,0.26,0.26,317274000.0,,317274000.0,1950482571.0,19.0,14.123,40827000.0,0.585,1.0,76540000.0,0.459,78447000.0,291000.0,193675000.0,,2184000.0,0.0,0.0,0.0,210614000.0,175724000.0,34890000.0,1985669571.0,25981000.0,0.0,151000.0,-15000000.0,0.0,-14849000.0,-7270000.0,0.0,48097000.0,3000.0,18419000.0,18419000.0,18419000.0,0.0,0.0,0.111,45854000.0,30686000.0,34476000.0,0.0,6.259,31.829,31.966,251233000.0,0.0,28.45,3.239,3.239,65416000.0,251269000.0,166675000.0,166675000.0,0.0,,,,,0.0,45854000.0,1.0,69795064.0,69795064.0,,2.388,449441000.0,9108000.0,11976000.0,0.0,6.439,6741000.0
79,ATGE,MRQ,2001-09-30,2001-09-30,2001-09-30,2021-08-19,380000.0,506953000.0,,157148000.0,349805000.0,,4.28,-55218000.0,75187000.0,75187000.0,83127000.0,14078000.0,1.008,0.697,40000000.0,0.0,40000000.0,40000000.0,70895000.0,7667000.0,0.0,0.0,0.0,23389000.0,31056000.0,0.201,31056000.0,23389000.0,23079000.0,0.2,0.2,0.2,298701000.0,,298701000.0,2455670014.0,25.0,18.537,-19038000.0,-0.273,1.0,71505000.0,0.462,78706000.0,310000.0,237098000.0,,3593000.0,0.0,0.0,0.0,208252000.0,155962000.0,52290000.0,2505367014.0,20914000.0,0.0,292000.0,40000000.0,0.0,40292000.0,-55218000.0,0.0,36180000.0,-340000.0,14078000.0,14078000.0,14078000.0,0.0,0.0,0.091,48116000.0,23389000.0,36446000.0,0.0,8.388,41.974,41.744,254974000.0,0.0,35.9,4.229,4.229,67936000.0,232850000.0,154632000.0,154632000.0,0.0,,,,,0.0,48116000.0,1.0,69787382.0,69787382.0,,2.216,428247000.0,9176000.0,9001000.0,0.0,6.136,1186000.0
80,ATGE,MRQ,2001-06-30,2001-06-30,2001-06-30,2021-08-19,720000.0,391675000.0,,88627000.0,303048000.0,,4.082,-22846000.0,49697000.0,49697000.0,77751000.0,13851000.0,0.939,0.376,0.0,0.0,0.0,0.0,25136000.0,8495000.0,0.0,0.0,0.0,24230000.0,32725000.0,0.222,32725000.0,24230000.0,24108000.0,0.2,0.2,0.2,284671000.0,,284671000.0,2433955306.0,25.0,18.963,2875000.0,0.041,1.0,69667000.0,0.473,78852000.0,122000.0,168744000.0,,4899000.0,0.0,0.0,0.0,107004000.0,94382000.0,12622000.0,2519168306.0,2345000.0,0.0,100000.0,0.0,0.0,100000.0,-22846000.0,0.0,25721000.0,-630000.0,13851000.0,13851000.0,13851000.0,0.0,0.0,0.094,45437000.0,24230000.0,34573000.0,0.0,8.849,43.602,43.518,207465000.0,0.0,36.12,4.434,4.434,25664000.0,218772000.0,147418000.0,147418000.0,0.0,,,,,0.0,45437000.0,1.0,69744416.0,69744416.0,,2.114,312823000.0,9879000.0,10257000.0,0.0,4.485,-5755000.0
81,ATGE,MRQ,2001-03-31,2001-03-31,2001-03-31,2021-08-19,1350000.0,495763000.0,,211369000.0,284394000.0,,3.886,-14677000.0,85213000.0,85213000.0,76446000.0,16037000.0,0.995,0.83,0.0,0.0,0.0,0.0,140066000.0,8568000.0,0.0,0.0,0.0,26592000.0,35160000.0,0.244,35160000.0,26592000.0,26503000.0,0.23,0.23,0.23,270862000.0,,270862000.0,2025501694.0,22.0,16.616,-12790000.0,-0.183,1.0,67917000.0,0.47,79853000.0,89000.0,118221000.0,,4130000.0,0.0,0.0,0.0,224901000.0,212476000.0,12425000.0,2094589694.0,-20276000.0,-8572000.0,339000.0,0.0,0.0,339000.0,-23249000.0,0.0,1887000.0,747000.0,16037000.0,16037000.0,16037000.0,0.0,0.0,0.111,41325000.0,26592000.0,33039000.0,0.0,7.733,37.597,37.562,191950000.0,0.0,30.05,3.954,3.954,115049000.0,204921000.0,144363000.0,144363000.0,0.0,,,,,0.0,41325000.0,1.0,69703484.0,69703484.0,,2.071,415910000.0,4692000.0,10466000.0,0.0,5.967,-1107000.0
82,ATGE,MRQ,2000-12-31,2000-12-31,2000-12-31,2021-08-19,603000.0,434494000.0,,163833000.0,270661000.0,,3.641,-19330000.0,69088000.0,69088000.0,76997000.0,15722000.0,0.969,0.712,0.0,0.0,0.0,0.0,98752000.0,7935000.0,0.0,0.0,0.0,25598000.0,33533000.0,0.23,33533000.0,25598000.0,25522000.0,0.23,0.22,0.23,253739000.0,,253739000.0,2577415377.0,30.0,22.352,16268000.0,0.233,1.0,68951000.0,0.472,72306000.0,76000.0,124032000.0,,3354000.0,0.0,0.0,0.0,180755000.0,169068000.0,11687000.0,2630569377.0,16509000.0,0.0,244000.0,0.0,0.0,244000.0,-19330000.0,0.0,35598000.0,-3000.0,15722000.0,15722000.0,15722000.0,0.0,0.0,0.108,43353000.0,25598000.0,39861000.0,0.0,10.367,49.661,49.671,184989000.0,0.0,37.75,5.103,5.103,85207000.0,188884000.0,145948000.0,145948000.0,0.0,,,,,0.0,43353000.0,1.0,69683957.0,69683957.0,,2.094,362188000.0,5561000.0,9800000.0,0.0,5.198,-5235000.0
83,ATGE,MRQ,2000-09-30,2000-09-30,2000-09-30,2021-08-19,606000.0,388327000.0,,130758000.0,257569000.0,,3.411,-20080000.0,53154000.0,53154000.0,73338000.0,12166000.0,0.949,0.633,0.0,0.0,0.0,0.0,66904000.0,7038000.0,0.0,0.0,0.0,19895000.0,26933000.0,0.206,26933000.0,19895000.0,19782000.0,0.17,0.17,0.17,237776000.0,,237776000.0,2576833164.0,31.0,23.564,4313000.0,0.062,1.0,57110000.0,0.438,73219000.0,113000.0,124168000.0,,4652000.0,0.0,0.0,0.0,150551000.0,137786000.0,12765000.0,2622079164.0,4784000.0,0.0,299000.0,0.0,0.0,299000.0,-20080000.0,0.0,24393000.0,172000.0,12166000.0,12166000.0,12166000.0,0.0,0.0,0.093,37215000.0,19895000.0,27187000.0,0.0,11.028,52.4,52.986,172811000.0,0.0,37.62,5.215,5.215,66725000.0,173162000.0,130448000.0,130448000.0,0.0,,,,,0.0,37215000.0,1.0,69699074.0,69699074.0,,1.872,315108000.0,5561000.0,7616000.0,0.0,4.521,-7028000.0
84,ATGE,MRQ,2000-06-30,2000-06-30,2000-06-30,2021-08-19,434000.0,327079000.0,,81964000.0,245115000.0,,3.234,-10307000.0,45246000.0,45246000.0,53330000.0,11786000.0,0.919,0.453,0.0,0.0,0.0,0.0,25602000.0,6990000.0,0.0,0.0,0.0,19285000.0,26275000.0,0.241,26275000.0,19285000.0,19240000.0,0.17,0.17,0.17,225139000.0,,225139000.0,1770209969.0,22.0,16.902,4826000.0,0.069,1.0,55597000.0,0.51,74134000.0,45000.0,118514000.0,,6371000.0,0.0,0.0,0.0,101940000.0,89185000.0,12755000.0,1840799969.0,-8144000.0,-100000.0,142000.0,-13000000.0,0.0,-12858000.0,-10407000.0,0.0,15133000.0,-12000.0,11786000.0,11786000.0,11786000.0,0.0,0.0,0.108,36312000.0,19285000.0,31827000.0,0.0,8.176,38.526,38.319,158801000.0,0.0,26.44,3.752,3.752,25362000.0,160996000.0,108927000.0,108927000.0,0.0,,,,,0.0,36312000.0,1.0,69621784.0,69621784.0,,1.565,252945000.0,5558000.0,7454000.0,0.0,3.633,-7221000.0
85,ATGE,MRQ,2000-03-31,2000-03-31,2000-03-31,2021-08-19,446000.0,425314000.0,,186595000.0,238719000.0,,3.044,-9291000.0,83590000.0,83590000.0,72569000.0,13297000.0,0.992,1.008,13000000.0,0.0,13000000.0,13000000.0,118486000.0,6525000.0,0.0,0.0,0.0,22045000.0,28570000.0,0.22,28570000.0,22045000.0,21690000.0,0.19,0.19,0.19,211815000.0,,211815000.0,2066086114.0,27.0,20.691,625000.0,0.009,1.0,57563000.0,0.442,74946000.0,355000.0,91587000.0,,3532000.0,0.0,0.0,0.0,213499000.0,188191000.0,25308000.0,2122292114.0,-5811000.0,200000.0,213000.0,-7000000.0,0.0,-6787000.0,-9091000.0,0.0,9916000.0,151000.0,13297000.0,13297000.0,13297000.0,0.0,0.0,0.102,35518000.0,22045000.0,35272000.0,0.0,10.02,46.052,46.212,154539000.0,0.0,30.5,4.458,4.458,92708000.0,149210000.0,130132000.0,130132000.0,0.0,,,,,0.0,35518000.0,1.0,69583348.0,69583348.0,,1.87,350368000.0,2656000.0,8393000.0,323000.0,5.035,-1596000.0
86,ATGE,MRQ,1999-12-31,1999-12-31,1999-12-31,2021-08-19,295000.0,376233000.0,,140416000.0,235817000.0,,2.854,-8880000.0,76206000.0,76206000.0,72537000.0,12791000.0,0.962,0.899,20000000.0,0.0,20000000.0,20000000.0,80464000.0,6213000.0,0.0,0.0,0.0,21364000.0,27577000.0,0.207,27577000.0,21364000.0,20929000.0,0.18,0.18,0.18,198154000.0,,198154000.0,1269968625.0,18.0,13.632,14340000.0,0.207,1.0,60711000.0,0.456,76057000.0,435000.0,97998000.0,,3590000.0,0.0,0.0,0.0,178079000.0,145972000.0,32107000.0,1302032625.0,4935000.0,-501000.0,236000.0,-9000000.0,0.0,-8764000.0,-9381000.0,0.0,23220000.0,-140000.0,12791000.0,12791000.0,12791000.0,0.0,0.0,0.096,39347000.0,21364000.0,35935000.0,0.0,6.571,29.993,30.242,150930000.0,0.0,18.75,2.854,2.854,53419000.0,135913000.0,133248000.0,133248000.0,0.0,,,,,0.0,39347000.0,1.0,69441740.0,69441740.0,,1.919,300176000.0,2656000.0,8138000.0,178000.0,4.323,-5556000.0
87,ATGE,MRQ,1999-09-30,1999-09-30,1999-09-30,2021-08-19,435000.0,346328000.0,,114303000.0,232025000.0,,2.669,-12319000.0,61064000.0,61064000.0,71227000.0,9907000.0,0.969,0.869,29000000.0,0.0,29000000.0,29000000.0,53889000.0,5523000.0,0.0,0.0,0.0,16789000.0,22312000.0,0.189,22312000.0,16789000.0,16215000.0,0.14,0.14,0.14,185267000.0,,185267000.0,1335808260.0,20.0,15.392,12154000.0,0.175,1.0,47055000.0,0.398,75872000.0,574000.0,120395000.0,,4765000.0,0.0,0.0,0.0,161061000.0,117997000.0,43064000.0,1388422260.0,3023000.0,-38186000.0,68000.0,29000000.0,0.0,29068000.0,-50505000.0,0.0,24473000.0,-13000.0,9907000.0,9907000.0,9907000.0,0.0,0.0,0.084,30266000.0,16789000.0,26033000.0,0.0,7.494,33.931,33.898,147261000.0,0.0,20.0,3.223,3.223,41324000.0,123122000.0,118282000.0,118282000.0,0.0,,,,,0.0,30266000.0,1.0,69421113.0,69421113.0,,1.704,270456000.0,4536000.0,6308000.0,2137000.0,3.896,-3694000.0
88,ATGE,MRQ,1999-06-30,1999-06-30,1999-06-30,2021-08-19,448000.0,260691000.0,,78941000.0,181750000.0,,2.526,-15363000.0,52614000.0,52614000.0,42966000.0,10090000.0,1.066,0.487,0.0,0.0,0.0,0.0,17124000.0,5079000.0,0.0,0.0,0.0,16317000.0,21396000.0,0.227,21396000.0,16317000.0,16274000.0,0.15,0.14,0.15,175305000.0,,175305000.0,1465383838.0,23.0,18.048,-25454000.0,-0.367,1.0,51450000.0,0.545,37841000.0,43000.0,96193000.0,,6592000.0,0.0,0.0,0.0,85386000.0,74043000.0,11343000.0,1553290838.0,-25617000.0,0.0,63000.0,0.0,0.0,63000.0,-15363000.0,0.0,-10091000.0,-226000.0,10090000.0,10090000.0,10090000.0,0.0,0.0,0.107,35133000.0,16317000.0,29080000.0,0.0,8.861,40.002,39.964,135211000.0,0.0,22.38,3.823,3.823,14217000.0,113215000.0,94416000.0,94416000.0,0.0,,,,,0.0,35133000.0,1.0,69405310.0,69405310.0,,1.36,222850000.0,4536000.0,6184000.0,2137000.0,3.211,4898000.0
89,ATGE,MRQ,1999-03-31,1999-03-31,1999-03-31,2021-08-19,674000.0,333068000.0,,157882000.0,175186000.0,,2.383,-7106000.0,87907000.0,87907000.0,63932000.0,10623000.0,1.019,1.014,0.0,0.0,0.0,0.0,101064000.0,4700000.0,0.0,0.0,0.0,17178000.0,21878000.0,0.198,21878000.0,17178000.0,17135000.0,0.15,0.15,0.15,165378000.0,,165378000.0,1946764039.0,33.0,25.401,27798000.0,0.401,1.0,46302000.0,0.42,38181000.0,43000.0,52037000.0,,3821000.0,0.0,0.0,0.0,167690000.0,154943000.0,12747000.0,2012330039.0,27908000.0,0.0,201000.0,0.0,0.0,201000.0,-7106000.0,0.0,34904000.0,-91000.0,10623000.0,10623000.0,10623000.0,0.0,0.0,0.096,29124000.0,17178000.0,25455000.0,0.0,12.168,55.282,55.769,125965000.0,0.0,29.0,5.009,5.009,62816000.0,103125000.0,110234000.0,110234000.0,0.0,,,,,0.0,29124000.0,1.0,69390691.0,69390691.0,,1.589,294887000.0,1643000.0,6512000.0,3660000.0,4.25,2939000.0
90,ATGE,MRQ,1998-12-31,1998-12-31,1998-12-31,2021-08-19,765000.0,278371000.0,,109974000.0,168397000.0,,2.231,-11628000.0,65566000.0,65566000.0,58372000.0,10299000.0,0.989,0.8,0.0,0.0,0.0,0.0,64706000.0,4252000.0,0.0,0.0,0.0,16950000.0,21202000.0,0.197,21202000.0,16950000.0,16906000.0,0.15,0.15,0.15,154645000.0,,154645000.0,2073783649.0,37.0,28.45,5190000.0,0.075,1.0,49441000.0,0.459,37093000.0,44000.0,64493000.0,,1924000.0,0.0,0.0,0.0,123726000.0,111219000.0,12507000.0,2122757649.0,5226000.0,0.0,41000.0,0.0,0.0,41000.0,-11628000.0,0.0,16818000.0,-5000.0,10299000.0,10299000.0,10299000.0,0.0,0.0,0.096,32491000.0,16950000.0,18693000.0,0.0,13.727,62.042,62.49,123086000.0,0.0,30.62,5.523,5.523,37611000.0,92500000.0,107813000.0,107813000.0,0.0,,,,,0.0,32491000.0,1.0,69325854.0,69325854.0,,1.555,241278000.0,1551000.0,6607000.0,3695000.0,3.48,-1245000.0
91,ATGE,MRQ,1998-09-30,1998-09-30,1998-09-30,2021-08-19,770000.0,246416000.0,,85359000.0,161057000.0,,2.082,-10722000.0,48974000.0,48974000.0,56586000.0,7818000.0,0.953,0.708,0.0,0.0,0.0,0.0,42060000.0,3753000.0,0.0,0.0,0.0,12965000.0,16718000.0,0.178,16718000.0,12965000.0,12795000.0,0.11,0.11,0.11,144310000.0,,144310000.0,1585966551.0,30.0,22.211,2214000.0,0.032,1.0,37272000.0,0.397,37500000.0,170000.0,70398000.0,,3570000.0,0.0,0.0,0.0,102106000.0,89544000.0,12562000.0,1624722551.0,-7550000.0,0.0,36000.0,-10000000.0,0.0,-9964000.0,-10722000.0,0.0,12936000.0,200000.0,7818000.0,7818000.0,7818000.0,0.0,0.0,0.083,24307000.0,12965000.0,16303000.0,0.0,11.259,50.359,50.957,115298000.0,0.0,23.44,4.428,4.428,29914000.0,82201000.0,93858000.0,93858000.0,0.0,,,,,0.0,24307000.0,1.0,69314102.0,69314102.0,,1.354,208916000.0,1550000.0,4977000.0,3695000.0,3.014,-4185000.0
92,ATGE,MRQ,1998-06-30,1998-06-30,1998-06-30,2021-08-19,570000.0,223892000.0,,69720000.0,154172000.0,,1.966,-14538000.0,48756000.0,48756000.0,48784000.0,7661000.0,1.057,0.643,10000000.0,0.0,10000000.0,10000000.0,14937000.0,4156000.0,0.0,0.0,0.0,12688000.0,16844000.0,0.187,16844000.0,12688000.0,12579000.0,0.11,0.11,0.11,136256000.0,,136256000.0,1448613092.0,28.0,22.156,-18115000.0,-0.261,1.0,41070000.0,0.457,37908000.0,109000.0,81249000.0,,5218000.0,0.0,0.0,0.0,87636000.0,65979000.0,21657000.0,1520338092.0,-14030000.0,0.0,9000.0,4000000.0,0.0,4009000.0,-14538000.0,0.0,-3577000.0,76000.0,7661000.0,7661000.0,7661000.0,0.0,0.0,0.085,28382000.0,12688000.0,24116000.0,0.0,11.158,49.484,49.864,108105000.0,0.0,21.94,4.301,4.301,11878000.0,74385000.0,89854000.0,89854000.0,0.0,,,,,0.0,28382000.0,1.0,69295264.0,69295264.0,,1.297,185984000.0,1550000.0,4918000.0,3612000.0,2.684,3741000.0
93,ATGE,MRQ,1998-03-31,1998-03-31,1998-03-31,2021-08-19,494000.0,283698000.0,,139695000.0,144003000.0,,1.86,-6579000.0,77725000.0,77725000.0,51310000.0,8437000.0,1.021,1.208,6000000.0,0.0,6000000.0,6000000.0,86050000.0,4040000.0,0.0,0.0,0.0,14089000.0,18129000.0,0.195,18129000.0,14089000.0,13933000.0,0.12,0.12,0.12,128510000.0,,128510000.0,1121455512.0,23.0,17.249,13738000.0,0.199,1.0,41544000.0,0.447,36604000.0,156000.0,38564000.0,,2754000.0,0.0,0.0,0.0,155188000.0,136805000.0,18383000.0,1181029512.0,9803000.0,0.0,54000.0,-4000000.0,0.0,-3946000.0,-6579000.0,0.0,20317000.0,11000.0,8437000.0,8437000.0,8437000.0,0.0,0.0,0.091,27455000.0,14089000.0,23807000.0,0.0,9.19,40.649,41.193,99223000.0,0.0,17.095,3.471,3.471,55440000.0,66723000.0,92854000.0,92854000.0,0.0,,,,,0.0,27455000.0,1.0,69086254.0,69086254.0,,1.344,247094000.0,0.0,5496000.0,4998000.0,3.577,2890000.0
94,ATGE,MRQ,1997-12-31,1997-12-31,1997-12-31,2021-08-19,483000.0,240595000.0,,99473000.0,141122000.0,,1.737,-10728000.0,69574000.0,69574000.0,49469000.0,8347000.0,1.012,1.005,10000000.0,0.0,10000000.0,10000000.0,56011000.0,5791000.0,0.0,0.0,0.0,13923000.0,19714000.0,0.218,19714000.0,13923000.0,13675000.0,0.12,,0.12,120008000.0,,120008000.0,,,,20131000.0,0.291,1.0,40873000.0,0.452,36992000.0,248000.0,45710000.0,,1795000.0,0.0,0.0,0.0,120587000.0,98319000.0,22268000.0,1101234889.0,-2757000.0,0.0,66000.0,-23000000.0,0.0,-22934000.0,-10728000.0,0.0,30859000.0,46000.0,8347000.0,8347000.0,8347000.0,0.0,0.0,0.092,26950000.0,13923000.0,19599000.0,0.0,9.176,40.68,40.872,96293000.0,0.0,15.94,3.352,3.352,22816000.0,58287000.0,90342000.0,90342000.0,0.0,,,,,0.0,26950000.0,1.0,69086254.0,69086254.0,,1.308,203603000.0,0.0,5328000.0,4992000.0,2.947,1154000.0
95,ATGE,MRQ,1997-09-30,1997-09-30,1997-09-30,2021-08-19,444000.0,216903000.0,,78407000.0,138496000.0,,,-5154000.0,48937000.0,48937000.0,48710000.0,6279000.0,0.991,0.944,14000000.0,0.0,14000000.0,14000000.0,37747000.0,2911000.0,0.0,0.0,0.0,10696000.0,13607000.0,0.169,13607000.0,10696000.0,10296000.0,0.09,0.09,0.09,111596000.0,,111596000.0,,,,8693000.0,,1.0,31711000.0,0.394,37382000.0,400000.0,65436000.0,,2981000.0,0.0,0.0,0.0,105307000.0,79148000.0,26159000.0,,-10260000.0,0.0,40000.0,-19000000.0,0.0,-18960000.0,-5154000.0,0.0,13847000.0,7000.0,6279000.0,6279000.0,6279000.0,0.0,0.0,0.078,21015000.0,10696000.0,15767000.0,0.0,,,40.378,93325000.0,0.0,14.94,,,23279000.0,49940000.0,80421000.0,80421000.0,0.0,,,,,0.0,21015000.0,1.0,,,,,179521000.0,0.0,4017000.0,4987000.0,,-741000.0
96,ATGE,MRQ,1997-06-30,1997-06-30,1997-06-30,2021-08-19,437000.0,208652000.0,,72465000.0,136187000.0,,,-19400000.0,50969000.0,50969000.0,41444000.0,5991000.0,1.243,0.982,33000000.0,0.0,33000000.0,33000000.0,12295000.0,3161000.0,0.0,0.0,0.0,10405000.0,13566000.0,0.177,13566000.0,10405000.0,9980000.0,0.085,0.08,0.085,105270000.0,,105270000.0,,,,-11172000.0,,1.0,35231000.0,0.459,37770000.0,425000.0,94620000.0,,4549000.0,0.0,0.0,0.0,103382000.0,58293000.0,45089000.0,,4441000.0,0.0,23623000.0,-8000000.0,0.0,15623000.0,-19400000.0,0.0,8228000.0,-10000.0,5991000.0,5991000.0,5991000.0,0.0,0.0,0.078,24826000.0,10405000.0,22301000.0,0.0,,,37.5,90688000.0,0.0,13.5,,,12322000.0,43661000.0,76675000.0,76675000.0,0.0,,,,,0.0,24826000.0,1.0,,,,,170882000.0,0.0,3989000.0,5009000.0,,14172000.0
97,ATGE,MRQ,1997-03-31,1997-03-31,1997-03-31,2021-08-19,447000.0,240019000.0,,120304000.0,119715000.0,,,-2061000.0,69719000.0,69719000.0,47035000.0,6454000.0,1.035,2.172,41000000.0,0.0,41000000.0,41000000.0,73232000.0,3158000.0,0.0,0.0,0.0,11310000.0,14468000.0,0.178,14468000.0,11310000.0,10578000.0,0.095,0.095,0.095,75666000.0,,75666000.0,,,,9754000.0,,1.0,34098000.0,0.42,37912000.0,732000.0,57189000.0,,1786000.0,0.0,0.0,0.0,164353000.0,116199000.0,48154000.0,,6881000.0,0.0,127000.0,-3000000.0,0.0,-2873000.0,-2061000.0,0.0,11815000.0,0.0,6454000.0,6454000.0,6454000.0,0.0,0.0,0.08,22788000.0,11310000.0,19858000.0,0.0,,,,74019000.0,0.0,11.0,,,46638000.0,38016000.0,81133000.0,81133000.0,0.0,,,,,0.0,22788000.0,1.0,,,,,202107000.0,0.0,4124000.0,2126000.0,,4105000.0
98,ATGE,MRQ,1996-12-31,1996-12-31,1996-12-31,2021-08-19,447000.0,208145000.0,,87860000.0,120285000.0,,,,56022000.0,56022000.0,46837000.0,6781000.0,0.999,2.013,44000000.0,0.0,44000000.0,44000000.0,49920000.0,,0.0,0.0,0.0,11955000.0,,,,11955000.0,11150000.0,0.1,,0.1,69085000.0,,69085000.0,,,,,,1.0,34425000.0,0.424,37859000.0,805000.0,70282000.0,,1087000.0,0.0,0.0,0.0,139060000.0,87982000.0,51078000.0,,,,,,,,,,,,6781000.0,6781000.0,6781000.0,0.0,0.0,0.083,22470000.0,11955000.0,16164000.0,0.0,,,,74777000.0,0.0,11.75,,,28438000.0,31561000.0,81262000.0,81262000.0,0.0,,,,,,22470000.0,1.0,,,,,170286000.0,0.0,4369000.0,2142000.0,,-122000.0
0,ATGE,MRT,2021-06-30,2021-06-30,2021-06-30,2021-08-19,-7365000.0,3053836000.0,2664849250.0,1514953000.0,1538883000.0,0.417,25.351,-48664000.0,1313616000.0,1313616000.0,489233000.0,76475000.0,3.706,1.346,1293895000.0,58329000.0,1235566000.0,1293895000.0,100697000.0,99051000.0,0.0,0.0,0.0,143522000.0,242573000.0,0.218,242573000.0,143522000.0,102157000.0,1.5,1.49,1.5,1301070000.0,1313011000.0,1301070000.0,1745566473.0,12.0,7.196,143535000.0,2.797,1.0,623147000.0,0.56,962623000.0,41365000.0,1662685000.0,1306634000.0,0.0,0.0,0.0,0.0,1750976000.0,408807000.0,1342169000.0,1761485473.0,812511000.0,0.0,-98281000.0,778953000.0,0.0,676466000.0,-56688000.0,-8024000.0,192199000.0,534000.0,76909000.0,76909000.0,76909000.0,0.0,-434000.0,0.069,461664000.0,161483000.0,56071000.0,0.0,1.354,22.904,23.76,466180000.0,0.0,35.64,1.584,1.644,67996000.0,2005105000.0,1112380000.0,1112380000.0,0.0,0.029,0.059,0.11,0.129,13875000.0,420267000.0,1.0,49424396.0,51322000.0,51645000.0,21.675,2091213000.0,22479000.0,25248000.0,26991000.0,40.747,1106146000.0
1,ATGE,MRT,2021-03-31,2021-03-31,2021-03-31,2021-08-19,-7756000.0,3031000000.0,2458562000.0,1497278000.0,1533722000.0,0.444,25.785,-47047000.0,1305780000.0,1305780000.0,479648000.0,-188624000.0,3.917,1.319,1289861000.0,57911000.0,1231950000.0,1289861000.0,116670000.0,108873000.0,0.0,0.0,0.0,-171164000.0,-62291000.0,-0.057,-62291000.0,-171164000.0,-191072000.0,-3.42,-3.41,-3.42,1306224000.0,1315348750.0,1306224000.0,2029274293.0,-12.0,-32.577,99277000.0,1.96,1.0,612087000.0,0.561,966532000.0,19908000.0,1666344000.0,1122128250.0,0.0,10890000.0,10890000.0,0.0,1722283000.0,382205000.0,1340078000.0,1983074293.0,1053241000.0,313518000.0,-79017000.0,618953000.0,0.0,535076000.0,377059000.0,-30000.0,146324000.0,-5218000.0,-188155000.0,-188155000.0,-188155000.0,0.0,-469000.0,-0.172,469123000.0,142964000.0,45958000.0,0.0,1.518,-10.54,-11.561,455357000.0,0.0,39.54,1.816,1.835,77559000.0,1995465000.0,1091735000.0,1091735000.0,0.0,-0.077,-0.143,-0.153,-0.157,14503000.0,416068000.0,1.0,50153624.0,50658000.0,51111000.0,21.551,2064468000.0,27441000.0,-2917000.0,27005000.0,40.753,1115073000.0
2,ATGE,MRT,2020-12-31,2020-12-31,2020-12-31,2021-08-19,-7711000.0,2244664000.0,2311817000.0,680447000.0,1564217000.0,0.468,25.144,-48001000.0,488721000.0,488721000.0,475283000.0,-62462000.0,1.997,0.707,534921000.0,54950000.0,479971000.0,534921000.0,97400000.0,106182000.0,0.0,0.0,0.0,-48752000.0,57430000.0,0.053,57430000.0,-48752000.0,-65296000.0,-1.06,-1.06,-1.06,1313779000.0,1312432500.0,1313779000.0,1736510453.0,-36.0,30.237,136758000.0,2.617,1.0,607285000.0,0.561,969075000.0,16544000.0,981046000.0,1114332250.0,0.0,10541000.0,10541000.0,0.0,928290000.0,340743000.0,587547000.0,1768502453.0,313934000.0,313518000.0,-79944000.0,-129722000.0,0.0,-215693000.0,374734000.0,-183000.0,184759000.0,-29866000.0,-61975000.0,-61975000.0,-61975000.0,0.0,-487000.0,-0.057,454048000.0,153237000.0,49035000.0,0.0,1.346,-28.536,-32.028,483190000.0,0.0,33.95,1.634,1.639,91051000.0,1970813000.0,1082568000.0,1082568000.0,0.0,-0.027,-0.047,-0.044,-0.045,13689000.0,404002000.0,1.0,52091383.0,52251000.0,52441000.0,20.719,1275589000.0,23489000.0,-3321000.0,25792000.0,24.413,339704000.0
3,ATGE,MRT,2020-09-30,2020-09-30,2020-09-30,2021-08-19,-8612000.0,2329897000.0,2348303500.0,768473000.0,1561424000.0,0.454,25.369,-48144000.0,562117000.0,562117000.0,475718000.0,-80191000.0,1.875,0.748,530125000.0,54897000.0,475228000.0,530125000.0,168253000.0,101807000.0,0.0,0.0,0.0,-64865000.0,36942000.0,0.035,36942000.0,-64865000.0,-82739000.0,-1.41,-1.4,-1.41,1330971000.0,1307715750.0,1330971000.0,1288730476.0,-20.0,34.885,92007000.0,1.754,1.0,589911000.0,0.554,971507000.0,17874000.0,916461000.0,1290138250.0,0.0,9434000.0,9434000.0,0.0,996165000.0,409937000.0,586228000.0,1273044476.0,343426000.0,313610000.0,-93598000.0,-43000000.0,0.0,-143945000.0,373876000.0,-133000.0,140151000.0,-26656000.0,-79765000.0,-79765000.0,-79765000.0,0.0,-426000.0,-0.075,436686000.0,153225000.0,48148000.0,0.0,0.956,-15.96,-17.404,476768000.0,0.0,24.54,1.195,1.208,99536000.0,1947498000.0,1065629000.0,1065629000.0,0.0,-0.034,-0.061,-0.05,-0.061,13365000.0,396929000.0,1.0,51876303.0,52464000.0,52797000.0,20.312,1358390000.0,18325000.0,-2974000.0,25410000.0,25.892,358536000.0
4,ATGE,MRT,2020-06-30,2020-06-30,2020-06-30,2021-08-19,-9055000.0,2228687000.0,2380910250.0,692766000.0,1535921000.0,0.442,24.421,-37716000.0,501105000.0,501105000.0,490054000.0,-85778000.0,2.002,0.699,516791000.0,54644000.0,462147000.0,516791000.0,91589000.0,99406000.0,0.0,0.0,0.0,-72182000.0,27224000.0,0.026,27224000.0,-72182000.0,-91692000.0,-1.59,-1.58,-1.59,1310421000.0,1306771250.0,1310421000.0,2125799037.0,-29.0,78.085,69976000.0,1.304,1.0,561947000.0,0.534,973728000.0,19510000.0,924662000.0,1441137000.0,0.0,0.0,0.0,0.0,915414000.0,345983000.0,569431000.0,1613646037.0,200638000.0,313610000.0,-133111000.0,-107800000.0,0.0,-256109000.0,382523000.0,-186000.0,107692000.0,-33468000.0,-85334000.0,-85334000.0,-85334000.0,0.0,-444000.0,-0.081,419687000.0,142260000.0,46484000.0,0.0,1.231,-18.91,-19.591,461037000.0,0.0,31.15,1.534,1.589,87042000.0,1927568000.0,1052001000.0,1052001000.0,0.0,-0.036,-0.065,-0.05,-0.069,14584000.0,395838000.0,1.0,51802441.0,53659000.0,54094000.0,19.605,1254959000.0,22277000.0,-6358000.0,24975000.0,23.388,346783000.0
5,ATGE,MRT,2020-03-31,2020-03-31,2020-03-31,2021-08-19,-276379000.0,2444020000.0,2384412500.0,544266000.0,1899754000.0,0.443,24.446,-37818000.0,168578000.0,168578000.0,495983000.0,220178000.0,1.579,0.886,680731000.0,54926000.0,625805000.0,680731000.0,120047000.0,75818000.0,0.0,0.0,0.0,274710000.0,350528000.0,0.332,350528000.0,274710000.0,253937000.0,4.07,4.03,4.07,1294559000.0,1327048500.0,1294559000.0,1994954739.0,7.0,5.691,144036000.0,2.72,1.0,560529000.0,0.531,976327000.0,20773000.0,1635160000.0,1495394000.0,0.0,7754000.0,7754000.0,0.0,1146499000.0,344686000.0,801813000.0,1417565739.0,-69063000.0,-119510000.0,-210393000.0,162200000.0,0.0,-63090000.0,-162942000.0,-218000.0,181854000.0,-24885000.0,220216000.0,220216000.0,220216000.0,0.0,-38000.0,0.208,385176000.0,175353000.0,33932000.0,0.0,1.095,6.437,6.582,474975000.0,0.0,26.79,1.342,1.343,98732000.0,2183620000.0,1056512000.0,1056512000.0,0.0,0.092,0.166,0.184,0.26,14176000.0,382350000.0,1.0,52913988.0,52955000.0,53319000.0,19.951,1467693000.0,10922000.0,33721000.0,25101000.0,27.716,199580000.0
6,ATGE,MRT,2019-12-31,2019-12-31,2019-12-31,2021-08-19,-159118000.0,2390610000.0,2310583250.0,389929000.0,2000681000.0,0.452,24.029,-39406000.0,70747000.0,70747000.0,497463000.0,107332000.0,1.282,0.844,648136000.0,56029000.0,592107000.0,648136000.0,51413000.0,64441000.0,0.0,0.0,0.0,162284000.0,226725000.0,0.217,226725000.0,162284000.0,141916000.0,1.87,1.84,1.87,1294912000.0,1354555500.0,1294912000.0,2343128150.0,14.0,10.335,128757000.0,2.389,1.0,546265000.0,0.523,979541000.0,20368000.0,1684270000.0,1345428500.0,0.0,9229000.0,9229000.0,0.0,1092616000.0,304188000.0,788428000.0,1888205150.0,-120832000.0,-119510000.0,-234591000.0,127200000.0,0.0,-122484000.0,-165758000.0,-377000.0,168163000.0,-753000.0,107289000.0,107289000.0,107289000.0,0.0,43000.0,0.103,379820000.0,166445000.0,31457000.0,0.0,1.458,17.599,18.701,469495000.0,0.0,34.97,1.809,1.806,93394000.0,2032788000.0,1043728000.0,1043728000.0,0.0,0.046,0.079,0.121,0.155,14404000.0,376662000.0,1.0,53995000.0,53890000.0,54280000.0,19.368,1411069000.0,10242000.0,34627000.0,24916000.0,26.184,85741000.0
7,ATGE,MRT,2019-09-30,2019-09-30,2019-09-30,2021-08-19,-176739000.0,2460324000.0,2243486500.0,456113000.0,2004211000.0,0.46,23.916,-48268000.0,121789000.0,121789000.0,488282000.0,119418000.0,1.106,0.851,576712000.0,57057000.0,519655000.0,576712000.0,168533000.0,55105000.0,0.0,0.0,0.0,178281000.0,233386000.0,0.226,233386000.0,178281000.0,157973000.0,2.06,2.03,2.06,1327193000.0,1388239250.0,1327193000.0,2192644070.0,12.0,9.395,126044000.0,2.271,1.0,543235000.0,0.527,982316000.0,20308000.0,1520456000.0,1198030250.0,0.0,8763000.0,8763000.0,0.0,1129944000.0,412475000.0,717469000.0,2092017070.0,-226798000.0,-178478000.0,-226340000.0,42200000.0,0.0,-199350000.0,-199162000.0,-330000.0,174312000.0,-2598000.0,119059000.0,119059000.0,119059000.0,0.0,359000.0,0.115,358432000.0,184803000.0,44674000.0,0.0,1.576,17.571,18.49,476061000.0,0.0,38.09,2.028,2.049,116212000.0,2027263000.0,1031517000.0,1031517000.0,0.0,0.053,0.086,0.149,0.173,14303000.0,369265000.0,1.0,54923000.0,55493000.0,56140000.0,18.588,1478008000.0,9814000.0,38914000.0,25375000.0,26.634,43638000.0
8,ATGE,MRT,2019-06-30,2019-06-30,2019-06-30,2021-08-19,-137290000.0,2242696000.0,2215871750.0,504700000.0,1737996000.0,0.458,23.771,-57574000.0,205224000.0,205224000.0,471782000.0,95581000.0,1.62,0.605,401094000.0,3000000.0,398094000.0,401094000.0,95944000.0,40706000.0,0.0,0.0,0.0,147944000.0,188650000.0,0.186,188650000.0,147944000.0,128046000.0,1.63,1.6,1.63,1391530000.0,1416449750.0,1391530000.0,2519006100.0,17.0,13.353,147284000.0,2.516,1.0,542061000.0,0.535,985245000.0,19898000.0,1141690000.0,1063129750.0,0.0,8680000.0,8680000.0,0.0,841623000.0,311631000.0,529992000.0,2549019100.0,-143938000.0,-178478000.0,-235437000.0,107000000.0,0.0,-137533000.0,-213836000.0,-4480000.0,204858000.0,2573000.0,95168000.0,95168000.0,95168000.0,0.0,413000.0,0.094,386231000.0,155830000.0,53385000.0,0.0,1.832,26.784,27.638,283433000.0,0.0,45.05,2.514,2.601,83560000.0,2012902000.0,1013843000.0,1013843000.0,0.0,0.043,0.067,0.139,0.146,13217000.0,359342000.0,1.0,56582000.0,58540000.0,59330000.0,17.319,1257451000.0,12729000.0,32878000.0,25322000.0,21.48,193069000.0
9,ATGE,MRT,2019-03-31,2019-03-31,2019-03-31,2021-08-19,-148706000.0,2148703000.0,2241438000.0,540091000.0,1608612000.0,0.356,24.192,-41458000.0,231091000.0,231091000.0,321429000.0,108662000.0,1.747,0.524,291589000.0,3000000.0,288589000.0,291589000.0,108370000.0,31607000.0,0.0,0.0,0.0,110222000.0,141829000.0,0.178,141829000.0,110222000.0,91178000.0,1.8,1.78,1.8,1404587000.0,1448388750.0,1404587000.0,2672834600.0,24.0,18.845,143002000.0,2.463,1.0,477027000.0,0.597,864698000.0,19044000.0,1035298000.0,943816000.0,0.0,8341000.0,8341000.0,0.0,735634000.0,309205000.0,426429000.0,2676369600.0,45291000.0,-62904000.0,-183577000.0,178438000.0,0.0,-25479000.0,-102321000.0,-4459000.0,184460000.0,-11369000.0,108476000.0,108476000.0,108476000.0,0.0,186000.0,0.136,351158000.0,125869000.0,39092000.0,0.0,1.905,24.672,25.733,279387000.0,0.0,46.32,3.352,3.368,89578000.0,1964169000.0,798456000.0,798456000.0,0.0,0.048,0.075,0.117,0.138,13351000.0,320868000.0,1.0,57780000.0,58061000.0,,13.752,1284005000.0,19199000.0,-17298000.0,33278000.0,22.115,230886000.0
10,ATGE,MRT,2018-12-31,2018-12-31,2018-12-31,2021-08-19,-143518000.0,2122223000.0,2276343750.0,506549000.0,1615674000.0,0.373,24.156,-47207000.0,209113000.0,209113000.0,360549000.0,110084000.0,2.073,0.478,292084000.0,3000000.0,289084000.0,292084000.0,47097000.0,35033000.0,0.0,0.0,0.0,109896000.0,144929000.0,0.171,144929000.0,109896000.0,92788000.0,1.79,1.77,1.79,1429647000.0,1486813750.0,1429647000.0,2662750400.0,24.0,18.373,165224000.0,2.792,1.0,489274000.0,0.576,866207000.0,17108000.0,1094677000.0,818214500.0,0.0,7269000.0,7269000.0,0.0,683925000.0,244310000.0,439615000.0,2779813400.0,75866000.0,-65973000.0,-128036000.0,131570000.0,0.0,-15428000.0,-110835000.0,-4177000.0,212431000.0,-10302000.0,109905000.0,109905000.0,109905000.0,0.0,179000.0,0.129,356480000.0,132794000.0,46442000.0,0.0,1.944,25.293,26.436,275546000.0,0.0,47.32,3.271,3.296,81990000.0,1926134000.0,849823000.0,849823000.0,0.0,0.048,0.074,0.134,0.129,13079000.0,327755000.0,1.0,58745000.0,59185000.0,,14.359,1256016000.0,19141000.0,-17117000.0,32398000.0,21.222,262239000.0
11,ATGE,MRT,2018-09-30,2018-09-30,2018-09-30,2021-08-19,-163168000.0,2349865000.0,2298688000.0,739386000.0,1610479000.0,0.393,24.028,-48170000.0,335099000.0,335099000.0,399915000.0,11796000.0,1.611,0.626,292579000.0,3000000.0,289579000.0,292579000.0,173856000.0,37435000.0,0.0,0.0,0.0,107339000.0,144774000.0,0.16,144774000.0,107339000.0,92756000.0,0.17,0.15,0.17,1440035000.0,1509391750.0,1440035000.0,2750747200.0,26.0,19.0,178696000.0,2.982,1.0,504158000.0,0.558,867405000.0,14583000.0,980854000.0,706486750.0,0.0,8402000.0,8402000.0,0.0,901016000.0,459086000.0,441930000.0,2888674200.0,164296000.0,-8069000.0,-112632000.0,160694000.0,0.0,30369000.0,-77961000.0,-4298000.0,226866000.0,-14978000.0,11454000.0,11454000.0,11454000.0,0.0,342000.0,0.013,370114000.0,134044000.0,48087000.0,0.0,2.006,252.198,283.529,351403000.0,0.0,48.2,3.195,3.195,108213000.0,1908465000.0,904073000.0,904073000.0,0.0,0.005,0.008,0.152,0.119,13651000.0,327927000.0,1.0,59931000.0,59931000.0,,15.085,1482460000.0,31080000.0,81302000.0,29378000.0,24.736,280300000.0
12,ATGE,MRT,2018-06-30,2018-06-30,2018-06-30,2021-08-19,-142168000.0,2344961000.0,2307349500.0,688000000.0,1656961000.0,0.416,24.719,-46622000.0,431000000.0,431000000.0,461557000.0,34297000.0,1.881,0.537,293073000.0,3000000.0,290073000.0,293073000.0,106773000.0,41778000.0,0.0,0.0,0.0,133457000.0,175235000.0,0.182,175235000.0,133457000.0,121876000.0,0.55,0.54,0.55,1519286000.0,1563892750.0,1519286000.0,2750551700.0,21.0,15.696,192567000.0,3.133,1.0,498720000.0,0.519,1176818000.0,11581000.0,664435000.0,601211000.0,0.0,4255000.0,4255000.0,0.0,816565000.0,365781000.0,450784000.0,2896918700.0,193309000.0,-8069000.0,-112404000.0,165129000.0,0.0,37204000.0,-71450000.0,-159000.0,239189000.0,-11634000.0,33769000.0,33769000.0,33769000.0,0.0,528000.0,0.035,331558000.0,167162000.0,47477000.0,0.0,1.907,85.786,87.455,388654000.0,0.0,48.1,3.017,3.079,146726000.0,1917373000.0,960277000.0,960277000.0,0.0,0.015,0.022,0.222,0.139,14499000.0,327707000.0,1.0,60227000.0,61462000.0,62280000.0,15.624,1168143000.0,38780000.0,88107000.0,29115000.0,19.006,322219000.0
13,ATGE,MRT,2018-03-31,2018-03-31,2018-03-31,2021-08-19,-59195000.0,2288326000.0,2299863750.0,539340000.0,1748986000.0,0.489,25.852,-63390000.0,265823000.0,265823000.0,579326000.0,14776000.0,1.424,0.461,120000000.0,0.0,120000000.0,120000000.0,133299000.0,49533000.0,0.0,0.0,0.0,152795000.0,202328000.0,0.18,202328000.0,152795000.0,141211000.0,0.2,0.17,0.2,1558287000.0,1601331000.0,1558287000.0,2818366350.0,18.0,13.93,181007000.0,3.003,1.0,544347000.0,0.484,1230985000.0,11584000.0,532892000.0,585079500.0,0.0,4200000.0,4200000.0,0.0,718648000.0,378626000.0,340022000.0,2866171350.0,61634000.0,-4041000.0,-98925000.0,-11435000.0,0.0,-114459000.0,-65906000.0,-156000.0,244397000.0,-2398000.0,13822000.0,13822000.0,13822000.0,0.0,954000.0,0.012,343761000.0,200586000.0,33992000.0,0.0,1.839,207.363,237.75,418359000.0,0.0,47.55,2.551,2.551,155418000.0,1852122000.0,1123673000.0,1123673000.0,0.0,0.006,0.009,0.261,0.136,14825000.0,336721000.0,1.0,60277000.0,60277000.0,,18.642,1057341000.0,30500000.0,127389000.0,122081000.0,17.541,160714000.0
14,ATGE,MRT,2017-12-31,2017-12-31,2017-12-31,2021-08-19,-60745000.0,2211600000.0,2307234500.0,469809000.0,1741791000.0,0.497,25.055,-55210000.0,212272000.0,212272000.0,602230000.0,15510000.0,1.583,0.45,165000000.0,0.0,165000000.0,165000000.0,69953000.0,51537000.0,0.0,0.0,0.0,150095000.0,201632000.0,0.176,201632000.0,150095000.0,141055000.0,0.19,0.16,0.19,1519959000.0,1625340250.0,1519959000.0,2404770250.0,16.0,11.927,184011000.0,3.033,1.0,544048000.0,0.475,1219743000.0,9040000.0,647766000.0,593216750.0,0.0,4268000.0,4268000.0,0.0,684236000.0,296819000.0,387417000.0,2550963250.0,8716000.0,-972000.0,-101015000.0,-69242000.0,-2000.0,-174371000.0,-53735000.0,-156000.0,239221000.0,-2399000.0,14347000.0,14347000.0,14347000.0,0.0,1163000.0,0.013,352001000.0,192047000.0,32730000.0,0.0,1.678,177.805,221.316,418339000.0,0.0,42.05,2.225,2.225,134274000.0,1812746000.0,1146278000.0,1146278000.0,0.0,0.006,0.009,0.253,0.131,16047000.0,342778000.0,1.0,60665000.0,60665000.0,,18.895,991857000.0,31968000.0,126708000.0,120307000.0,16.35,172990000.0
15,ATGE,MRT,2017-09-30,2017-09-30,2017-09-30,2021-08-19,-35720000.0,2384511000.0,2329692750.0,541626000.0,1842885000.0,0.503,26.71,-42963000.0,274657000.0,274657000.0,623935000.0,111047000.0,1.202,0.434,135000000.0,0.0,135000000.0,135000000.0,171470000.0,49734000.0,0.0,0.005,0.18,124137000.0,173871000.0,0.148,173871000.0,124137000.0,116266000.0,1.75,1.72,1.75,1658039000.0,1646578750.0,1658039000.0,2099328600.0,17.0,12.074,179536000.0,2.892,1.0,548090000.0,0.468,1234585000.0,7871000.0,559751000.0,617492750.0,0.0,4139000.0,4139000.0,0.0,719906000.0,450518000.0,269388000.0,2225424600.0,86381000.0,503000.0,-66570000.0,-2616000.0,-11414000.0,-84664000.0,-51164000.0,-96000.0,222499000.0,-290000.0,109916000.0,109916000.0,109916000.0,0.0,1131000.0,0.094,417432000.0,130658000.0,46095000.0,0.103,1.342,20.247,20.486,476128000.0,0.0,35.85,1.899,1.899,151867000.0,1894372000.0,1172025000.0,1172025000.0,0.0,0.047,0.067,0.201,0.106,15835000.0,354522000.0,1.0,62076000.0,62076000.0,,18.88,1149926000.0,32137000.0,6350000.0,34755000.0,18.524,91108000.0
16,ATGE,MRT,2017-06-30,2017-06-30,2017-06-30,2021-08-19,-59119000.0,2315018000.0,2314654000.0,471207000.0,1843811000.0,0.522,26.651,-42508000.0,241738000.0,241738000.0,638245000.0,123280000.0,1.249,0.383,125000000.0,0.0,125000000.0,125000000.0,103542000.0,56974000.0,0.0,0.005,0.18,141021000.0,197995000.0,0.164,197995000.0,141021000.0,131877000.0,1.93,1.91,1.93,1669039000.0,1632488500.0,1669039000.0,2281979700.0,16.0,11.525,188412000.0,3.009,1.0,569664000.0,0.472,1221044000.0,9144000.0,599909000.0,611161750.0,0.0,4013000.0,4013000.0,0.0,639694000.0,377327000.0,262367000.0,2376656700.0,-64251000.0,-330567000.0,-19968000.0,120181000.0,-11414000.0,85843000.0,-379654000.0,-93000.0,230920000.0,-1360000.0,122283000.0,122283000.0,122283000.0,0.0,997000.0,0.101,434166000.0,135498000.0,43083000.0,0.093,1.424,19.436,19.663,488826000.0,0.0,37.95,1.968,1.968,148677000.0,1881397000.0,1207909000.0,1207909000.0,0.0,0.053,0.075,0.231,0.117,16600000.0,369043000.0,1.0,62626000.0,62626000.0,,19.288,1093974000.0,34755000.0,9594000.0,34712000.0,17.468,93880000.0
17,ATGE,MRT,2017-03-31,2017-03-31,2017-03-31,2021-08-19,-37013000.0,2317809000.0,2260148500.0,428592000.0,1889217000.0,0.365,26.307,-30002000.0,210094000.0,210094000.0,442022000.0,70325000.0,1.066,0.397,120000000.0,0.0,120000000.0,120000000.0,136612000.0,33000000.0,0.0,0.01,0.36,101016000.0,134016000.0,0.162,134016000.0,101016000.0,98260000.0,1.1,1.08,1.1,1654324000.0,1610750500.0,1654324000.0,2243236250.0,22.0,16.739,151579000.0,2.41,1.0,382742000.0,0.464,1260109000.0,2756000.0,565441000.0,583422000.0,0.0,3950000.0,3950000.0,0.0,656885000.0,402165000.0,254720000.0,2229273250.0,-126280000.0,-358642000.0,-17439000.0,110447000.0,-22828000.0,63987000.0,-378584000.0,-93000.0,181581000.0,6736000.0,69455000.0,69455000.0,69455000.0,0.0,870000.0,0.084,163765000.0,218977000.0,30203000.0,0.327,1.348,32.097,32.227,498262000.0,0.0,35.45,2.703,2.703,133683000.0,1837738000.0,824764000.0,824764000.0,0.0,0.031,0.043,0.173,0.122,21671000.0,233906000.0,1.0,62885000.0,62885000.0,,13.115,1057700000.0,35497000.0,28805000.0,30228000.0,16.82,26427000.0
18,ATGE,MRT,2016-12-31,2016-12-31,2016-12-31,2021-08-19,-50828000.0,2301433000.0,2204961000.0,427433000.0,1874000000.0,0.438,25.628,-29178000.0,203482000.0,203482000.0,512673000.0,82233000.0,1.313,0.43,225000000.0,0.0,225000000.0,225000000.0,88092000.0,38329000.0,0.0,0.012,0.36,114350000.0,152679000.0,0.158,152679000.0,114350000.0,110519000.0,1.28,1.27,1.28,1604913000.0,1586153250.0,1604913000.0,1889025600.0,17.0,12.373,167264000.0,2.671,1.0,453637000.0,0.469,1252525000.0,3831000.0,744870000.0,546621250.0,0.0,3844000.0,3844000.0,0.0,689800000.0,325556000.0,364244000.0,1953837600.0,22101000.0,-333854000.0,-17621000.0,213458000.0,-22826000.0,166887000.0,-351628000.0,-92000.0,196442000.0,10400000.0,81521000.0,81521000.0,81521000.0,0.0,712000.0,0.084,217778000.0,235859000.0,32119000.0,0.281,1.217,23.967,24.375,500526000.0,0.0,31.2,2.022,2.022,127941000.0,1797634000.0,966310000.0,966310000.0,0.0,0.037,0.051,0.209,0.118,21489000.0,291699000.0,1.0,62623000.0,62623000.0,,15.431,1048908000.0,26618000.0,28998000.0,32452000.0,16.75,101877000.0
19,ATGE,MRT,2016-09-30,2016-09-30,2016-09-30,2021-08-19,-49223000.0,2324356000.0,2102737750.0,423658000.0,1900698000.0,0.518,25.687,-40020000.0,194812000.0,194812000.0,574546000.0,17008000.0,0.952,0.448,130000000.0,0.0,130000000.0,130000000.0,224713000.0,48401000.0,0.0,0.016,0.36,52213000.0,100614000.0,0.092,100614000.0,52213000.0,48087000.0,0.26,0.25,0.26,1601678000.0,1551634250.0,1601678000.0,1122536240.0,21.0,11.157,173640000.0,2.785,1.0,514009000.0,0.472,1280277000.0,4126000.0,534427000.0,487321250.0,0.0,3738000.0,3738000.0,0.0,717635000.0,444840000.0,272795000.0,1437883240.0,-252384000.0,-504934000.0,-25102000.0,117913000.0,-22977000.0,63982000.0,-531925000.0,-102000.0,213660000.0,1899000.0,16521000.0,16521000.0,16521000.0,0.0,487000.0,0.015,333057000.0,180952000.0,57423000.0,1.385,0.898,87.034,88.692,514444000.0,0.0,23.06,1.321,1.321,184294000.0,1796099000.0,1088555000.0,1088555000.0,0.0,0.008,0.011,0.107,0.048,21880000.0,349695000.0,1.0,62354000.0,62354000.0,,17.458,1044079000.0,32037000.0,31566000.0,30769000.0,16.744,-21182000.0
20,ATGE,MRT,2016-06-30,2016-06-30,2016-06-30,2021-08-19,-42467000.0,2096996000.0,2048301000.0,518105000.0,1578891000.0,0.527,25.212,-51455000.0,315347000.0,315347000.0,568950000.0,-2756000.0,1.432,0.322,0.0,0.0,0.0,0.0,100442000.0,48511000.0,0.0,0.02,0.36,27428000.0,75939000.0,0.07,75939000.0,27428000.0,22160000.0,-0.05,-0.05,-0.05,1582087000.0,1537057000.0,1582087000.0,778268840.0,28.0,10.249,180028000.0,2.869,1.0,511125000.0,0.473,930863000.0,5268000.0,488950000.0,450094250.0,0.0,3609000.0,3609000.0,0.0,509797000.0,361836000.0,147961000.0,1119477840.0,-48418000.0,-173864000.0,-31144000.0,-11500000.0,-22977000.0,-69095000.0,-215407000.0,-3219000.0,231483000.0,4601000.0,-3166000.0,-3166000.0,-3166000.0,0.0,410000.0,-0.003,355035000.0,156090000.0,64687000.0,-7.2,0.708,-353.594,-356.8,521763000.0,0.0,17.84,1.036,1.036,162389000.0,1771068000.0,1080075000.0,1080075000.0,0.0,-0.002,-0.002,0.061,0.025,22368000.0,352646000.0,1.0,62751000.0,62751000.0,,17.212,1166133000.0,52608000.0,25326000.0,29936000.0,18.583,156269000.0
21,ATGE,MRT,2016-03-31,2016-03-31,2016-03-31,2021-08-19,-91348000.0,2097059000.0,2034010000.0,551526000.0,1545533000.0,0.907,24.628,-75410000.0,341209000.0,341209000.0,988694000.0,37102000.0,1.373,0.346,0.0,0.0,0.0,0.0,170106000.0,88451000.0,0.0,0.021,0.36,46191000.0,134642000.0,0.073,134642000.0,46191000.0,39297000.0,0.57,0.56,0.57,1555935000.0,1537737750.0,1555935000.0,898900790.0,19.0,6.676,140415000.0,2.223,1.0,856332000.0,0.464,936058000.0,6894000.0,418238000.0,447381250.0,0.0,3528000.0,3528000.0,0.0,537595000.0,401554000.0,136041000.0,1091066790.0,-69505000.0,-145789000.0,-27326000.0,-2418000.0,-23154000.0,-56417000.0,-224418000.0,-3219000.0,215825000.0,-4495000.0,36729000.0,36729000.0,36729000.0,0.0,373000.0,0.02,809768000.0,46564000.0,54222000.0,0.632,0.701,29.706,30.298,512340000.0,0.0,17.27,0.591,0.591,170035000.0,1794012000.0,1845026000.0,1845026000.0,0.0,0.018,0.024,0.103,0.025,17994000.0,660069000.0,1.0,63177000.0,63177000.0,,29.204,1161001000.0,24242000.0,2568000.0,27692000.0,18.377,149972000.0
22,ATGE,MRT,2015-12-31,2015-12-31,2015-12-31,2021-08-19,-133207000.0,1892540000.0,2046914500.0,359027000.0,1533513000.0,0.909,23.109,-86694000.0,192166000.0,192166000.0,989013000.0,32376000.0,1.23,0.288,0.0,0.0,0.0,0.0,77778000.0,90173000.0,0.0,0.014,0.36,40291000.0,130464000.0,0.07,130464000.0,40291000.0,33283000.0,0.49,0.47,0.49,1466837000.0,1539990500.0,1466837000.0,1162207560.0,29.0,8.908,103019000.0,1.623,1.0,871622000.0,0.468,900895000.0,7008000.0,507670000.0,455556750.0,0.0,3493000.0,3493000.0,0.0,422890000.0,291809000.0,131081000.0,1606577560.0,-199376000.0,-234045000.0,-26080000.0,-5357000.0,-23154000.0,-58110000.0,-323957000.0,-3218000.0,189713000.0,-7022000.0,31924000.0,31924000.0,31924000.0,-5576000.0,452000.0,0.017,836455000.0,35167000.0,56762000.0,0.735,1.095,50.325,51.653,535551000.0,0.0,25.31,0.863,0.863,121817000.0,1743105000.0,1860635000.0,1860635000.0,0.0,0.016,0.021,0.088,0.022,18122000.0,678798000.0,1.0,63476000.0,63476000.0,,29.312,991645000.0,24889000.0,1359000.0,21380000.0,15.622,67218000.0
23,ATGE,MRT,2015-09-30,2015-09-30,2015-09-30,2021-08-19,-122154000.0,2106609000.0,2065746000.0,681663000.0,1424946000.0,0.915,24.3,-90308000.0,444370000.0,444370000.0,998801000.0,125648000.0,1.551,0.363,0.0,0.0,0.0,0.0,223343000.0,90369000.0,0.0,0.013,0.36,145366000.0,235735000.0,0.125,235735000.0,145366000.0,139913000.0,1.94,1.91,1.94,1543369000.0,1562250000.0,1543369000.0,1364423730.0,9.0,5.788,90713000.0,1.428,1.0,890511000.0,0.471,837320000.0,5453000.0,385519000.0,454509000.0,0.0,3398000.0,3398000.0,0.0,559588000.0,439400000.0,120188000.0,1728188730.0,-34259000.0,-67017000.0,-24712000.0,-4812000.0,-23230000.0,-56273000.0,-160599000.0,-3274000.0,181021000.0,1592000.0,124924000.0,124924000.0,124924000.0,-5576000.0,724000.0,0.066,749997000.0,140514000.0,59777000.0,0.186,1.12,13.834,14.026,530336000.0,0.0,27.21,0.915,0.915,185956000.0,1804482000.0,1889312000.0,1889312000.0,0.0,0.06,0.08,0.32,0.077,18156000.0,694548000.0,1.0,63513000.0,63513000.0,,29.747,1269289000.0,6318000.0,14989000.0,21103000.0,19.985,242263000.0
24,ATGE,MRT,2015-06-30,2015-06-30,2015-06-30,2021-08-19,-77114000.0,2039832000.0,2072750500.0,559599000.0,1480233000.0,0.921,24.871,-88707000.0,363765000.0,363765000.0,1000055000.0,140699000.0,1.738,0.281,0.0,0.0,0.0,0.0,90232000.0,90556000.0,0.0,0.012,0.36,161686000.0,252242000.0,0.132,252242000.0,161686000.0,158436000.0,2.17,2.14,2.17,1584810000.0,1561450500.0,1584810000.0,1498552600.0,9.0,5.941,116796000.0,1.833,1.0,909888000.0,0.476,876060000.0,3250000.0,478098000.0,456968500.0,0.0,3579000.0,3579000.0,0.0,445402000.0,321909000.0,123493000.0,1910325600.0,-2770000.0,-67017000.0,-15886000.0,-5978000.0,-23230000.0,-48613000.0,-155882000.0,-158000.0,205503000.0,-3778000.0,139899000.0,139899000.0,139899000.0,-5576000.0,800000.0,0.073,752978000.0,156910000.0,63083000.0,0.166,1.205,13.655,13.816,545874000.0,0.0,29.98,1.0,1.0,139163000.0,1796361000.0,1909943000.0,1909943000.0,0.0,0.067,0.09,0.354,0.085,17440000.0,708285000.0,1.0,63720000.0,63720000.0,,29.974,1163772000.0,7097000.0,18537000.0,21731000.0,18.264,237690000.0
25,ATGE,MRT,2015-03-31,2015-03-31,2015-03-31,2021-08-19,-78876000.0,2148677000.0,2062201500.0,667921000.0,1480756000.0,0.932,24.532,-96047000.0,411773000.0,411773000.0,1006399000.0,148379000.0,1.672,0.367,0.0,0.0,0.0,0.0,176451000.0,88871000.0,0.0,0.01,0.35,170513000.0,259384000.0,0.135,259384000.0,170513000.0,168696000.0,2.29,2.26,2.29,1564946000.0,1548596250.0,1564946000.0,1737605456.0,10.0,6.699,115672000.0,1.813,1.0,915428000.0,0.476,886406000.0,1817000.0,450940000.0,462313500.0,0.0,3577000.0,3577000.0,0.0,574631000.0,399558000.0,175073000.0,2128104456.0,5300000.0,-68244000.0,-7183000.0,-12088000.0,-22601000.0,-41872000.0,-164384000.0,-93000.0,211719000.0,-163000.0,147457000.0,147457000.0,147457000.0,-5576000.0,922000.0,0.077,747549000.0,167879000.0,58531000.0,0.153,1.36,14.432,14.568,544623000.0,0.0,33.36,1.107,1.107,149586000.0,1778239000.0,1921827000.0,1921827000.0,0.0,0.072,0.095,0.369,0.089,17448000.0,702594000.0,1.0,63792100.0,63792100.0,,30.126,1262271000.0,45163000.0,21239000.0,71153000.0,19.787,268363000.0
26,ATGE,MRT,2014-12-31,2014-12-31,2014-12-31,2021-08-19,-44066000.0,1967866000.0,2037248500.0,572779000.0,1395087000.0,0.946,24.356,-88990000.0,390499000.0,390499000.0,995844000.0,156719000.0,2.162,0.26,0.0,0.0,0.0,0.0,66356000.0,88163000.0,0.0,0.007,0.35,184482000.0,272645000.0,0.141,272645000.0,184482000.0,183692000.0,2.42,2.4,2.42,1555875000.0,1530689500.0,1555875000.0,2547218125.0,14.0,9.343,155759000.0,2.438,1.0,932270000.0,0.484,808908000.0,790000.0,503479000.0,456272750.0,0.0,3520000.0,3520000.0,0.0,403852000.0,264980000.0,138872000.0,3032383125.0,117931000.0,-4711000.0,2083000.0,-11054000.0,-22601000.0,-31572000.0,-93870000.0,-169000.0,244749000.0,-1376000.0,155862000.0,155862000.0,155862000.0,0.0,857000.0,0.081,744304000.0,187966000.0,55737000.0,0.145,1.949,19.456,19.616,542989000.0,0.0,47.47,1.573,1.573,89318000.0,1731976000.0,1928114000.0,1928114000.0,0.0,0.077,0.102,0.404,0.096,17355000.0,706331000.0,1.0,63879990.0,63879990.0,,30.183,1158958000.0,45104000.0,27830000.0,48339000.0,18.143,307799000.0
27,ATGE,MRT,2014-09-30,2014-09-30,2014-09-30,2021-08-19,-32015000.0,2134627000.0,2017560250.0,735872000.0,1398755000.0,0.959,24.177,-78327000.0,485165000.0,485165000.0,988032000.0,162325000.0,1.631,0.382,0.0,0.0,0.0,0.0,234884000.0,89400000.0,0.0,0.008,0.34,193290000.0,282690000.0,0.146,282690000.0,193290000.0,191810000.0,2.51,2.49,2.51,1540171000.0,1497968500.0,1540171000.0,2360590430.0,12.0,8.35,187077000.0,2.937,1.0,946471000.0,0.489,802840000.0,1480000.0,395357000.0,455297250.0,0.0,3414000.0,3414000.0,0.0,587839000.0,451265000.0,136574000.0,2727125430.0,164564000.0,838000.0,11408000.0,-11054000.0,-21889000.0,-21535000.0,-77626000.0,-137000.0,265404000.0,-1679000.0,161604000.0,161604000.0,161604000.0,920000.0,721000.0,0.084,748913000.0,197558000.0,62435000.0,0.135,1.771,16.875,17.056,552414000.0,0.0,42.81,1.41,1.41,170280000.0,1702289000.0,1934503000.0,1934503000.0,0.0,0.08,0.108,0.425,0.1,17391000.0,716464000.0,1.0,63703000.0,63703000.0,,30.368,1331787000.0,46741000.0,30206000.0,50552000.0,20.906,284607000.0
28,ATGE,MRT,2014-06-30,2014-06-30,2014-06-30,2021-08-19,-15394000.0,1997636000.0,1990605250.0,577091000.0,1420545000.0,0.966,24.15,-79355000.0,366535000.0,366535000.0,983436000.0,134711000.0,1.822,0.299,0.0,0.0,0.0,0.0,99160000.0,89817000.0,0.0,0.008,0.34,163632000.0,253449000.0,0.132,253449000.0,163632000.0,161731000.0,2.09,2.07,2.09,1533393000.0,1460212000.0,1533393000.0,2283561470.0,14.0,9.01,186206000.0,2.933,1.0,939935000.0,0.489,814811000.0,1901000.0,499478000.0,460255750.0,0.0,3448000.0,3448000.0,0.0,457850000.0,316812000.0,141038000.0,2688399470.0,161044000.0,-4843000.0,11854000.0,-9095000.0,-21903000.0,-19144000.0,-84333000.0,-135000.0,265561000.0,-1040000.0,134032000.0,134032000.0,134032000.0,0.0,679000.0,0.07,758667000.0,181268000.0,52260000.0,0.163,1.753,20.058,20.258,555837000.0,0.0,42.34,1.398,1.398,132621000.0,1682071000.0,1923371000.0,1923371000.0,0.0,0.067,0.092,0.356,0.085,17685000.0,727870000.0,1.0,63495500.0,63495500.0,,30.291,1182825000.0,39679000.0,27699000.0,47921000.0,18.628,260279000.0
29,ATGE,MRT,2014-03-31,2014-03-31,2014-03-31,2021-08-19,-19604000.0,2048865000.0,1955450750.0,638496000.0,1410369000.0,0.981,23.573,-81383000.0,404838000.0,404838000.0,973063000.0,65409000.0,1.574,0.368,0.0,0.0,0.0,0.0,194560000.0,90926000.0,0.0,0.008,0.34,82623000.0,173549000.0,0.09,173549000.0,82623000.0,80837000.0,1.0,0.99,1.0,1493319000.0,1426152750.0,1493319000.0,2411457110.0,29.0,13.895,160908000.0,2.54,1.0,945200000.0,0.493,811562000.0,1786000.0,426777000.0,471954000.0,0.0,3333000.0,3333000.0,0.0,549357000.0,405688000.0,143669000.0,2685364110.0,118821000.0,-3616000.0,5336000.0,-10279000.0,-21763000.0,-26374000.0,-93063000.0,-7663000.0,242291000.0,-4033000.0,64238000.0,64238000.0,64238000.0,920000.0,1171000.0,0.033,836574000.0,108626000.0,54594000.0,0.34,1.798,41.803,42.39,551511000.0,0.0,42.39,1.4,1.4,161202000.0,1655283000.0,1918263000.0,1918263000.0,0.0,0.033,0.045,0.175,0.043,17075000.0,750455000.0,1.0,63349000.0,63349000.0,,30.281,1237303000.0,29458000.0,16599000.0,54574000.0,19.532,232808000.0
30,ATGE,MRT,2013-12-31,2013-12-31,2013-12-31,2021-08-19,-25573000.0,1889113000.0,1947943000.0,475745000.0,1413368000.0,0.989,22.526,-97988000.0,273907000.0,273907000.0,967260000.0,67025000.0,1.549,0.322,0.0,0.0,0.0,0.0,97725000.0,91698000.0,0.0,0.01,0.34,87489000.0,179187000.0,0.093,179187000.0,87489000.0,85830000.0,1.03,1.01,1.03,1424991000.0,1415103750.0,1424991000.0,1929899500.0,22.0,10.77,96433000.0,1.524,1.0,958711000.0,0.498,808477000.0,1659000.0,499577000.0,481665500.0,0.0,3263000.0,3263000.0,0.0,458147000.0,307152000.0,150995000.0,2245694500.0,45775000.0,-3681000.0,-6254000.0,-5960000.0,-21763000.0,-34035000.0,-110192000.0,-7766000.0,194421000.0,-4419000.0,65534000.0,65534000.0,65534000.0,920000.0,1491000.0,0.034,843974000.0,114737000.0,62721000.0,0.33,1.576,34.268,34.466,558043000.0,0.0,35.5,1.166,1.166,117812000.0,1599985000.0,1925971000.0,1925971000.0,0.0,0.034,0.046,0.182,0.045,16983000.0,755826000.0,1.0,63259000.0,63259000.0,,30.446,1080636000.0,31169000.0,20296000.0,59941000.0,17.083,168593000.0
31,ATGE,MRT,2013-09-30,2013-09-30,2013-09-30,2021-08-19,-17605000.0,2026807000.0,1954360750.0,592476000.0,1434331000.0,0.99,22.058,-108333000.0,315795000.0,315795000.0,964507000.0,69841000.0,1.235,0.455,0.0,0.0,0.0,0.0,243353000.0,92611000.0,0.0,0.011,0.34,95519000.0,188130000.0,0.097,188130000.0,95519000.0,94073000.0,1.06,1.05,1.06,1389145000.0,1407945500.0,1389145000.0,1721012680.0,18.0,9.148,130270000.0,2.069,1.0,970861000.0,0.502,816074000.0,1446000.0,415191000.0,480876000.0,0.0,3104000.0,3104000.0,0.0,631772000.0,479747000.0,152025000.0,1924607680.0,60978000.0,-7529000.0,-21479000.0,-5960000.0,-21750000.0,-49195000.0,-124719000.0,-7743000.0,238603000.0,-3711000.0,67665000.0,67665000.0,67665000.0,0.0,2176000.0,0.035,847491000.0,123370000.0,57798000.0,0.321,1.385,28.443,28.83,570493000.0,0.0,30.56,0.994,0.994,183487000.0,1562662000.0,1935368000.0,1935368000.0,0.0,0.035,0.048,0.199,0.049,15593000.0,754523000.0,1.0,62978000.0,62978000.0,,30.731,1210733000.0,33336000.0,26408000.0,64026000.0,19.225,112729000.0
32,ATGE,MRT,2013-06-30,2013-06-30,2013-06-30,2021-08-19,-17101000.0,1857018000.0,1952739000.0,442164000.0,1414854000.0,1.006,22.217,-111775000.0,203595000.0,203595000.0,962223000.0,108840000.0,1.398,0.329,0.0,0.0,0.0,0.0,97478000.0,93250000.0,0.0,0.011,0.34,147972000.0,241222000.0,0.123,241222000.0,147972000.0,146013000.0,1.66,1.65,1.66,1397156000.0,1402599000.0,1397156000.0,1665606142.0,11.0,6.905,149730000.0,2.381,1.0,1002152000.0,0.51,790935000.0,1959000.0,546271000.0,485092750.0,0.0,2975000.0,2975000.0,0.0,459008000.0,316217000.0,142791000.0,1950751142.0,23068000.0,-31386000.0,-47210000.0,-3822000.0,-31529000.0,-82561000.0,-152632000.0,-7742000.0,261505000.0,-3244000.0,106786000.0,106786000.0,106786000.0,0.0,2054000.0,0.054,839605000.0,162547000.0,55131000.0,0.205,1.396,18.268,18.687,571657000.0,0.0,31.02,0.993,0.993,139778000.0,1575009000.0,1964375000.0,1964375000.0,0.0,0.055,0.076,0.305,0.075,15493000.0,756384000.0,1.0,62886884.0,62886884.0,,31.237,1066083000.0,29758000.0,39227000.0,60103000.0,16.952,125947000.0
33,ATGE,MRT,2013-03-31,2013-03-31,2013-03-31,2021-08-19,-5934000.0,2018834000.0,1949118750.0,548025000.0,1470809000.0,1.012,22.939,-111132000.0,285161000.0,285161000.0,953684000.0,148691000.0,1.338,0.387,0.0,0.0,0.0,0.0,195359000.0,88840000.0,0.0,0.01,0.32,208843000.0,297683000.0,0.151,297683000.0,208843000.0,206084000.0,2.3,2.28,2.3,1449123000.0,1392408250.0,1449123000.0,1785551555.0,9.0,5.998,93584000.0,1.481,1.0,1018616000.0,0.516,858595000.0,2759000.0,465623000.0,477523750.0,0.0,2952000.0,2952000.0,0.0,560694000.0,409455000.0,151239000.0,2005704555.0,-51446000.0,-36605000.0,-78723000.0,0.0,-20646000.0,-99764000.0,-153085000.0,-263000.0,204716000.0,-3313000.0,147181000.0,147181000.0,147181000.0,0.0,1510000.0,0.075,776475000.0,242141000.0,53822000.0,0.139,1.384,13.627,13.804,569963000.0,0.0,31.75,1.017,1.017,171736000.0,1616850000.0,1972300000.0,1972300000.0,0.0,0.076,0.106,0.437,0.106,17729000.0,757860000.0,1.0,63171797.0,63171797.0,,31.221,1160239000.0,23962000.0,58903000.0,58956000.0,18.366,138570000.0
34,ATGE,MRT,2012-12-31,2012-12-31,2012-12-31,2021-08-19,-6696000.0,1914784000.0,1972460750.0,450771000.0,1464013000.0,1.019,22.008,-109484000.0,220461000.0,220461000.0,961051000.0,158835000.0,1.336,0.365,0.0,0.0,0.0,0.0,140576000.0,88004000.0,0.0,0.013,0.32,230457000.0,318461000.0,0.158,318461000.0,230457000.0,227389000.0,2.42,2.4,2.42,1396358000.0,1378750000.0,1396358000.0,1253506714.0,5.0,3.936,128847000.0,2.031,1.0,1048231000.0,0.522,860376000.0,3068000.0,496419000.0,450042500.0,0.0,2752000.0,2752000.0,0.0,509525000.0,337528000.0,171997000.0,1505618714.0,-69490000.0,-60852000.0,-99198000.0,0.0,-30791000.0,-129539000.0,-175150000.0,-85000.0,238331000.0,-3132000.0,157491000.0,157491000.0,157491000.0,0.0,1344000.0,0.078,786284000.0,261947000.0,60383000.0,0.132,1.078,9.56,9.806,559357000.0,0.0,23.73,0.749,0.749,118322000.0,1560130000.0,2009282000.0,2009282000.0,0.0,0.08,0.114,0.512,0.115,18046000.0,769698000.0,1.0,63447902.0,63447902.0,,31.668,1054408000.0,48835000.0,69898000.0,64444000.0,16.618,113243000.0
35,ATGE,MRT,2012-09-30,2012-09-30,2012-09-30,2021-08-19,-5412000.0,2020320000.0,1974847750.0,546053000.0,1474267000.0,1.029,21.33,-117100000.0,252118000.0,252118000.0,962019000.0,116891000.0,1.151,0.471,0.0,0.0,0.0,0.0,255222000.0,86746000.0,0.0,0.013,0.3,182300000.0,269046000.0,0.132,269046000.0,182300000.0,179280000.0,1.77,1.75,1.77,1367759000.0,1368170250.0,1367759000.0,1282874129.0,7.0,4.768,137808000.0,2.149,1.0,1070646000.0,0.527,861895000.0,3020000.0,432058000.0,413635250.0,0.0,2750000.0,2750000.0,0.0,643924000.0,474249000.0,169675000.0,1459448129.0,-75352000.0,-52604000.0,-132957000.0,-70000.0,-19877000.0,-152547000.0,-174135000.0,-59000.0,254908000.0,-3578000.0,116070000.0,116070000.0,116070000.0,0.0,821000.0,0.057,862138000.0,208508000.0,61543000.0,0.169,1.067,12.574,12.859,567659000.0,0.0,22.76,0.718,0.718,167045000.0,1520415000.0,2032665000.0,2032665000.0,0.0,0.059,0.085,0.441,0.09,19347000.0,779997000.0,1.0,64123380.0,64123380.0,,31.699,1158425000.0,59729000.0,63210000.0,67286000.0,18.066,71804000.0
36,ATGE,MRT,2012-06-30,2012-06-30,2012-06-30,2021-08-19,-5889000.0,1842537000.0,1972749500.0,404427000.0,1438110000.0,1.05,20.716,-125298000.0,176482000.0,176482000.0,960814000.0,142381000.0,1.284,0.352,0.0,0.0,0.0,0.0,98081000.0,84474000.0,0.0,0.01,0.3,215080000.0,299554000.0,0.145,299554000.0,215080000.0,212468000.0,2.11,2.09,2.11,1356393000.0,1375909000.0,1356393000.0,1685180328.0,8.0,5.626,152124000.0,2.323,1.0,1110969000.0,0.536,835181000.0,2612000.0,515995000.0,383017250.0,0.0,2632000.0,2632000.0,0.0,477902000.0,314879000.0,163023000.0,2027814328.0,-273069000.0,-250894000.0,-150243000.0,-70000.0,-18369000.0,-168018000.0,-380010000.0,-61000.0,277422000.0,-2463000.0,141565000.0,141565000.0,141565000.0,0.0,816000.0,0.068,872044000.0,238925000.0,61831000.0,0.142,1.495,14.324,14.678,558977000.0,0.0,30.97,0.979,0.979,93046000.0,1488988000.0,2071783000.0,2071783000.0,0.0,0.072,0.103,0.562,0.104,18530000.0,789903000.0,1.0,65476730.0,65476730.0,,31.642,1007356000.0,71436000.0,70903000.0,66197000.0,15.385,89548000.0
37,ATGE,MRT,2012-03-31,2012-03-31,2012-03-31,2021-08-19,3163000.0,2112202000.0,1974741000.0,665368000.0,1446834000.0,1.068,21.009,-133470000.0,342634000.0,342634000.0,947132000.0,209584000.0,1.2,0.509,0.0,0.0,0.0,0.0,372457000.0,78164000.0,0.0,0.008,0.27,305202000.0,383366000.0,0.182,383366000.0,305202000.0,303108000.0,3.07,3.04,3.07,1394490000.0,1384189750.0,1394490000.0,1931648949.0,6.0,5.039,144418000.0,2.176,1.0,1161405000.0,0.551,859434000.0,2094000.0,355698000.0,345402750.0,0.0,2665000.0,2665000.0,0.0,709544000.0,554436000.0,155108000.0,2248196949.0,-267075000.0,-248702000.0,-138571000.0,-3360000.0,-18430000.0,-159183000.0,-385372000.0,-76000.0,277888000.0,-408000.0,208676000.0,208676000.0,208676000.0,0.0,908000.0,0.099,855419000.0,305986000.0,53208000.0,0.088,1.612,10.774,11.033,546550000.0,0.0,33.87,1.066,1.066,254661000.0,1490371000.0,2108537000.0,2108537000.0,0.0,0.106,0.151,0.884,0.145,15950000.0,780380000.0,1.0,66377235.0,66377235.0,,31.766,1252768000.0,31231000.0,94432000.0,63693000.0,18.873,110932000.0
38,ATGE,MRT,2011-12-31,2011-12-31,2011-12-31,2021-08-19,4458000.0,1924332000.0,1964297250.0,528780000.0,1395552000.0,1.085,20.126,-141966000.0,316548000.0,316548000.0,935851000.0,235189000.0,1.238,0.416,0.0,0.0,0.0,0.0,279668000.0,72159000.0,0.0,0.007,0.27,347464000.0,419623000.0,0.197,419623000.0,347464000.0,345672000.0,3.4,3.36,3.4,1354039000.0,1370212500.0,1354039000.0,2258857343.0,7.0,5.383,211387000.0,3.142,1.0,1194609000.0,0.561,829904000.0,1792000.0,350790000.0,295844750.0,0.0,2499000.0,2499000.0,0.0,562661000.0,427090000.0,135571000.0,2587472343.0,-173533000.0,-224455000.0,-135988000.0,-3360000.0,-16680000.0,-154847000.0,-370249000.0,-77000.0,353353000.0,-1790000.0,234445000.0,234445000.0,234445000.0,0.0,744000.0,0.11,846850000.0,347759000.0,51413000.0,0.079,1.911,11.037,11.312,524908000.0,0.0,38.46,1.215,1.215,145488000.0,1423651000.0,2130460000.0,2130460000.0,0.0,0.119,0.171,1.174,0.163,14786000.0,771811000.0,1.0,67276972.0,67276972.0,,31.667,1094428000.0,29320000.0,111227000.0,64570000.0,16.267,101690000.0
39,ATGE,MRT,2011-09-30,2011-09-30,2011-09-30,2021-08-19,5348000.0,2011927000.0,1941860000.0,545231000.0,1466696000.0,1.111,20.442,-143412000.0,328615000.0,328615000.0,924556000.0,314781000.0,1.178,0.433,0.0,0.0,0.0,0.0,268965000.0,65947000.0,0.0,0.006,0.24,465970000.0,531917000.0,0.247,531917000.0,465970000.0,464420000.0,4.53,4.48,4.53,1398714000.0,1349079500.0,1398714000.0,2079465589.0,4.0,3.909,255235000.0,3.73,1.0,1233318000.0,0.572,911030000.0,1550000.0,309586000.0,258094250.0,0.0,2337000.0,2337000.0,0.0,606037000.0,462696000.0,143341000.0,2528918589.0,-128076000.0,-230855000.0,-128277000.0,-3290000.0,-16697000.0,-146950000.0,-378096000.0,-78000.0,398647000.0,-1677000.0,314286000.0,314286000.0,314286000.0,0.0,495000.0,0.146,763762000.0,469556000.0,65678000.0,0.053,1.808,8.047,8.159,515785000.0,0.0,36.96,1.172,1.172,151428000.0,1424866000.0,2157874000.0,2157874000.0,0.0,0.162,0.233,1.805,0.216,13900000.0,763762000.0,1.0,68423122.0,68423122.0,,31.537,1100897000.0,21712000.0,150134000.0,75490000.0,16.09,82535000.0
40,ATGE,MRT,2011-06-30,2011-06-30,2011-06-30,2021-08-19,15729000.0,1850503000.0,1894604500.0,624650000.0,1225853000.0,1.14,20.2,-132602000.0,449453000.0,449453000.0,914389000.0,330830000.0,1.974,0.327,0.0,0.0,0.0,0.0,97894000.0,61194000.0,0.0,0.004,0.24,498227000.0,559421000.0,0.259,559421000.0,498227000.0,496945000.0,4.73,4.68,4.73,1389516000.0,1305379500.0,1389516000.0,3463574967.0,7.0,6.191,275388000.0,4.003,1.0,1245875000.0,0.577,719082000.0,1282000.0,365537000.0,220286250.0,0.0,2575000.0,2575000.0,0.0,454232000.0,316431000.0,137801000.0,4067467967.0,139443000.0,-3027000.0,-122382000.0,-3290000.0,-15529000.0,-140189000.0,-125986000.0,13394000.0,407990000.0,-2372000.0,330403000.0,330403000.0,330403000.0,0.0,427000.0,0.153,744369000.0,501506000.0,63611000.0,0.051,2.927,12.311,12.501,468244000.0,0.0,59.13,1.883,1.883,114689000.0,1367972000.0,2160264000.0,2160264000.0,0.0,0.174,0.253,2.262,0.231,14251000.0,744369000.0,1.0,68788567.0,68788567.0,,31.404,1131421000.0,24457000.0,166542000.0,69029000.0,16.448,308219000.0
41,ATGE,MRT,2011-03-31,2011-03-31,2011-03-31,2021-08-19,13662000.0,2070427000.0,1838935250.0,887722000.0,1182705000.0,1.165,19.332,-120709000.0,603893000.0,603893000.0,906253000.0,327044000.0,1.481,0.542,0.0,0.0,0.0,0.0,420887000.0,62391000.0,0.0,0.004,0.22,486671000.0,549062000.0,0.256,549062000.0,486671000.0,485498000.0,4.64,4.59,4.64,1338581000.0,1252845750.0,1338581000.0,3344736817.0,7.0,6.092,274742000.0,3.968,1.0,1236042000.0,0.577,709692000.0,1173000.0,157466000.0,195179250.0,0.0,2556000.0,2556000.0,0.0,725380000.0,599376000.0,126004000.0,3813126817.0,156618000.0,0.0,-115994000.0,-44757000.0,-15529000.0,-174992000.0,-61964000.0,59372000.0,395451000.0,-1877000.0,326783000.0,326783000.0,326783000.0,0.0,261000.0,0.153,750879000.0,485163000.0,63741000.0,0.047,2.849,11.669,11.869,437956000.0,0.0,55.07,1.78,1.78,223953000.0,1300862000.0,2142295000.0,2142295000.0,0.0,0.178,0.261,2.493,0.227,13439000.0,750879000.0,1.0,69241453.0,69241453.0,,30.939,1360735000.0,26290000.0,158715000.0,63874000.0,19.652,288346000.0
42,ATGE,MRT,2010-12-31,2010-12-31,2010-12-31,2021-08-19,13623000.0,1834583000.0,1791385250.0,675752000.0,1158831000.0,1.163,18.122,-123043000.0,468390000.0,468390000.0,887639000.0,315055000.0,1.479,0.44,0.0,0.0,0.0,0.0,281532000.0,60811000.0,0.0,0.005,0.22,471827000.0,532638000.0,0.256,532638000.0,471827000.0,470666000.0,4.44,4.39,4.44,1269507000.0,1200102000.0,1269507000.0,2899077758.0,6.0,5.443,275174000.0,3.928,1.0,1196311000.0,0.574,709564000.0,1161000.0,199788000.0,173162750.0,0.0,2464000.0,2464000.0,0.0,559041000.0,456841000.0,102200000.0,3361213758.0,186732000.0,0.0,-89649000.0,-44732000.0,-14257000.0,-146237000.0,-64363000.0,59373000.0,398217000.0,-885000.0,315035000.0,315035000.0,315035000.0,0.0,20000.0,0.151,726355000.0,469956000.0,62185000.0,0.05,2.648,10.669,10.806,414959000.0,0.0,47.98,1.613,1.613,152834000.0,1208419000.0,2083950000.0,2083950000.0,0.0,0.176,0.263,2.725,0.226,12750000.0,726355000.0,1.0,70054476.0,70054476.0,,29.748,1125019000.0,24547000.0,155631000.0,43914000.0,16.059,218911000.0
43,ATGE,MRT,2010-09-30,2010-09-30,2010-09-30,2021-08-19,12704000.0,1822905000.0,1749194000.0,680775000.0,1142130000.0,1.147,17.302,-127537000.0,462136000.0,462136000.0,857687000.0,298773000.0,1.383,0.485,0.0,0.0,0.0,0.0,264922000.0,61513000.0,0.0,0.004,0.2,445739000.0,507252000.0,0.253,507252000.0,445739000.0,444322000.0,4.2,4.14,4.2,1223914000.0,1144016500.0,1223914000.0,3171212980.0,7.0,6.252,282784000.0,3.998,1.0,1147812000.0,0.572,710002000.0,1417000.0,158354000.0,159436000.0,0.0,2330000.0,2330000.0,0.0,593358000.0,492413000.0,100945000.0,3481016980.0,171751000.0,0.0,-52964000.0,-104841000.0,-14240000.0,-168718000.0,-68835000.0,59395000.0,410321000.0,-1017000.0,298783000.0,298783000.0,298783000.0,0.0,-10000.0,0.149,704480000.0,443332000.0,74527000.0,0.048,2.844,11.651,11.717,398520000.0,0.0,49.21,1.736,1.736,161323000.0,1128326000.0,2005499000.0,2005499000.0,0.0,0.171,0.261,2.796,0.222,11776000.0,704480000.0,1.0,70738000.0,70738000.0,,28.351,1112903000.0,24202000.0,145539000.0,45307000.0,15.733,188362000.0
44,ATGE,MRT,2010-06-30,2010-06-30,2010-06-30,2021-08-19,9896000.0,1627826000.0,1700587250.0,499647000.0,1128179000.0,1.126,16.556,-131009000.0,309804000.0,309804000.0,826089000.0,279983000.0,1.453,0.376,0.0,0.0,0.0,0.0,107557000.0,62222000.0,0.0,0.004,0.2,414133000.0,476355000.0,0.249,476355000.0,414133000.0,412548000.0,3.92,3.87,3.92,1179381000.0,1082608000.0,1179381000.0,3288200764.0,8.0,6.903,260539000.0,3.657,1.0,1089092000.0,0.569,709059000.0,1585000.0,265109000.0,162649750.0,0.0,15666000.0,15666000.0,0.0,443438000.0,343854000.0,99584000.0,3739209764.0,142500000.0,0.0,-27645000.0,-124811000.0,-12839000.0,-161840000.0,-85788000.0,45921000.0,391548000.0,-1420000.0,279909000.0,279909000.0,279909000.0,0.0,74000.0,0.146,678190000.0,410902000.0,90364000.0,0.051,3.17,13.359,13.39,388137000.0,0.0,52.49,1.952,1.952,119210000.0,1055591000.0,1915181000.0,1915181000.0,0.0,0.165,0.259,2.546,0.216,10148000.0,678190000.0,1.0,71236612.0,71236612.0,,26.885,918767000.0,22340000.0,132639000.0,41486000.0,12.897,155793000.0
45,ATGE,MRT,2010-03-31,2010-03-31,2010-03-31,2021-08-19,9995000.0,1880227000.0,1652205500.0,768583000.0,1111644000.0,1.092,15.845,-124935000.0,495766000.0,495766000.0,795500000.0,245152000.0,1.185,0.663,44757000.0,44757000.0,0.0,44757000.0,390283000.0,61782000.0,0.0,0.003,0.18,368430000.0,430212000.0,0.238,430212000.0,368430000.0,366415000.0,3.45,3.39,3.45,1127606000.0,1019498250.0,1127606000.0,4357460674.0,12.0,10.129,318026000.0,4.469,1.0,1009246000.0,0.559,711055000.0,2015000.0,69400000.0,166569750.0,0.0,61781000.0,61781000.0,0.0,748103000.0,648763000.0,99340000.0,4639877674.0,144918000.0,-27856000.0,-28894000.0,-103046000.0,-12839000.0,-141830000.0,-153552000.0,-61000.0,442961000.0,-2661000.0,245365000.0,245365000.0,245365000.0,0.0,-213000.0,0.136,645218000.0,364028000.0,89152000.0,0.052,4.115,18.91,18.899,372012000.0,0.0,65.2,2.571,2.571,155902000.0,991295000.0,1804746000.0,1804746000.0,0.0,0.149,0.241,2.212,0.204,8938000.0,640318000.0,1.0,71163768.0,71163768.0,,25.36,1169172000.0,22489000.0,121050000.0,48281000.0,16.429,119820000.0
46,ATGE,MRT,2009-12-31,2009-12-31,2009-12-31,2021-08-19,11547000.0,1665818000.0,1579866000.0,578635000.0,1087183000.0,1.071,14.714,-110465000.0,327149000.0,327149000.0,759401000.0,215118000.0,1.101,0.59,44732000.0,44732000.0,0.0,44732000.0,293913000.0,60123000.0,0.0,0.003,0.18,319154000.0,379277000.0,0.224,379277000.0,319154000.0,316991000.0,3.02,2.97,3.02,1045165000.0,961756250.0,1045165000.0,3844216263.0,12.0,10.136,267591000.0,3.767,1.0,932842000.0,0.551,713015000.0,2163000.0,144881000.0,184978500.0,0.0,61608000.0,61608000.0,0.0,616549000.0,525505000.0,91044000.0,4029525263.0,69224000.0,-28818000.0,-35544000.0,-123132000.0,-11449000.0,-167492000.0,-139355000.0,-65000.0,378056000.0,-1985000.0,215099000.0,215099000.0,215099000.0,0.0,19000.0,0.127,615070000.0,317772000.0,71246000.0,0.06,3.855,18.733,18.785,345757000.0,0.0,56.73,2.381,2.381,135183000.0,910802000.0,1692243000.0,1692243000.0,0.0,0.136,0.224,1.725,0.189,8458000.0,610170000.0,1.0,71029883.0,71029883.0,,23.824,952803000.0,22191000.0,101892000.0,51790000.0,13.414,53130000.0
47,ATGE,MRT,2009-09-30,2009-09-30,2009-09-30,2021-08-19,11131000.0,1628478000.0,1527133250.0,561201000.0,1067277000.0,1.04,13.747,-89888000.0,290150000.0,290150000.0,726543000.0,185393000.0,1.009,0.661,104841000.0,104841000.0,0.0,104841000.0,244535000.0,56625000.0,0.0,0.003,0.16,272006000.0,328631000.0,0.207,328631000.0,272006000.0,269162000.0,2.6,2.56,2.6,978280000.0,913116500.0,978280000.0,3891106127.0,14.0,11.84,240065000.0,3.373,1.0,862303000.0,0.543,715776000.0,2844000.0,171209000.0,197478000.0,0.0,61253000.0,61253000.0,0.0,646459000.0,556184000.0,90275000.0,3936836127.0,96184000.0,-29064000.0,-33146000.0,-73775000.0,-11449000.0,-115080000.0,-119021000.0,-62000.0,329953000.0,332000.0,185510000.0,185510000.0,185510000.0,0.0,-117000.0,0.117,590920000.0,271383000.0,86642000.0,0.062,4.024,21.222,21.277,323377000.0,0.0,55.32,2.478,2.478,156973000.0,845686000.0,1588846000.0,1588846000.0,0.0,0.121,0.203,1.377,0.171,8062000.0,586020000.0,1.0,71164789.0,71164789.0,,22.326,912702000.0,20223000.0,83652000.0,51366000.0,12.825,5017000.0
48,ATGE,MRT,2009-06-30,2009-06-30,2009-06-30,2021-08-19,7157000.0,1434299000.0,1469702750.0,385446000.0,1048853000.0,0.994,12.975,-74044000.0,170541000.0,170541000.0,669673000.0,165652000.0,0.983,0.544,124811000.0,104811000.0,20000000.0,124811000.0,102306000.0,50450000.0,0.0,0.003,0.16,240088000.0,290538000.0,0.199,290538000.0,240088000.0,237313000.0,2.32,2.28,2.32,926942000.0,870594000.0,926942000.0,3392787323.0,14.0,11.678,175521000.0,2.457,1.0,791780000.0,0.542,715763000.0,2775000.0,280789000.0,204996750.0,0.0,60174000.0,60174000.0,0.0,504169000.0,392017000.0,112152000.0,3574949323.0,-51997000.0,-315318000.0,-19461000.0,112071000.0,-10015000.0,86166000.0,-389425000.0,-63000.0,249565000.0,1697000.0,165613000.0,165613000.0,165613000.0,0.0,39000.0,0.113,552970000.0,238810000.0,71564000.0,0.069,3.857,21.586,21.569,307571000.0,0.0,50.04,2.446,2.446,104413000.0,791677000.0,1461453000.0,1461453000.0,0.0,0.113,0.19,1.171,0.164,7550000.0,548070000.0,1.0,71441833.0,71441833.0,,20.457,718536000.0,21562000.0,71700000.0,51895000.0,10.058,-6571000.0
49,ATGE,MRT,2009-03-31,2009-03-31,2009-03-31,2021-08-19,737000.0,1590869000.0,1365717000.0,549805000.0,1041064000.0,0.983,12.52,-76122000.0,317225000.0,317225000.0,612293000.0,153147000.0,0.938,0.774,135063000.0,115063000.0,20000000.0,135063000.0,302517000.0,46236000.0,0.0,0.003,0.14,218309000.0,264545000.0,0.197,264545000.0,218309000.0,216192000.0,2.14,2.1,2.14,896638000.0,830465000.0,896638000.0,3370246246.0,15.0,12.74,205134000.0,2.864,1.0,729726000.0,0.544,679233000.0,2117000.0,143035000.0,188669750.0,0.0,59204000.0,1743000.0,57461000.0,694231000.0,586439000.0,107792000.0,3450396246.0,45399000.0,-287475000.0,-4659000.0,135063000.0,-10015000.0,125075000.0,-364381000.0,-784000.0,281256000.0,3449000.0,153147000.0,153147000.0,153147000.0,0.0,0.0,0.114,513661000.0,216065000.0,66212000.0,0.065,3.848,22.53,22.514,277738000.0,0.0,48.18,2.571,2.571,179954000.0,760350000.0,1342019000.0,1342019000.0,0.0,0.112,0.184,1.157,0.163,7950000.0,513661000.0,1.0,71614700.0,71614700.0,,18.739,911636000.0,17850000.0,63045000.0,58518000.0,12.73,-36634000.0
50,ATGE,MRT,2008-12-31,2008-12-31,2008-12-31,2021-08-19,469000.0,1454887000.0,1246972750.0,424952000.0,1029935000.0,0.995,11.875,-46014000.0,235274000.0,235274000.0,564938000.0,140579000.0,0.854,0.71,155124000.0,135124000.0,20000000.0,155124000.0,226059000.0,43244000.0,0.0,0.002,0.14,198150000.0,241394000.0,0.194,241394000.0,198150000.0,196418000.0,1.97,1.93,1.97,850606000.0,790404750.0,850606000.0,4086593877.0,21.0,16.929,159275000.0,2.224,1.0,676172000.0,0.545,682100000.0,1732000.0,194879000.0,187233750.0,0.0,59618000.0,1861000.0,57757000.0,604281000.0,497758000.0,106523000.0,4112340877.0,104414000.0,-286649000.0,-3470000.0,155124000.0,-8565000.0,148175000.0,-252573000.0,80090000.0,205289000.0,3523000.0,140579000.0,140579000.0,140579000.0,0.0,0.0,0.113,485320000.0,190852000.0,40905000.0,0.071,4.835,29.253,29.142,264830000.0,0.0,57.41,3.313,3.313,137602000.0,709464000.0,1241110000.0,1241110000.0,0.0,0.113,0.178,1.058,0.16,7653000.0,485320000.0,1.0,71631090.0,71631090.0,,17.326,772787000.0,16312000.0,55839000.0,56060000.0,10.788,-72806000.0
51,ATGE,MRT,2008-09-30,2008-09-30,2008-09-30,2021-08-19,-2557000.0,1398756000.0,1132334000.0,392327000.0,1006429000.0,1.011,11.317,-41261000.0,191623000.0,191623000.0,521718000.0,133527000.0,0.773,0.731,165876000.0,145876000.0,20000000.0,165876000.0,193917000.0,40165000.0,0.0,0.002,0.12,185443000.0,225608000.0,0.197,225608000.0,185443000.0,184789000.0,1.87,1.83,1.87,808190000.0,753544500.0,808190000.0,3316444920.0,18.0,14.7,174194000.0,2.439,1.0,623514000.0,0.544,664027000.0,654000.0,201284000.0,205187500.0,0.0,59264000.0,2136000.0,57128000.0,590566000.0,507698000.0,82868000.0,3537756920.0,33048000.0,-313857000.0,503000.0,163981000.0,-8565000.0,160373000.0,-344552000.0,10566000.0,215455000.0,1772000.0,133527000.0,133527000.0,133527000.0,0.0,0.0,0.117,448269000.0,175245000.0,81153000.0,0.064,4.377,26.495,26.492,260648000.0,0.0,49.54,3.089,3.089,154654000.0,672331000.0,1145232000.0,1145232000.0,0.0,0.118,0.177,0.904,0.162,7320000.0,448269000.0,1.0,71412130.0,71412130.0,,16.037,734729000.0,15635000.0,51262000.0,33526000.0,10.289,-115371000.0
52,ATGE,MRT,2008-06-30,2008-06-30,2008-06-30,2021-08-19,-2963000.0,1018356000.0,1020780000.0,325588000.0,692768000.0,1.07,10.745,-10235000.0,221312000.0,221312000.0,503133000.0,125532000.0,1.545,0.329,0.0,0.0,0.0,0.0,57849000.0,39874000.0,0.0,0.002,0.12,172798000.0,212672000.0,0.195,212672000.0,172798000.0,172276000.0,1.76,1.73,1.76,766426000.0,717991000.0,766426000.0,3551810197.0,21.0,16.701,188411000.0,2.642,1.0,588700000.0,0.539,370871000.0,522000.0,215481000.0,201716250.0,0.0,59479000.0,2308000.0,57171000.0,251930000.0,210692000.0,41238000.0,3824467197.0,88044000.0,-27603000.0,-5741000.0,-1895000.0,-7840000.0,-11275000.0,-99997000.0,-62159000.0,198646000.0,670000.0,125532000.0,125532000.0,125532000.0,0.0,0.0,0.115,422622000.0,166078000.0,70368000.0,0.068,4.99,30.466,30.466,239315000.0,0.0,53.62,3.503,3.503,55214000.0,637501000.0,1091833000.0,1091833000.0,0.0,0.123,0.175,0.857,0.158,5724000.0,422622000.0,1.0,71325386.0,71325386.0,,15.308,647485000.0,14975000.0,46744000.0,11726000.0,9.078,114896000.0
53,ATGE,MRT,2008-03-31,2008-03-31,2008-03-31,2021-08-19,-2644000.0,1115892000.0,977219250.0,434573000.0,681319000.0,1.072,10.311,4160000.0,272657000.0,272657000.0,495783000.0,116913000.0,1.303,0.515,0.0,0.0,0.0,0.0,217274000.0,40628000.0,0.0,0.003,0.11,157434000.0,198062000.0,0.189,198062000.0,157434000.0,159026000.0,1.64,1.61,1.64,736397000.0,686876000.0,736397000.0,2879449140.0,18.0,14.538,210483000.0,2.947,1.0,552074000.0,0.527,372530000.0,-1592000.0,137291000.0,194487750.0,0.0,59982000.0,2345000.0,57637000.0,379495000.0,333414000.0,46081000.0,2988184140.0,113759000.0,-27590000.0,-688000.0,-1895000.0,-7840000.0,-6766000.0,-84854000.0,-61424000.0,206323000.0,-944000.0,116913000.0,116913000.0,116913000.0,0.0,0.0,0.112,402742000.0,149332000.0,36895000.0,0.067,4.058,25.559,25.512,222831000.0,0.0,41.84,2.852,2.852,121523000.0,606781000.0,1047857000.0,1047857000.0,0.0,0.12,0.17,0.809,0.15,5368000.0,393844000.0,1.0,71419315.0,71419315.0,,14.672,743362000.0,17287000.0,42113000.0,13809000.0,10.408,101159000.0
54,ATGE,MRT,2007-12-31,2007-12-31,2007-12-31,2021-08-19,-1788000.0,996332000.0,935036500.0,368257000.0,628075000.0,1.072,9.86,-9921000.0,108735000.0,108735000.0,490752000.0,101519000.0,1.491,0.417,0.0,0.0,0.0,0.0,135343000.0,41791000.0,0.0,0.002,0.11,135603000.0,177394000.0,0.177,177394000.0,135603000.0,136520000.0,1.42,1.4,1.42,703165000.0,659279250.0,703165000.0,3534310974.0,26.0,19.924,153069000.0,2.146,1.0,511957000.0,0.511,373970000.0,-917000.0,266694000.0,188790000.0,0.0,142144000.0,142144000.0,0.0,293167000.0,246933000.0,46234000.0,3705539974.0,-72434000.0,-27454000.0,2548000.0,-51895000.0,-7102000.0,-54314000.0,-179661000.0,-142286000.0,162990000.0,-1449000.0,101519000.0,101519000.0,101519000.0,0.0,0.0,0.101,383589000.0,128368000.0,37029000.0,0.077,5.27,36.501,36.592,234041000.0,0.0,51.96,3.696,3.696,76842000.0,568463000.0,1002709000.0,1002709000.0,0.0,0.109,0.154,0.718,0.135,5195000.0,374551000.0,1.0,71315242.0,71315242.0,,14.06,622362000.0,17938000.0,35001000.0,16053000.0,8.727,121324000.0
55,ATGE,MRT,2007-09-30,2007-09-30,2007-09-30,2021-08-19,-1550000.0,952540000.0,915903750.0,353729000.0,598811000.0,1.053,9.367,-8545000.0,171229000.0,171229000.0,487445000.0,82103000.0,1.433,0.43,0.0,0.0,0.0,0.0,137243000.0,42901000.0,0.0,0.003,0.1,107988000.0,150889000.0,0.156,150889000.0,107988000.0,108791000.0,1.15,1.14,1.15,665976000.0,634578500.0,665976000.0,2487647425.0,23.0,16.487,146488000.0,2.06,1.0,477131000.0,0.495,346987000.0,-803000.0,187399000.0,157143500.0,0.0,72745000.0,72745000.0,0.0,286564000.0,246925000.0,39639000.0,2631285425.0,-18635000.0,0.0,-372000.0,-85000000.0,-7102000.0,-91343000.0,-81283000.0,-72738000.0,155033000.0,-1042000.0,82103000.0,82103000.0,82103000.0,0.0,0.0,0.085,373910000.0,103221000.0,32799000.0,0.087,3.951,32.049,32.183,232864000.0,0.0,37.01,2.728,2.728,75790000.0,536933000.0,964576000.0,964576000.0,0.0,0.09,0.129,0.687,0.112,5964000.0,364872000.0,1.0,71096607.0,71096607.0,,13.567,605553000.0,15491000.0,26688000.0,8689000.0,8.517,106804000.0
56,ATGE,MRT,2007-06-30,2007-06-30,2007-06-30,2021-08-19,-918000.0,844113000.0,912799250.0,218985000.0,625128000.0,1.023,9.049,-1916000.0,143638000.0,143638000.0,486721000.0,76188000.0,1.32,0.315,0.0,0.0,0.0,0.0,51750000.0,44007000.0,0.0,0.003,0.1,107593000.0,151600000.0,0.162,151600000.0,107593000.0,104940000.0,1.07,1.07,1.07,641966000.0,614932250.0,641966000.0,2219718491.0,21.0,14.642,123260000.0,1.737,1.0,446752000.0,0.479,348033000.0,2653000.0,186567000.0,150610750.0,0.0,0.0,0.0,0.0,202147000.0,165875000.0,36272000.0,2413581491.0,-1428000.0,0.0,3339000.0,-125000000.0,-3545000.0,-124234000.0,-1916000.0,0.0,125176000.0,-454000.0,76188000.0,76188000.0,76188000.0,0.0,0.0,0.082,344465000.0,102287000.0,34295000.0,0.093,3.76,31.679,31.794,259327000.0,0.0,34.02,2.586,2.586,43084000.0,510979000.0,933473000.0,933473000.0,0.0,0.083,0.124,0.714,0.115,5428000.0,359025000.0,1.0,70945958.0,70945958.0,,13.158,496080000.0,13915000.0,28752000.0,18343000.0,6.992,53110000.0
57,ATGE,MRT,2007-03-31,2007-03-31,2007-03-31,2021-08-19,-159000.0,947161000.0,919891500.0,320175000.0,626986000.0,0.993,8.821,121000.0,193863000.0,193863000.0,481105000.0,72052000.0,1.107,0.513,0.0,0.0,0.0,0.0,179375000.0,45355000.0,0.0,0.002,0.05,86467000.0,131822000.0,0.144,131822000.0,86467000.0,100368000.0,1.02,1.01,1.02,626010000.0,595592500.0,626010000.0,1937436995.0,22.0,14.697,119740000.0,1.687,1.0,432197000.0,0.473,349457000.0,-13901000.0,114500000.0,173999750.0,125000.0,0.0,0.0,0.0,321151000.0,289341000.0,31810000.0,2082873995.0,-26534000.0,0.0,1596000.0,-145000000.0,-3545000.0,-146237000.0,121000.0,0.0,119619000.0,-37000.0,72052000.0,72052000.0,72052000.0,0.0,0.0,0.079,333838000.0,98359000.0,34283000.0,0.049,3.327,28.908,28.775,257564000.0,0.0,29.35,2.281,2.281,95490000.0,498589000.0,913302000.0,913302000.0,0.0,0.078,0.121,0.497,0.095,5400000.0,353553000.0,1.0,70966746.0,70966746.0,,12.869,597704000.0,15501000.0,28316000.0,11811000.0,8.422,30834000.0
58,ATGE,MRT,2006-12-31,2006-12-31,2006-12-31,2021-08-19,-50000.0,919801000.0,929651000.0,292504000.0,627297000.0,0.955,8.532,4159000.0,195437000.0,195437000.0,470773000.0,64810000.0,1.034,0.522,50000000.0,50000000.0,0.0,50000000.0,127317000.0,46028000.0,0.0,0.002,0.05,78648000.0,124676000.0,0.14,124676000.0,78648000.0,90833000.0,0.92,0.91,0.92,604362000.0,576661250.0,604362000.0,1869516036.0,24.0,14.995,132081000.0,1.865,1.0,416910000.0,0.47,351263000.0,-12185000.0,140108000.0,208397250.0,118000.0,0.0,0.0,0.0,315439000.0,282993000.0,32446000.0,1983360036.0,27581000.0,-532000.0,5390000.0,-110000000.0,0.0,-104031000.0,3627000.0,0.0,127922000.0,63000.0,64810000.0,64810000.0,64810000.0,0.0,0.0,0.073,324414000.0,92496000.0,32975000.0,0.054,3.282,30.603,30.435,256651000.0,0.0,28.0,2.234,2.234,60350000.0,475665000.0,887683000.0,887683000.0,0.0,0.07,0.112,0.377,0.089,5213000.0,344269000.0,1.0,70834287.0,70834287.0,,12.532,568538000.0,15344000.0,26023000.0,12407000.0,8.026,9511000.0
59,ATGE,MRT,2006-09-30,2006-09-30,2006-09-30,2021-08-19,-423000.0,940122000.0,938814250.0,313724000.0,626398000.0,0.918,8.296,8114000.0,198844000.0,198844000.0,461661000.0,59241000.0,1.006,0.601,85000000.0,75000000.0,10000000.0,85000000.0,122444000.0,46906000.0,0.0,0.0,0.0,73403000.0,120309000.0,0.14,120309000.0,73403000.0,83194000.0,0.84,0.83,0.84,587391000.0,558523250.0,587391000.0,1479841914.0,20.0,12.3,134626000.0,1.901,1.0,400287000.0,0.464,353068000.0,-9791000.0,161268000.0,267847000.0,129000.0,0.0,0.0,0.0,352731000.0,311942000.0,40789000.0,1506056914.0,48817000.0,-530000.0,4491000.0,-90000000.0,0.0,-85011000.0,7584000.0,0.0,126512000.0,-268000.0,59241000.0,59241000.0,59241000.0,0.0,0.0,0.069,312612000.0,87675000.0,34313000.0,0.0,2.564,25.423,25.321,257241000.0,0.0,21.27,1.747,1.747,76803000.0,462813000.0,861948000.0,861948000.0,0.0,0.063,0.106,0.274,0.085,4172000.0,332918000.0,1.0,70806625.0,70806625.0,,12.173,587054000.0,15485000.0,23953000.0,10705000.0,8.291,1782000.0
60,ATGE,MRT,2006-06-30,2006-06-30,2006-06-30,2021-08-19,-424000.0,872482000.0,935232750.0,228073000.0,644409000.0,0.898,7.981,-23467000.0,151215000.0,151215000.0,453066000.0,43053000.0,1.08,0.545,125000000.0,60000000.0,65000000.0,125000000.0,48353000.0,48108000.0,0.0,0.0,0.0,51078000.0,99186000.0,0.118,99186000.0,51078000.0,57483000.0,0.61,0.61,0.61,564607000.0,541499250.0,564607000.0,1484286633.0,29.0,14.965,67355000.0,0.952,1.0,386447000.0,0.46,354875000.0,-6405000.0,280123000.0,313967750.0,133000.0,0.0,0.0,0.0,307875000.0,211269000.0,96606000.0,1554164633.0,-31240000.0,-2530000.0,3934000.0,-100000000.0,0.0,-95534000.0,-25997000.0,0.0,90822000.0,-531000.0,43053000.0,43053000.0,43053000.0,0.0,0.0,0.051,322559000.0,63888000.0,39677000.0,0.0,2.753,36.099,36.016,272926000.0,0.0,21.97,1.851,1.851,46567000.0,441893000.0,839513000.0,839513000.0,0.0,0.046,0.08,0.163,0.061,4339000.0,323010000.0,1.0,70740311.0,70740311.0,,11.868,517607000.0,13700000.0,14430000.0,12564000.0,7.317,16804000.0
61,ATGE,MRT,2006-03-31,2006-03-31,2006-03-31,2021-08-19,-71000.0,986199000.0,944621000.0,338036000.0,648163000.0,0.871,7.798,-26833000.0,214878000.0,214878000.0,443100000.0,31570000.0,1.101,0.792,145000000.0,50000000.0,95000000.0,145000000.0,159946000.0,51609000.0,0.0,0.0,0.0,52366000.0,103975000.0,0.126,103975000.0,52366000.0,42601000.0,0.45,0.45,0.45,550285000.0,528693250.0,550285000.0,1584109636.0,30.0,15.235,73252000.0,1.038,1.0,379569000.0,0.461,357069000.0,9765000.0,252090000.0,346324000.0,104000.0,0.0,0.0,0.0,435914000.0,307162000.0,128752000.0,1606871636.0,24168000.0,-2530000.0,3263000.0,-50000000.0,0.0,-46346000.0,-29363000.0,0.0,100085000.0,-208000.0,31570000.0,31570000.0,31570000.0,0.0,0.0,0.038,327203000.0,52366000.0,30016000.0,0.0,2.92,50.899,50.6,273624000.0,0.0,22.77,1.953,1.953,90089000.0,430082000.0,822669000.0,822669000.0,0.0,0.033,0.06,0.151,0.064,11163000.0,318903000.0,1.0,70569681.0,70569681.0,,11.658,629130000.0,19811000.0,11031000.0,14628000.0,8.915,30874000.0
62,ATGE,MRT,2005-12-31,2005-12-31,2005-12-31,2021-08-19,-73000.0,956454000.0,943175250.0,301299000.0,655155000.0,0.853,7.54,-30533000.0,182762000.0,182762000.0,438631000.0,26769000.0,1.139,0.798,160000000.0,35000000.0,125000000.0,160000000.0,139288000.0,53843000.0,0.0,0.0,0.0,45217000.0,99060000.0,0.123,99060000.0,45217000.0,35633000.0,0.38,0.38,0.38,531810000.0,517083750.0,531810000.0,1439536000.0,32.0,14.532,45875000.0,0.65,1.0,365762000.0,0.455,291306000.0,9584000.0,377907000.0,381523500.0,85000.0,0.0,0.0,0.0,424644000.0,264479000.0,160165000.0,1410582000.0,11320000.0,-6859000.0,1984000.0,-30000000.0,0.0,-27469000.0,-37392000.0,0.0,76408000.0,-227000.0,26769000.0,26769000.0,26769000.0,0.0,0.0,0.033,320545000.0,45217000.0,29983000.0,0.0,2.652,52.695,52.632,277693000.0,0.0,20.0,1.754,1.754,85467000.0,414400000.0,804393000.0,804393000.0,0.0,0.028,0.052,0.119,0.056,11394000.0,312245000.0,1.0,70529100.0,70529100.0,,11.405,665148000.0,17142000.0,8864000.0,16078000.0,9.431,36820000.0
63,ATGE,MRT,2005-09-30,2005-09-30,2005-09-30,2021-08-19,-69000.0,925796000.0,937654750.0,263346000.0,662450000.0,0.842,7.361,-41761000.0,146046000.0,146046000.0,435852000.0,20603000.0,1.068,0.783,175000000.0,50000000.0,125000000.0,175000000.0,111110000.0,55823000.0,0.0,0.0,0.0,36458000.0,92281000.0,0.117,92281000.0,36458000.0,27389000.0,0.3,0.3,0.3,519295000.0,507126000.0,519295000.0,1393075177.0,38.0,15.096,35048000.0,0.497,1.0,353194000.0,0.448,362426000.0,9069000.0,345751000.0,378867500.0,95000.0,0.0,0.0,0.0,406501000.0,246573000.0,159928000.0,1343833177.0,4758000.0,-6861000.0,1289000.0,-25000000.0,0.0,-23124000.0,-48622000.0,0.0,76809000.0,-305000.0,20603000.0,20603000.0,20603000.0,0.0,0.0,0.026,316736000.0,36458000.0,24154000.0,0.0,2.588,65.225,63.5,282253000.0,0.0,19.05,1.703,1.703,83585000.0,403572000.0,789046000.0,789046000.0,0.0,0.022,0.041,0.096,0.046,11717000.0,307985000.0,1.0,70542424.0,70542424.0,,11.185,563370000.0,17142000.0,6786000.0,15963000.0,7.986,16773000.0
64,ATGE,MRT,2005-06-30,2005-06-30,2005-06-30,2021-08-19,266000.0,910035000.0,930126000.0,242338000.0,667697000.0,0.839,7.29,-42909000.0,175758000.0,175758000.0,434408000.0,18011000.0,1.298,0.773,225000000.0,50000000.0,175000000.0,225000000.0,37508000.0,57566000.0,0.0,0.0,0.0,31951000.0,89517000.0,0.115,89517000.0,31951000.0,23546000.0,0.26,0.26,0.26,513383000.0,498900000.0,513383000.0,1425121947.0,45.0,15.92,44068000.0,0.626,1.0,346254000.0,0.444,363007000.0,8405000.0,409548000.0,394312500.0,164000.0,0.0,0.0,0.0,396652000.0,186722000.0,209930000.0,1401483947.0,15596000.0,-4861000.0,1091000.0,-25000000.0,0.0,-23328000.0,-47770000.0,0.0,86977000.0,-283000.0,18011000.0,18011000.0,18011000.0,0.0,0.0,0.023,316113000.0,30141000.0,30681000.0,0.0,2.73,77.813,76.538,286767000.0,0.0,19.9,1.795,1.795,39226000.0,398840000.0,780662000.0,780662000.0,0.0,0.019,0.036,0.081,0.041,13011000.0,307362000.0,1.0,70426329.0,70426329.0,,11.085,547028000.0,17142000.0,5535000.0,15949000.0,7.767,55616000.0
65,ATGE,MRT,2005-03-31,2005-03-31,2005-03-31,2021-08-19,210000.0,980416000.0,923650250.0,309903000.0,670513000.0,0.85,7.16,-47220000.0,171362000.0,171362000.0,438049000.0,27675000.0,1.265,0.946,195000000.0,0.0,195000000.0,195000000.0,159967000.0,56562000.0,0.0,0.0,0.0,46363000.0,102925000.0,0.131,102925000.0,46363000.0,38151000.0,0.4,0.39,0.4,503847000.0,498900000.0,503847000.0,1352700352.0,29.0,13.143,29743000.0,0.423,1.0,346842000.0,0.442,366213000.0,8212000.0,392888000.0,389921250.0,160000.0,0.0,0.0,0.0,476569000.0,244953000.0,231616000.0,1331369352.0,-9016000.0,-4861000.0,752000.0,-35000000.0,0.0,-33587000.0,-52081000.0,0.0,76963000.0,-311000.0,27675000.0,27675000.0,27675000.0,0.0,0.0,0.035,302289000.0,44553000.0,22433000.0,0.0,2.642,48.107,47.3,286582000.0,0.0,18.92,1.696,1.696,119012000.0,398614000.0,784891000.0,784891000.0,0.0,0.03,0.055,0.119,0.059,11923000.0,302289000.0,1.0,70368359.0,70368359.0,,11.154,614203000.0,9395000.0,10476000.0,18384000.0,8.728,64950000.0
66,ATGE,MRT,2004-12-31,2004-12-31,2004-12-31,2021-08-19,247000.0,934372000.0,917699750.0,264574000.0,669798000.0,0.85,6.992,-48141000.0,168669000.0,168669000.0,432149000.0,33089000.0,1.176,0.899,190000000.0,0.0,190000000.0,190000000.0,132198000.0,56374000.0,0.0,0.0,0.0,54429000.0,110803000.0,0.142,110803000.0,54429000.0,46641000.0,0.48,0.47,0.48,491979000.0,487974000.0,491979000.0,1278772045.0,23.0,11.541,74241000.0,1.055,1.0,347612000.0,0.446,363469000.0,7788000.0,367283000.0,390742250.0,1047000.0,0.0,0.0,0.0,442393000.0,224951000.0,217442000.0,1221545045.0,26319000.0,-350000.0,2160000.0,-50000000.0,0.0,-47335000.0,-48491000.0,0.0,122382000.0,-237000.0,33089000.0,33089000.0,33089000.0,0.0,0.0,0.042,294993000.0,52619000.0,19527000.0,0.0,2.483,36.917,36.167,288467000.0,0.0,17.36,1.567,1.567,75323000.0,387733000.0,779761000.0,779761000.0,0.0,0.036,0.068,0.139,0.07,10645000.0,294993000.0,1.0,70365498.0,70365498.0,,11.082,570903000.0,7821000.0,13552000.0,9783000.0,8.113,39623000.0
67,ATGE,MRT,2004-09-30,2004-09-30,2004-09-30,2021-08-19,500000.0,895681000.0,909350250.0,227732000.0,667949000.0,0.862,6.915,-40841000.0,142773000.0,142773000.0,428095000.0,44005000.0,1.277,0.841,200000000.0,0.0,200000000.0,200000000.0,99292000.0,56353000.0,0.0,0.0,0.0,70238000.0,126591000.0,0.161,126591000.0,70238000.0,62569000.0,0.63,0.62,0.63,486391000.0,475551000.0,486391000.0,1546998107.0,22.0,12.22,60225000.0,0.856,1.0,355950000.0,0.454,367106000.0,7669000.0,407531000.0,410059500.0,1376000.0,0.0,0.0,0.0,409290000.0,178271000.0,231019000.0,1456682107.0,-2814000.0,-2678000.0,2371000.0,-63000000.0,0.0,-60122000.0,-43519000.0,0.0,101066000.0,-239000.0,44005000.0,44005000.0,44005000.0,0.0,0.0,0.056,287522000.0,68428000.0,17601000.0,0.0,2.995,33.103,32.873,282914000.0,0.0,20.71,1.858,1.858,64298000.0,383071000.0,784045000.0,784045000.0,0.0,0.048,0.093,0.171,0.09,9228000.0,287522000.0,1.0,70337137.0,70337137.0,,11.147,528575000.0,6454000.0,18564000.0,13736000.0,7.515,49461000.0
68,ATGE,MRT,2004-06-30,2004-06-30,2004-06-30,2021-08-19,266000.0,884132000.0,909209250.0,208875000.0,675257000.0,0.863,7.305,-42808000.0,159684000.0,159684000.0,422280000.0,52357000.0,1.119,0.773,225000000.0,50000000.0,175000000.0,225000000.0,37508000.0,55584000.0,0.0,0.0,0.0,82401000.0,137985000.0,0.176,137985000.0,82401000.0,74567000.0,0.75,0.74,0.75,513383000.0,460590000.0,513383000.0,1979921103.0,24.0,14.349,91148000.0,1.297,1.0,362605000.0,0.462,370743000.0,7834000.0,391983000.0,423496500.0,3281000.0,0.0,0.0,0.0,396652000.0,186722000.0,209930000.0,1927122103.0,52756000.0,-1493000.0,2631000.0,-40000000.0,0.0,-36898000.0,-44301000.0,0.0,133956000.0,-1000.0,52357000.0,52357000.0,52357000.0,0.0,0.0,0.067,280204000.0,82401000.0,30681000.0,0.0,3.754,36.807,36.56,286887000.0,0.0,27.42,2.455,2.455,28150000.0,398840000.0,784885000.0,784885000.0,0.0,0.058,0.114,0.195,0.105,6789000.0,280204000.0,1.0,70281623.0,70281623.0,,11.168,513389000.0,7619000.0,22210000.0,15949000.0,7.305,22153000.0
69,ATGE,MRT,2004-03-31,2004-03-31,2004-03-31,2021-08-19,674000.0,956614000.0,898530250.0,283229000.0,673385000.0,0.845,6.564,-38906000.0,177201000.0,177201000.0,406311000.0,54514000.0,1.192,1.079,230000000.0,0.0,230000000.0,230000000.0,162848000.0,52774000.0,0.0,0.0,0.0,86451000.0,139225000.0,0.183,139225000.0,86451000.0,79299000.0,0.77,0.77,0.77,460143000.0,436161000.0,460143000.0,2205564836.0,26.0,15.842,71333000.0,1.018,1.0,352926000.0,0.465,375703000.0,7152000.0,396172000.0,453896750.0,1978000.0,0.0,0.0,0.0,496471000.0,237538000.0,258933000.0,2113457836.0,6286000.0,-297401000.0,2328000.0,230000000.0,0.0,232328000.0,-336307000.0,0.0,110239000.0,26000.0,54514000.0,54514000.0,54514000.0,0.0,0.0,0.072,266475000.0,86451000.0,17732000.0,0.0,4.593,38.769,39.156,281009000.0,0.0,30.15,2.784,2.784,87206000.0,389340000.0,759237000.0,759237000.0,0.0,0.061,0.125,0.19,0.114,0.0,266475000.0,1.0,70098104.0,70098104.0,,10.831,580911000.0,9944000.0,24785000.0,13429000.0,8.287,45691000.0
70,ATGE,MRT,2003-12-31,2003-12-31,2003-12-31,2021-08-19,635000.0,900974000.0,815963750.0,223455000.0,677519000.0,0.897,6.315,-39748000.0,127602000.0,127602000.0,389509000.0,53111000.0,1.176,1.037,240000000.0,0.0,240000000.0,240000000.0,122567000.0,48245000.0,0.0,0.0,0.0,86151000.0,134396000.0,0.184,134396000.0,86151000.0,80837000.0,0.75,0.75,0.75,442287000.0,421809000.0,442287000.0,1862287521.0,22.0,13.857,44818000.0,0.64,1.0,342295000.0,0.468,378761000.0,5314000.0,444552000.0,395540750.0,2241000.0,0.0,0.0,0.0,458687000.0,190059000.0,268628000.0,1760157521.0,-11279000.0,-297051000.0,886000.0,240000000.0,0.0,240886000.0,-336799000.0,0.0,84566000.0,68000.0,53111000.0,53111000.0,53111000.0,0.0,0.0,0.073,256144000.0,86151000.0,15423000.0,0.0,3.98,33.141,33.507,281633000.0,0.0,25.13,2.405,2.405,75705000.0,373045000.0,731804000.0,731804000.0,0.0,0.065,0.126,0.218,0.118,0.0,256144000.0,1.0,70042082.0,70042082.0,,10.448,522213000.0,9944000.0,27726000.0,13432000.0,7.456,33396000.0
71,ATGE,MRT,2003-09-30,2003-09-30,2003-09-30,2021-08-19,701000.0,895117000.0,739591500.0,214541000.0,680576000.0,0.954,6.09,-41397000.0,139233000.0,139233000.0,378354000.0,60484000.0,1.206,1.099,263000000.0,0.0,263000000.0,263000000.0,96349000.0,44305000.0,0.0,0.0,0.0,85933000.0,130238000.0,0.185,130238000.0,85933000.0,82544000.0,0.86,0.86,0.86,426547000.0,408153250.0,426547000.0,1824367978.0,21.0,14.008,68797000.0,0.982,1.0,327192000.0,0.464,379773000.0,3389000.0,461279000.0,322135750.0,3072000.0,0.0,0.0,0.0,468570000.0,177832000.0,290738000.0,1657118978.0,38009000.0,-294723000.0,661000.0,263000000.0,0.0,263661000.0,-336120000.0,0.0,110194000.0,274000.0,60484000.0,60484000.0,60484000.0,0.0,0.0,0.086,241259000.0,85933000.0,14635000.0,0.0,3.885,27.398,27.512,283847000.0,0.0,23.66,2.349,2.349,50888000.0,357467000.0,705546000.0,705546000.0,0.0,0.082,0.148,0.267,0.122,0.0,241259000.0,1.0,70038841.0,70038841.0,,10.074,515344000.0,11358000.0,22060000.0,13049000.0,7.358,36709000.0
72,ATGE,MRT,2003-06-30,2003-06-30,2003-06-30,2021-08-19,703000.0,841416000.0,651084250.0,154459000.0,686957000.0,1.044,5.942,-43762000.0,107523000.0,107523000.0,366075000.0,61148000.0,1.226,1.024,290000000.0,15000000.0,275000000.0,290000000.0,26859000.0,40332000.0,0.0,0.0,0.0,87737000.0,128069000.0,0.188,128069000.0,87737000.0,86457000.0,0.87,0.87,0.87,415667000.0,392663500.0,415667000.0,1412756342.0,16.0,11.031,56431000.0,0.807,1.0,313504000.0,0.461,384309000.0,1280000.0,513584000.0,250401000.0,4315000.0,0.0,0.0,0.0,425749000.0,126000000.0,299749000.0,1629265342.0,50956000.0,-295908000.0,404000.0,290000000.0,0.0,290404000.0,-339670000.0,0.0,100193000.0,29000.0,61148000.0,61148000.0,61148000.0,0.0,0.0,0.09,225767000.0,87737000.0,18866000.0,0.0,3.92,26.645,26.77,285354000.0,0.0,23.29,2.397,2.397,24275000.0,346975000.0,679579000.0,679579000.0,0.0,0.094,0.156,0.35,0.129,0.0,225767000.0,1.0,69955575.0,69955575.0,,9.714,457107000.0,11358000.0,25309000.0,10332000.0,6.534,28459000.0
73,ATGE,MRT,2003-03-31,2003-03-31,2003-03-31,2021-08-19,648000.0,626348000.0,557637250.0,275579000.0,350769000.0,1.196,5.758,-43406000.0,180163000.0,180163000.0,360860000.0,65190000.0,1.338,0.555,0.0,0.0,0.0,0.0,145136000.0,37482000.0,0.0,0.0,0.0,93689000.0,131171000.0,0.197,131171000.0,93689000.0,93485000.0,0.93,0.93,0.93,402735000.0,377133250.0,402735000.0,1130114825.0,12.0,8.616,91392000.0,1.307,1.0,306337000.0,0.459,77539000.0,204000.0,162748000.0,173731000.0,3234000.0,0.0,0.0,0.0,223613000.0,205898000.0,17715000.0,1305862825.0,77974000.0,0.0,310000.0,-14000000.0,0.0,-13690000.0,-43406000.0,0.0,134798000.0,272000.0,65190000.0,65190000.0,65190000.0,0.0,0.0,0.098,212648000.0,93689000.0,13224000.0,0.0,3.242,20.032,20.075,260463000.0,0.0,18.67,1.957,1.957,80523000.0,334826000.0,667197000.0,667197000.0,0.0,0.117,0.173,0.539,0.14,0.0,212648000.0,1.0,69944447.0,69944447.0,,9.539,548809000.0,7769000.0,28295000.0,4899000.0,7.846,69681000.0
74,ATGE,MRT,2002-12-31,2002-12-31,2002-12-31,2021-08-19,549000.0,595485000.0,549325250.0,246200000.0,349285000.0,1.206,5.544,-43492000.0,175748000.0,175748000.0,360375000.0,68665000.0,1.288,0.536,0.0,0.0,0.0,0.0,116566000.0,36438000.0,0.0,0.0,0.0,99799000.0,136237000.0,0.206,136237000.0,99799000.0,99499000.0,0.98,0.98,0.98,387664000.0,360490750.0,387664000.0,1038538285.0,10.0,7.623,80724000.0,1.154,1.0,302269000.0,0.456,77721000.0,300000.0,150932000.0,174821500.0,3022000.0,0.0,0.0,0.0,207821000.0,191084000.0,16737000.0,1161478285.0,56651000.0,0.0,761000.0,-25000000.0,0.0,-24239000.0,-43492000.0,0.0,124216000.0,166000.0,68665000.0,68665000.0,68665000.0,0.0,0.0,0.104,202470000.0,99799000.0,31285000.0,0.0,2.996,16.915,16.949,258940000.0,0.0,16.61,1.753,1.753,46845000.0,319934000.0,662644000.0,662644000.0,0.0,0.125,0.19,0.571,0.151,0.0,202470000.0,1.0,69926447.0,69926447.0,,9.476,517764000.0,16549000.0,30834000.0,4888000.0,7.404,55116000.0
75,ATGE,MRT,2002-09-30,2002-09-30,2002-09-30,2021-08-19,427000.0,541088000.0,532426000.0,190060000.0,351028000.0,1.234,5.214,-40699000.0,122940000.0,122940000.0,357030000.0,64133000.0,1.146,0.484,0.0,0.0,0.0,0.0,79229000.0,34664000.0,0.0,0.0,0.0,106688000.0,141352000.0,0.215,141352000.0,106688000.0,106144000.0,0.91,0.91,0.91,364588000.0,342893250.0,364588000.0,1223013406.0,11.0,8.652,84147000.0,1.203,1.0,299741000.0,0.456,77901000.0,544000.0,174340000.0,185507250.0,3347000.0,0.0,0.0,0.0,176500000.0,165907000.0,10593000.0,1301962406.0,45103000.0,0.0,909000.0,-40000000.0,0.0,-39091000.0,-40699000.0,0.0,124846000.0,47000.0,64133000.0,64133000.0,64133000.0,0.0,0.0,0.098,193053000.0,106688000.0,30173000.0,0.0,3.571,20.301,20.462,258922000.0,0.0,18.62,1.982,1.982,54149000.0,296983000.0,656771000.0,656771000.0,0.0,0.12,0.187,0.575,0.162,0.0,193053000.0,1.0,69922793.0,69922793.0,,9.393,463187000.0,6952000.0,42011000.0,0.0,6.624,24153000.0
76,ATGE,MRT,2002-06-30,2002-06-30,2002-06-30,2021-08-19,674000.0,467628000.0,523892250.0,117827000.0,349801000.0,1.237,5.058,-85873000.0,78949000.0,78949000.0,347986000.0,67055000.0,1.136,0.323,0.0,0.0,0.0,0.0,28170000.0,33536000.0,0.0,0.0,0.0,111436000.0,144972000.0,0.224,144972000.0,111436000.0,110629000.0,0.96,0.95,0.96,353546000.0,326421500.0,353546000.0,1481235054.0,13.0,10.217,27634000.0,0.395,1.0,300148000.0,0.463,78083000.0,807000.0,206904000.0,201196750.0,4907000.0,0.0,0.0,0.0,114082000.0,103692000.0,10390000.0,1596352054.0,28656000.0,0.0,1068000.0,0.0,0.0,1068000.0,-85873000.0,0.0,113507000.0,-46000.0,67055000.0,67055000.0,67055000.0,0.0,0.0,0.103,188712000.0,111436000.0,36284000.0,0.0,4.515,23.807,23.792,257627000.0,0.0,22.84,2.463,2.463,26054000.0,285827000.0,648134000.0,648134000.0,0.0,0.128,0.205,0.554,0.172,0.0,188712000.0,1.0,69892822.0,69892822.0,,9.273,389545000.0,7249000.0,43574000.0,0.0,5.573,14135000.0
77,ATGE,MRT,2002-03-31,2002-03-31,2002-03-31,2021-08-19,376000.0,593100000.0,504904000.0,245332000.0,347768000.0,1.255,4.815,-96318000.0,129117000.0,129117000.0,338840000.0,64715000.0,1.055,0.764,14000000.0,0.0,14000000.0,14000000.0,152479000.0,33233000.0,0.0,0.0,0.0,108756000.0,141989000.0,0.224,141989000.0,108756000.0,107890000.0,0.92,0.92,0.92,336165000.0,309202750.0,336165000.0,2023409288.0,19.0,14.25,37329000.0,0.535,1.0,294699000.0,0.465,78310000.0,866000.0,167110000.0,191656750.0,3085000.0,0.0,0.0,0.0,256935000.0,232563000.0,24372000.0,2103451288.0,51429000.0,0.0,1074000.0,14000000.0,0.0,15074000.0,-96318000.0,0.0,133647000.0,-974000.0,64715000.0,64715000.0,64715000.0,0.0,0.0,0.102,185943000.0,108756000.0,38399000.0,0.0,6.257,32.503,32.75,253689000.0,0.0,30.13,3.32,3.32,105186000.0,269636000.0,633539000.0,633539000.0,0.0,0.128,0.209,0.567,0.172,0.0,185943000.0,1.0,69812522.0,69812522.0,,9.075,514790000.0,8634000.0,43175000.0,0.0,7.374,12769000.0
78,ATGE,MRT,2001-12-31,2001-12-31,2001-12-31,2021-08-19,383000.0,527888000.0,480569750.0,182465000.0,345423000.0,1.276,4.546,-100011000.0,105042000.0,105042000.0,327459000.0,62385000.0,1.038,0.664,25000000.0,0.0,25000000.0,25000000.0,107239000.0,33211000.0,0.0,0.0,0.0,104897000.0,138108000.0,0.225,138108000.0,104897000.0,104085000.0,0.89,0.89,0.89,317274000.0,292877000.0,317274000.0,1950482571.0,19.0,14.123,11874000.0,0.17,1.0,285629000.0,0.466,78447000.0,812000.0,193675000.0,179434500.0,2184000.0,0.0,0.0,0.0,210614000.0,175724000.0,34890000.0,1985669571.0,28964000.0,-8572000.0,882000.0,25000000.0,0.0,25882000.0,-108583000.0,0.0,111885000.0,-220000.0,62385000.0,62385000.0,62385000.0,0.0,0.0,0.102,180732000.0,104897000.0,34476000.0,0.0,6.259,31.829,31.966,251233000.0,0.0,28.45,3.239,3.239,65416000.0,251269000.0,613088000.0,613088000.0,0.0,0.13,0.213,0.585,0.171,0.0,180732000.0,1.0,69795064.0,69795064.0,,8.784,449441000.0,9108000.0,41700000.0,0.0,6.439,6741000.0
79,ATGE,MRT,2001-09-30,2001-09-30,2001-09-30,2021-08-19,380000.0,506953000.0,457221250.0,157148000.0,349805000.0,1.296,4.28,-112071000.0,75187000.0,75187000.0,314321000.0,59688000.0,1.008,0.697,40000000.0,0.0,40000000.0,40000000.0,70895000.0,32665000.0,0.0,0.0,0.0,99809000.0,132474000.0,0.224,132474000.0,99809000.0,99212000.0,0.86,0.85,0.86,298701000.0,276993250.0,298701000.0,2455670014.0,25.0,18.537,-12685000.0,-0.182,1.0,278040000.0,0.469,78706000.0,597000.0,237098000.0,162023750.0,3593000.0,0.0,0.0,0.0,208252000.0,155962000.0,52290000.0,2505367014.0,19492000.0,-8572000.0,975000.0,40000000.0,0.0,40975000.0,-120643000.0,0.0,99386000.0,-226000.0,59688000.0,59688000.0,59688000.0,0.0,0.0,0.101,178231000.0,99809000.0,36446000.0,0.0,8.388,41.974,41.744,254974000.0,0.0,35.9,4.229,4.229,67936000.0,232850000.0,592361000.0,592361000.0,0.0,0.131,0.215,0.616,0.168,0.0,178231000.0,1.0,69787382.0,69787382.0,,8.488,428247000.0,9176000.0,39524000.0,0.0,6.136,1186000.0
80,ATGE,MRT,2001-06-30,2001-06-30,2001-06-30,2021-08-19,720000.0,391675000.0,427564750.0,88627000.0,303048000.0,1.329,4.082,-76933000.0,49697000.0,49697000.0,304532000.0,57776000.0,0.939,0.376,0.0,0.0,0.0,0.0,25136000.0,32036000.0,0.0,0.0,0.0,96315000.0,128351000.0,0.226,128351000.0,96315000.0,95915000.0,0.83,0.82,0.83,284671000.0,261762000.0,284671000.0,2433955306.0,25.0,18.963,10666000.0,0.153,1.0,263645000.0,0.464,78852000.0,400000.0,168744000.0,133791250.0,4899000.0,0.0,0.0,0.0,107004000.0,94382000.0,12622000.0,2519168306.0,3362000.0,-8572000.0,982000.0,0.0,0.0,982000.0,-85505000.0,0.0,87599000.0,286000.0,57776000.0,57776000.0,57776000.0,0.0,0.0,0.102,167330000.0,96315000.0,34573000.0,0.0,8.849,43.602,43.518,207465000.0,0.0,36.12,4.434,4.434,25664000.0,218772000.0,568177000.0,568177000.0,0.0,0.135,0.221,0.72,0.17,0.0,167330000.0,1.0,69744416.0,69744416.0,,8.147,312823000.0,9879000.0,38139000.0,0.0,4.485,-5755000.0
81,ATGE,MRT,2001-03-31,2001-03-31,2001-03-31,2021-08-19,1350000.0,495763000.0,411415750.0,211369000.0,284394000.0,1.287,3.886,-64394000.0,85213000.0,85213000.0,280111000.0,55711000.0,0.995,0.83,0.0,0.0,0.0,0.0,140066000.0,30531000.0,0.0,0.0,0.0,91370000.0,121901000.0,0.23,121901000.0,91370000.0,91047000.0,0.8,0.79,0.8,270862000.0,246879000.0,270862000.0,2025501694.0,22.0,16.616,12617000.0,0.181,1.0,249575000.0,0.471,79853000.0,323000.0,118221000.0,121233750.0,4130000.0,0.0,0.0,0.0,224901000.0,212476000.0,12425000.0,2094589694.0,-7127000.0,-8672000.0,1024000.0,-13000000.0,0.0,-11976000.0,-73066000.0,0.0,77011000.0,904000.0,55711000.0,55711000.0,55711000.0,0.0,0.0,0.105,158205000.0,91370000.0,33039000.0,0.0,7.733,37.597,37.562,191950000.0,0.0,30.05,3.954,3.954,115049000.0,204921000.0,529686000.0,529686000.0,0.0,0.135,0.226,0.754,0.172,0.0,158205000.0,1.0,69703484.0,69703484.0,,7.599,415910000.0,4692000.0,35336000.0,0.0,5.967,-1107000.0
82,ATGE,MRT,2000-12-31,2000-12-31,2000-12-31,2021-08-19,603000.0,434494000.0,393803500.0,163833000.0,270661000.0,1.309,3.641,-59008000.0,69088000.0,69088000.0,276234000.0,52971000.0,0.969,0.712,0.0,0.0,0.0,0.0,98752000.0,28488000.0,0.0,0.0,0.0,86823000.0,115311000.0,0.224,115311000.0,86823000.0,86234000.0,0.76,0.75,0.76,253739000.0,232117250.0,253739000.0,2577415377.0,30.0,22.352,26032000.0,0.374,1.0,239221000.0,0.464,72306000.0,589000.0,124032000.0,114575250.0,3354000.0,0.0,0.0,0.0,180755000.0,169068000.0,11687000.0,2630569377.0,7338000.0,100000.0,898000.0,-20000000.0,0.0,-19102000.0,-58908000.0,0.0,85040000.0,308000.0,52971000.0,52971000.0,52971000.0,0.0,0.0,0.103,152398000.0,86823000.0,39861000.0,0.0,10.367,49.661,49.671,184989000.0,0.0,37.75,5.103,5.103,85207000.0,188884000.0,515455000.0,515455000.0,0.0,0.135,0.228,0.758,0.168,0.0,152398000.0,1.0,69683957.0,69683957.0,,7.397,362188000.0,5561000.0,33263000.0,0.0,5.198,-5235000.0
83,ATGE,MRT,2000-09-30,2000-09-30,2000-09-30,2021-08-19,606000.0,388327000.0,379238250.0,130758000.0,257569000.0,1.326,3.411,-48558000.0,53154000.0,53154000.0,271774000.0,50040000.0,0.949,0.633,0.0,0.0,0.0,0.0,66904000.0,26766000.0,0.0,0.0,0.0,82589000.0,109355000.0,0.218,109355000.0,82589000.0,81641000.0,0.71,0.71,0.71,237776000.0,218221000.0,237776000.0,2576833164.0,31.0,23.564,24104000.0,0.346,1.0,230981000.0,0.459,73219000.0,948000.0,124168000.0,108066750.0,4652000.0,0.0,0.0,0.0,150551000.0,137786000.0,12765000.0,2622079164.0,-4236000.0,-401000.0,890000.0,-29000000.0,0.0,-28110000.0,-48959000.0,0.0,72662000.0,171000.0,50040000.0,50040000.0,50040000.0,0.0,0.0,0.1,148392000.0,82589000.0,27187000.0,0.0,11.028,52.4,52.986,172811000.0,0.0,37.62,5.215,5.215,66725000.0,173162000.0,502755000.0,502755000.0,0.0,0.132,0.229,0.764,0.164,0.0,148392000.0,1.0,69699074.0,69699074.0,,7.213,315108000.0,5561000.0,31601000.0,0.0,4.521,-7028000.0
84,ATGE,MRT,2000-06-30,2000-06-30,2000-06-30,2021-08-19,434000.0,327079000.0,368738500.0,81964000.0,245115000.0,1.33,3.234,-40797000.0,45246000.0,45246000.0,269663000.0,47781000.0,0.919,0.453,0.0,0.0,0.0,0.0,25602000.0,25251000.0,0.0,0.0,0.0,79483000.0,104734000.0,0.213,104734000.0,79483000.0,78074000.0,0.69,0.68,0.69,225139000.0,205093750.0,225139000.0,1770209969.0,22.0,16.902,31945000.0,0.459,1.0,220926000.0,0.45,74134000.0,1409000.0,118514000.0,107123500.0,6371000.0,0.0,0.0,0.0,101940000.0,89185000.0,12755000.0,1840799969.0,-5997000.0,-38587000.0,659000.0,0.0,0.0,659000.0,-79384000.0,0.0,72742000.0,-14000.0,47781000.0,47781000.0,47781000.0,0.0,0.0,0.097,141443000.0,79483000.0,31827000.0,0.0,8.176,38.526,38.319,158801000.0,0.0,26.44,3.752,3.752,25362000.0,160996000.0,490589000.0,490589000.0,0.0,0.13,0.233,0.742,0.162,0.0,141443000.0,1.0,69621784.0,69621784.0,,7.046,252945000.0,5558000.0,30293000.0,0.0,3.633,-7221000.0
85,ATGE,MRT,2000-03-31,2000-03-31,2000-03-31,2021-08-19,446000.0,425314000.0,352141500.0,186595000.0,238719000.0,1.352,3.044,-45853000.0,83590000.0,83590000.0,259299000.0,46085000.0,0.992,1.008,13000000.0,0.0,13000000.0,13000000.0,118486000.0,23340000.0,0.0,0.0,0.0,76515000.0,99855000.0,0.21,99855000.0,76515000.0,75108000.0,0.66,0.65,0.66,211815000.0,192635250.0,211815000.0,2066086114.0,27.0,20.691,1665000.0,0.024,1.0,216779000.0,0.455,74946000.0,1407000.0,91587000.0,101543250.0,3532000.0,0.0,0.0,0.0,213499000.0,188191000.0,25308000.0,2122292114.0,-23470000.0,-38487000.0,580000.0,13000000.0,0.0,13580000.0,-84340000.0,0.0,47518000.0,-228000.0,46085000.0,46085000.0,46085000.0,0.0,0.0,0.097,140264000.0,76515000.0,35272000.0,0.0,10.02,46.052,46.212,154539000.0,0.0,30.5,4.458,4.458,92708000.0,149210000.0,476078000.0,476078000.0,0.0,0.131,0.239,0.754,0.161,0.0,140264000.0,1.0,69583348.0,69583348.0,,6.842,350368000.0,2656000.0,29023000.0,323000.0,5.035,-1596000.0
86,ATGE,MRT,1999-12-31,1999-12-31,1999-12-31,2021-08-19,295000.0,376233000.0,329080000.0,140416000.0,235817000.0,1.386,2.854,-43668000.0,76206000.0,76206000.0,250662000.0,43411000.0,0.962,0.899,20000000.0,0.0,20000000.0,20000000.0,80464000.0,21515000.0,0.0,0.0,0.0,71648000.0,93163000.0,0.204,93163000.0,71648000.0,70553000.0,0.62,0.61,0.62,198154000.0,181026000.0,198154000.0,1269968625.0,18.0,13.632,28838000.0,0.415,1.0,205518000.0,0.451,76057000.0,1095000.0,97998000.0,91655750.0,3590000.0,0.0,0.0,0.0,178079000.0,145972000.0,32107000.0,1302032625.0,10249000.0,-38687000.0,568000.0,20000000.0,0.0,20568000.0,-82355000.0,0.0,72506000.0,-470000.0,43411000.0,43411000.0,43411000.0,0.0,0.0,0.095,133870000.0,71648000.0,35935000.0,0.0,6.571,29.993,30.242,150930000.0,0.0,18.75,2.854,2.854,53419000.0,135913000.0,456180000.0,456180000.0,0.0,0.132,0.24,0.782,0.157,0.0,133870000.0,1.0,69441740.0,69441740.0,,6.569,300176000.0,2656000.0,27142000.0,178000.0,4.323,-5556000.0
87,ATGE,MRT,1999-09-30,1999-09-30,1999-09-30,2021-08-19,435000.0,346328000.0,304614500.0,114303000.0,232025000.0,1.414,2.669,-46416000.0,61064000.0,61064000.0,236497000.0,40919000.0,0.969,0.869,29000000.0,0.0,29000000.0,29000000.0,53889000.0,19554000.0,0.0,0.0,0.0,67234000.0,86788000.0,0.201,86788000.0,67234000.0,66530000.0,0.59,0.58,0.59,185267000.0,170148750.0,185267000.0,1335808260.0,20.0,15.392,19688000.0,0.284,1.0,194248000.0,0.451,75872000.0,704000.0,120395000.0,83279500.0,4765000.0,0.0,0.0,0.0,161061000.0,117997000.0,43064000.0,1388422260.0,10540000.0,-38186000.0,373000.0,29000000.0,0.0,29373000.0,-84602000.0,0.0,66104000.0,-335000.0,40919000.0,40919000.0,40919000.0,0.0,0.0,0.095,127014000.0,67234000.0,26033000.0,0.0,7.494,33.931,33.898,147261000.0,0.0,20.0,3.223,3.223,41324000.0,123122000.0,430745000.0,430745000.0,0.0,0.134,0.24,0.807,0.156,0.0,127014000.0,1.0,69421113.0,69421113.0,,6.205,270456000.0,4536000.0,25611000.0,2137000.0,3.896,-3694000.0
88,ATGE,MRT,1999-06-30,1999-06-30,1999-06-30,2021-08-19,448000.0,260691000.0,279636500.0,78941000.0,181750000.0,1.453,2.526,-44819000.0,52614000.0,52614000.0,221856000.0,38830000.0,1.066,0.487,0.0,0.0,0.0,0.0,17124000.0,17784000.0,0.0,0.0,0.0,63410000.0,81194000.0,0.2,81194000.0,63410000.0,63110000.0,0.56,0.55,0.56,175305000.0,159909500.0,175305000.0,1465383838.0,23.0,18.048,9748000.0,0.14,1.0,184465000.0,0.454,37841000.0,300000.0,96193000.0,70780250.0,6592000.0,0.0,0.0,0.0,85386000.0,74043000.0,11343000.0,1553290838.0,-33000.0,0.0,341000.0,-10000000.0,0.0,-9659000.0,-44819000.0,0.0,54567000.0,-122000.0,38830000.0,38830000.0,38830000.0,0.0,0.0,0.096,121055000.0,63410000.0,29080000.0,0.0,8.861,40.002,39.964,135211000.0,0.0,22.38,3.823,3.823,14217000.0,113215000.0,406321000.0,406321000.0,0.0,0.139,0.243,0.896,0.156,0.0,121055000.0,1.0,69405310.0,69405310.0,,5.854,222850000.0,4536000.0,24280000.0,2137000.0,3.211,4898000.0
89,ATGE,MRT,1999-03-31,1999-03-31,1999-03-31,2021-08-19,674000.0,333068000.0,270436750.0,157882000.0,175186000.0,1.486,2.383,-43994000.0,87907000.0,87907000.0,227674000.0,36401000.0,1.019,1.014,0.0,0.0,0.0,0.0,101064000.0,16861000.0,0.0,0.0,0.0,59781000.0,76642000.0,0.191,76642000.0,59781000.0,59415000.0,0.52,0.52,0.52,165378000.0,150147250.0,165378000.0,1946764039.0,33.0,25.401,17087000.0,0.246,1.0,174085000.0,0.433,38181000.0,366000.0,52037000.0,67044250.0,3821000.0,0.0,0.0,0.0,167690000.0,154943000.0,12747000.0,2012330039.0,11554000.0,0.0,287000.0,-6000000.0,0.0,-5713000.0,-43994000.0,0.0,61081000.0,180000.0,36401000.0,36401000.0,36401000.0,0.0,0.0,0.091,114304000.0,59781000.0,25455000.0,0.0,12.168,55.282,55.769,125965000.0,0.0,29.0,5.009,5.009,62816000.0,103125000.0,401759000.0,401759000.0,0.0,0.135,0.242,0.892,0.149,0.0,114304000.0,1.0,69390691.0,69390691.0,,5.79,294887000.0,1643000.0,23014000.0,3660000.0,4.25,2939000.0
90,ATGE,MRT,1998-12-31,1998-12-31,1998-12-31,2021-08-19,765000.0,278371000.0,258094250.0,109974000.0,168397000.0,1.489,2.231,-43467000.0,65566000.0,65566000.0,215052000.0,34215000.0,0.989,0.8,0.0,0.0,0.0,0.0,64706000.0,16201000.0,0.0,0.0,0.0,56692000.0,72893000.0,0.19,72893000.0,56692000.0,56213000.0,0.49,0.49,0.49,154645000.0,140930250.0,154645000.0,2073783649.0,37.0,28.45,3027000.0,0.044,1.0,169327000.0,0.441,37093000.0,479000.0,64493000.0,63676000.0,1924000.0,0.0,0.0,0.0,123726000.0,111219000.0,12507000.0,2122757649.0,-6551000.0,0.0,140000.0,-10000000.0,0.0,-9860000.0,-43467000.0,0.0,46494000.0,282000.0,34215000.0,34215000.0,34215000.0,0.0,0.0,0.089,112635000.0,56692000.0,18693000.0,0.0,13.727,62.042,62.49,123086000.0,0.0,30.62,5.523,5.523,37611000.0,92500000.0,384379000.0,384379000.0,0.0,0.133,0.243,0.89,0.147,0.0,112635000.0,1.0,69325854.0,69325854.0,,5.545,241278000.0,1551000.0,21998000.0,3695000.0,3.48,-1245000.0
91,ATGE,MRT,1998-09-30,1998-09-30,1998-09-30,2021-08-19,770000.0,246416000.0,248650250.0,85359000.0,161057000.0,1.476,2.082,-42567000.0,48974000.0,48974000.0,206149000.0,32263000.0,0.953,0.708,0.0,0.0,0.0,0.0,42060000.0,17740000.0,0.0,0.0,0.0,53665000.0,71405000.0,0.195,71405000.0,53665000.0,52982000.0,0.46,,0.46,144310000.0,132271000.0,144310000.0,1585966551.0,30.0,22.211,17968000.0,0.259,1.0,160759000.0,0.438,37500000.0,683000.0,70398000.0,58980250.0,3570000.0,0.0,0.0,0.0,102106000.0,89544000.0,12562000.0,1624722551.0,-14534000.0,0.0,165000.0,-33000000.0,0.0,-32835000.0,-42567000.0,0.0,60535000.0,333000.0,32263000.0,32263000.0,32263000.0,0.0,0.0,0.088,107094000.0,53665000.0,16303000.0,0.0,11.259,50.359,50.957,115298000.0,0.0,23.44,4.428,4.428,29914000.0,82201000.0,366908000.0,366908000.0,0.0,0.13,0.244,0.91,0.146,0.0,107094000.0,1.0,69314102.0,69314102.0,,5.293,208916000.0,1550000.0,20719000.0,3695000.0,3.014,-4185000.0
92,ATGE,MRT,1998-06-30,1998-06-30,1998-06-30,2021-08-19,570000.0,223892000.0,241272000.0,69720000.0,154172000.0,1.465,1.966,-31845000.0,48756000.0,48756000.0,198273000.0,30724000.0,1.057,0.643,10000000.0,0.0,10000000.0,10000000.0,14937000.0,13987000.0,0.0,0.0,0.0,51396000.0,65383000.0,0.185,65383000.0,51396000.0,50483000.0,0.44,0.44,0.44,136256000.0,124092500.0,136256000.0,1448613092.0,28.0,22.156,15754000.0,0.227,1.0,155198000.0,0.439,37908000.0,913000.0,81249000.0,57739750.0,5218000.0,0.0,0.0,0.0,87636000.0,65979000.0,21657000.0,1520338092.0,-6984000.0,0.0,129000.0,-23000000.0,0.0,-22871000.0,-31845000.0,0.0,47599000.0,133000.0,30724000.0,30724000.0,30724000.0,0.0,0.0,0.087,103802000.0,51396000.0,24116000.0,0.0,11.158,49.484,49.864,108105000.0,0.0,21.94,4.301,4.301,11878000.0,74385000.0,353471000.0,353471000.0,0.0,0.127,0.248,0.89,0.145,0.0,103802000.0,1.0,69295264.0,69295264.0,,5.101,185984000.0,1550000.0,19759000.0,3612000.0,2.684,3741000.0
93,ATGE,MRT,1998-03-31,1998-03-31,1998-03-31,2021-08-19,494000.0,283698000.0,237462000.0,139695000.0,144003000.0,1.433,1.86,-41861000.0,77725000.0,77725000.0,190933000.0,29054000.0,1.021,1.208,6000000.0,0.0,6000000.0,6000000.0,86050000.0,15903000.0,0.0,0.0,0.0,49113000.0,65016000.0,0.191,65016000.0,49113000.0,47884000.0,0.415,,0.415,128510000.0,116346000.0,128510000.0,1121455512.0,23.0,17.249,31390000.0,0.454,1.0,149359000.0,0.439,36604000.0,1229000.0,38564000.0,61082500.0,2754000.0,0.0,0.0,0.0,155188000.0,136805000.0,18383000.0,1181029512.0,1227000.0,0.0,23783000.0,-54000000.0,0.0,-30217000.0,-41861000.0,0.0,73251000.0,54000.0,29054000.0,29054000.0,29054000.0,0.0,0.0,0.085,100246000.0,49113000.0,23807000.0,0.0,9.19,40.649,41.193,99223000.0,0.0,17.095,3.471,3.471,55440000.0,66723000.0,340292000.0,340292000.0,0.0,0.122,0.25,0.804,0.144,0.0,100246000.0,1.0,69086254.0,69086254.0,,4.926,247094000.0,0.0,18830000.0,4998000.0,3.577,2890000.0
94,ATGE,MRT,1997-12-31,1997-12-31,1997-12-31,2021-08-19,483000.0,240595000.0,226542250.0,99473000.0,141122000.0,1.45,1.737,-37343000.0,69574000.0,69574000.0,186658000.0,27071000.0,1.012,1.005,10000000.0,0.0,10000000.0,10000000.0,56011000.0,15021000.0,0.0,0.0,0.0,46334000.0,61355000.0,0.187,61355000.0,46334000.0,44529000.0,0.39,,0.39,120008000.0,103135000.0,120008000.0,,,,27406000.0,0.397,1.0,141913000.0,0.432,36992000.0,1805000.0,45710000.0,65738750.0,1795000.0,0.0,0.0,0.0,120587000.0,98319000.0,22268000.0,1101234889.0,-1695000.0,0.0,23856000.0,-53000000.0,0.0,-29144000.0,-37343000.0,0.0,64749000.0,43000.0,27071000.0,27071000.0,27071000.0,0.0,0.0,0.082,95579000.0,46334000.0,19599000.0,0.0,9.176,40.68,40.872,96293000.0,0.0,15.94,3.352,3.352,22816000.0,58287000.0,328571000.0,328571000.0,0.0,0.119,0.262,0.705,0.141,0.0,95579000.0,1.0,69086254.0,69086254.0,,4.756,203603000.0,0.0,17458000.0,4992000.0,2.947,1154000.0
95,ATGE,MRT,1997-09-30,1997-09-30,1997-09-30,2021-08-19,444000.0,216903000.0,218429750.0,78407000.0,138496000.0,1.463,,,48937000.0,48937000.0,184026000.0,25505000.0,0.991,0.944,14000000.0,0.0,14000000.0,14000000.0,37747000.0,,0.0,0.0,0.0,44366000.0,,,,44366000.0,42004000.0,0.37,,0.37,111596000.0,90404250.0,111596000.0,,,,,,1.0,135465000.0,0.424,37382000.0,2362000.0,65436000.0,71881750.0,2981000.0,0.0,0.0,0.0,105307000.0,79148000.0,26159000.0,,,,,,,,,,,,25505000.0,25505000.0,25505000.0,0.0,0.0,0.08,91099000.0,44366000.0,15767000.0,0.0,,,40.378,93325000.0,0.0,14.94,,,23279000.0,49940000.0,319491000.0,319491000.0,0.0,0.117,0.282,0.617,0.139,,91099000.0,1.0,,,,,179521000.0,0.0,16499000.0,4987000.0,,-741000.0
96,ATGE,MRT,1997-06-30,1997-06-30,1997-06-30,2021-08-19,437000.0,208652000.0,,72465000.0,136187000.0,,,-28807000.0,50969000.0,50969000.0,178135000.0,24186000.0,1.243,0.982,33000000.0,0.0,33000000.0,33000000.0,12295000.0,11262000.0,0.0,0.0,0.0,42704000.0,53966000.0,0.175,53966000.0,42704000.0,39856000.0,0.36,0.35,0.36,105270000.0,,105270000.0,,,,13620000.0,,1.0,130184000.0,0.422,37770000.0,2848000.0,94620000.0,,4549000.0,0.0,0.0,0.0,103382000.0,58293000.0,45089000.0,,8917000.0,0.0,23800000.0,-28500000.0,0.0,-4700000.0,-28807000.0,0.0,42427000.0,-3000.0,24186000.0,24186000.0,24186000.0,0.0,0.0,0.078,87480000.0,42704000.0,22301000.0,0.0,,,37.5,90688000.0,0.0,13.5,,,12322000.0,43661000.0,308319000.0,308319000.0,0.0,,,,0.139,0.0,87480000.0,1.0,,,,,170882000.0,0.0,15670000.0,5009000.0,,14172000.0
97,ATGE,MRT,1997-03-31,1997-03-31,1997-03-31,2021-08-19,447000.0,240019000.0,,120304000.0,119715000.0,,,,69719000.0,69719000.0,,,1.035,2.172,41000000.0,0.0,41000000.0,41000000.0,73232000.0,,0.0,0.0,0.0,,,,,,,,,,75666000.0,,75666000.0,,,,,,1.0,,,37912000.0,,57189000.0,,1786000.0,0.0,0.0,0.0,164353000.0,116199000.0,48154000.0,,,,,,,,,,,,,,,,,,,,19858000.0,,,,,74019000.0,,11.0,,,46638000.0,38016000.0,,,,,,,,,,1.0,,,,,202107000.0,0.0,,2126000.0,,4105000.0
98,ATGE,MRT,1996-12-31,1996-12-31,1996-12-31,2021-08-19,447000.0,208145000.0,,87860000.0,120285000.0,,,,56022000.0,56022000.0,,,0.999,2.013,44000000.0,0.0,44000000.0,44000000.0,49920000.0,,0.0,0.0,0.0,,,,,,,,,,69085000.0,,69085000.0,,,,,,1.0,,,37859000.0,,70282000.0,,1087000.0,0.0,0.0,0.0,139060000.0,87982000.0,51078000.0,,,,,,,,,,,,,,,,,,,,16164000.0,,,,,74777000.0,,11.75,,,28438000.0,31561000.0,,,,,,,,,,1.0,,,,,170286000.0,0.0,,2142000.0,,-122000.0
99,ATGE,MRT,1996-06-30,1996-06-30,1996-06-30,2021-08-19,,,,,,,,-18352000.0,,,155254000.0,19245000.0,,,,,,,,7579000.0,,0.0,0.0,33761000.0,41340000.0,0.159,41340000.0,33761000.0,32698000.0,0.29,0.29,0.29,,,,,,,10016000.0,,1.0,104753000.0,0.403,,1063000.0,,,,,,,,,,,3696000.0,-16930000.0,84000.0,28471000.0,0.0,28555000.0,-53217000.0,0.0,28368000.0,-10000.0,19245000.0,19245000.0,19245000.0,0.0,0.0,0.074,70992000.0,33761000.0,,0.0,,,38.793,,0.0,11.25,,,,,260007000.0,260007000.0,0.0,,,,0.13,0.0,70992000.0,1.0,,,,,,,13453000.0,,,
