None,ticker,dimension,calendardate,datekey,reportperiod,lastupdated,accoci,assets,assetsavg,assetsc,assetsnc,assetturnover,bvps,capex,cashneq,cashnequsd,cor,consolinc,currentratio,de,debt,debtc,debtnc,debtusd,deferredrev,depamor,deposits,divyield,dps,ebit,ebitda,ebitdamargin,ebitdausd,ebitusd,ebt,eps,epsdil,epsusd,equity,equityavg,equityusd,ev,evebit,evebitda,fcf,fcfps,fxusd,gp,grossmargin,intangibles,intexp,invcap,invcapavg,inventory,investments,investmentsc,investmentsnc,liabilities,liabilitiesc,liabilitiesnc,marketcap,ncf,ncfbus,ncfcommon,ncfdebt,ncfdiv,ncff,ncfi,ncfinv,ncfo,ncfx,netinc,netinccmn,netinccmnusd,netincdis,netincnci,netmargin,opex,opinc,payables,payoutratio,pb,pe,pe1,ppnenet,prefdivis,price,ps,ps1,receivables,retearn,revenue,revenueusd,rnd,roa,roe,roic,ros,sbcomp,sgna,sharefactor,sharesbas,shareswa,shareswadil,sps,tangibles,taxassets,taxexp,taxliabilities,tbvps,workingcapital
0,DFS,MRY,2020-12-31,2020-12-31,2020-12-31,2021-07-29,45000000.0,112889000000.0,115921750000.0,,,0.051,35.511,-261000000.0,13589000000.0,13589000000.0,0.0,1141000000.0,,9.372,21241000000.0,,,21241000000.0,0.0,485000000.0,76904000000.0,0.019,1.76,1398000000.0,1883000000.0,0.316,1883000000.0,1398000000.0,1398000000.0,3.6,3.6,3.6,10884000000.0,10111000000.0,10884000000.0,50199112936.0,36.0,26.659,5935000000.0,19.364,1.0,5954000000.0,1.0,350000000.0,0.0,120191000000.0,128811000000.0,0.0,94337000000.0,,,102005000000.0,,,27747112936.0,6625000000.0,0.0,-338000000.0,-4792000000.0,-576000000.0,-1085000000.0,1514000000.0,1775000000.0,6196000000.0,0.0,1104000000.0,1104000000.0,1104000000.0,0.0,37000000.0,0.185,4519000000.0,1435000000.0,0.0,0.489,2.549,25.133,25.147,1027000000.0,0.0,90.53,4.66,4.66,0.0,19955000000.0,5954000000.0,5954000000.0,0.0,0.01,0.109,0.011,0.235,0.0,4519000000.0,1.0,306496332.0,306496332.0,,19.426,112539000000.0,0.0,294000000.0,0.0,367.179,
1,DFS,MRY,2019-12-31,2019-12-31,2019-12-31,2021-07-29,-119000000.0,113996000000.0,111552250000.0,,,0.074,37.832,-284000000.0,6964000000.0,6964000000.0,0.0,2957000000.0,,8.613,25701000000.0,,,25701000000.0,0.0,436000000.0,72746000000.0,0.02,1.68,3786000000.0,4222000000.0,0.513,4222000000.0,3786000000.0,3786000000.0,9.09,9.08,9.09,11859000000.0,11582000000.0,11859000000.0,44930377219.0,12.0,10.642,5912000000.0,18.86,1.0,8228000000.0,1.0,410000000.0,0.0,132323000000.0,126626750000.0,0.0,103106000000.0,,,102137000000.0,,,26588377219.0,-8181000000.0,0.0,-1761000000.0,-1714000000.0,-573000000.0,897000000.0,-15274000000.0,-14990000000.0,6196000000.0,0.0,2908000000.0,2908000000.0,2908000000.0,0.0,49000000.0,0.353,4393000000.0,3835000000.0,0.0,0.185,2.242,9.143,9.331,1057000000.0,0.0,84.82,3.231,3.231,0.0,21290000000.0,8228000000.0,8228000000.0,0.0,0.026,0.251,0.03,0.46,0.0,4393000000.0,1.0,313468253.0,313468253.0,,26.248,113586000000.0,0.0,878000000.0,0.0,362.352,
2,DFS,MRY,2018-12-31,2018-12-31,2018-12-31,2021-07-29,-156000000.0,109553000000.0,105028250000.0,,,0.073,33.128,-254000000.0,15145000000.0,15145000000.0,0.0,2742000000.0,,8.843,27228000000.0,,,27228000000.0,0.0,435000000.0,67759000000.0,0.025,1.5,3544000000.0,3979000000.0,0.519,3979000000.0,3544000000.0,3544000000.0,7.81,7.79,7.81,11130000000.0,10976500000.0,11130000000.0,30204196414.0,9.0,7.591,4937000000.0,14.695,1.0,7674000000.0,1.0,416000000.0,0.0,121220000000.0,115099250000.0,0.0,90841000000.0,,,98423000000.0,,,19815196414.0,1758000000.0,0.0,-2059000000.0,796000000.0,-552000000.0,7146000000.0,-10579000000.0,-10325000000.0,5191000000.0,0.0,2689000000.0,2689000000.0,2689000000.0,0.0,53000000.0,0.35,4077000000.0,3597000000.0,0.0,0.192,1.78,7.369,7.552,936000000.0,0.0,58.98,2.582,2.582,0.0,18906000000.0,7674000000.0,7674000000.0,0.0,0.026,0.245,0.031,0.462,0.0,4077000000.0,1.0,335964673.0,335964673.0,,22.842,109137000000.0,0.0,855000000.0,0.0,324.847,
3,DFS,MRY,2017-12-31,2017-12-31,2017-12-31,2021-07-29,-152000000.0,100087000000.0,96561750000.0,,,0.076,29.974,-218000000.0,13387000000.0,13387000000.0,0.0,2099000000.0,,8.189,26326000000.0,,,26326000000.0,0.0,393000000.0,58764000000.0,0.017,1.3,3469000000.0,3862000000.0,0.528,3862000000.0,3469000000.0,3469000000.0,5.43,5.42,5.43,10892000000.0,11150750000.0,10892000000.0,40160237983.0,12.0,10.399,4990000000.0,13.732,1.0,7318000000.0,1.0,418000000.0,0.0,112608000000.0,108418750000.0,0.0,83195000000.0,,,89195000000.0,,,27951237983.0,1378000000.0,0.0,-2076000000.0,823000000.0,-527000000.0,4961000000.0,-8791000000.0,-8573000000.0,5208000000.0,0.0,2031000000.0,2031000000.0,2031000000.0,0.0,68000000.0,0.278,3781000000.0,3537000000.0,0.0,0.239,2.566,13.762,14.166,825000000.0,0.0,76.92,3.82,3.82,0.0,16687000000.0,7318000000.0,7318000000.0,0.0,0.021,0.182,0.032,0.474,0.0,3781000000.0,1.0,363380629.0,363380629.0,,20.139,99669000000.0,0.0,1438000000.0,0.0,274.283,
4,DFS,MRY,2016-12-31,2016-12-31,2016-12-31,2021-07-29,-161000000.0,92308000000.0,89613250000.0,,,0.081,28.71,-179000000.0,12009000000.0,12009000000.0,0.0,2393000000.0,,7.152,25443000000.0,,,25443000000.0,0.0,351000000.0,51992000000.0,0.016,1.16,3602000000.0,3953000000.0,0.546,3953000000.0,3602000000.0,3602000000.0,5.77,5.77,5.77,11323000000.0,11345750000.0,11323000000.0,42239199327.0,12.0,10.685,4246000000.0,10.766,1.0,7240000000.0,1.0,421000000.0,0.0,105321000000.0,102395250000.0,0.0,76844000000.0,,,80985000000.0,,,28432199327.0,2338000000.0,0.0,-1901000000.0,773000000.0,-514000000.0,2811000000.0,-4898000000.0,-4719000000.0,4425000000.0,0.0,2339000000.0,2339000000.0,2339000000.0,0.0,54000000.0,0.323,3584000000.0,3656000000.0,0.0,0.201,2.511,12.156,12.494,734000000.0,0.0,72.09,3.927,3.927,0.0,15130000000.0,7240000000.0,7240000000.0,0.0,0.026,0.206,0.035,0.498,0.0,3584000000.0,1.0,394398659.0,394398659.0,,18.357,91887000000.0,0.0,1263000000.0,0.0,232.98,
5,DFS,MRY,2015-12-31,2015-12-31,2015-12-31,2021-07-29,-160000000.0,86799000000.0,85374750000.0,,,0.085,26.375,-167000000.0,9671000000.0,9671000000.0,0.0,2297000000.0,,6.698,24650000000.0,,,24650000000.0,0.0,391000000.0,47531000000.0,0.02,1.08,3561000000.0,3952000000.0,0.547,3952000000.0,3561000000.0,3561000000.0,5.14,5.13,5.14,11275000000.0,11263000000.0,11275000000.0,36373681463.0,10.0,9.204,3687000000.0,8.625,1.0,7227000000.0,1.0,423000000.0,0.0,101355000000.0,98071750000.0,0.0,73600000000.0,,,75524000000.0,,,22921681463.0,2288000000.0,2000000.0,-1710000000.0,2017000000.0,-515000000.0,1302000000.0,-2868000000.0,-2710000000.0,3854000000.0,0.0,2246000000.0,2246000000.0,2246000000.0,0.0,51000000.0,0.311,3615000000.0,3612000000.0,0.0,0.21,2.033,10.206,10.432,693000000.0,0.0,53.62,3.172,3.172,0.0,13250000000.0,7227000000.0,7227000000.0,0.0,0.026,0.199,0.036,0.493,0.0,3615000000.0,1.0,427483802.0,427483802.0,,16.906,86376000000.0,0.0,1315000000.0,0.0,202.057,
6,DFS,MRY,2014-12-31,2014-12-31,2014-12-31,2021-07-29,-138000000.0,83126000000.0,80560750000.0,,,0.087,24.552,-145000000.0,7390000000.0,7390000000.0,0.0,2323000000.0,,6.466,22657000000.0,,,22657000000.0,0.0,369000000.0,46089000000.0,0.014,0.92,3641000000.0,4010000000.0,0.57,4010000000.0,3641000000.0,3641000000.0,4.91,4.9,4.91,11134000000.0,11209250000.0,11134000000.0,43270389810.0,12.0,10.791,3681000000.0,8.117,1.0,7034000000.0,1.0,433000000.0,0.0,97960000000.0,93166000000.0,0.0,72172000000.0,,,71992000000.0,,,29698389810.0,730000000.0,0.0,-1559000000.0,1990000000.0,-467000000.0,1101000000.0,-4197000000.0,-4128000000.0,3826000000.0,0.0,2270000000.0,2270000000.0,2270000000.0,0.0,53000000.0,0.323,3340000000.0,3694000000.0,0.0,0.187,2.667,13.083,13.338,670000000.0,0.0,65.49,4.222,4.222,0.0,11467000000.0,7034000000.0,7034000000.0,0.0,0.028,0.203,0.039,0.518,0.0,3340000000.0,1.0,453479765.0,453479765.0,,15.511,82693000000.0,0.0,1371000000.0,0.0,182.352,
7,DFS,MRY,2013-12-31,2013-12-31,2013-12-31,2021-07-29,-68000000.0,79340000000.0,76491750000.0,,,0.093,22.668,-231000000.0,6736000000.0,6736000000.0,0.0,2470000000.0,,6.34,20614000000.0,,,20614000000.0,0.0,334000000.0,44959000000.0,0.011,0.6,3888000000.0,4222000000.0,0.591,4222000000.0,3888000000.0,3888000000.0,4.97,4.96,4.97,10809000000.0,10539500000.0,10809000000.0,39662183565.0,10.0,9.394,3286000000.0,6.891,1.0,7138000000.0,1.0,469000000.0,0.0,92749000000.0,88481000000.0,0.0,69114000000.0,,,68531000000.0,,,26679183565.0,3970000000.0,0.0,-1283000000.0,2525000000.0,-399000000.0,3616000000.0,-3163000000.0,-3040000000.0,3517000000.0,0.0,2414000000.0,2414000000.0,2414000000.0,0.0,56000000.0,0.338,3194000000.0,3944000000.0,0.0,0.121,2.468,11.052,11.258,654000000.0,0.0,55.95,3.738,3.738,0.0,9611000000.0,7138000000.0,7138000000.0,0.0,0.032,0.229,0.044,0.545,0.0,3194000000.0,1.0,476839742.0,476839742.0,,14.969,78871000000.0,0.0,1474000000.0,0.0,165.404,
8,DFS,MRY,2012-12-31,2012-11-30,2012-11-30,2021-07-29,-75000000.0,75283000000.0,72200000000.0,,,0.094,19.371,-143000000.0,6270000000.0,6270000000.0,0.0,2345000000.0,,6.699,20013000000.0,,,20013000000.0,0.0,95000000.0,42155000000.0,0.01,0.4,3726000000.0,3821000000.0,0.561,3821000000.0,3726000000.0,3726000000.0,4.47,4.46,4.47,9778000000.0,9010000000.0,9778000000.0,33961016285.0,9.0,8.888,2898000000.0,5.741,1.0,6805000000.0,1.0,476000000.0,0.0,88550000000.0,85712500000.0,0.0,65513000000.0,,,65505000000.0,,,21003723285.0,1076000000.0,-49000000.0,-1190000000.0,2319000000.0,-209000000.0,3728000000.0,-5693000000.0,-4444000000.0,3041000000.0,0.0,2318000000.0,2318000000.0,2318000000.0,0.0,27000000.0,0.341,3052000000.0,3753000000.0,0.0,0.089,2.148,9.061,9.309,534000000.0,0.0,41.61,3.087,3.087,0.0,7373000000.0,6805000000.0,6805000000.0,0.0,0.032,0.257,0.043,0.548,47000000.0,3052000000.0,1.0,504775854.0,504775854.0,,13.481,74807000000.0,0.0,1408000000.0,0.0,148.198,
9,DFS,MRY,2011-12-31,2011-11-30,2011-11-30,2021-07-29,-52000000.0,69117000000.0,65446702250.0,,,0.092,14.995,-108000000.0,4136000000.0,4136000000.0,0.0,2227000000.0,,7.386,18337000000.0,,,18337000000.0,0.0,90000000.0,39578000000.0,0.008,0.2,3486000000.0,3576000000.0,0.591,3576000000.0,3486000000.0,3486000000.0,4.06,4.06,4.06,8242000000.0,7667595250.0,8242000000.0,26015800484.0,7.0,7.275,3490000000.0,6.35,1.0,6052000000.0,1.0,443000000.0,0.0,82875000000.0,78405488250.0,0.0,61671000000.0,,,60875000000.0,,,13092355484.0,-2249000000.0,-401000000.0,-413000000.0,-2356000000.0,-110000000.0,2263000000.0,-8110000000.0,-7885000000.0,3598000000.0,0.0,2202000000.0,2202000000.0,2202000000.0,0.0,25000000.0,0.364,2541000000.0,3511000000.0,0.0,0.049,1.588,5.946,5.867,483000000.0,0.0,23.82,2.163,2.163,0.0,5243000000.0,6052000000.0,6052000000.0,0.0,0.034,0.287,0.044,0.576,44000000.0,2541000000.0,1.0,549637090.0,549637090.0,,11.011,68674000000.0,0.0,1284000000.0,0.0,124.944,
10,DFS,MRY,2010-12-31,2010-11-30,2010-11-30,2021-07-29,-82548000.0,60784968000.0,62453787500.0,,,0.055,11.856,-55000000.0,6462491000.0,6462491000.0,0.0,765000000.0,,8.414,17705728000.0,,,17705728000.0,0.0,89000000.0,34413383000.0,0.004,0.08,1172000000.0,1261000000.0,0.365,1261000000.0,1172000000.0,1172000000.0,1.23,1.22,1.23,6456846000.0,6405364500.0,6456846000.0,19747756397.0,17.0,15.66,4163000000.0,7.644,1.0,3451000000.0,1.0,444394000.0,0.0,71583811000.0,71675689000.0,0.0,50982690000.0,,,54328122000.0,,,9955094397.0,-7922000000.0,0.0,-7000000.0,-7144000000.0,-70000000.0,-7072000000.0,-5068000000.0,-5531000000.0,4218000000.0,0.0,668000000.0,668000000.0,668000000.0,0.0,97000000.0,0.194,2182000000.0,1269000000.0,0.0,0.065,1.542,14.903,14.862,460732000.0,0.0,18.28,2.885,2.885,0.0,3126488000.0,3451000000.0,3451000000.0,0.0,0.011,0.104,0.016,0.34,37000000.0,2182000000.0,1.0,544589409.0,544589409.0,,6.337,60340574000.0,0.0,504000000.0,0.0,110.8,
11,DFS,MRY,2009-12-31,2009-11-30,2009-11-30,2021-07-29,-154818000.0,46020987000.0,42711020750.0,,,0.102,15.54,-52544000.0,13020719000.0,13020719000.0,0.0,1276185000.0,,4.456,2428101000.0,,,2428101000.0,0.0,97930000.0,32093012000.0,0.008,0.12,2051678000.0,2149608000.0,0.492,2149608000.0,2051678000.0,2051678000.0,2.39,2.38,2.39,8435547000.0,7559185000.0,8435547000.0,-641192259.0,0.0,-0.298,3545348000.0,6.531,1.0,4371986000.0,1.0,451057000.0,0.0,34977312000.0,34179561750.0,0.0,28252482000.0,,,37585440000.0,,,8391915741.0,2849576000.0,0.0,522437000.0,193983000.0,-101034000.0,5412464000.0,-6160780000.0,-5464925000.0,3597892000.0,0.0,1206965000.0,1206965000.0,1206965000.0,0.0,69220000.0,0.276,2251088000.0,2120898000.0,0.0,0.05,0.995,6.953,6.469,499303000.0,0.0,15.46,1.919,1.919,0.0,3873262000.0,4371986000.0,4371986000.0,0.0,0.028,0.16,0.06,0.469,44249000.0,2251088000.0,1.0,542814731.0,542814731.0,,8.054,45569930000.0,0.0,844713000.0,0.0,83.951,
12,DFS,MRY,2008-12-31,2008-11-30,2008-11-30,2021-07-29,-66338000.0,39892382000.0,37192949500.0,,,0.11,12.327,-93532000.0,10171143000.0,10171143000.0,0.0,927750000.0,,5.743,2235383000.0,,,2235383000.0,0.0,107151000.0,28530521000.0,0.023,0.24,1505202000.0,1612353000.0,0.396,1612353000.0,1505202000.0,1505202000.0,1.9,1.9,1.9,5915823000.0,5855062000.0,5915823000.0,-3711671238.0,-2.0,-2.302,4410627000.0,9.19,1.0,4073402000.0,1.0,458740000.0,0.0,31497882000.0,29471528500.0,0.0,25069970000.0,,,33976559000.0,,,4909540762.0,1384048000.0,-90749000.0,-6838000.0,-656920000.0,-116956000.0,3035443000.0,-6130962000.0,-5946681000.0,4504159000.0,-24592000.0,910510000.0,910510000.0,910510000.0,135163000.0,17240000.0,0.224,2415797000.0,1657605000.0,0.0,0.126,0.83,5.392,5.384,552502000.0,0.0,10.23,1.205,1.205,0.0,3046956000.0,4073402000.0,4073402000.0,0.0,0.024,0.156,0.051,0.37,92558000.0,2415797000.0,1.0,479916008.0,479916008.0,,8.488,39433642000.0,0.0,594692000.0,0.0,82.168,
13,DFS,MRY,2007-12-31,2007-11-30,2007-11-30,2021-07-29,32032000.0,37376105000.0,33221673500.0,,,0.121,11.725,-118265000.0,8085467000.0,8085467000.0,0.0,588630000.0,,5.675,2384093000.0,,,2384093000.0,0.0,122934000.0,24711313000.0,0.003,0.06,1150144000.0,1273078000.0,0.318,1273078000.0,1150144000.0,1150144000.0,1.23,1.23,1.23,5599422000.0,5687097000.0,5599422000.0,5265143457.0,5.0,4.136,1919760000.0,4.02,1.0,4003927000.0,1.0,315190000.0,0.0,31359541000.0,33532388500.0,0.0,20596631000.0,,,31776683000.0,,,8295121457.0,7912738000.0,-5000000.0,-1419000.0,-3278920000.0,-29146000.0,7458993000.0,-1595145000.0,-1471880000.0,2038025000.0,10865000.0,588630000.0,588630000.0,588630000.0,375569000.0,0.0,0.147,2478214000.0,1525713000.0,0.0,0.049,1.481,14.092,14.122,575229000.0,0.0,17.37,2.072,2.072,0.0,2717905000.0,4003927000.0,4003927000.0,0.0,0.018,0.104,0.034,0.287,35710000.0,2478214000.0,1.0,477554488.0,477554488.0,,8.384,37060915000.0,0.0,561514000.0,0.0,77.606,
14,DFS,MRY,2006-12-31,2006-11-30,2006-11-30,2021-07-29,129986000.0,29067242000.0,28005582500.0,,,0.148,12.1,-144151000.0,874357000.0,874357000.0,0.0,1076616000.0,,4.033,8247256000.0,,,8247256000.0,0.0,113169000.0,13343859000.0,,0.0,1612179000.0,1725348000.0,0.417,1725348000.0,1612179000.0,1612179000.0,2.26,2.26,2.26,5774772000.0,5187610500.0,5774772000.0,,,,1576636000.0,3.304,1.0,4134811000.0,1.0,734905000.0,0.0,35705236000.0,33203375000.0,0.0,22994678000.0,,,23292470000.0,,,,318875000.0,-1924491000.0,0.0,3851978000.0,0.0,621255000.0,-2023830000.0,44812000.0,1720787000.0,663000.0,1076616000.0,1076616000.0,1076616000.0,55574000.0,0.0,0.26,2467058000.0,1667753000.0,0.0,0.0,,,,660900000.0,0.0,,,,0.0,3008421000.0,4134811000.0,4134811000.0,0.0,0.038,0.208,0.049,0.39,0.0,2467058000.0,1.0,477235927.0,477235927.0,,8.664,28332337000.0,0.0,535563000.0,0.0,59.368,
15,DFS,MRY,2005-12-31,2005-11-30,2005-11-30,2021-07-29,45220000.0,26943923000.0,,,,,,-97963000.0,557170000.0,557170000.0,0.0,577915000.0,,4.857,4636805000.0,,,4636805000.0,0.0,112856000.0,16065632000.0,,0.0,924256000.0,1037112000.0,0.3,1037112000.0,924256000.0,924256000.0,1.21,1.21,1.21,4600449000.0,,4600449000.0,,,,1538111000.0,,1.0,3456883000.0,1.0,322044000.0,0.0,30701514000.0,,0.0,21981037000.0,,,22343474000.0,,,,-249130000.0,-323426000.0,0.0,-701415000.0,0.0,2426196000.0,-4309817000.0,-3888428000.0,1636074000.0,-1583000.0,577915000.0,577915000.0,577915000.0,0.0,0.0,0.167,2532627000.0,924256000.0,0.0,0.0,,,,624525000.0,0.0,,,,0.0,2431805000.0,3456883000.0,3456883000.0,0.0,,,,0.267,0.0,2532627000.0,1.0,,,,,26621879000.0,0.0,346341000.0,0.0,,
16,DFS,MRY,2004-12-31,2004-11-30,2004-11-30,2021-07-29,,,,,,,,-98712000.0,,,0.0,776253000.0,,,,,,,,116751000.0,,,0.0,1218907000.0,1335658000.0,0.378,1335658000.0,1218907000.0,1218907000.0,,,,,,,,,,1489247000.0,,1.0,3534719000.0,1.0,,0.0,,,,,,,,,,,-450245000.0,0.0,0.0,-286478000.0,0.0,-278466000.0,-1763234000.0,-1664522000.0,1587959000.0,3496000.0,776253000.0,776253000.0,776253000.0,0.0,0.0,0.22,2315812000.0,1218907000.0,,,,,,,0.0,,,,,,3534719000.0,3534719000.0,0.0,,,,0.345,0.0,2021429000.0,1.0,,,,,,,442654000.0,,,
0,DFS,MRQ,2021-06-30,2021-06-30,2021-06-30,2021-07-29,-39000000.0,110985000000.0,,,,,43.2,-56000000.0,16368000000.0,16368000000.0,0.0,1698000000.0,,7.426,19350000000.0,,,19350000000.0,0.0,129000000.0,74476000000.0,0.015,0.44,2212000000.0,2341000000.0,0.68,2341000000.0,2212000000.0,2212000000.0,5.56,5.55,5.56,13171000000.0,,13171000000.0,36402145569.0,6.0,5.449,1492000000.0,4.894,1.0,3444000000.0,1.0,256000000.0,0.0,113711000000.0,,0.0,89489000000.0,,,97814000000.0,,,36065145569.0,-4306000000.0,0.0,-550000000.0,-1632000000.0,-151000000.0,-4607000000.0,-1247000000.0,-1191000000.0,1548000000.0,0.0,1688000000.0,1688000000.0,1688000000.0,0.0,10000000.0,0.49,1222000000.0,2222000000.0,0.0,0.079,2.738,7.545,7.558,986000000.0,0.0,118.29,3.321,3.321,0.0,22936000000.0,3444000000.0,3444000000.0,0.0,,,,,0.0,1222000000.0,1.0,304887527.0,304887527.0,,11.296,110729000000.0,0.0,524000000.0,0.0,363.18,
1,DFS,MRQ,2021-03-31,2021-03-31,2021-03-31,2021-07-29,-7000000.0,113871000000.0,,,,,39.629,-41000000.0,20674000000.0,20674000000.0,0.0,1593000000.0,,8.369,21011000000.0,,,21011000000.0,0.0,119000000.0,76745000000.0,0.019,0.44,2032000000.0,2151000000.0,0.681,2151000000.0,2032000000.0,2032000000.0,5.04,5.04,5.04,12154000000.0,,12154000000.0,36784646673.0,10.0,9.194,1467000000.0,4.783,1.0,3160000000.0,1.0,350000000.0,0.0,113858000000.0,,0.0,88432000000.0,,,101717000000.0,,,29132646673.0,7085000000.0,0.0,-117000000.0,-170000000.0,-159000000.0,-611000000.0,6188000000.0,6229000000.0,1508000000.0,0.0,1546000000.0,1546000000.0,1546000000.0,0.0,47000000.0,0.489,1081000000.0,2079000000.0,0.0,0.087,2.397,10.699,10.685,1021000000.0,0.0,94.99,3.627,3.627,0.0,21373000000.0,3160000000.0,3160000000.0,0.0,,,,,0.0,1081000000.0,1.0,306691722.0,306691722.0,,10.304,113521000000.0,0.0,486000000.0,0.0,370.147,
2,DFS,MRQ,2020-12-31,2020-12-31,2020-12-31,2021-07-29,45000000.0,112889000000.0,,,,,35.511,-55000000.0,13589000000.0,13589000000.0,0.0,799000000.0,,9.372,21241000000.0,,,21241000000.0,0.0,123000000.0,76904000000.0,0.019,0.44,1011000000.0,1134000000.0,0.495,1134000000.0,1011000000.0,1011000000.0,2.6,2.6,2.6,10884000000.0,,10884000000.0,50199112936.0,36.0,26.659,1578000000.0,5.149,1.0,2293000000.0,1.0,350000000.0,0.0,120191000000.0,,0.0,94337000000.0,,,102005000000.0,,,27747112936.0,3500000000.0,0.0,-2000000.0,-558000000.0,-152000000.0,-1829000000.0,3696000000.0,3751000000.0,1633000000.0,0.0,795000000.0,795000000.0,795000000.0,0.0,4000000.0,0.347,1278000000.0,1015000000.0,0.0,0.169,2.549,25.133,25.147,1027000000.0,0.0,90.53,4.66,4.66,0.0,19955000000.0,2293000000.0,2293000000.0,0.0,,,,,0.0,1278000000.0,1.0,306496332.0,306496332.0,,7.481,112539000000.0,0.0,216000000.0,0.0,367.179,
3,DFS,MRQ,2020-09-30,2020-09-30,2020-09-30,2021-07-29,93000000.0,124349000000.0,,,,,33.457,-53000000.0,10089000000.0,10089000000.0,0.0,771000000.0,,11.129,32541000000.0,,,32541000000.0,0.0,116000000.0,78015000000.0,0.03,0.44,939000000.0,1055000000.0,0.537,1055000000.0,939000000.0,939000000.0,2.45,2.45,2.45,10252000000.0,,10252000000.0,25732014047.0,20.0,14.408,1243000000.0,4.057,1.0,1964000000.0,1.0,350000000.0,0.0,146451000000.0,,0.0,109336000000.0,,,114097000000.0,,,17705014047.0,-5078000000.0,0.0,2000000.0,-1310000000.0,-135000000.0,-799000000.0,-5575000000.0,-5522000000.0,1296000000.0,0.0,751000000.0,751000000.0,751000000.0,0.0,20000000.0,0.382,1005000000.0,959000000.0,0.0,0.18,1.727,17.547,17.724,1121000000.0,0.0,57.78,3.069,3.069,0.0,19292000000.0,1964000000.0,1964000000.0,0.0,,,,,0.0,1005000000.0,1.0,306421150.0,306421150.0,,6.409,123999000000.0,0.0,188000000.0,0.0,404.669,
4,DFS,MRQ,2020-06-30,2020-06-30,2020-06-30,2021-07-29,122000000.0,113792000000.0,,,,,31.482,-94000000.0,15167000000.0,15167000000.0,0.0,-368000000.0,,10.8,23194000000.0,,,23194000000.0,0.0,123000000.0,77364000000.0,0.035,0.44,-462000000.0,-339000000.0,-0.55,-339000000.0,-462000000.0,-462000000.0,-1.2,-1.2,-1.2,9643000000.0,,9643000000.0,30229605870.0,23.0,16.637,1493000000.0,4.874,1.0,616000000.0,1.0,351000000.0,0.0,121468000000.0,,0.0,93777000000.0,,,104149000000.0,,,15342605870.0,3956000000.0,0.0,3000000.0,-2910000000.0,-151000000.0,1373000000.0,996000000.0,1090000000.0,1587000000.0,0.0,-369000000.0,-369000000.0,-369000000.0,0.0,1000000.0,-0.599,1077000000.0,-461000000.0,0.0,-0.367,1.591,15.236,15.801,1115000000.0,0.0,50.09,2.598,2.598,0.0,18673000000.0,616000000.0,616000000.0,0.0,,,,,0.0,1077000000.0,1.0,306300776.0,306300776.0,,2.011,113441000000.0,0.0,-93000000.0,0.0,370.358,
5,DFS,MRQ,2020-03-31,2020-03-31,2020-03-31,2021-07-29,134000000.0,112657000000.0,,,,,31.346,-59000000.0,11211000000.0,11211000000.0,0.0,-61000000.0,,10.656,26098000000.0,,,26098000000.0,0.0,123000000.0,73418000000.0,0.048,0.44,-95000000.0,28000000.0,0.026,28000000.0,-95000000.0,-95000000.0,-0.25,-0.25,-0.25,9665000000.0,,9665000000.0,29735403547.0,11.0,9.178,1621000000.0,5.257,1.0,1081000000.0,1.0,410000000.0,0.0,127134000000.0,,0.0,96832000000.0,,,102992000000.0,,,10998403547.0,4247000000.0,0.0,-341000000.0,-14000000.0,-138000000.0,170000000.0,2397000000.0,2456000000.0,1680000000.0,0.0,-78000000.0,-78000000.0,-78000000.0,0.0,17000000.0,-0.072,1159000000.0,-78000000.0,0.0,-1.76,1.138,5.181,5.332,1070000000.0,0.0,35.67,1.495,1.495,0.0,19175000000.0,1081000000.0,1081000000.0,0.0,,,,,0.0,1159000000.0,1.0,308337638.0,308337638.0,,3.506,112247000000.0,0.0,-17000000.0,0.0,364.039,
6,DFS,MRQ,2019-12-31,2019-12-31,2019-12-31,2021-07-29,-119000000.0,113996000000.0,,,,,37.832,-72000000.0,6964000000.0,6964000000.0,0.0,708000000.0,,8.613,25701000000.0,,,25701000000.0,0.0,121000000.0,72746000000.0,0.02,0.44,921000000.0,1042000000.0,0.494,1042000000.0,921000000.0,921000000.0,2.26,2.26,2.26,11859000000.0,,11859000000.0,44930377219.0,12.0,10.642,1392000000.0,4.441,1.0,2108000000.0,1.0,410000000.0,0.0,132323000000.0,,0.0,103106000000.0,,,102137000000.0,,,26588377219.0,852000000.0,0.0,-400000000.0,1282000000.0,-153000000.0,2443000000.0,-3055000000.0,-2983000000.0,1464000000.0,0.0,705000000.0,705000000.0,705000000.0,0.0,3000000.0,0.334,1184000000.0,924000000.0,0.0,0.195,2.242,9.143,9.331,1057000000.0,0.0,84.82,3.231,3.231,0.0,21290000000.0,2108000000.0,2108000000.0,0.0,,,,,0.0,1184000000.0,1.0,313468253.0,313468253.0,,6.725,113586000000.0,0.0,216000000.0,0.0,362.352,
7,DFS,MRQ,2019-09-30,2019-09-30,2019-09-30,2021-07-29,-74000000.0,110786000000.0,,,,,36.818,-61000000.0,6112000000.0,6112000000.0,0.0,770000000.0,,8.455,24454000000.0,,,24454000000.0,0.0,113000000.0,71021000000.0,0.02,0.44,973000000.0,1086000000.0,0.517,1086000000.0,973000000.0,973000000.0,2.36,2.36,2.36,11717000000.0,,11717000000.0,39616165366.0,11.0,9.482,758000000.0,2.382,1.0,2101000000.0,1.0,414000000.0,0.0,128714000000.0,,0.0,100843000000.0,,,99069000000.0,,,25806165366.0,-5241000000.0,0.0,-417000000.0,-748000000.0,-141000000.0,-30000000.0,-6030000000.0,-5969000000.0,819000000.0,0.0,749000000.0,749000000.0,749000000.0,0.0,21000000.0,0.356,1107000000.0,994000000.0,0.0,0.186,2.202,8.954,9.142,1028000000.0,0.0,81.09,3.175,3.175,0.0,20720000000.0,2101000000.0,2101000000.0,0.0,,,,,0.0,1107000000.0,1.0,318241033.0,318241033.0,,6.602,110372000000.0,0.0,224000000.0,0.0,346.819,
8,DFS,MRQ,2019-06-30,2019-06-30,2019-06-30,2021-07-29,-83000000.0,110707000000.0,,,,,35.502,-69000000.0,11353000000.0,11353000000.0,0.0,753000000.0,,8.633,25163000000.0,,,25163000000.0,0.0,103000000.0,69734000000.0,0.021,0.4,981000000.0,1084000000.0,0.525,1084000000.0,981000000.0,981000000.0,2.32,2.32,2.32,11493000000.0,,11493000000.0,36181123954.0,10.0,8.723,1509000000.0,4.661,1.0,2065000000.0,1.0,415000000.0,0.0,124102000000.0,,0.0,95608000000.0,,,99214000000.0,,,25118123954.0,-3860000000.0,0.0,-459000000.0,-1222000000.0,-145000000.0,-1017000000.0,-4421000000.0,-4352000000.0,1578000000.0,0.0,747000000.0,747000000.0,747000000.0,0.0,6000000.0,0.362,1078000000.0,987000000.0,0.0,0.172,2.186,8.869,9.064,1008000000.0,0.0,77.59,3.137,3.137,0.0,20107000000.0,2065000000.0,2065000000.0,0.0,,,,,0.0,1078000000.0,1.0,323728882.0,323728882.0,,6.379,110292000000.0,0.0,234000000.0,0.0,340.692,
9,DFS,MRQ,2019-03-31,2019-03-31,2019-03-31,2021-07-29,-136000000.0,110720000000.0,,,,,34.286,-82000000.0,15213000000.0,15213000000.0,0.0,726000000.0,,8.834,26276000000.0,,,26276000000.0,0.0,99000000.0,68916000000.0,0.022,0.4,909000000.0,1008000000.0,0.516,1008000000.0,909000000.0,909000000.0,2.15,2.15,2.15,11259000000.0,,11259000000.0,35450995580.0,10.0,8.766,2253000000.0,6.861,1.0,1954000000.0,1.0,415000000.0,0.0,121368000000.0,,0.0,91852000000.0,,,99461000000.0,,,23367995580.0,68000000.0,0.0,-485000000.0,-1026000000.0,-134000000.0,-499000000.0,-1768000000.0,-1686000000.0,2335000000.0,0.0,705000000.0,705000000.0,705000000.0,0.0,21000000.0,0.361,1024000000.0,930000000.0,0.0,0.186,2.075,8.504,8.731,980000000.0,0.0,71.16,2.994,2.994,0.0,19484000000.0,1954000000.0,1954000000.0,0.0,,,,,0.0,1024000000.0,1.0,328386672.0,328386672.0,,5.95,110305000000.0,0.0,204000000.0,0.0,335.9,
10,DFS,MRQ,2018-12-31,2018-12-31,2018-12-31,2021-07-29,-156000000.0,109553000000.0,,,,,33.128,-77000000.0,15145000000.0,15145000000.0,0.0,687000000.0,,8.843,27228000000.0,,,27228000000.0,0.0,109000000.0,67759000000.0,0.025,0.4,891000000.0,1000000000.0,0.498,1000000000.0,891000000.0,891000000.0,2.04,2.02,2.04,11130000000.0,,11130000000.0,30204196414.0,9.0,7.591,684000000.0,2.036,1.0,2007000000.0,1.0,416000000.0,0.0,121220000000.0,,0.0,90841000000.0,,,98423000000.0,,,19815196414.0,-1464000000.0,0.0,-464000000.0,129000000.0,-151000000.0,3589000000.0,-5814000000.0,-5737000000.0,761000000.0,0.0,681000000.0,681000000.0,681000000.0,0.0,6000000.0,0.339,1110000000.0,897000000.0,0.0,0.196,1.78,7.369,7.552,936000000.0,0.0,58.98,2.582,2.582,0.0,18906000000.0,2007000000.0,2007000000.0,0.0,,,,,0.0,1110000000.0,1.0,335964673.0,335964673.0,,5.974,109137000000.0,0.0,210000000.0,0.0,324.847,
11,DFS,MRQ,2018-09-30,2018-09-30,2018-09-30,2021-07-29,-160000000.0,105842000000.0,,,,,32.149,-59000000.0,16609000000.0,16609000000.0,0.0,720000000.0,,8.608,26998000000.0,,,26998000000.0,0.0,110000000.0,63674000000.0,0.019,0.4,946000000.0,1056000000.0,0.533,1056000000.0,946000000.0,946000000.0,2.05,2.05,2.05,11016000000.0,,11016000000.0,36529224742.0,10.0,9.239,1547000000.0,4.515,1.0,1982000000.0,1.0,417000000.0,0.0,115814000000.0,,0.0,85768000000.0,,,94826000000.0,,,26196224742.0,690000000.0,0.0,-458000000.0,729000000.0,-137000000.0,2120000000.0,-3036000000.0,-2977000000.0,1606000000.0,0.0,699000000.0,699000000.0,699000000.0,0.0,21000000.0,0.353,1015000000.0,967000000.0,0.0,0.195,2.378,11.067,11.259,896000000.0,0.0,76.45,3.446,3.446,0.0,18354000000.0,1982000000.0,1982000000.0,0.0,,,,,0.0,1015000000.0,1.0,342658270.0,342658270.0,,5.784,105425000000.0,0.0,247000000.0,0.0,307.668,
12,DFS,MRQ,2018-06-30,2018-06-30,2018-06-30,2021-07-29,-162000000.0,102751000000.0,,,,,31.203,-60000000.0,15919000000.0,15919000000.0,0.0,669000000.0,,8.436,26252000000.0,,,26252000000.0,0.0,109000000.0,61683000000.0,0.02,0.35,871000000.0,980000000.0,0.527,980000000.0,871000000.0,871000000.0,1.91,1.91,1.91,10889000000.0,,10889000000.0,33717480357.0,10.0,8.67,1526000000.0,4.373,1.0,1861000000.0,1.0,417000000.0,0.0,112667000000.0,,0.0,83483000000.0,,,91862000000.0,,,24571480357.0,-1179000000.0,0.0,-555000000.0,-5000000.0,-122000000.0,-120000000.0,-2645000000.0,-2585000000.0,1586000000.0,0.0,663000000.0,663000000.0,663000000.0,0.0,6000000.0,0.356,984000000.0,877000000.0,0.0,0.183,2.257,10.887,11.123,874000000.0,0.0,70.41,3.289,3.289,0.0,17787000000.0,1861000000.0,1861000000.0,0.0,,,,,0.0,984000000.0,1.0,348977139.0,348977139.0,,5.333,102334000000.0,0.0,208000000.0,0.0,293.24,
13,DFS,MRQ,2018-03-31,2018-03-31,2018-03-31,2021-07-29,-139000000.0,101967000000.0,,,,,30.644,-58000000.0,17098000000.0,17098000000.0,0.0,666000000.0,,8.38,26244000000.0,,,26244000000.0,0.0,107000000.0,61130000000.0,0.019,0.35,836000000.0,943000000.0,0.517,943000000.0,836000000.0,836000000.0,1.82,1.82,1.82,10871000000.0,,10871000000.0,38456661659.0,11.0,9.971,1180000000.0,3.326,1.0,1824000000.0,1.0,417000000.0,0.0,110696000000.0,,0.0,81551000000.0,,,91096000000.0,,,25517661659.0,3711000000.0,0.0,-582000000.0,-57000000.0,-142000000.0,1557000000.0,916000000.0,974000000.0,1238000000.0,0.0,646000000.0,646000000.0,646000000.0,0.0,20000000.0,0.354,968000000.0,856000000.0,0.0,0.192,2.347,12.003,12.338,848000000.0,0.0,71.93,3.453,3.453,0.0,17211000000.0,1824000000.0,1824000000.0,0.0,,,,,0.0,968000000.0,1.0,354756870.0,354756870.0,,5.142,101550000000.0,0.0,190000000.0,0.0,286.252,
14,DFS,MRQ,2017-12-31,2017-12-31,2017-12-31,2021-07-29,-152000000.0,100087000000.0,,,,,29.974,-57000000.0,13387000000.0,13387000000.0,0.0,387000000.0,,8.189,26326000000.0,,,26326000000.0,0.0,104000000.0,58764000000.0,0.017,0.35,871000000.0,975000000.0,0.504,975000000.0,871000000.0,871000000.0,1.01,1.0,1.01,10892000000.0,,10892000000.0,40160237983.0,12.0,10.399,1567000000.0,4.312,1.0,1935000000.0,1.0,418000000.0,0.0,112608000000.0,,0.0,83195000000.0,,,89195000000.0,,,27951237983.0,-1141000000.0,0.0,-554000000.0,-399000000.0,-137000000.0,1522000000.0,-4287000000.0,-4230000000.0,1624000000.0,0.0,359000000.0,359000000.0,359000000.0,0.0,28000000.0,0.186,1036000000.0,899000000.0,0.0,0.347,2.566,13.762,14.166,825000000.0,0.0,76.92,3.82,3.82,0.0,16687000000.0,1935000000.0,1935000000.0,0.0,,,,,0.0,1036000000.0,1.0,363380629.0,363380629.0,,5.325,99669000000.0,0.0,512000000.0,0.0,274.283,
15,DFS,MRQ,2017-09-30,2017-09-30,2017-09-30,2021-07-29,-148000000.0,97608000000.0,,,,,30.044,-58000000.0,14528000000.0,14528000000.0,0.0,602000000.0,,7.725,26737000000.0,,,26737000000.0,0.0,101000000.0,56135000000.0,0.019,0.35,890000000.0,991000000.0,0.535,991000000.0,890000000.0,890000000.0,1.59,1.59,1.59,11187000000.0,,11187000000.0,37404253607.0,11.0,9.725,1494000000.0,4.012,1.0,1851000000.0,1.0,418000000.0,0.0,109399000000.0,,0.0,79539000000.0,,,86421000000.0,,,24009253607.0,1485000000.0,0.0,-554000000.0,272000000.0,-139000000.0,2850000000.0,-2917000000.0,-2859000000.0,1552000000.0,0.0,589000000.0,589000000.0,589000000.0,0.0,13000000.0,0.318,948000000.0,903000000.0,0.0,0.22,2.146,10.805,11.06,800000000.0,0.0,64.48,3.352,3.352,0.0,16452000000.0,1851000000.0,1851000000.0,0.0,,,,,0.0,948000000.0,1.0,372351948.0,372351948.0,,4.971,97190000000.0,0.0,301000000.0,0.0,261.016,
16,DFS,MRQ,2017-06-30,2017-06-30,2017-06-30,2021-07-29,-150000000.0,93757000000.0,,,,,29.614,-56000000.0,13043000000.0,13043000000.0,0.0,546000000.0,,7.327,26438000000.0,,,26438000000.0,0.0,95000000.0,52864000000.0,0.019,0.3,853000000.0,948000000.0,0.533,948000000.0,853000000.0,853000000.0,1.41,1.4,1.41,11259000000.0,,11259000000.0,34204062432.0,10.0,8.797,963000000.0,2.533,1.0,1779000000.0,1.0,419000000.0,0.0,106733000000.0,,0.0,77292000000.0,,,82498000000.0,,,23644062432.0,-3220000000.0,0.0,-449000000.0,-420000000.0,-124000000.0,-1664000000.0,-2575000000.0,-2519000000.0,1019000000.0,0.0,532000000.0,532000000.0,532000000.0,0.0,14000000.0,0.299,912000000.0,867000000.0,0.0,0.213,2.1,10.471,10.722,774000000.0,0.0,62.19,3.299,3.299,0.0,15989000000.0,1779000000.0,1779000000.0,0.0,,,,,0.0,912000000.0,1.0,380190745.0,380190745.0,,4.679,93338000000.0,0.0,321000000.0,0.0,245.503,
17,DFS,MRQ,2017-03-31,2017-03-31,2017-03-31,2021-07-29,-155000000.0,94795000000.0,,,,,29.219,-47000000.0,16263000000.0,16263000000.0,0.0,564000000.0,,7.415,26823000000.0,,,26823000000.0,0.0,93000000.0,53522000000.0,0.017,0.3,855000000.0,948000000.0,0.541,948000000.0,855000000.0,855000000.0,1.43,1.43,1.43,11265000000.0,,11265000000.0,39800674021.0,11.0,10.164,966000000.0,2.506,1.0,1753000000.0,1.0,420000000.0,0.0,104935000000.0,,0.0,75307000000.0,,,83530000000.0,,,26366674021.0,4254000000.0,0.0,-519000000.0,1370000000.0,-127000000.0,2253000000.0,988000000.0,1035000000.0,1013000000.0,0.0,551000000.0,551000000.0,551000000.0,0.0,13000000.0,0.314,885000000.0,868000000.0,0.0,0.21,2.341,11.326,11.671,750000000.0,0.0,68.39,3.666,3.666,0.0,15568000000.0,1753000000.0,1753000000.0,0.0,,,,,0.0,885000000.0,1.0,385534055.0,385534055.0,,4.547,94375000000.0,0.0,304000000.0,0.0,244.79,
18,DFS,MRQ,2016-12-31,2016-12-31,2016-12-31,2021-07-29,-161000000.0,92308000000.0,,,,,28.71,-47000000.0,12009000000.0,12009000000.0,0.0,563000000.0,,7.152,25443000000.0,,,25443000000.0,0.0,89000000.0,51992000000.0,0.016,0.3,870000000.0,959000000.0,0.539,959000000.0,870000000.0,870000000.0,1.4,1.41,1.4,11323000000.0,,11323000000.0,42239199327.0,12.0,10.685,1245000000.0,3.157,1.0,1780000000.0,1.0,421000000.0,0.0,105321000000.0,,0.0,76844000000.0,,,80985000000.0,,,28432199327.0,-166000000.0,0.0,-476000000.0,-1310000000.0,-128000000.0,837000000.0,-2295000000.0,-3096000000.0,1292000000.0,0.0,550000000.0,550000000.0,550000000.0,0.0,13000000.0,0.309,897000000.0,883000000.0,0.0,0.214,2.511,12.156,12.494,734000000.0,0.0,72.09,3.927,3.927,0.0,15130000000.0,1780000000.0,1780000000.0,0.0,,,,,0.0,897000000.0,1.0,394398659.0,394398659.0,,4.513,91887000000.0,0.0,320000000.0,0.0,232.98,
19,DFS,MRQ,2016-09-30,2016-09-30,2016-09-30,2021-07-29,-165000000.0,90541000000.0,,,,,28.113,-46000000.0,13023000000.0,13023000000.0,0.0,639000000.0,,6.979,26830000000.0,,,26830000000.0,0.0,86000000.0,49245000000.0,0.02,0.3,947000000.0,1033000000.0,0.557,1033000000.0,947000000.0,947000000.0,1.56,1.56,1.56,11347000000.0,,11347000000.0,36791112901.0,10.0,9.507,1271000000.0,3.149,1.0,1856000000.0,1.0,421000000.0,0.0,103927000000.0,,0.0,74232000000.0,,,79194000000.0,,,22825112901.0,1459000000.0,0.0,-581000000.0,2143000000.0,-132000000.0,2149000000.0,-2007000000.0,-1112000000.0,1317000000.0,0.0,625000000.0,625000000.0,625000000.0,0.0,14000000.0,0.337,895000000.0,961000000.0,0.0,0.192,2.012,10.024,10.226,722000000.0,0.0,56.55,3.179,3.179,0.0,14696000000.0,1856000000.0,1856000000.0,0.0,,,,,0.0,895000000.0,1.0,403627107.0,403627107.0,,4.598,90120000000.0,0.0,322000000.0,0.0,223.275,
20,DFS,MRQ,2016-06-30,2016-06-30,2016-06-30,2021-07-29,-174000000.0,87511000000.0,,,,,27.648,-40000000.0,10715000000.0,10715000000.0,0.0,616000000.0,,6.678,24681000000.0,,,24681000000.0,0.0,92000000.0,48527000000.0,0.021,0.28,884000000.0,976000000.0,0.541,976000000.0,884000000.0,884000000.0,1.47,1.47,1.47,11397000000.0,,11397000000.0,33698154416.0,10.0,8.649,618000000.0,1.499,1.0,1804000000.0,1.0,422000000.0,0.0,101055000000.0,,0.0,73496000000.0,,,76114000000.0,,,22091154416.0,-1518000000.0,0.0,-422000000.0,-109000000.0,-125000000.0,-598000000.0,-1578000000.0,-2450000000.0,658000000.0,0.0,602000000.0,602000000.0,602000000.0,0.0,14000000.0,0.334,906000000.0,898000000.0,0.0,0.19,1.938,9.814,10.017,708000000.0,0.0,53.59,3.076,3.076,0.0,14188000000.0,1804000000.0,1804000000.0,0.0,,,,,0.0,906000000.0,1.0,412225311.0,412225311.0,,4.376,87089000000.0,0.0,282000000.0,0.0,211.266,
21,DFS,MRQ,2016-03-31,2016-03-31,2016-03-31,2021-07-29,-172000000.0,88093000000.0,,,,,27.32,-46000000.0,13145000000.0,13145000000.0,0.0,575000000.0,,6.785,24752000000.0,,,24752000000.0,0.0,84000000.0,48465000000.0,0.022,0.28,901000000.0,985000000.0,0.547,985000000.0,901000000.0,901000000.0,1.35,1.35,1.35,11316000000.0,,11316000000.0,36144117721.0,10.0,9.157,1112000000.0,2.685,1.0,1800000000.0,1.0,422000000.0,0.0,99278000000.0,,0.0,71355000000.0,,,76777000000.0,,,21091117721.0,2563000000.0,0.0,-422000000.0,49000000.0,-129000000.0,423000000.0,982000000.0,1939000000.0,1158000000.0,0.0,562000000.0,562000000.0,562000000.0,0.0,13000000.0,0.312,886000000.0,914000000.0,0.0,0.207,1.864,9.437,9.774,706000000.0,0.0,50.92,2.911,2.911,0.0,13698000000.0,1800000000.0,1800000000.0,0.0,,,,,0.0,886000000.0,1.0,414201055.0,414201055.0,,4.346,87671000000.0,0.0,339000000.0,0.0,211.663,
22,DFS,MRQ,2015-12-31,2015-12-31,2015-12-31,2021-07-29,-160000000.0,86799000000.0,,,,,26.375,-49000000.0,9671000000.0,9671000000.0,0.0,500000000.0,,6.698,24650000000.0,,,24650000000.0,0.0,100000000.0,47531000000.0,0.02,0.28,776000000.0,876000000.0,0.509,876000000.0,776000000.0,776000000.0,1.15,1.15,1.15,11275000000.0,,11275000000.0,36373681463.0,10.0,9.204,995000000.0,2.328,1.0,1721000000.0,1.0,423000000.0,0.0,101355000000.0,,0.0,73600000000.0,,,75524000000.0,,,22921681463.0,-678000000.0,2000000.0,-433000000.0,924000000.0,-130000000.0,1358000000.0,-3080000000.0,-3032000000.0,1044000000.0,0.0,488000000.0,488000000.0,488000000.0,0.0,12000000.0,0.284,933000000.0,788000000.0,0.0,0.243,2.033,10.206,10.432,693000000.0,0.0,53.62,3.172,3.172,0.0,13250000000.0,1721000000.0,1721000000.0,0.0,,,,,0.0,933000000.0,1.0,427483802.0,427483802.0,,4.026,86376000000.0,0.0,288000000.0,0.0,202.057,
23,DFS,MRQ,2015-09-30,2015-09-30,2015-09-30,2021-07-29,-180000000.0,85611000000.0,,,,,25.966,-30000000.0,10348000000.0,10348000000.0,0.0,612000000.0,,6.574,23800000000.0,,,23800000000.0,0.0,98000000.0,46605000000.0,0.02,0.28,961000000.0,1059000000.0,0.571,1059000000.0,961000000.0,961000000.0,1.38,1.38,1.38,11303000000.0,,11303000000.0,35525598764.0,10.0,9.332,1117000000.0,2.566,1.0,1856000000.0,1.0,424000000.0,0.0,98639000000.0,,0.0,71637000000.0,,,74308000000.0,,,22631598764.0,-345000000.0,0.0,-435000000.0,-466000000.0,-131000000.0,-745000000.0,-747000000.0,-1373000000.0,1147000000.0,0.0,599000000.0,599000000.0,599000000.0,0.0,13000000.0,0.323,882000000.0,974000000.0,0.0,0.203,2.002,10.526,10.676,684000000.0,0.0,51.99,3.194,3.194,0.0,12880000000.0,1856000000.0,1856000000.0,0.0,,,,,0.0,882000000.0,1.0,435306766.0,435306766.0,,4.264,85187000000.0,0.0,362000000.0,0.0,195.694,
24,DFS,MRQ,2015-06-30,2015-06-30,2015-06-30,2021-07-29,-160000000.0,84911000000.0,,,,,25.453,-47000000.0,11349000000.0,11349000000.0,0.0,599000000.0,,6.539,24243000000.0,,,24243000000.0,0.0,98000000.0,46316000000.0,0.017,0.28,929000000.0,1027000000.0,0.549,1027000000.0,929000000.0,929000000.0,1.33,1.33,1.33,11263000000.0,,11263000000.0,36664139022.0,11.0,9.558,553000000.0,1.25,1.0,1869000000.0,1.0,425000000.0,0.0,97380000000.0,,0.0,69994000000.0,,,73648000000.0,,,25497139022.0,-1219000000.0,0.0,-423000000.0,1140000000.0,-135000000.0,475000000.0,-2294000000.0,-1602000000.0,600000000.0,0.0,586000000.0,586000000.0,586000000.0,0.0,13000000.0,0.314,927000000.0,942000000.0,0.0,0.211,2.264,11.691,11.856,688000000.0,0.0,57.62,3.608,3.608,0.0,12400000000.0,1869000000.0,1869000000.0,0.0,,,,,0.0,927000000.0,1.0,442505016.0,442505016.0,,4.224,84486000000.0,0.0,343000000.0,0.0,190.927,
25,DFS,MRQ,2015-03-31,2015-03-31,2015-03-31,2021-07-29,-161000000.0,84178000000.0,,,,,25.067,-41000000.0,11923000000.0,11923000000.0,0.0,586000000.0,,6.509,23090000000.0,,,23090000000.0,0.0,95000000.0,46427000000.0,0.017,0.24,895000000.0,990000000.0,0.556,990000000.0,895000000.0,895000000.0,1.28,1.28,1.28,11211000000.0,,11211000000.0,40468970506.0,11.0,10.374,1022000000.0,2.285,1.0,1781000000.0,1.0,432000000.0,0.0,94913000000.0,,0.0,68650000000.0,,,72967000000.0,,,25201970506.0,4530000000.0,0.0,-419000000.0,419000000.0,-119000000.0,214000000.0,3253000000.0,3297000000.0,1063000000.0,0.0,573000000.0,573000000.0,573000000.0,0.0,13000000.0,0.322,873000000.0,908000000.0,0.0,0.188,2.248,11.327,11.547,678000000.0,0.0,56.35,3.596,3.596,0.0,11936000000.0,1781000000.0,1781000000.0,0.0,,,,,0.0,873000000.0,1.0,447239938.0,447239938.0,,3.982,83746000000.0,0.0,322000000.0,0.0,187.251,
26,DFS,MRQ,2014-12-31,2014-12-31,2014-12-31,2021-07-29,-138000000.0,83126000000.0,,,,,24.552,-43000000.0,7390000000.0,7390000000.0,0.0,404000000.0,,6.466,22657000000.0,,,22657000000.0,0.0,95000000.0,46089000000.0,0.014,0.24,636000000.0,731000000.0,0.463,731000000.0,636000000.0,636000000.0,0.88,0.88,0.88,11134000000.0,,11134000000.0,43270389810.0,12.0,10.791,957000000.0,2.11,1.0,1580000000.0,1.0,433000000.0,0.0,97960000000.0,,0.0,72172000000.0,,,71992000000.0,,,29698389810.0,-98000000.0,0.0,-398000000.0,1585000000.0,-119000000.0,1774000000.0,-2872000000.0,-2826000000.0,1000000000.0,0.0,392000000.0,392000000.0,392000000.0,0.0,12000000.0,0.248,932000000.0,648000000.0,0.0,0.273,2.667,13.083,13.338,670000000.0,0.0,65.49,4.222,4.222,0.0,11467000000.0,1580000000.0,1580000000.0,0.0,,,,,0.0,932000000.0,1.0,453479765.0,453479765.0,,3.484,82693000000.0,0.0,244000000.0,0.0,182.352,
27,DFS,MRQ,2014-09-30,2014-09-30,2014-09-30,2021-07-29,-70000000.0,80596000000.0,,,,,24.466,-29000000.0,7485000000.0,7485000000.0,0.0,644000000.0,,6.132,21057000000.0,,,21057000000.0,0.0,93000000.0,45382000000.0,0.014,0.24,995000000.0,1088000000.0,0.593,1088000000.0,995000000.0,995000000.0,1.37,1.37,1.37,11301000000.0,,11301000000.0,42735024252.0,11.0,9.597,1026000000.0,2.221,1.0,1836000000.0,1.0,461000000.0,0.0,93707000000.0,,0.0,69717000000.0,,,69295000000.0,,,29742024252.0,503000000.0,0.0,-620000000.0,868000000.0,-120000000.0,1075000000.0,-1627000000.0,-1800000000.0,1055000000.0,0.0,630000000.0,630000000.0,630000000.0,0.0,14000000.0,0.343,827000000.0,1009000000.0,0.0,0.175,2.632,12.061,12.218,661000000.0,0.0,64.39,4.114,4.114,0.0,11182000000.0,1836000000.0,1836000000.0,0.0,,,,,0.0,827000000.0,1.0,461904399.0,461904399.0,,3.975,80135000000.0,0.0,365000000.0,0.0,173.488,
28,DFS,MRQ,2014-06-30,2014-06-30,2014-06-30,2021-07-29,-72000000.0,78937000000.0,,,,,24.408,-30000000.0,7184000000.0,7184000000.0,0.0,644000000.0,,5.936,20177000000.0,,,20177000000.0,0.0,91000000.0,44445000000.0,0.014,0.24,1001000000.0,1092000000.0,0.603,1092000000.0,1001000000.0,1001000000.0,1.35,1.35,1.35,11381000000.0,,11381000000.0,39311651116.0,10.0,9.092,612000000.0,1.313,1.0,1812000000.0,1.0,463000000.0,0.0,91467000000.0,,0.0,68331000000.0,,,67556000000.0,,,28899651116.0,-1852000000.0,0.0,-177000000.0,-144000000.0,-122000000.0,-985000000.0,-1509000000.0,-2337000000.0,642000000.0,0.0,630000000.0,630000000.0,630000000.0,0.0,14000000.0,0.348,797000000.0,1015000000.0,0.0,0.178,2.539,11.967,12.153,665000000.0,0.0,61.98,4.058,4.058,0.0,10659000000.0,1812000000.0,1812000000.0,0.0,,,,,0.0,797000000.0,1.0,466273816.0,466273816.0,,3.886,78474000000.0,0.0,371000000.0,0.0,168.3,
29,DFS,MRQ,2014-03-31,2014-03-31,2014-03-31,2021-07-29,-70000000.0,79584000000.0,,,,,23.404,-43000000.0,9894000000.0,9894000000.0,0.0,631000000.0,,6.221,20306000000.0,,,20306000000.0,0.0,90000000.0,44984000000.0,0.014,0.2,1009000000.0,1099000000.0,0.609,1099000000.0,1009000000.0,1009000000.0,1.31,1.31,1.31,11021000000.0,,11021000000.0,41279417466.0,11.0,9.759,1086000000.0,2.306,1.0,1806000000.0,1.0,466000000.0,0.0,89530000000.0,,0.0,66225000000.0,,,68563000000.0,,,27401417466.0,2177000000.0,0.0,-364000000.0,-319000000.0,-106000000.0,-763000000.0,1811000000.0,2835000000.0,1129000000.0,0.0,618000000.0,618000000.0,618000000.0,0.0,13000000.0,0.342,784000000.0,1022000000.0,0.0,0.153,2.486,11.547,11.756,668000000.0,0.0,58.19,3.853,3.853,0.0,10138000000.0,1806000000.0,1806000000.0,0.0,,,,,0.0,784000000.0,1.0,470895643.0,470895643.0,,3.835,79118000000.0,0.0,391000000.0,0.0,168.016,
30,DFS,MRQ,2013-12-31,2013-12-31,2013-12-31,2021-07-29,-68000000.0,79340000000.0,,,,,22.668,-54000000.0,6736000000.0,6736000000.0,0.0,602000000.0,,6.34,20614000000.0,,,20614000000.0,0.0,251000000.0,44959000000.0,0.011,0.2,923000000.0,1174000000.0,0.661,1174000000.0,923000000.0,923000000.0,1.24,1.24,1.24,10809000000.0,,10809000000.0,39662183565.0,10.0,9.394,928000000.0,1.946,1.0,1775000000.0,1.0,469000000.0,0.0,92749000000.0,,0.0,69114000000.0,,,68531000000.0,,,26679183565.0,931000000.0,0.0,-345000000.0,1810000000.0,-105000000.0,3210000000.0,-3261000000.0,-3208000000.0,982000000.0,0.0,588000000.0,588000000.0,588000000.0,0.0,14000000.0,0.331,838000000.0,937000000.0,0.0,0.161,2.468,11.052,11.258,654000000.0,0.0,55.95,3.738,3.738,0.0,9611000000.0,1775000000.0,1775000000.0,0.0,,,,,-45000000.0,838000000.0,1.0,476839742.0,476839742.0,,3.722,78871000000.0,0.0,335000000.0,0.0,165.404,
31,DFS,MRQ,2013-09-30,2013-09-30,2013-09-30,2021-07-29,-109000000.0,75544000000.0,,,,,21.915,-60000000.0,5806000000.0,5806000000.0,0.0,593000000.0,,6.125,18789000000.0,,,18789000000.0,0.0,27000000.0,43117000000.0,0.013,0.2,932000000.0,959000000.0,0.555,959000000.0,932000000.0,932000000.0,1.2,1.2,1.2,10602000000.0,,10602000000.0,36464628488.0,,,388000000.0,0.802,1.0,1729000000.0,1.0,472000000.0,0.0,88055000000.0,,0.0,66154000000.0,,,64942000000.0,,,24450628488.0,-121000000.0,0.0,-344000000.0,477000000.0,-107000000.0,565000000.0,-1134000000.0,-1428000000.0,448000000.0,0.0,579000000.0,579000000.0,579000000.0,0.0,14000000.0,0.335,783000000.0,946000000.0,0.0,0.167,2.306,,,639000000.0,0.0,50.54,,,0.0,9115000000.0,1729000000.0,1729000000.0,0.0,,,,,14000000.0,783000000.0,1.0,483787663.0,483787663.0,,3.574,75072000000.0,0.0,353000000.0,0.0,155.176,
32,DFS,MRQ,2013-06-30,2013-06-30,2013-06-30,2021-07-29,-107000000.0,74944000000.0,,,,,21.304,-58000000.0,6281000000.0,6281000000.0,0.0,602000000.0,,6.173,18295000000.0,,,18295000000.0,0.0,31000000.0,42568000000.0,0.011,0.2,967000000.0,998000000.0,0.554,998000000.0,967000000.0,967000000.0,1.2,1.2,1.2,10448000000.0,,10448000000.0,34334839616.0,,,537000000.0,1.095,1.0,1801000000.0,1.0,475000000.0,0.0,86483000000.0,,0.0,65090000000.0,,,64496000000.0,,,23363839616.0,-2323000000.0,0.0,-338000000.0,-1276000000.0,-108000000.0,-1525000000.0,-1393000000.0,-1280000000.0,595000000.0,0.0,588000000.0,588000000.0,588000000.0,0.0,14000000.0,0.326,820000000.0,981000000.0,0.0,0.167,2.236,,,607000000.0,0.0,47.64,,,0.0,8629000000.0,1801000000.0,1801000000.0,0.0,,,,,14000000.0,820000000.0,1.0,490424845.0,490424845.0,,3.672,74469000000.0,0.0,379000000.0,0.0,151.846,
33,DFS,MRQ,2013-03-31,2013-03-31,2013-03-31,2021-07-29,-84000000.0,76139000000.0,,,,,20.701,-59000000.0,8549000000.0,8549000000.0,0.0,673000000.0,,6.393,19520000000.0,,,19520000000.0,0.0,25000000.0,42394000000.0,0.01,0.0,1066000000.0,1091000000.0,0.595,1091000000.0,1066000000.0,1066000000.0,1.33,1.33,1.33,10299000000.0,,10299000000.0,36051077970.0,,,1433000000.0,2.88,1.0,1833000000.0,1.0,473000000.0,0.0,86637000000.0,,0.0,64020000000.0,,,65840000000.0,,,22308077970.0,5483000000.0,0.0,-256000000.0,1514000000.0,-79000000.0,1366000000.0,2625000000.0,2876000000.0,1492000000.0,0.0,659000000.0,659000000.0,659000000.0,0.0,14000000.0,0.36,753000000.0,1080000000.0,0.0,0.0,2.166,,,572000000.0,0.0,44.84,,,0.0,8136000000.0,1833000000.0,1833000000.0,0.0,,,,,17000000.0,753000000.0,1.0,497503969.0,497503969.0,,3.684,75666000000.0,0.0,407000000.0,0.0,152.091,
34,DFS,MRQ,2012-12-31,2012-11-30,2012-11-30,2021-07-29,-75000000.0,75283000000.0,,,,,19.371,-38830000.0,6270000000.0,6270000000.0,0.0,550717000.0,,6.699,20013000000.0,,,20013000000.0,0.0,24069000.0,42155000000.0,0.01,0.1,850386000.0,874455000.0,0.527,874455000.0,850386000.0,850386000.0,1.08,1.07,1.08,9778000000.0,,9778000000.0,33961016285.0,9.0,8.888,842966000.0,1.67,1.0,1660471000.0,1.0,476000000.0,0.0,88550000000.0,,0.0,65513000000.0,,,65505000000.0,,,21003723285.0,-2311767000.0,-114000.0,-392335000.0,679965000.0,-50119000.0,458889000.0,-3652452000.0,-1571170000.0,881796000.0,0.0,541230000.0,541230000.0,541230000.0,0.0,9487000.0,0.326,800598000.0,859873000.0,0.0,0.093,2.148,9.061,9.309,534000000.0,0.0,41.61,3.087,3.087,0.0,7373000000.0,1660471000.0,1660471000.0,0.0,,,,,10892000.0,800598000.0,1.0,504775854.0,504775854.0,,3.29,74807000000.0,0.0,309156000.0,0.0,148.198,
35,DFS,MRQ,2012-09-30,2012-09-30,2012-09-30,2021-07-29,,,,,,,,-47000000.0,,,0.0,637000000.0,,,,,,,,25000000.0,,0.009,0.1,1022000000.0,1047000000.0,0.56,1047000000.0,1022000000.0,1022000000.0,1.24,1.24,1.24,,,,32566404085.0,,,967000000.0,1.878,1.0,1869000000.0,1.0,,0.0,,,,,,,,,,20457447085.0,966000000.0,0.0,-376000000.0,886000000.0,-52000000.0,741000000.0,-789000000.0,-1422000000.0,1014000000.0,0.0,631000000.0,631000000.0,631000000.0,0.0,6000000.0,0.338,841000000.0,1028000000.0,,0.081,,,,,0.0,39.73,,,,,1869000000.0,1869000000.0,0.0,,,,,12000000.0,841000000.0,1.0,514911832.0,514911832.0,,3.63,,,391000000.0,,,
36,DFS,MRQ,2012-06-30,2012-06-30,2012-06-30,2021-07-29,,,,,,,,-31000000.0,,,0.0,525000000.0,,,,,,,,24000000.0,,0.009,0.1,841000000.0,865000000.0,0.539,865000000.0,841000000.0,841000000.0,0.99,0.99,0.99,,,,29914608151.0,,,776000000.0,1.507,1.0,1604000000.0,1.0,,0.0,,,,,,,,,,17805651151.0,185000000.0,-49000000.0,-265000000.0,413000000.0,-54000000.0,1160000000.0,-1782000000.0,-1589000000.0,807000000.0,0.0,520000000.0,520000000.0,520000000.0,0.0,5000000.0,0.324,758000000.0,846000000.0,,0.101,,,,,0.0,34.58,,,,,1604000000.0,1604000000.0,0.0,,,,,11000000.0,758000000.0,1.0,514911832.0,514911832.0,,3.115,,,321000000.0,,,
37,DFS,MRQ,2012-03-31,2012-03-31,2012-03-31,2021-07-29,,,,,,,,-31000000.0,,,0.0,650000000.0,,,,,,,,23000000.0,,0.008,0.0,1041000000.0,1064000000.0,0.619,1064000000.0,1041000000.0,1041000000.0,1.22,1.21,1.22,,,,31870931477.0,,,674000000.0,1.272,1.0,1719000000.0,1.0,,0.0,,,,,,,,,,17669416477.0,3551000000.0,0.0,-260000000.0,886000000.0,-53000000.0,1543000000.0,1303000000.0,1817000000.0,705000000.0,0.0,644000000.0,644000000.0,644000000.0,0.0,6000000.0,0.375,672000000.0,1047000000.0,,0.0,,,,,0.0,33.34,,,,,1719000000.0,1719000000.0,0.0,,,,,10000000.0,672000000.0,1.0,529976499.0,529976499.0,,3.244,,,397000000.0,,,
38,DFS,MRQ,2011-12-31,2011-11-30,2011-11-30,2021-07-29,-52000000.0,69117000000.0,,,,,14.995,-37960000.0,4136000000.0,4136000000.0,0.0,512871000.0,,7.386,18337000000.0,,,18337000000.0,0.0,23726000.0,39578000000.0,0.008,0.06,811950000.0,835676000.0,0.562,835676000.0,811950000.0,811950000.0,0.95,0.95,0.95,8242000000.0,,8242000000.0,26015800484.0,7.0,7.275,803926000.0,1.463,1.0,1485758000.0,1.0,443000000.0,0.0,82875000000.0,,0.0,61671000000.0,,,60875000000.0,,,13092355484.0,-1107792000.0,158000.0,-223368000.0,504034000.0,-40288000.0,2234626000.0,-4184304000.0,-3806708000.0,841886000.0,0.0,507364000.0,507364000.0,507364000.0,0.0,5507000.0,0.341,668301000.0,817457000.0,0.0,0.063,1.588,5.946,5.867,483000000.0,0.0,23.82,2.163,2.163,0.0,5243000000.0,1485758000.0,1485758000.0,0.0,,,,,10310000.0,668301000.0,1.0,549637090.0,549637090.0,,2.703,68674000000.0,0.0,304586000.0,0.0,124.944,
39,DFS,MRQ,2011-09-30,2011-08-31,2011-08-31,2021-07-29,-19979000.0,65725667000.0,,,,,14.672,-20185000.0,4894755000.0,4894755000.0,0.0,648818000.0,,7.21,17818200000.0,,,17818200000.0,0.0,22281000.0,37586884000.0,0.006,0.06,1040035000.0,1062316000.0,0.629,1062316000.0,1040035000.0,1040035000.0,1.18,1.18,1.18,8005916000.0,,8005916000.0,26980223652.0,8.0,8.07,517490000.0,0.948,1.0,1689488000.0,1.0,444719000.0,0.0,78204393000.0,,0.0,57761561000.0,,,57719751000.0,,,13729045652.0,184565000.0,0.0,-191687000.0,-249618000.0,-29211000.0,1874612000.0,-2227722000.0,-2284676000.0,537675000.0,0.0,641772000.0,641772000.0,641772000.0,0.0,7046000.0,0.38,642407000.0,1047081000.0,0.0,0.051,1.715,6.726,6.709,465871000.0,0.0,25.16,2.376,2.376,0.0,4763180000.0,1689488000.0,1689488000.0,0.0,,,,,11050000.0,642407000.0,1.0,545669541.0,545669541.0,,3.096,65280948000.0,0.0,398263000.0,0.0,119.635,
40,DFS,MRQ,2011-06-30,2011-05-31,2011-05-31,2021-07-29,-66358000.0,63437533000.0,,,,,13.792,-34282000.0,4787329000.0,4787329000.0,0.0,600419000.0,,7.432,18038507000.0,,,18038507000.0,0.0,21951000.0,35219183000.0,0.005,0.06,919528000.0,941479000.0,0.603,941479000.0,919528000.0,919528000.0,1.09,1.09,1.09,7523300000.0,,7523300000.0,26247053259.0,10.0,9.606,926514000.0,1.699,1.0,1561603000.0,1.0,446717000.0,0.0,76241994000.0,,0.0,55434945000.0,,,55914233000.0,,,13004382259.0,-1398465000.0,-35109000.0,6128000.0,-1076203000.0,-29475000.0,-739361000.0,-1619900000.0,-1212214000.0,960796000.0,0.0,593488000.0,593488000.0,593488000.0,0.0,6931000.0,0.38,635144000.0,926459000.0,0.0,0.055,1.729,7.846,7.842,471112000.0,0.0,23.84,2.556,2.556,0.0,4147598000.0,1561603000.0,1561603000.0,0.0,,,,,10765000.0,635144000.0,1.0,545485833.0,545485833.0,,2.863,62990816000.0,0.0,326040000.0,0.0,115.477,
41,DFS,MRQ,2011-03-31,2011-02-28,2011-02-28,2021-07-29,-106279000.0,63506609000.0,,,,,12.653,-15573000.0,5847499000.0,5847499000.0,0.0,464892000.0,,8.205,19090170000.0,,,19090170000.0,0.0,22042000.0,34858994000.0,0.004,0.02,714539000.0,736581000.0,0.56,736581000.0,714539000.0,714539000.0,0.84,0.84,0.84,6899165000.0,,6899165000.0,24466115880.0,12.0,11.315,1242070000.0,2.278,1.0,1315151000.0,1.0,448714000.0,0.0,76300566000.0,,0.0,54245650000.0,,,56607444000.0,,,11859120880.0,72692000.0,-366049000.0,-4073000.0,-1534213000.0,-11026000.0,-1106877000.0,-78074000.0,-581402000.0,1257643000.0,0.0,459428000.0,459428000.0,459428000.0,0.0,5464000.0,0.349,595148000.0,720003000.0,0.0,0.024,1.719,9.498,9.498,458950000.0,0.0,21.75,2.658,2.658,0.0,3580338000.0,1315151000.0,1315151000.0,0.0,,,,,11875000.0,595148000.0,1.0,545246937.0,545246937.0,,2.412,63057895000.0,0.0,255111000.0,0.0,115.65,
42,DFS,MRQ,2010-12-31,2010-11-30,2010-11-30,2021-07-29,-82548000.0,60784968000.0,,,,,11.856,-25608000.0,6462491000.0,6462491000.0,0.0,349854000.0,,8.414,17705728000.0,,,17705728000.0,0.0,20870000.0,34413383000.0,0.004,0.02,581905000.0,602775000.0,0.497,602775000.0,581905000.0,581905000.0,0.64,0.64,0.64,6456846000.0,,6456846000.0,19747756397.0,17.0,15.66,1485630000.0,2.728,1.0,1212782000.0,1.0,444394000.0,0.0,71583811000.0,,0.0,50982690000.0,,,54328122000.0,,,9955094397.0,-2817372000.0,0.0,1145000.0,3777000.0,-10545000.0,160475000.0,-4489085000.0,-3791102000.0,1511238000.0,0.0,346387000.0,346387000.0,346387000.0,0.0,3467000.0,0.286,627410000.0,585372000.0,0.0,0.031,1.542,14.903,14.862,460732000.0,0.0,18.28,2.885,2.885,0.0,3126488000.0,1212782000.0,1212782000.0,0.0,,,,,7446000.0,627410000.0,1.0,544589409.0,544589409.0,,2.227,60340574000.0,0.0,235518000.0,0.0,110.8,
43,DFS,MRQ,2010-09-30,2010-08-31,2010-08-31,2021-07-29,-82297000.0,60057553000.0,,,,,11.233,-12075000.0,7916091000.0,7916091000.0,0.0,260617000.0,,8.827,17708753000.0,,,17708753000.0,0.0,21858000.0,34246804000.0,0.006,0.02,429720000.0,451578000.0,0.452,451578000.0,429720000.0,429720000.0,0.47,0.47,0.47,6111297000.0,,6111297000.0,15869372766.0,14.0,12.903,250880000.0,0.461,1.0,998381000.0,1.0,446060000.0,0.0,69404155000.0,,0.0,47987690000.0,,,53946256000.0,,,7893974766.0,-2419638000.0,0.0,-2676000.0,-602476000.0,-10958000.0,-1563464000.0,-1119129000.0,-1100470000.0,262955000.0,0.0,258194000.0,258194000.0,258194000.0,0.0,2423000.0,0.259,566238000.0,432143000.0,0.0,0.043,1.292,12.126,12.092,456943000.0,0.0,14.51,2.311,2.311,0.0,2787822000.0,998381000.0,998381000.0,0.0,,,,,8631000.0,566238000.0,1.0,544036855.0,544036855.0,,1.835,59611493000.0,0.0,171526000.0,0.0,109.573,
44,DFS,MRQ,2010-06-30,2010-05-31,2010-05-31,2021-07-29,-73940000.0,62153678000.0,,,,,11.103,-9491000.0,10335729000.0,10335729000.0,0.0,258067000.0,,9.293,18311127000.0,,,18311127000.0,0.0,22583000.0,35021975000.0,0.006,0.02,348716000.0,371299000.0,0.397,371299000.0,348716000.0,348716000.0,0.34,0.33,0.34,6038267000.0,,6038267000.0,16978309352.0,10.0,9.883,1299214000.0,2.389,1.0,935741000.0,1.0,447725000.0,0.0,69681351000.0,,0.0,47540238000.0,,,56115411000.0,,,7314430352.0,-2392592000.0,0.0,-86000.0,-4080388000.0,-22206000.0,-5356026000.0,1654729000.0,-1326667000.0,1308705000.0,0.0,184590000.0,184590000.0,184590000.0,0.0,73477000.0,0.197,513548000.0,422193000.0,0.0,0.059,1.211,7.734,7.431,469001000.0,0.0,13.45,1.884,1.884,0.0,2538164000.0,935741000.0,935741000.0,0.0,,,,,9630000.0,513548000.0,1.0,543823818.0,543823818.0,,1.721,61705953000.0,0.0,164126000.0,0.0,113.467,
45,DFS,MRQ,2010-03-31,2010-02-28,2010-02-28,2021-07-29,-74038000.0,66818951000.0,,,,,12.905,-7826000.0,12728321000.0,12728321000.0,0.0,-103538000.0,,8.525,22392200000.0,,,22392200000.0,0.0,23689000.0,35051666000.0,0.006,0.02,-189403000.0,-165714000.0,-0.545,-165714000.0,-189403000.0,-189403000.0,-0.22,-0.22,-0.22,7015048000.0,,7015048000.0,-3172345923.0,-2.0,-1.796,1127276000.0,2.074,1.0,304096000.0,1.0,449391000.0,0.0,76033439000.0,,0.0,46798737000.0,,,59803903000.0,,,7420272077.0,-292398000.0,0.0,-5383000.0,-2464913000.0,-26291000.0,-312985000.0,-1114515000.0,687239000.0,1135102000.0,0.0,-122233000.0,-122233000.0,-122233000.0,0.0,18695000.0,-0.402,474804000.0,-170708000.0,0.0,-0.091,1.058,7.669,7.184,482833000.0,0.0,13.65,1.893,1.893,0.0,2362685000.0,304096000.0,304096000.0,0.0,,,,,11293000.0,474804000.0,1.0,543609676.0,543609676.0,,0.559,66369560000.0,0.0,-67170000.0,0.0,122.09,
46,DFS,MRQ,2009-12-31,2009-11-30,2009-11-30,2021-07-29,-154818000.0,46020987000.0,,,,,15.54,-12138000.0,13020719000.0,13020719000.0,0.0,352537000.0,,4.456,2428101000.0,,,2428101000.0,0.0,24539000.0,32093012000.0,0.008,0.02,548178000.0,572717000.0,0.486,572717000.0,548178000.0,548178000.0,0.61,0.6,0.61,8435547000.0,,8435547000.0,-641192259.0,0.0,-0.298,989605000.0,1.823,1.0,1177755000.0,1.0,451057000.0,0.0,34977312000.0,,0.0,28252482000.0,,,37585440000.0,,,8391915741.0,2192477000.0,0.0,-76922000.0,633281000.0,-26297000.0,3132129000.0,-1941395000.0,-1788238000.0,1001743000.0,0.0,330459000.0,330459000.0,330459000.0,0.0,22078000.0,0.281,607499000.0,570256000.0,0.0,0.033,0.995,6.953,6.469,499303000.0,0.0,15.46,1.919,1.919,0.0,3873262000.0,1177755000.0,1177755000.0,0.0,,,,,27866000.0,607499000.0,1.0,542814731.0,542814731.0,,2.17,45569930000.0,0.0,217719000.0,0.0,83.951,
47,DFS,MRQ,2009-09-30,2009-08-31,2009-08-31,2021-07-29,-24972000.0,42698290000.0,,,,,17.36,-11987000.0,10828242000.0,10828242000.0,0.0,577454000.0,,4.091,1795134000.0,,,1795134000.0,0.0,24257000.0,29567138000.0,0.012,0.02,915413000.0,939670000.0,0.642,939670000.0,915413000.0,915413000.0,1.08,1.07,1.08,8386202000.0,,8386202000.0,-1125416861.0,-1.0,-0.502,670584000.0,1.388,1.0,1463777000.0,1.0,452977000.0,0.0,33212205000.0,,0.0,26923983000.0,,,34312088000.0,,,6642365139.0,1133417000.0,0.0,530089000.0,-131579000.0,-25070000.0,793714000.0,-342868000.0,-255946000.0,682571000.0,0.0,552928000.0,552928000.0,552928000.0,0.0,24526000.0,0.378,523838000.0,939939000.0,0.0,0.019,0.792,5.138,5.228,518105000.0,0.0,13.75,1.491,1.491,0.0,3705608000.0,1463777000.0,1463777000.0,0.0,,,,,769000.0,523838000.0,1.0,483081101.0,483081101.0,,3.03,42245313000.0,0.0,362485000.0,0.0,87.45,
48,DFS,MRQ,2009-06-30,2009-05-31,2009-05-31,2021-07-29,-52542000.0,41518288000.0,,,,,15.398,-11432000.0,9694825000.0,9694825000.0,0.0,225800000.0,,4.599,1927043000.0,,,1927043000.0,0.0,24189000.0,29149730000.0,0.021,0.02,395176000.0,419365000.0,0.43,419365000.0,395176000.0,395176000.0,0.43,0.43,0.43,7415640000.0,,7415640000.0,-312464050.0,0.0,-0.195,1373767000.0,2.852,1.0,975238000.0,1.0,454898000.0,0.0,33295608000.0,,0.0,26984461000.0,,,34102648000.0,,,4604112950.0,970617000.0,0.0,75431000.0,-1880263000.0,-20404000.0,142117000.0,-556699000.0,-117910000.0,1385199000.0,0.0,206366000.0,206366000.0,206366000.0,0.0,19434000.0,0.212,560628000.0,414610000.0,0.0,0.047,0.621,5.005,4.953,531166000.0,0.0,9.56,1.187,1.187,0.0,3296234000.0,975238000.0,975238000.0,0.0,,,,,16205000.0,560628000.0,1.0,481601773.0,481601773.0,,2.025,41063390000.0,0.0,188810000.0,0.0,85.264,
49,DFS,MRQ,2009-03-31,2009-02-28,2009-02-28,2021-07-29,-66079000.0,40606518000.0,,,,,12.497,-16987000.0,8724208000.0,8724208000.0,0.0,120394000.0,,5.768,3807631000.0,,,3807631000.0,0.0,24945000.0,28334318000.0,0.042,0.06,194079000.0,219024000.0,0.29,219024000.0,194079000.0,194079000.0,0.25,0.25,0.25,5999351000.0,,5999351000.0,-5185038312.0,-4.0,-3.306,511392000.0,1.065,1.0,755216000.0,1.0,456819000.0,0.0,35233122000.0,,0.0,27457846000.0,,,34607167000.0,,,2750721688.0,-1446935000.0,0.0,-6161000.0,1572544000.0,-29263000.0,1344504000.0,-3319818000.0,-3302831000.0,528379000.0,0.0,118380000.0,118380000.0,118380000.0,0.0,2014000.0,0.157,559123000.0,196093000.0,0.0,0.24,0.459,2.903,2.879,544219000.0,0.0,5.73,0.717,0.717,0.0,3136977000.0,755216000.0,755216000.0,0.0,,,,,-591000.0,559123000.0,1.0,480056141.0,480056141.0,,1.573,40149699000.0,0.0,75699000.0,0.0,83.635,
50,DFS,MRQ,2008-12-31,2008-11-30,2008-11-30,2021-07-29,-66338000.0,39892382000.0,,,,,12.327,-15118000.0,10171143000.0,10171143000.0,0.0,432335000.0,,5.743,2235383000.0,,,2235383000.0,0.0,26151000.0,28530521000.0,0.023,0.06,638431000.0,664582000.0,0.527,664582000.0,638431000.0,638431000.0,0.87,0.87,0.87,5915823000.0,,5915823000.0,-3711671238.0,-2.0,-2.302,1615941000.0,3.367,1.0,1261059000.0,1.0,458740000.0,0.0,31497882000.0,,0.0,25069970000.0,,,33976559000.0,,,4909540762.0,-311576000.0,-198000.0,-1090000.0,381401000.0,-29197000.0,1919025000.0,-3861660000.0,-3846344000.0,1631059000.0,0.0,415095000.0,415095000.0,415095000.0,11306000.0,17240000.0,0.329,594082000.0,666977000.0,0.0,0.069,0.83,5.392,5.384,552502000.0,0.0,10.23,1.205,1.205,0.0,3046956000.0,1261059000.0,1261059000.0,0.0,,,,,13602000.0,594082000.0,1.0,479916008.0,479916008.0,,2.628,39433642000.0,0.0,223336000.0,0.0,82.168,
51,DFS,MRQ,2008-09-30,2008-08-31,2008-08-31,2021-07-29,-38983000.0,37317815000.0,,,,,12.518,-32980000.0,10475475000.0,10475475000.0,0.0,180053000.0,,5.219,1854263000.0,,,1854263000.0,0.0,25379000.0,26959253000.0,0.015,0.06,274938000.0,300317000.0,0.339,300317000.0,274938000.0,274938000.0,0.38,0.37,0.38,6000393000.0,,6000393000.0,1009770401.0,1.0,0.97,1273854000.0,2.657,1.0,886332000.0,1.0,309582000.0,0.0,28387021000.0,,0.0,22006469000.0,,,31317422000.0,,,7885245401.0,1533954000.0,-160080000.0,-2762000.0,-35367000.0,-29288000.0,2121009000.0,-1893889000.0,-1700829000.0,1306834000.0,0.0,180053000.0,180053000.0,180053000.0,-1153000.0,0.0,0.203,612547000.0,273785000.0,0.0,0.158,1.314,17.965,17.88,563869000.0,0.0,16.45,2.087,2.087,0.0,3116818000.0,886332000.0,886332000.0,0.0,,,,,16253000.0,612547000.0,1.0,479346225.0,479346225.0,,1.849,37008233000.0,0.0,94885000.0,0.0,77.206,
52,DFS,MRQ,2008-06-30,2008-05-31,2008-05-31,2021-07-29,-25429000.0,34233542000.0,,,,,12.204,-25075000.0,8765384000.0,8765384000.0,0.0,234148000.0,,4.852,1889909000.0,,,1889909000.0,0.0,25866000.0,24767649000.0,0.01,0.06,358518000.0,384384000.0,0.412,384384000.0,358518000.0,358518000.0,0.49,0.48,0.49,5849691000.0,,5849691000.0,2160239830.0,2.0,1.931,719554000.0,1.501,1.0,932738000.0,1.0,311451000.0,0.0,27046616000.0,,0.0,20710443000.0,,,28383851000.0,,,8220382830.0,114590000.0,69529000.0,-1993000.0,-636304000.0,-29254000.0,-829538000.0,200591000.0,156137000.0,744629000.0,-1092000.0,234148000.0,234148000.0,234148000.0,-32605000.0,0.0,0.251,606825000.0,325913000.0,0.0,0.122,1.405,17.827,17.865,556030000.0,0.0,17.15,2.104,2.104,0.0,2966053000.0,932738000.0,932738000.0,0.0,,,,,23153000.0,606825000.0,1.0,479322614.0,479322614.0,,1.946,33922091000.0,0.0,124370000.0,0.0,70.771,
53,DFS,MRQ,2008-03-31,2008-02-29,2008-02-29,2021-07-29,5191000.0,37328059000.0,,,,,11.802,-20359000.0,8286290000.0,8286290000.0,0.0,81214000.0,,5.602,2226147000.0,,,2226147000.0,0.0,29755000.0,24941776000.0,0.008,0.06,233315000.0,263070000.0,0.265,263070000.0,233315000.0,233315000.0,0.17,0.17,0.17,5654341000.0,,5654341000.0,3752015491.0,4.0,3.35,801278000.0,1.672,1.0,993273000.0,1.0,313321000.0,0.0,30954595000.0,,0.0,21074809000.0,,,31673718000.0,,,7229591491.0,47080000.0,0.0,-993000.0,-366650000.0,-29217000.0,-175053000.0,-576004000.0,-555645000.0,821637000.0,-23500000.0,81214000.0,81214000.0,81214000.0,157615000.0,0.0,0.082,602343000.0,390930000.0,0.0,0.353,1.279,16.574,16.582,567475000.0,0.0,15.09,1.81,1.81,0.0,2761159000.0,993273000.0,993273000.0,0.0,,,,,39550000.0,602343000.0,1.0,479098177.0,479098177.0,,2.073,37014738000.0,0.0,152101000.0,0.0,77.259,
54,DFS,MRQ,2007-12-31,2007-11-30,2007-11-30,2021-07-29,32032000.0,37376105000.0,,,,,11.725,-30996000.0,8085467000.0,8085467000.0,0.0,-56484000.0,,5.675,2384093000.0,,,2384093000.0,0.0,30814000.0,24711313000.0,0.003,0.06,61884000.0,92698000.0,0.096,92698000.0,61884000.0,61884000.0,-0.12,-0.12,-0.12,5599422000.0,,5599422000.0,5265143457.0,5.0,4.136,666308000.0,1.395,1.0,965073000.0,1.0,315190000.0,0.0,31359541000.0,,0.0,20596631000.0,,,31776683000.0,,,8295121457.0,186334000.0,0.0,-1419000.0,-312394000.0,-29146000.0,1387577000.0,-1896047000.0,-1865051000.0,697304000.0,-2500000.0,-56484000.0,-56484000.0,-56484000.0,266458000.0,0.0,-0.059,636731000.0,328342000.0,0.0,-0.5,1.481,14.092,14.122,575229000.0,0.0,17.37,2.072,2.072,0.0,2717905000.0,965073000.0,965073000.0,0.0,,,,,20469000.0,636731000.0,1.0,477554488.0,477554488.0,,2.021,37060915000.0,0.0,118368000.0,0.0,77.606,
55,DFS,MRQ,2007-09-30,2007-08-31,2007-08-31,2021-07-29,33312000.0,36141011000.0,,,,,11.875,-28354000.0,8600761000.0,8600761000.0,0.0,202240000.0,,5.377,5570783000.0,,,5570783000.0,0.0,30630000.0,22977291000.0,0.0,0.0,348165000.0,378795000.0,0.373,378795000.0,348165000.0,348165000.0,0.42,0.42,0.42,5667282000.0,,5667282000.0,8170682351.0,6.0,5.727,810486000.0,1.698,1.0,1015960000.0,1.0,739851000.0,0.0,32371182000.0,,0.0,22019663000.0,,,30473729000.0,,,11043239351.0,707819000.0,0.0,0.0,218821000.0,0.0,-22671000.0,-121670000.0,-93316000.0,838840000.0,13320000.0,202240000.0,202240000.0,202240000.0,41911000.0,0.0,0.199,625884000.0,390076000.0,0.0,0.0,1.949,13.279,13.299,656980000.0,0.0,23.14,2.877,2.877,0.0,2803535000.0,1015960000.0,1015960000.0,0.0,,,,,15241000.0,625884000.0,1.0,477235927.0,477235927.0,,2.129,35401160000.0,0.0,145925000.0,0.0,74.18,
56,DFS,MRQ,2007-06-30,2007-05-31,2007-05-31,2021-07-29,130304000.0,35672568000.0,,,,,12.112,-30918000.0,7892942000.0,7892942000.0,0.0,209242000.0,,5.171,5020385000.0,,,5020385000.0,0.0,30823000.0,23125529000.0,,0.0,354572000.0,385395000.0,0.378,385395000.0,354572000.0,354572000.0,0.44,0.44,0.44,5780284000.0,,5780284000.0,,,,-38685000.0,-0.081,1.0,1019344000.0,1.0,735698000.0,0.0,32064313000.0,,0.0,22095952000.0,,,29892284000.0,,,,5389918000.0,-5000000.0,0.0,358390000.0,0.0,5820970000.0,-423341000.0,-387423000.0,-7767000.0,56000.0,209242000.0,209242000.0,209242000.0,41014000.0,0.0,0.205,623758000.0,395586000.0,0.0,0.0,,,,658203000.0,0.0,,,,0.0,2951295000.0,1019344000.0,1019344000.0,0.0,,,,,0.0,623758000.0,1.0,477235927.0,477235927.0,,2.136,34936870000.0,0.0,145330000.0,0.0,73.207,
57,DFS,MRQ,2007-03-31,2007-02-28,2007-02-28,2021-07-29,,,,,,,,-27997000.0,,,0.0,233632000.0,,,,,,,,30667000.0,,,0.0,385523000.0,416190000.0,0.415,416190000.0,385523000.0,385523000.0,0.49,0.49,0.49,,,,,,,481651000.0,1.009,1.0,1003550000.0,1.0,,0.0,,,,,,,,,,,1628667000.0,0.0,0.0,-3543737000.0,0.0,273117000.0,845913000.0,873910000.0,509648000.0,-11000.0,233632000.0,233632000.0,233632000.0,26186000.0,0.0,0.233,591841000.0,411709000.0,,0.0,,,,,0.0,,,,,,1003550000.0,1003550000.0,0.0,,,,,0.0,591841000.0,1.0,477235927.0,477235927.0,,2.103,,,151891000.0,,,
58,DFS,MRQ,2006-12-31,2006-11-30,2006-11-30,2021-07-29,129986000.0,29067242000.0,,,,,12.1,-40896000.0,874357000.0,874357000.0,0.0,186522000.0,,4.033,8247256000.0,,,8247256000.0,0.0,30884000.0,13343859000.0,,0.0,215415000.0,246299000.0,0.308,246299000.0,215415000.0,215415000.0,0.39,0.39,0.39,5774772000.0,,5774772000.0,,,,380514000.0,0.797,1.0,800241000.0,1.0,734905000.0,0.0,35705236000.0,,0.0,22994678000.0,,,23292470000.0,,,,87858000.0,30047000.0,0.0,2115337000.0,0.0,569700000.0,-903536000.0,-892687000.0,421410000.0,284000.0,186522000.0,186522000.0,186522000.0,55574000.0,0.0,0.233,529252000.0,270989000.0,0.0,0.0,,,,660900000.0,0.0,,,,0.0,3008421000.0,800241000.0,800241000.0,0.0,,,,,0.0,529252000.0,1.0,477235927.0,477235927.0,,1.677,28332337000.0,0.0,28893000.0,0.0,59.368,
59,DFS,MRQ,2006-09-30,2006-08-31,2006-08-31,2021-07-29,,,,,,,,-36437000.0,,,0.0,241393000.0,,,,,,,,28051000.0,,,0.0,367531000.0,395582000.0,0.377,395582000.0,367531000.0,367531000.0,0.51,0.51,0.51,,,,,,,567109000.0,,1.0,1050068000.0,1.0,,0.0,,,,,,,,,,,220657000.0,-82774000.0,0.0,218613000.0,0.0,1009016000.0,-1392521000.0,-1273310000.0,603546000.0,616000.0,241393000.0,241393000.0,241393000.0,0.0,0.0,0.23,682537000.0,367531000.0,,0.0,,,,,0.0,,,,,,1050068000.0,1050068000.0,0.0,,,,,0.0,682537000.0,1.0,,,,,,,126138000.0,,,
60,DFS,MRQ,2006-06-30,2006-05-31,2006-05-31,2021-07-29,,,,,,,,,,,0.0,343278000.0,,,,,,,,,,,0.0,544336000.0,,,,544336000.0,544336000.0,0.72,,0.72,,,,,,,,,1.0,1192370000.0,1.0,,0.0,,,,,,,,,,,,,,,,,,,,,343278000.0,343278000.0,343278000.0,0.0,0.0,0.288,648034000.0,544336000.0,,0.0,,,,,0.0,,,,,,1192370000.0,1192370000.0,0.0,,,,,,573273000.0,1.0,,,,,,,201058000.0,,,
61,DFS,MRQ,2005-12-31,2005-11-30,2005-11-30,2021-07-29,45220000.0,26943923000.0,,,,,,,557170000.0,557170000.0,,,,4.857,4636805000.0,,,4636805000.0,0.0,,16065632000.0,,0.0,,,,,,,,,,4600449000.0,,4600449000.0,,,,,,1.0,,,322044000.0,,30701514000.0,,0.0,21981037000.0,,,22343474000.0,,,,,,,,,,,,,,,,,,,,,,0.0,,,,,624525000.0,,,,,0.0,2431805000.0,,,,,,,,,,1.0,,,,,26621879000.0,0.0,,0.0,,
0,DFS,MRT,2021-06-30,2021-06-30,2021-06-30,2021-07-29,-39000000.0,110985000000.0,115523500000.0,,,0.094,43.2,-205000000.0,16368000000.0,16368000000.0,0.0,4861000000.0,,7.426,19350000000.0,,,19350000000.0,0.0,487000000.0,74476000000.0,0.015,1.76,6194000000.0,6681000000.0,0.615,6681000000.0,6194000000.0,6194000000.0,15.65,15.64,15.65,13171000000.0,11615250000.0,13171000000.0,36402145569.0,6.0,5.449,5780000000.0,18.958,1.0,10861000000.0,1.0,256000000.0,0.0,113711000000.0,123552750000.0,0.0,89489000000.0,,,97814000000.0,,,36065145569.0,1201000000.0,0.0,-667000000.0,-3670000000.0,-597000000.0,-7846000000.0,3062000000.0,3267000000.0,5985000000.0,0.0,4780000000.0,4780000000.0,4780000000.0,0.0,81000000.0,0.44,4586000000.0,6275000000.0,0.0,0.112,2.738,7.545,7.558,986000000.0,0.0,118.29,3.321,3.321,0.0,22936000000.0,10861000000.0,10861000000.0,0.0,0.041,0.412,0.05,0.57,0.0,4586000000.0,1.0,304887527.0,304887527.0,,35.623,110729000000.0,0.0,1414000000.0,0.0,363.18,
1,DFS,MRT,2021-03-31,2021-03-31,2021-03-31,2021-07-29,-7000000.0,113871000000.0,116225250000.0,,,0.069,39.629,-243000000.0,20674000000.0,20674000000.0,0.0,2795000000.0,,8.369,21011000000.0,,,21011000000.0,0.0,481000000.0,76745000000.0,0.019,1.76,3520000000.0,4001000000.0,0.498,4001000000.0,3520000000.0,3520000000.0,8.89,8.89,8.89,12154000000.0,10733250000.0,12154000000.0,36784646673.0,10.0,9.194,5781000000.0,18.85,1.0,8033000000.0,1.0,350000000.0,0.0,113858000000.0,125492000000.0,0.0,88432000000.0,,,101717000000.0,,,29132646673.0,9463000000.0,0.0,-114000000.0,-4948000000.0,-597000000.0,-1866000000.0,5305000000.0,5548000000.0,6024000000.0,0.0,2723000000.0,2723000000.0,2723000000.0,0.0,72000000.0,0.339,4441000000.0,3592000000.0,0.0,0.198,2.397,10.699,10.685,1021000000.0,0.0,94.99,3.627,3.627,0.0,21373000000.0,8033000000.0,8033000000.0,0.0,0.023,0.254,0.028,0.438,0.0,4441000000.0,1.0,306691722.0,306691722.0,,26.192,113521000000.0,0.0,797000000.0,0.0,370.147,
2,DFS,MRT,2020-12-31,2020-12-31,2020-12-31,2021-07-29,45000000.0,112889000000.0,115921750000.0,,,0.051,35.511,-261000000.0,13589000000.0,13589000000.0,0.0,1141000000.0,,9.372,21241000000.0,,,21241000000.0,0.0,485000000.0,76904000000.0,0.019,1.76,1398000000.0,1883000000.0,0.316,1883000000.0,1398000000.0,1398000000.0,3.6,3.6,3.6,10884000000.0,10111000000.0,10884000000.0,50199112936.0,36.0,26.659,5935000000.0,19.364,1.0,5954000000.0,1.0,350000000.0,0.0,120191000000.0,128811000000.0,0.0,94337000000.0,,,102005000000.0,,,27747112936.0,6625000000.0,0.0,-338000000.0,-4792000000.0,-576000000.0,-1085000000.0,1514000000.0,1775000000.0,6196000000.0,0.0,1104000000.0,1104000000.0,1104000000.0,0.0,37000000.0,0.185,4519000000.0,1435000000.0,0.0,0.489,2.549,25.133,25.147,1027000000.0,0.0,90.53,4.66,4.66,0.0,19955000000.0,5954000000.0,5954000000.0,0.0,0.01,0.109,0.011,0.235,0.0,4519000000.0,1.0,306496332.0,306496332.0,,19.426,112539000000.0,0.0,294000000.0,0.0,367.179,
3,DFS,MRT,2020-09-30,2020-09-30,2020-09-30,2021-07-29,93000000.0,124349000000.0,116198500000.0,,,0.05,33.457,-278000000.0,10089000000.0,10089000000.0,0.0,1050000000.0,,11.129,32541000000.0,,,32541000000.0,0.0,483000000.0,78015000000.0,0.03,1.76,1303000000.0,1786000000.0,0.31,1786000000.0,1303000000.0,1303000000.0,3.26,3.26,3.26,10252000000.0,10354750000.0,10252000000.0,25732014047.0,20.0,14.408,5749000000.0,18.762,1.0,5769000000.0,1.0,350000000.0,0.0,146451000000.0,131844000000.0,0.0,109336000000.0,,,114097000000.0,,,17705014047.0,3977000000.0,0.0,-736000000.0,-2952000000.0,-577000000.0,3187000000.0,-5237000000.0,-4959000000.0,6027000000.0,0.0,1009000000.0,1009000000.0,1009000000.0,0.0,41000000.0,0.175,4425000000.0,1344000000.0,0.0,0.54,1.727,17.547,17.724,1121000000.0,0.0,57.78,3.069,3.069,0.0,19292000000.0,5769000000.0,5769000000.0,0.0,0.009,0.097,0.01,0.226,0.0,4425000000.0,1.0,306421150.0,306421150.0,,18.827,123999000000.0,0.0,294000000.0,0.0,404.669,
4,DFS,MRT,2020-06-30,2020-06-30,2020-06-30,2021-07-29,122000000.0,113792000000.0,112807750000.0,,,0.052,31.482,-286000000.0,15167000000.0,15167000000.0,0.0,1049000000.0,,10.8,23194000000.0,,,23194000000.0,0.0,480000000.0,77364000000.0,0.035,1.76,1337000000.0,1817000000.0,0.308,1817000000.0,1337000000.0,1337000000.0,3.17,3.17,3.17,9643000000.0,10721000000.0,9643000000.0,30229605870.0,23.0,16.637,5264000000.0,17.186,1.0,5906000000.0,1.0,351000000.0,0.0,121468000000.0,127409750000.0,0.0,93777000000.0,,,104149000000.0,,,15342605870.0,3814000000.0,0.0,-1155000000.0,-2390000000.0,-583000000.0,3956000000.0,-5692000000.0,-5406000000.0,5550000000.0,0.0,1007000000.0,1007000000.0,1007000000.0,0.0,42000000.0,0.171,4527000000.0,1379000000.0,0.0,0.555,1.591,15.236,15.801,1115000000.0,0.0,50.09,2.598,2.598,0.0,18673000000.0,5906000000.0,5906000000.0,0.0,0.009,0.094,0.01,0.226,0.0,4527000000.0,1.0,306300776.0,306300776.0,,19.282,113441000000.0,0.0,330000000.0,0.0,370.358,
5,DFS,MRT,2020-03-31,2020-03-31,2020-03-31,2021-07-29,134000000.0,112657000000.0,112036500000.0,,,0.066,31.346,-261000000.0,11211000000.0,11211000000.0,0.0,2170000000.0,,10.656,26098000000.0,,,26098000000.0,0.0,460000000.0,73418000000.0,0.048,1.72,2780000000.0,3240000000.0,0.441,3240000000.0,2780000000.0,2780000000.0,6.69,6.69,6.69,9665000000.0,11183500000.0,9665000000.0,29735403547.0,11.0,9.178,5280000000.0,17.124,1.0,7355000000.0,1.0,410000000.0,0.0,127134000000.0,128068250000.0,0.0,96832000000.0,,,102992000000.0,,,10998403547.0,-4002000000.0,0.0,-1617000000.0,-702000000.0,-577000000.0,1566000000.0,-11109000000.0,-10848000000.0,5541000000.0,0.0,2123000000.0,2123000000.0,2123000000.0,0.0,47000000.0,0.289,4528000000.0,2827000000.0,0.0,0.257,1.138,5.181,5.332,1070000000.0,0.0,35.67,1.495,1.495,0.0,19175000000.0,7355000000.0,7355000000.0,0.0,0.019,0.19,0.022,0.378,0.0,4528000000.0,1.0,308337638.0,308337638.0,,23.854,112247000000.0,0.0,657000000.0,0.0,364.039,
6,DFS,MRT,2019-12-31,2019-12-31,2019-12-31,2021-07-29,-119000000.0,113996000000.0,111552250000.0,,,0.074,37.832,-284000000.0,6964000000.0,6964000000.0,0.0,2957000000.0,,8.613,25701000000.0,,,25701000000.0,0.0,436000000.0,72746000000.0,0.02,1.68,3786000000.0,4222000000.0,0.513,4222000000.0,3786000000.0,3786000000.0,9.09,9.08,9.09,11859000000.0,11582000000.0,11859000000.0,44930377219.0,12.0,10.642,5912000000.0,18.86,1.0,8228000000.0,1.0,410000000.0,0.0,132323000000.0,126626750000.0,0.0,103106000000.0,,,102137000000.0,,,26588377219.0,-8181000000.0,0.0,-1761000000.0,-1714000000.0,-573000000.0,897000000.0,-15274000000.0,-14990000000.0,6196000000.0,0.0,2908000000.0,2908000000.0,2908000000.0,0.0,49000000.0,0.353,4393000000.0,3835000000.0,0.0,0.185,2.242,9.143,9.331,1057000000.0,0.0,84.82,3.231,3.231,0.0,21290000000.0,8228000000.0,8228000000.0,0.0,0.026,0.251,0.03,0.46,0.0,4393000000.0,1.0,313468253.0,313468253.0,,26.248,113586000000.0,0.0,878000000.0,0.0,362.352,
7,DFS,MRT,2019-09-30,2019-09-30,2019-09-30,2021-07-29,-74000000.0,110786000000.0,110441500000.0,,,0.074,36.818,-289000000.0,6112000000.0,6112000000.0,0.0,2936000000.0,,8.455,24454000000.0,,,24454000000.0,0.0,424000000.0,71021000000.0,0.02,1.64,3754000000.0,4178000000.0,0.514,4178000000.0,3754000000.0,3754000000.0,8.87,8.85,8.87,11717000000.0,11399750000.0,11717000000.0,39616165366.0,11.0,9.482,5204000000.0,16.352,1.0,8127000000.0,1.0,414000000.0,0.0,128714000000.0,123851000000.0,0.0,100843000000.0,,,99069000000.0,,,25806165366.0,-10497000000.0,0.0,-1825000000.0,-2867000000.0,-571000000.0,2043000000.0,-18033000000.0,-17744000000.0,5493000000.0,0.0,2882000000.0,2882000000.0,2882000000.0,0.0,54000000.0,0.355,4319000000.0,3808000000.0,0.0,0.185,2.202,8.954,9.142,1028000000.0,0.0,81.09,3.175,3.175,0.0,20720000000.0,8127000000.0,8127000000.0,0.0,0.026,0.253,0.03,0.462,0.0,4319000000.0,1.0,318241033.0,318241033.0,,25.537,110372000000.0,0.0,872000000.0,0.0,346.819,
8,DFS,MRT,2019-06-30,2019-06-30,2019-06-30,2021-07-29,-83000000.0,110707000000.0,109205500000.0,,,0.073,35.502,-287000000.0,11353000000.0,11353000000.0,0.0,2886000000.0,,8.633,25163000000.0,,,25163000000.0,0.0,421000000.0,69734000000.0,0.021,1.6,3727000000.0,4148000000.0,0.518,4148000000.0,3727000000.0,3727000000.0,8.56,8.54,8.56,11493000000.0,11224500000.0,11493000000.0,36181123954.0,10.0,8.723,5993000000.0,18.512,1.0,8008000000.0,1.0,415000000.0,0.0,124102000000.0,120626000000.0,0.0,95608000000.0,,,99214000000.0,,,25118123954.0,-4566000000.0,0.0,-1866000000.0,-1390000000.0,-567000000.0,4193000000.0,-15039000000.0,-14752000000.0,6280000000.0,0.0,2832000000.0,2832000000.0,2832000000.0,0.0,54000000.0,0.354,4227000000.0,3781000000.0,0.0,0.187,2.186,8.869,9.064,1008000000.0,0.0,77.59,3.137,3.137,0.0,20107000000.0,8008000000.0,8008000000.0,0.0,0.026,0.252,0.031,0.465,0.0,4227000000.0,1.0,323728882.0,323728882.0,,24.737,110292000000.0,0.0,895000000.0,0.0,340.692,
9,DFS,MRT,2019-03-31,2019-03-31,2019-03-31,2021-07-29,-136000000.0,110720000000.0,107216500000.0,,,0.073,34.286,-278000000.0,15213000000.0,15213000000.0,0.0,2802000000.0,,8.834,26276000000.0,,,26276000000.0,0.0,427000000.0,68916000000.0,0.022,1.55,3617000000.0,4044000000.0,0.518,4044000000.0,3617000000.0,3617000000.0,8.15,8.13,8.15,11259000000.0,11073500000.0,11259000000.0,35450995580.0,10.0,8.766,6010000000.0,18.302,1.0,7804000000.0,1.0,415000000.0,0.0,121368000000.0,117767250000.0,0.0,91852000000.0,,,99461000000.0,,,23367995580.0,-1885000000.0,0.0,-1962000000.0,-173000000.0,-544000000.0,5090000000.0,-13263000000.0,-12985000000.0,6288000000.0,0.0,2748000000.0,2748000000.0,2748000000.0,0.0,54000000.0,0.352,4133000000.0,3671000000.0,0.0,0.19,2.075,8.504,8.731,980000000.0,0.0,71.16,2.994,2.994,0.0,19484000000.0,7804000000.0,7804000000.0,0.0,0.026,0.248,0.031,0.463,0.0,4133000000.0,1.0,328386672.0,328386672.0,,23.765,110305000000.0,0.0,869000000.0,0.0,335.9,
10,DFS,MRT,2018-12-31,2018-12-31,2018-12-31,2021-07-29,-156000000.0,109553000000.0,105028250000.0,,,0.073,33.128,-254000000.0,15145000000.0,15145000000.0,0.0,2742000000.0,,8.843,27228000000.0,,,27228000000.0,0.0,435000000.0,67759000000.0,0.025,1.5,3544000000.0,3979000000.0,0.519,3979000000.0,3544000000.0,3544000000.0,7.81,7.79,7.81,11130000000.0,10976500000.0,11130000000.0,30204196414.0,9.0,7.591,4937000000.0,14.695,1.0,7674000000.0,1.0,416000000.0,0.0,121220000000.0,115099250000.0,0.0,90841000000.0,,,98423000000.0,,,19815196414.0,1758000000.0,0.0,-2059000000.0,796000000.0,-552000000.0,7146000000.0,-10579000000.0,-10325000000.0,5191000000.0,0.0,2689000000.0,2689000000.0,2689000000.0,0.0,53000000.0,0.35,4077000000.0,3597000000.0,0.0,0.192,1.78,7.369,7.552,936000000.0,0.0,58.98,2.582,2.582,0.0,18906000000.0,7674000000.0,7674000000.0,0.0,0.026,0.245,0.031,0.462,0.0,4077000000.0,1.0,335964673.0,335964673.0,,22.842,109137000000.0,0.0,855000000.0,0.0,324.847,
11,DFS,MRT,2018-09-30,2018-09-30,2018-09-30,2021-07-29,-160000000.0,105842000000.0,102661750000.0,,,0.074,32.149,-234000000.0,16609000000.0,16609000000.0,0.0,2442000000.0,,8.608,26998000000.0,,,26998000000.0,0.0,430000000.0,63674000000.0,0.019,1.45,3524000000.0,3954000000.0,0.52,3954000000.0,3524000000.0,3524000000.0,6.79,6.78,6.79,11016000000.0,10917000000.0,11016000000.0,36529224742.0,10.0,9.239,5820000000.0,16.985,1.0,7602000000.0,1.0,417000000.0,0.0,115814000000.0,112946250000.0,0.0,85768000000.0,,,94826000000.0,,,26196224742.0,2081000000.0,0.0,-2149000000.0,268000000.0,-538000000.0,5079000000.0,-9052000000.0,-8818000000.0,6054000000.0,0.0,2367000000.0,2367000000.0,2367000000.0,0.0,75000000.0,0.311,4003000000.0,3599000000.0,0.0,0.214,2.378,11.067,11.259,896000000.0,0.0,76.45,3.446,3.446,0.0,18354000000.0,7602000000.0,7602000000.0,0.0,0.023,0.217,0.031,0.464,0.0,4003000000.0,1.0,342658270.0,342658270.0,,22.185,105425000000.0,0.0,1157000000.0,0.0,307.668,
12,DFS,MRT,2018-06-30,2018-06-30,2018-06-30,2021-07-29,-162000000.0,102751000000.0,100603250000.0,,,0.074,31.203,-233000000.0,15919000000.0,15919000000.0,0.0,2324000000.0,,8.436,26252000000.0,,,26252000000.0,0.0,421000000.0,61683000000.0,0.02,1.4,3468000000.0,3889000000.0,0.521,3889000000.0,3468000000.0,3468000000.0,6.33,6.32,6.33,10889000000.0,10959750000.0,10889000000.0,33717480357.0,10.0,8.67,5767000000.0,16.525,1.0,7471000000.0,1.0,417000000.0,0.0,112667000000.0,111342500000.0,0.0,83483000000.0,,,91862000000.0,,,24571480357.0,2876000000.0,0.0,-2245000000.0,-189000000.0,-540000000.0,5809000000.0,-8933000000.0,-8700000000.0,6000000000.0,0.0,2257000000.0,2257000000.0,2257000000.0,0.0,67000000.0,0.302,3936000000.0,3535000000.0,0.0,0.221,2.257,10.887,11.123,874000000.0,0.0,70.41,3.289,3.289,0.0,17787000000.0,7471000000.0,7471000000.0,0.0,0.022,0.206,0.031,0.464,0.0,3936000000.0,1.0,348977139.0,348977139.0,,21.408,102334000000.0,0.0,1211000000.0,0.0,293.24,
13,DFS,MRT,2018-03-31,2018-03-31,2018-03-31,2021-07-29,-139000000.0,101967000000.0,98354750000.0,,,0.075,30.644,-229000000.0,17098000000.0,17098000000.0,0.0,2201000000.0,,8.38,26244000000.0,,,26244000000.0,0.0,407000000.0,61130000000.0,0.019,1.35,3450000000.0,3857000000.0,0.522,3857000000.0,3450000000.0,3450000000.0,5.83,5.81,5.83,10871000000.0,11052250000.0,10871000000.0,38456661659.0,11.0,9.971,5204000000.0,14.669,1.0,7389000000.0,1.0,417000000.0,0.0,110696000000.0,109859000000.0,0.0,81551000000.0,,,91096000000.0,,,25517661659.0,835000000.0,0.0,-2139000000.0,-604000000.0,-542000000.0,4265000000.0,-8863000000.0,-8634000000.0,5433000000.0,0.0,2126000000.0,2126000000.0,2126000000.0,0.0,75000000.0,0.288,3864000000.0,3525000000.0,0.0,0.232,2.347,12.003,12.338,848000000.0,0.0,71.93,3.453,3.453,0.0,17211000000.0,7389000000.0,7389000000.0,0.0,0.022,0.192,0.031,0.467,0.0,3864000000.0,1.0,354756870.0,354756870.0,,20.828,101550000000.0,0.0,1324000000.0,0.0,286.252,
14,DFS,MRT,2017-12-31,2017-12-31,2017-12-31,2021-07-29,-152000000.0,100087000000.0,96561750000.0,,,0.076,29.974,-218000000.0,13387000000.0,13387000000.0,0.0,2099000000.0,,8.189,26326000000.0,,,26326000000.0,0.0,393000000.0,58764000000.0,0.017,1.3,3469000000.0,3862000000.0,0.528,3862000000.0,3469000000.0,3469000000.0,5.43,5.42,5.43,10892000000.0,11150750000.0,10892000000.0,40160237983.0,12.0,10.399,4990000000.0,13.732,1.0,7318000000.0,1.0,418000000.0,0.0,112608000000.0,108418750000.0,0.0,83195000000.0,,,89195000000.0,,,27951237983.0,1378000000.0,0.0,-2076000000.0,823000000.0,-527000000.0,4961000000.0,-8791000000.0,-8573000000.0,5208000000.0,0.0,2031000000.0,2031000000.0,2031000000.0,0.0,68000000.0,0.278,3781000000.0,3537000000.0,0.0,0.239,2.566,13.762,14.166,825000000.0,0.0,76.92,3.82,3.82,0.0,16687000000.0,7318000000.0,7318000000.0,0.0,0.021,0.182,0.032,0.474,0.0,3781000000.0,1.0,363380629.0,363380629.0,,20.139,99669000000.0,0.0,1438000000.0,0.0,274.283,
15,DFS,MRT,2017-09-30,2017-09-30,2017-09-30,2021-07-29,-148000000.0,97608000000.0,94617000000.0,,,0.076,30.044,-208000000.0,14528000000.0,14528000000.0,0.0,2275000000.0,,7.725,26737000000.0,,,26737000000.0,0.0,378000000.0,56135000000.0,0.019,1.25,3468000000.0,3846000000.0,0.537,3846000000.0,3468000000.0,3468000000.0,5.83,5.83,5.83,11187000000.0,11258500000.0,11187000000.0,37404253607.0,11.0,9.725,4668000000.0,12.537,1.0,7163000000.0,1.0,418000000.0,0.0,109399000000.0,106597000000.0,0.0,79539000000.0,,,86421000000.0,,,24009253607.0,2353000000.0,0.0,-1998000000.0,-88000000.0,-518000000.0,4276000000.0,-6799000000.0,-7439000000.0,4876000000.0,0.0,2222000000.0,2222000000.0,2222000000.0,0.0,53000000.0,0.31,3642000000.0,3521000000.0,0.0,0.214,2.146,10.805,11.06,800000000.0,0.0,64.48,3.352,3.352,0.0,16452000000.0,7163000000.0,7163000000.0,0.0,0.023,0.197,0.033,0.484,0.0,3642000000.0,1.0,372351948.0,372351948.0,,19.237,97190000000.0,0.0,1246000000.0,0.0,261.016,
16,DFS,MRT,2017-06-30,2017-06-30,2017-06-30,2021-07-29,-150000000.0,93757000000.0,92850250000.0,,,0.077,29.614,-196000000.0,13043000000.0,13043000000.0,0.0,2312000000.0,,7.327,26438000000.0,,,26438000000.0,0.0,363000000.0,52864000000.0,0.019,1.2,3525000000.0,3888000000.0,0.542,3888000000.0,3525000000.0,3525000000.0,5.8,5.8,5.8,11259000000.0,11298500000.0,11259000000.0,34204062432.0,10.0,8.797,4445000000.0,11.691,1.0,7168000000.0,1.0,419000000.0,0.0,106733000000.0,105229000000.0,0.0,77292000000.0,,,82498000000.0,,,23644062432.0,2327000000.0,0.0,-2025000000.0,1783000000.0,-511000000.0,3575000000.0,-5889000000.0,-5692000000.0,4641000000.0,0.0,2258000000.0,2258000000.0,2258000000.0,0.0,54000000.0,0.315,3589000000.0,3579000000.0,0.0,0.207,2.1,10.471,10.722,774000000.0,0.0,62.19,3.299,3.299,0.0,15989000000.0,7168000000.0,7168000000.0,0.0,0.024,0.2,0.033,0.492,0.0,3589000000.0,1.0,380190745.0,380190745.0,,18.854,93338000000.0,0.0,1267000000.0,0.0,245.503,
17,DFS,MRT,2017-03-31,2017-03-31,2017-03-31,2021-07-29,-155000000.0,94795000000.0,91288750000.0,,,0.079,29.219,-180000000.0,16263000000.0,16263000000.0,0.0,2382000000.0,,7.415,26823000000.0,,,26823000000.0,0.0,360000000.0,53522000000.0,0.017,1.18,3556000000.0,3916000000.0,0.544,3916000000.0,3556000000.0,3556000000.0,5.86,5.87,5.86,11265000000.0,11333000000.0,11265000000.0,39800674021.0,11.0,10.164,4100000000.0,10.635,1.0,7193000000.0,1.0,420000000.0,0.0,104935000000.0,103809500000.0,0.0,75307000000.0,,,83530000000.0,,,26366674021.0,4029000000.0,0.0,-1998000000.0,2094000000.0,-512000000.0,4641000000.0,-4892000000.0,-5623000000.0,4280000000.0,0.0,2328000000.0,2328000000.0,2328000000.0,0.0,54000000.0,0.324,3583000000.0,3610000000.0,0.0,0.201,2.341,11.326,11.671,750000000.0,0.0,68.39,3.666,3.666,0.0,15568000000.0,7193000000.0,7193000000.0,0.0,0.026,0.205,0.034,0.494,0.0,3583000000.0,1.0,385534055.0,385534055.0,,18.657,94375000000.0,0.0,1228000000.0,0.0,244.79,
18,DFS,MRT,2016-12-31,2016-12-31,2016-12-31,2021-07-29,-161000000.0,92308000000.0,89613250000.0,,,0.081,28.71,-179000000.0,12009000000.0,12009000000.0,0.0,2393000000.0,,7.152,25443000000.0,,,25443000000.0,0.0,351000000.0,51992000000.0,0.016,1.16,3602000000.0,3953000000.0,0.546,3953000000.0,3602000000.0,3602000000.0,5.77,5.77,5.77,11323000000.0,11345750000.0,11323000000.0,42239199327.0,12.0,10.685,4246000000.0,10.766,1.0,7240000000.0,1.0,421000000.0,0.0,105321000000.0,102395250000.0,0.0,76844000000.0,,,80985000000.0,,,28432199327.0,2338000000.0,0.0,-1901000000.0,773000000.0,-514000000.0,2811000000.0,-4898000000.0,-4719000000.0,4425000000.0,0.0,2339000000.0,2339000000.0,2339000000.0,0.0,54000000.0,0.323,3584000000.0,3656000000.0,0.0,0.201,2.511,12.156,12.494,734000000.0,0.0,72.09,3.927,3.927,0.0,15130000000.0,7240000000.0,7240000000.0,0.0,0.026,0.206,0.035,0.498,0.0,3584000000.0,1.0,394398659.0,394398659.0,,18.357,91887000000.0,0.0,1263000000.0,0.0,232.98,
19,DFS,MRT,2016-09-30,2016-09-30,2016-09-30,2021-07-29,-165000000.0,90541000000.0,88236000000.0,,,0.081,28.113,-181000000.0,13023000000.0,13023000000.0,0.0,2330000000.0,,6.979,26830000000.0,,,26830000000.0,0.0,362000000.0,49245000000.0,0.02,1.14,3508000000.0,3870000000.0,0.539,3870000000.0,3508000000.0,3508000000.0,5.53,5.53,5.53,11347000000.0,11333750000.0,11347000000.0,36791112901.0,10.0,9.507,3996000000.0,9.9,1.0,7181000000.0,1.0,421000000.0,0.0,103927000000.0,101403750000.0,0.0,74232000000.0,,,79194000000.0,,,22825112901.0,1826000000.0,2000000.0,-1858000000.0,3007000000.0,-516000000.0,3332000000.0,-5683000000.0,-4655000000.0,4177000000.0,0.0,2277000000.0,2277000000.0,2277000000.0,0.0,53000000.0,0.317,3620000000.0,3561000000.0,0.0,0.206,2.012,10.024,10.226,722000000.0,0.0,56.55,3.179,3.179,0.0,14696000000.0,7181000000.0,7181000000.0,0.0,0.026,0.201,0.035,0.489,0.0,3620000000.0,1.0,403627107.0,403627107.0,,17.791,90120000000.0,0.0,1231000000.0,0.0,223.275,
20,DFS,MRT,2016-06-30,2016-06-30,2016-06-30,2021-07-29,-174000000.0,87511000000.0,87003500000.0,,,0.083,27.648,-165000000.0,10715000000.0,10715000000.0,0.0,2303000000.0,,6.678,24681000000.0,,,24681000000.0,0.0,374000000.0,48527000000.0,0.021,1.12,3522000000.0,3896000000.0,0.543,3896000000.0,3522000000.0,3522000000.0,5.35,5.35,5.35,11397000000.0,11322750000.0,11397000000.0,33698154416.0,10.0,8.649,3842000000.0,9.32,1.0,7181000000.0,1.0,422000000.0,0.0,101055000000.0,100081750000.0,0.0,73496000000.0,,,76114000000.0,,,22091154416.0,22000000.0,2000000.0,-1712000000.0,398000000.0,-515000000.0,438000000.0,-4423000000.0,-4916000000.0,4007000000.0,0.0,2251000000.0,2251000000.0,2251000000.0,0.0,52000000.0,0.313,3607000000.0,3574000000.0,0.0,0.209,1.938,9.814,10.017,708000000.0,0.0,53.59,3.076,3.076,0.0,14188000000.0,7181000000.0,7181000000.0,0.0,0.026,0.199,0.035,0.49,0.0,3607000000.0,1.0,412225311.0,412225311.0,,17.42,87089000000.0,0.0,1271000000.0,0.0,211.266,
21,DFS,MRT,2016-03-31,2016-03-31,2016-03-31,2021-07-29,-172000000.0,88093000000.0,86353500000.0,,,0.084,27.32,-172000000.0,13145000000.0,13145000000.0,0.0,2286000000.0,,6.785,24752000000.0,,,24752000000.0,0.0,380000000.0,48465000000.0,0.022,1.12,3567000000.0,3947000000.0,0.545,3947000000.0,3567000000.0,3567000000.0,5.21,5.21,5.21,11316000000.0,11289250000.0,11316000000.0,36144117721.0,10.0,9.157,3777000000.0,9.119,1.0,7246000000.0,1.0,422000000.0,0.0,99278000000.0,99163000000.0,0.0,71355000000.0,,,76777000000.0,,,21091117721.0,321000000.0,2000000.0,-1713000000.0,1647000000.0,-525000000.0,1511000000.0,-5139000000.0,-4068000000.0,3949000000.0,0.0,2235000000.0,2235000000.0,2235000000.0,0.0,51000000.0,0.308,3628000000.0,3618000000.0,0.0,0.215,1.864,9.437,9.774,706000000.0,0.0,50.92,2.911,2.911,0.0,13698000000.0,7246000000.0,7246000000.0,0.0,0.026,0.198,0.036,0.492,0.0,3628000000.0,1.0,414201055.0,414201055.0,,17.494,87671000000.0,0.0,1332000000.0,0.0,211.663,
22,DFS,MRT,2015-12-31,2015-12-31,2015-12-31,2021-07-29,-160000000.0,86799000000.0,85374750000.0,,,0.085,26.375,-167000000.0,9671000000.0,9671000000.0,0.0,2297000000.0,,6.698,24650000000.0,,,24650000000.0,0.0,391000000.0,47531000000.0,0.02,1.08,3561000000.0,3952000000.0,0.547,3952000000.0,3561000000.0,3561000000.0,5.14,5.13,5.14,11275000000.0,11263000000.0,11275000000.0,36373681463.0,10.0,9.204,3687000000.0,8.625,1.0,7227000000.0,1.0,423000000.0,0.0,101355000000.0,98071750000.0,0.0,73600000000.0,,,75524000000.0,,,22921681463.0,2288000000.0,2000000.0,-1710000000.0,2017000000.0,-515000000.0,1302000000.0,-2868000000.0,-2710000000.0,3854000000.0,0.0,2246000000.0,2246000000.0,2246000000.0,0.0,51000000.0,0.311,3615000000.0,3612000000.0,0.0,0.21,2.033,10.206,10.432,693000000.0,0.0,53.62,3.172,3.172,0.0,13250000000.0,7227000000.0,7227000000.0,0.0,0.026,0.199,0.036,0.493,0.0,3615000000.0,1.0,427483802.0,427483802.0,,16.906,86376000000.0,0.0,1315000000.0,0.0,202.057,
23,DFS,MRT,2015-09-30,2015-09-30,2015-09-30,2021-07-29,-180000000.0,85611000000.0,84456500000.0,,,0.084,25.966,-161000000.0,10348000000.0,10348000000.0,0.0,2201000000.0,,6.574,23800000000.0,,,23800000000.0,0.0,386000000.0,46605000000.0,0.02,1.04,3421000000.0,3807000000.0,0.537,3807000000.0,3421000000.0,3421000000.0,4.87,4.87,4.87,11303000000.0,11227750000.0,11303000000.0,35525598764.0,10.0,9.332,3649000000.0,8.383,1.0,7086000000.0,1.0,424000000.0,0.0,98639000000.0,97223000000.0,0.0,71637000000.0,,,74308000000.0,,,22631598764.0,2868000000.0,0.0,-1675000000.0,2678000000.0,-504000000.0,1718000000.0,-2660000000.0,-2504000000.0,3810000000.0,0.0,2150000000.0,2150000000.0,2150000000.0,0.0,51000000.0,0.303,3614000000.0,3472000000.0,0.0,0.214,2.002,10.526,10.676,684000000.0,0.0,51.99,3.194,3.194,0.0,12880000000.0,7086000000.0,7086000000.0,0.0,0.025,0.191,0.035,0.483,0.0,3614000000.0,1.0,435306766.0,435306766.0,,16.278,85187000000.0,0.0,1271000000.0,0.0,195.694,
24,DFS,MRT,2015-06-30,2015-06-30,2015-06-30,2021-07-29,-160000000.0,84911000000.0,83202750000.0,,,0.085,25.453,-160000000.0,11349000000.0,11349000000.0,0.0,2233000000.0,,6.539,24243000000.0,,,24243000000.0,0.0,381000000.0,46316000000.0,0.017,1.0,3455000000.0,3836000000.0,0.543,3836000000.0,3455000000.0,3455000000.0,4.86,4.86,4.86,11263000000.0,11227250000.0,11263000000.0,36664139022.0,11.0,9.558,3558000000.0,8.041,1.0,7066000000.0,1.0,425000000.0,0.0,97380000000.0,95990000000.0,0.0,69994000000.0,,,73648000000.0,,,25497139022.0,3716000000.0,0.0,-1860000000.0,4012000000.0,-493000000.0,3538000000.0,-3540000000.0,-2931000000.0,3718000000.0,0.0,2181000000.0,2181000000.0,2181000000.0,0.0,52000000.0,0.309,3559000000.0,3507000000.0,0.0,0.206,2.264,11.691,11.856,688000000.0,0.0,57.62,3.608,3.608,0.0,12400000000.0,7066000000.0,7066000000.0,0.0,0.026,0.194,0.036,0.489,0.0,3559000000.0,1.0,442505016.0,442505016.0,,15.968,84486000000.0,0.0,1274000000.0,0.0,190.927,
25,DFS,MRT,2015-03-31,2015-03-31,2015-03-31,2021-07-29,-161000000.0,84178000000.0,81709250000.0,,,0.086,25.067,-143000000.0,11923000000.0,11923000000.0,0.0,2278000000.0,,6.509,23090000000.0,,,23090000000.0,0.0,374000000.0,46427000000.0,0.017,0.96,3527000000.0,3901000000.0,0.557,3901000000.0,3527000000.0,3527000000.0,4.88,4.88,4.88,11211000000.0,11256750000.0,11211000000.0,40468970506.0,11.0,10.374,3617000000.0,8.087,1.0,7009000000.0,1.0,432000000.0,0.0,94913000000.0,94511750000.0,0.0,68650000000.0,,,72967000000.0,,,25201970506.0,3083000000.0,0.0,-1614000000.0,2728000000.0,-480000000.0,2078000000.0,-2755000000.0,-3666000000.0,3760000000.0,0.0,2225000000.0,2225000000.0,2225000000.0,0.0,53000000.0,0.317,3429000000.0,3580000000.0,0.0,0.197,2.248,11.327,11.547,678000000.0,0.0,56.35,3.596,3.596,0.0,11936000000.0,7009000000.0,7009000000.0,0.0,0.027,0.198,0.037,0.503,0.0,3429000000.0,1.0,447239938.0,447239938.0,,15.672,83746000000.0,0.0,1302000000.0,0.0,187.251,
26,DFS,MRT,2014-12-31,2014-12-31,2014-12-31,2021-07-29,-138000000.0,83126000000.0,80560750000.0,,,0.087,24.552,-145000000.0,7390000000.0,7390000000.0,0.0,2323000000.0,,6.466,22657000000.0,,,22657000000.0,0.0,369000000.0,46089000000.0,0.014,0.92,3641000000.0,4010000000.0,0.57,4010000000.0,3641000000.0,3641000000.0,4.91,4.9,4.91,11134000000.0,11209250000.0,11134000000.0,43270389810.0,12.0,10.791,3681000000.0,8.117,1.0,7034000000.0,1.0,433000000.0,0.0,97960000000.0,93166000000.0,0.0,72172000000.0,,,71992000000.0,,,29698389810.0,730000000.0,0.0,-1559000000.0,1990000000.0,-467000000.0,1101000000.0,-4197000000.0,-4128000000.0,3826000000.0,0.0,2270000000.0,2270000000.0,2270000000.0,0.0,53000000.0,0.323,3340000000.0,3694000000.0,0.0,0.187,2.667,13.083,13.338,670000000.0,0.0,65.49,4.222,4.222,0.0,11467000000.0,7034000000.0,7034000000.0,0.0,0.028,0.203,0.039,0.518,0.0,3340000000.0,1.0,453479765.0,453479765.0,,15.511,82693000000.0,0.0,1371000000.0,0.0,182.352,
27,DFS,MRT,2014-09-30,2014-09-30,2014-09-30,2021-07-29,-70000000.0,80596000000.0,79614250000.0,,,0.091,24.466,-156000000.0,7485000000.0,7485000000.0,0.0,2521000000.0,,6.132,21057000000.0,,,21057000000.0,0.0,525000000.0,45382000000.0,0.014,0.88,3928000000.0,4453000000.0,0.616,4453000000.0,3928000000.0,3928000000.0,5.27,5.27,5.27,11301000000.0,11128000000.0,11301000000.0,42735024252.0,11.0,9.597,3652000000.0,7.906,1.0,7229000000.0,1.0,461000000.0,0.0,93707000000.0,91863250000.0,0.0,69717000000.0,,,69295000000.0,,,29742024252.0,1759000000.0,0.0,-1506000000.0,2215000000.0,-453000000.0,2537000000.0,-4586000000.0,-4510000000.0,3808000000.0,0.0,2466000000.0,2466000000.0,2466000000.0,0.0,55000000.0,0.341,3246000000.0,3983000000.0,0.0,0.167,2.632,12.061,12.218,661000000.0,0.0,64.39,4.114,4.114,0.0,11182000000.0,7229000000.0,7229000000.0,0.0,0.031,0.222,0.043,0.543,-45000000.0,3246000000.0,1.0,461904399.0,461904399.0,,15.65,80135000000.0,0.0,1462000000.0,0.0,173.488,
28,DFS,MRT,2014-06-30,2014-06-30,2014-06-30,2021-07-29,-72000000.0,78937000000.0,78351250000.0,,,0.091,24.408,-187000000.0,7184000000.0,7184000000.0,0.0,2470000000.0,,5.936,20177000000.0,,,20177000000.0,0.0,459000000.0,44445000000.0,0.014,0.84,3865000000.0,4324000000.0,0.607,4324000000.0,3865000000.0,3865000000.0,5.1,5.1,5.1,11381000000.0,10953250000.0,11381000000.0,39311651116.0,10.0,9.092,3014000000.0,6.464,1.0,7122000000.0,1.0,463000000.0,0.0,91467000000.0,90450250000.0,0.0,68331000000.0,,,67556000000.0,,,28899651116.0,1135000000.0,0.0,-1230000000.0,1824000000.0,-440000000.0,2027000000.0,-4093000000.0,-4138000000.0,3201000000.0,0.0,2415000000.0,2415000000.0,2415000000.0,0.0,55000000.0,0.339,3202000000.0,3920000000.0,0.0,0.165,2.539,11.967,12.153,665000000.0,0.0,61.98,4.058,4.058,0.0,10659000000.0,7122000000.0,7122000000.0,0.0,0.031,0.22,0.043,0.543,-31000000.0,3202000000.0,1.0,466273816.0,466273816.0,,15.274,78474000000.0,0.0,1450000000.0,0.0,168.3,
29,DFS,MRT,2014-03-31,2014-03-31,2014-03-31,2021-07-29,-70000000.0,79584000000.0,77353000000.0,,,0.092,23.404,-215000000.0,9894000000.0,9894000000.0,0.0,2428000000.0,,6.221,20306000000.0,,,20306000000.0,0.0,399000000.0,44984000000.0,0.014,0.8,3831000000.0,4230000000.0,0.595,4230000000.0,3831000000.0,3831000000.0,4.95,4.95,4.95,11021000000.0,10720000000.0,11021000000.0,41279417466.0,11.0,9.759,2939000000.0,6.241,1.0,7111000000.0,1.0,466000000.0,0.0,89530000000.0,89204250000.0,0.0,66225000000.0,,,68563000000.0,,,27401417466.0,664000000.0,0.0,-1391000000.0,692000000.0,-426000000.0,1487000000.0,-3977000000.0,-3081000000.0,3154000000.0,0.0,2373000000.0,2373000000.0,2373000000.0,0.0,55000000.0,0.334,3225000000.0,3886000000.0,0.0,0.162,2.486,11.547,11.756,668000000.0,0.0,58.19,3.853,3.853,0.0,10138000000.0,7111000000.0,7111000000.0,0.0,0.031,0.221,0.043,0.539,-17000000.0,3225000000.0,1.0,470895643.0,470895643.0,,15.101,79118000000.0,0.0,1458000000.0,0.0,168.016,
30,DFS,MRT,2013-12-31,2013-12-31,2013-12-31,2021-07-29,-68000000.0,79340000000.0,76491750000.0,,,0.093,22.668,-231000000.0,6736000000.0,6736000000.0,0.0,2470000000.0,,6.34,20614000000.0,,,20614000000.0,0.0,334000000.0,44959000000.0,0.011,0.6,3888000000.0,4222000000.0,0.591,4222000000.0,3888000000.0,3888000000.0,4.97,4.96,4.97,10809000000.0,10539500000.0,10809000000.0,39662183565.0,10.0,9.394,3286000000.0,6.891,1.0,7138000000.0,1.0,469000000.0,0.0,92749000000.0,88481000000.0,0.0,69114000000.0,,,68531000000.0,,,26679183565.0,3970000000.0,0.0,-1283000000.0,2525000000.0,-399000000.0,3616000000.0,-3163000000.0,-3040000000.0,3517000000.0,0.0,2414000000.0,2414000000.0,2414000000.0,0.0,56000000.0,0.338,3194000000.0,3944000000.0,0.0,0.121,2.468,11.052,11.258,654000000.0,0.0,55.95,3.738,3.738,0.0,9611000000.0,7138000000.0,7138000000.0,0.0,0.032,0.229,0.044,0.545,0.0,3194000000.0,1.0,476839742.0,476839742.0,,14.969,78871000000.0,0.0,1474000000.0,0.0,165.404,
31,DFS,MRT,2013-09-30,2013-09-30,2013-09-30,2021-07-29,-109000000.0,75544000000.0,,,,,21.915,,5806000000.0,5806000000.0,,,,6.125,18789000000.0,,,18789000000.0,0.0,,43117000000.0,0.013,0.64,,,,,,,,,,10602000000.0,,10602000000.0,36464628488.0,,,,,1.0,,,472000000.0,,88055000000.0,,0.0,66154000000.0,,,64942000000.0,,,24450628488.0,,,,,,,,,,,,,,,,,,,0.0,,2.306,,,639000000.0,,50.54,,,0.0,9115000000.0,,,,,,,,,,1.0,483787663.0,483787663.0,,,75072000000.0,0.0,,0.0,155.176,
32,DFS,MRT,2013-06-30,2013-06-30,2013-06-30,2021-07-29,-107000000.0,74944000000.0,,,,,21.304,,6281000000.0,6281000000.0,,,,6.173,18295000000.0,,,18295000000.0,0.0,,42568000000.0,0.011,0.54,,,,,,,,,,10448000000.0,,10448000000.0,34334839616.0,,,,,1.0,,,475000000.0,,86483000000.0,,0.0,65090000000.0,,,64496000000.0,,,23363839616.0,,,,,,,,,,,,,,,,,,,0.0,,2.236,,,607000000.0,,47.64,,,0.0,8629000000.0,,,,,,,,,,1.0,490424845.0,490424845.0,,,74469000000.0,0.0,,0.0,151.846,
33,DFS,MRT,2013-03-31,2013-03-31,2013-03-31,2021-07-29,-84000000.0,76139000000.0,,,,,20.701,,8549000000.0,8549000000.0,,,,6.393,19520000000.0,,,19520000000.0,0.0,,42394000000.0,0.01,0.44,,,,,,,,,,10299000000.0,,10299000000.0,36051077970.0,,,,,1.0,,,473000000.0,,86637000000.0,,0.0,64020000000.0,,,65840000000.0,,,22308077970.0,,,,,,,,,,,,,,,,,,,0.0,,2.166,,,572000000.0,,44.84,,,0.0,8136000000.0,,,,,,,,,,1.0,497503969.0,497503969.0,,,75666000000.0,0.0,,0.0,152.091,
34,DFS,MRT,2012-12-31,2012-11-30,2012-11-30,2021-07-29,-75000000.0,75283000000.0,72200000000.0,,,0.094,19.371,-143000000.0,6270000000.0,6270000000.0,0.0,2345000000.0,,6.699,20013000000.0,,,20013000000.0,0.0,95000000.0,42155000000.0,0.01,0.4,3726000000.0,3821000000.0,0.561,3821000000.0,3726000000.0,3726000000.0,4.47,4.46,4.47,9778000000.0,9010000000.0,9778000000.0,33961016285.0,9.0,8.888,2898000000.0,5.741,1.0,6805000000.0,1.0,476000000.0,0.0,88550000000.0,85712500000.0,0.0,65513000000.0,,,65505000000.0,,,21003723285.0,1076000000.0,-49000000.0,-1190000000.0,2319000000.0,-209000000.0,3728000000.0,-5693000000.0,-4444000000.0,3041000000.0,0.0,2318000000.0,2318000000.0,2318000000.0,0.0,27000000.0,0.341,3052000000.0,3753000000.0,0.0,0.089,2.148,9.061,9.309,534000000.0,0.0,41.61,3.087,3.087,0.0,7373000000.0,6805000000.0,6805000000.0,0.0,0.032,0.257,0.043,0.548,47000000.0,3052000000.0,1.0,504775854.0,504775854.0,,13.481,74807000000.0,0.0,1408000000.0,0.0,148.198,
35,DFS,MRT,2012-09-30,2012-09-30,2012-09-30,2021-07-29,,,,,,,,,,,,,,,,,,,,,,0.009,0.36,,,,,,,,,,,,,32566404085.0,,,,,1.0,,,,,,,,,,,,,,20457447085.0,,,,,,,,,,,,,,,,,,,,,,,,,,39.73,,,,,,,,,,,,,,1.0,514911832.0,514911832.0,,,,,,,,
36,DFS,MRT,2012-06-30,2012-06-30,2012-06-30,2021-07-29,,,,,,,,,,,,,,,,,,,,,,0.009,0.32,,,,,,,,,,,,,29914608151.0,,,,,1.0,,,,,,,,,,,,,,17805651151.0,,,,,,,,,,,,,,,,,,,,,,,,,,34.58,,,,,,,,,,,,,,1.0,514911832.0,514911832.0,,,,,,,,
37,DFS,MRT,2012-03-31,2012-03-31,2012-03-31,2021-07-29,,,,,,,,,,,,,,,,,,,,,,0.008,0.28,,,,,,,,,,,,,31870931477.0,,,,,1.0,,,,,,,,,,,,,,17669416477.0,,,,,,,,,,,,,,,,,,,,,,,,,,33.34,,,,,,,,,,,,,,1.0,529976499.0,529976499.0,,,,,,,,
38,DFS,MRT,2011-12-31,2011-11-30,2011-11-30,2021-07-29,-52000000.0,69117000000.0,65446702250.0,,,0.092,14.995,-108000000.0,4136000000.0,4136000000.0,0.0,2227000000.0,,7.386,18337000000.0,,,18337000000.0,0.0,90000000.0,39578000000.0,0.008,0.2,3486000000.0,3576000000.0,0.591,3576000000.0,3486000000.0,3486000000.0,4.06,4.06,4.06,8242000000.0,7667595250.0,8242000000.0,26015800484.0,7.0,7.275,3490000000.0,6.35,1.0,6052000000.0,1.0,443000000.0,0.0,82875000000.0,78405488250.0,0.0,61671000000.0,,,60875000000.0,,,13092355484.0,-2249000000.0,-401000000.0,-413000000.0,-2356000000.0,-110000000.0,2263000000.0,-8110000000.0,-7885000000.0,3598000000.0,0.0,2202000000.0,2202000000.0,2202000000.0,0.0,25000000.0,0.364,2541000000.0,3511000000.0,0.0,0.049,1.588,5.946,5.867,483000000.0,0.0,23.82,2.163,2.163,0.0,5243000000.0,6052000000.0,6052000000.0,0.0,0.034,0.287,0.044,0.576,44000000.0,2541000000.0,1.0,549637090.0,549637090.0,,11.011,68674000000.0,0.0,1284000000.0,0.0,124.944,
39,DFS,MRT,2011-09-30,2011-08-31,2011-08-31,2021-07-29,-19979000.0,65725667000.0,63363694250.0,,,0.091,14.672,-95648000.0,4894755000.0,4894755000.0,0.0,2063983000.0,,7.21,17818200000.0,,,17818200000.0,0.0,87144000.0,37586884000.0,0.006,0.16,3256007000.0,3343151000.0,0.578,3343151000.0,3256007000.0,3256007000.0,3.75,3.75,3.75,8005916000.0,7221306750.0,8005916000.0,26980223652.0,8.0,8.07,4171704000.0,7.645,1.0,5779024000.0,1.0,444719000.0,0.0,78204393000.0,75582691000.0,0.0,57761561000.0,,,57719751000.0,,,13729045652.0,-3958580000.0,-401158000.0,-188487000.0,-2856257000.0,-80257000.0,188849000.0,-8414781000.0,-7869394000.0,4267352000.0,0.0,2041075000.0,2041075000.0,2041075000.0,0.0,22908000.0,0.353,2500109000.0,3278915000.0,0.0,0.043,1.715,6.726,6.709,465871000.0,0.0,25.16,2.376,2.376,0.0,4763180000.0,5779024000.0,5779024000.0,0.0,0.032,0.283,0.043,0.563,41136000.0,2500109000.0,1.0,545669541.0,545669541.0,,10.591,65280948000.0,0.0,1214932000.0,0.0,119.635,
40,DFS,MRT,2011-06-30,2011-05-31,2011-05-31,2021-07-29,-66358000.0,63437533000.0,61946665750.0,,,0.082,13.792,-87538000.0,4787329000.0,4787329000.0,0.0,1675782000.0,,7.432,18038507000.0,,,18038507000.0,0.0,86721000.0,35219183000.0,0.005,0.12,2645692000.0,2732413000.0,0.537,2732413000.0,2645692000.0,2645692000.0,3.04,3.04,3.04,7523300000.0,6747652000.0,7523300000.0,26247053259.0,10.0,9.606,3905094000.0,7.159,1.0,5087917000.0,1.0,446717000.0,0.0,76241994000.0,73382631500.0,0.0,55434945000.0,,,55914233000.0,,,13004382259.0,-6562783000.0,-401158000.0,524000.0,-3209115000.0,-62004000.0,-3249227000.0,-7306188000.0,-6685188000.0,3992632000.0,0.0,1657497000.0,1657497000.0,1657497000.0,0.0,18285000.0,0.326,2423940000.0,2663977000.0,0.0,0.039,1.729,7.846,7.842,471112000.0,0.0,23.84,2.556,2.556,0.0,4147598000.0,5087917000.0,5087917000.0,0.0,0.027,0.246,0.036,0.52,38717000.0,2423940000.0,1.0,545485833.0,545485833.0,,9.327,62990816000.0,0.0,988195000.0,0.0,115.477,
41,DFS,MRT,2011-03-31,2011-02-28,2011-02-28,2021-07-29,-106279000.0,63506609000.0,61625702000.0,,,0.072,12.653,-62747000.0,5847499000.0,5847499000.0,0.0,1333430000.0,,8.205,19090170000.0,,,19090170000.0,0.0,87353000.0,34858994000.0,0.004,0.08,2074880000.0,2162233000.0,0.485,2162233000.0,2074880000.0,2074880000.0,2.29,2.28,2.29,6899165000.0,6376393750.0,6899165000.0,24466115880.0,12.0,11.315,4277794000.0,7.846,1.0,4462055000.0,1.0,448714000.0,0.0,76300566000.0,71742470750.0,0.0,54245650000.0,,,56607444000.0,,,11859120880.0,-7556910000.0,-366049000.0,-5690000.0,-6213300000.0,-54735000.0,-7865892000.0,-4031559000.0,-6799641000.0,4340541000.0,0.0,1248599000.0,1248599000.0,1248599000.0,0.0,84831000.0,0.28,2302344000.0,2159711000.0,0.0,0.035,1.719,9.498,9.498,458950000.0,0.0,21.75,2.658,2.658,0.0,3580338000.0,4462055000.0,4462055000.0,0.0,0.02,0.196,0.029,0.465,37582000.0,2302344000.0,1.0,545246937.0,545246937.0,,8.184,63057895000.0,0.0,826281000.0,0.0,115.65,
42,DFS,MRT,2010-12-31,2010-11-30,2010-11-30,2021-07-29,-82548000.0,60784968000.0,62453787500.0,,,0.055,11.856,-55000000.0,6462491000.0,6462491000.0,0.0,765000000.0,,8.414,17705728000.0,,,17705728000.0,0.0,89000000.0,34413383000.0,0.004,0.08,1172000000.0,1261000000.0,0.365,1261000000.0,1172000000.0,1172000000.0,1.23,1.22,1.23,6456846000.0,6405364500.0,6456846000.0,19747756397.0,17.0,15.66,4163000000.0,7.644,1.0,3451000000.0,1.0,444394000.0,0.0,71583811000.0,71675689000.0,0.0,50982690000.0,,,54328122000.0,,,9955094397.0,-7922000000.0,0.0,-7000000.0,-7144000000.0,-70000000.0,-7072000000.0,-5068000000.0,-5531000000.0,4218000000.0,0.0,668000000.0,668000000.0,668000000.0,0.0,97000000.0,0.194,2182000000.0,1269000000.0,0.0,0.065,1.542,14.903,14.862,460732000.0,0.0,18.28,2.885,2.885,0.0,3126488000.0,3451000000.0,3451000000.0,0.0,0.011,0.104,0.016,0.34,37000000.0,2182000000.0,1.0,544589409.0,544589409.0,,6.337,60340574000.0,0.0,504000000.0,0.0,110.8,
43,DFS,MRT,2010-09-30,2010-08-31,2010-08-31,2021-07-29,-82297000.0,60057553000.0,58762792250.0,,,0.058,11.233,-41530000.0,7916091000.0,7916091000.0,0.0,767683000.0,,8.827,17708753000.0,,,17708753000.0,0.0,92669000.0,34246804000.0,0.006,0.08,1137211000.0,1229880000.0,0.36,1229880000.0,1137211000.0,1137211000.0,1.2,1.18,1.2,6111297000.0,6900039750.0,6111297000.0,15869372766.0,14.0,12.903,3666975000.0,6.74,1.0,3415973000.0,1.0,446060000.0,0.0,69404155000.0,62524064250.0,0.0,47987690000.0,,,53946256000.0,,,7893974766.0,-2912151000.0,0.0,-85067000.0,-6514496000.0,-85752000.0,-4100346000.0,-2520310000.0,-3528136000.0,3708505000.0,0.0,651010000.0,651010000.0,651010000.0,0.0,116673000.0,0.191,2162089000.0,1253884000.0,0.0,0.067,1.292,12.126,12.092,456943000.0,0.0,14.51,2.311,2.311,0.0,2787822000.0,3415973000.0,3415973000.0,0.0,0.011,0.094,0.018,0.333,57420000.0,2162089000.0,1.0,544036855.0,544036855.0,,6.279,59611493000.0,0.0,486201000.0,0.0,109.573,
44,DFS,MRT,2010-06-30,2010-05-31,2010-05-31,2021-07-29,-73940000.0,62153678000.0,54422976500.0,,,0.071,11.103,-41442000.0,10335729000.0,10335729000.0,0.0,1084520000.0,,9.293,18311127000.0,,,18311127000.0,0.0,95068000.0,35021975000.0,0.006,0.08,1622904000.0,1717972000.0,0.443,1717972000.0,1622904000.0,1622904000.0,1.81,1.78,1.81,6038267000.0,7468766000.0,6038267000.0,16978309352.0,10.0,9.883,4086679000.0,7.515,1.0,3881369000.0,1.0,447725000.0,0.0,69681351000.0,53476076750.0,0.0,47540238000.0,,,56115411000.0,,,7314430352.0,640904000.0,0.0,447698000.0,-6043599000.0,-99864000.0,-1743168000.0,-1744049000.0,-2683612000.0,4128121000.0,0.0,945744000.0,945744000.0,945744000.0,0.0,138776000.0,0.244,2119689000.0,1761680000.0,0.0,0.044,1.211,7.734,7.431,469001000.0,0.0,13.45,1.884,1.884,0.0,2538164000.0,3881369000.0,3881369000.0,0.0,0.017,0.127,0.03,0.418,49558000.0,2119689000.0,1.0,543823818.0,543823818.0,,7.137,61705953000.0,0.0,677160000.0,0.0,113.467,
45,DFS,MRT,2010-03-31,2010-02-28,2010-02-28,2021-07-29,-74038000.0,66818951000.0,49264129000.0,,,0.08,12.905,-43383000.0,12728321000.0,12728321000.0,0.0,1052253000.0,,8.525,22392200000.0,,,22392200000.0,0.0,96674000.0,35051666000.0,0.006,0.08,1669364000.0,1766038000.0,0.45,1766038000.0,1669364000.0,1669364000.0,1.9,1.88,1.9,7015048000.0,7813109250.0,7015048000.0,-3172345923.0,-2.0,-1.796,4161232000.0,7.655,1.0,3920866000.0,1.0,449391000.0,0.0,76033439000.0,44379641000.0,0.0,46798737000.0,,,59803903000.0,,,7420272077.0,4004113000.0,0.0,523215000.0,-3843474000.0,-98062000.0,3754975000.0,-3955477000.0,-1474855000.0,4204615000.0,0.0,967520000.0,967520000.0,967520000.0,0.0,84733000.0,0.247,2166769000.0,1754097000.0,0.0,0.042,1.058,7.669,7.184,482833000.0,0.0,13.65,1.893,1.893,0.0,2362685000.0,3920866000.0,3920866000.0,0.0,0.02,0.124,0.038,0.426,56133000.0,2166769000.0,1.0,543609676.0,543609676.0,,7.213,66369560000.0,0.0,701844000.0,0.0,122.09,
46,DFS,MRT,2009-12-31,2009-11-30,2009-11-30,2021-07-29,-154818000.0,46020987000.0,42711020750.0,,,0.102,15.54,-52544000.0,13020719000.0,13020719000.0,0.0,1276185000.0,,4.456,2428101000.0,,,2428101000.0,0.0,97930000.0,32093012000.0,0.008,0.12,2051678000.0,2149608000.0,0.492,2149608000.0,2051678000.0,2051678000.0,2.39,2.38,2.39,8435547000.0,7559185000.0,8435547000.0,-641192259.0,0.0,-0.298,3545348000.0,6.531,1.0,4371986000.0,1.0,451057000.0,0.0,34977312000.0,34179561750.0,0.0,28252482000.0,,,37585440000.0,,,8391915741.0,2849576000.0,0.0,522437000.0,193983000.0,-101034000.0,5412464000.0,-6160780000.0,-5464925000.0,3597892000.0,0.0,1206965000.0,1206965000.0,1206965000.0,0.0,69220000.0,0.276,2251088000.0,2120898000.0,0.0,0.05,0.995,6.953,6.469,499303000.0,0.0,15.46,1.919,1.919,0.0,3873262000.0,4371986000.0,4371986000.0,0.0,0.028,0.16,0.06,0.469,44249000.0,2251088000.0,1.0,542814731.0,542814731.0,,8.054,45569930000.0,0.0,844713000.0,0.0,83.951,
47,DFS,MRT,2009-09-30,2009-08-31,2009-08-31,2021-07-29,-24972000.0,42698290000.0,41178869500.0,,,0.108,17.36,-55524000.0,10828242000.0,10828242000.0,0.0,1355983000.0,,4.091,1795134000.0,,,1795134000.0,0.0,99542000.0,29567138000.0,0.012,0.16,2143099000.0,2242641000.0,0.503,2242641000.0,2143099000.0,2143099000.0,2.63,2.62,2.63,8386202000.0,6929254000.0,8386202000.0,-1125416861.0,-1.0,-0.502,4171684000.0,8.636,1.0,4455290000.0,1.0,452977000.0,0.0,33212205000.0,33309704250.0,0.0,26923983000.0,,,34312088000.0,,,6642365139.0,345523000.0,-198000.0,598269000.0,-57897000.0,-103934000.0,4199360000.0,-8081045000.0,-7523031000.0,4227208000.0,0.0,1292769000.0,1292769000.0,1292769000.0,11306000.0,63214000.0,0.29,2237671000.0,2217619000.0,0.0,0.061,0.792,5.138,5.228,518105000.0,0.0,13.75,1.491,1.491,0.0,3705608000.0,4455290000.0,4455290000.0,0.0,0.031,0.187,0.064,0.481,29985000.0,2237671000.0,1.0,483081101.0,483081101.0,,9.223,42245313000.0,0.0,850330000.0,0.0,87.45,
48,DFS,MRT,2009-06-30,2009-05-31,2009-05-31,2021-07-29,-52542000.0,41518288000.0,39833750750.0,,,0.097,15.398,-76517000.0,9694825000.0,9694825000.0,0.0,958582000.0,,4.599,1927043000.0,,,1927043000.0,0.0,100664000.0,29149730000.0,0.021,0.2,1502624000.0,1603288000.0,0.413,1603288000.0,1502624000.0,1502624000.0,1.93,1.92,1.93,7415640000.0,6332801750.0,7415640000.0,-312464050.0,0.0,-0.195,4774954000.0,9.915,1.0,3877845000.0,1.0,454898000.0,0.0,33295608000.0,32103408250.0,0.0,26984461000.0,,,34102648000.0,,,4604112950.0,746060000.0,-160278000.0,65418000.0,38315000.0,-108152000.0,5526655000.0,-9632066000.0,-8967914000.0,4851471000.0,0.0,919894000.0,919894000.0,919894000.0,10153000.0,38688000.0,0.237,2326380000.0,1551465000.0,0.0,0.104,0.621,5.005,4.953,531166000.0,0.0,9.56,1.187,1.187,0.0,3296234000.0,3877845000.0,3877845000.0,0.0,0.023,0.145,0.047,0.387,45469000.0,2326380000.0,1.0,481601773.0,481601773.0,,8.052,41063390000.0,0.0,582730000.0,0.0,85.264,
49,DFS,MRT,2009-03-31,2009-02-28,2009-02-28,2021-07-29,-66079000.0,40606518000.0,38012564250.0,,,0.101,12.497,-90160000.0,8724208000.0,8724208000.0,0.0,966930000.0,,5.768,3807631000.0,,,3807631000.0,0.0,102341000.0,28334318000.0,0.042,0.24,1465966000.0,1568307000.0,0.409,1568307000.0,1465966000.0,1465966000.0,1.99,1.97,1.99,5999351000.0,5941314500.0,5999351000.0,-5185038312.0,-4.0,-3.306,4120741000.0,8.584,1.0,3835345000.0,1.0,456819000.0,0.0,35233122000.0,30541160250.0,0.0,27457846000.0,,,34607167000.0,,,2750721688.0,-109967000.0,-90749000.0,-12006000.0,1282274000.0,-117002000.0,4555000000.0,-8874776000.0,-8693867000.0,4210901000.0,-1092000.0,947676000.0,947676000.0,947676000.0,-22452000.0,19254000.0,0.247,2372577000.0,1462768000.0,0.0,0.121,0.459,2.903,2.879,544219000.0,0.0,5.73,0.717,0.717,0.0,3136977000.0,3835345000.0,3835345000.0,0.0,0.025,0.16,0.048,0.382,52417000.0,2372577000.0,1.0,480056141.0,480056141.0,,7.989,40149699000.0,0.0,518290000.0,0.0,83.635,
50,DFS,MRT,2008-12-31,2008-11-30,2008-11-30,2021-07-29,-66338000.0,39892382000.0,37192949500.0,,,0.11,12.327,-93532000.0,10171143000.0,10171143000.0,0.0,927750000.0,,5.743,2235383000.0,,,2235383000.0,0.0,107151000.0,28530521000.0,0.023,0.24,1505202000.0,1612353000.0,0.396,1612353000.0,1505202000.0,1505202000.0,1.9,1.9,1.9,5915823000.0,5855062000.0,5915823000.0,-3711671238.0,-2.0,-2.302,4410627000.0,9.19,1.0,4073402000.0,1.0,458740000.0,0.0,31497882000.0,29471528500.0,0.0,25069970000.0,,,33976559000.0,,,4909540762.0,1384048000.0,-90749000.0,-6838000.0,-656920000.0,-116956000.0,3035443000.0,-6130962000.0,-5946681000.0,4504159000.0,-24592000.0,910510000.0,910510000.0,910510000.0,135163000.0,17240000.0,0.224,2415797000.0,1657605000.0,0.0,0.126,0.83,5.392,5.384,552502000.0,0.0,10.23,1.205,1.205,0.0,3046956000.0,4073402000.0,4073402000.0,0.0,0.024,0.156,0.051,0.37,92558000.0,2415797000.0,1.0,479916008.0,479916008.0,,8.488,39433642000.0,0.0,594692000.0,0.0,82.168,
51,DFS,MRT,2008-09-30,2008-08-31,2008-08-31,2021-07-29,-38983000.0,37317815000.0,36563880250.0,,,0.103,12.518,-109410000.0,10475475000.0,10475475000.0,0.0,438931000.0,,5.219,1854263000.0,,,1854263000.0,0.0,111814000.0,26959253000.0,0.015,0.24,928655000.0,1040469000.0,0.275,1040469000.0,928655000.0,928655000.0,0.92,0.9,0.92,6000393000.0,5775961750.0,6000393000.0,1009770401.0,1.0,0.97,3460994000.0,7.22,1.0,3777416000.0,1.0,309582000.0,0.0,28387021000.0,29436943250.0,0.0,22006469000.0,,,31317422000.0,,,7885245401.0,1881958000.0,-90551000.0,-7167000.0,-1350715000.0,-116905000.0,2503995000.0,-4165349000.0,-3965388000.0,3570404000.0,-27092000.0,438931000.0,438931000.0,438931000.0,390315000.0,0.0,0.116,2458446000.0,1318970000.0,0.0,0.261,1.314,17.965,17.88,563869000.0,0.0,16.45,2.087,2.087,0.0,3116818000.0,3777416000.0,3777416000.0,0.0,0.012,0.076,0.032,0.246,99425000.0,2458446000.0,1.0,479346225.0,479346225.0,,7.88,37008233000.0,0.0,489724000.0,0.0,77.206,
52,DFS,MRT,2008-06-30,2008-05-31,2008-05-31,2021-07-29,-25429000.0,34233542000.0,36269679250.0,,,0.108,12.204,-104784000.0,8765384000.0,8765384000.0,0.0,461118000.0,,4.852,1889909000.0,,,1889909000.0,0.0,117065000.0,24767649000.0,0.01,0.18,1001882000.0,1118947000.0,0.286,1118947000.0,1001882000.0,1001882000.0,0.96,0.95,0.96,5849691000.0,5692684000.0,5849691000.0,2160239830.0,2.0,1.931,2997626000.0,6.254,1.0,3907044000.0,1.0,311451000.0,0.0,27046616000.0,30432983500.0,0.0,20710443000.0,,,28383851000.0,,,8220382830.0,1055823000.0,69529000.0,-4405000.0,-1096527000.0,-87617000.0,360315000.0,-2393130000.0,-2357875000.0,3102410000.0,-13772000.0,461118000.0,461118000.0,461118000.0,433379000.0,0.0,0.118,2471783000.0,1435261000.0,0.0,0.188,1.405,17.827,17.865,556030000.0,0.0,17.15,2.104,2.104,0.0,2966053000.0,3907044000.0,3907044000.0,0.0,0.013,0.081,0.033,0.256,98413000.0,2471783000.0,1.0,479322614.0,479322614.0,,8.151,33922091000.0,0.0,540764000.0,0.0,70.771,
53,DFS,MRT,2008-03-31,2008-02-29,2008-02-29,2021-07-29,5191000.0,37328059000.0,36629435750.0,,,0.109,11.802,-110627000.0,8286290000.0,8286290000.0,0.0,436212000.0,,5.602,2226147000.0,,,2226147000.0,0.0,122022000.0,24941776000.0,0.008,0.12,997936000.0,1119958000.0,0.28,1119958000.0,997936000.0,997936000.0,0.91,0.91,0.91,5654341000.0,5675332250.0,5654341000.0,3752015491.0,4.0,3.35,2239387000.0,4.674,1.0,3993650000.0,1.0,313321000.0,0.0,30954595000.0,31687407750.0,0.0,21074809000.0,,,31673718000.0,,,7229591491.0,6331151000.0,-5000000.0,-2412000.0,-101833000.0,-58363000.0,7010823000.0,-3017062000.0,-2901435000.0,2350014000.0,-12624000.0,436212000.0,436212000.0,436212000.0,506998000.0,0.0,0.109,2488716000.0,1504934000.0,0.0,0.132,1.279,16.574,16.582,567475000.0,0.0,15.09,1.81,1.81,0.0,2761159000.0,3993650000.0,3993650000.0,0.0,0.012,0.077,0.031,0.25,75260000.0,2488716000.0,1.0,479098177.0,479098177.0,,8.336,37014738000.0,0.0,561724000.0,0.0,77.259,
54,DFS,MRT,2007-12-31,2007-11-30,2007-11-30,2021-07-29,32032000.0,37376105000.0,33221673500.0,,,0.121,11.725,-118265000.0,8085467000.0,8085467000.0,0.0,588630000.0,,5.675,2384093000.0,,,2384093000.0,0.0,122934000.0,24711313000.0,0.003,0.06,1150144000.0,1273078000.0,0.318,1273078000.0,1150144000.0,1150144000.0,1.23,1.23,1.23,5599422000.0,5687097000.0,5599422000.0,5265143457.0,5.0,4.136,1919760000.0,4.02,1.0,4003927000.0,1.0,315190000.0,0.0,31359541000.0,33532388500.0,0.0,20596631000.0,,,31776683000.0,,,8295121457.0,7912738000.0,-5000000.0,-1419000.0,-3278920000.0,-29146000.0,7458993000.0,-1595145000.0,-1471880000.0,2038025000.0,10865000.0,588630000.0,588630000.0,588630000.0,375569000.0,0.0,0.147,2478214000.0,1525713000.0,0.0,0.049,1.481,14.092,14.122,575229000.0,0.0,17.37,2.072,2.072,0.0,2717905000.0,4003927000.0,4003927000.0,0.0,0.018,0.104,0.034,0.287,35710000.0,2478214000.0,1.0,477554488.0,477554488.0,,8.384,37060915000.0,0.0,561514000.0,0.0,77.606,
55,DFS,MRT,2007-09-30,2007-08-31,2007-08-31,2021-07-29,33312000.0,36141011000.0,,,,,11.875,-128165000.0,8600761000.0,8600761000.0,0.0,831636000.0,,5.377,5570783000.0,,,5570783000.0,0.0,123004000.0,22977291000.0,0.0,0.0,1303675000.0,1426679000.0,0.372,1426679000.0,1303675000.0,1303675000.0,1.74,1.74,1.74,5667282000.0,,5667282000.0,8170682351.0,6.0,5.727,1633966000.0,3.424,1.0,3839095000.0,1.0,739851000.0,0.0,32371182000.0,,0.0,22019663000.0,,,30473729000.0,,,11043239351.0,7814262000.0,25047000.0,0.0,-851189000.0,0.0,6641116000.0,-602634000.0,-499516000.0,1762131000.0,13649000.0,831636000.0,831636000.0,831636000.0,164685000.0,0.0,0.217,2370735000.0,1468360000.0,0.0,0.0,1.949,13.279,13.299,656980000.0,0.0,23.14,2.877,2.877,0.0,2803535000.0,3839095000.0,3839095000.0,0.0,,,,0.34,15241000.0,2370735000.0,1.0,477235927.0,477235927.0,,8.044,35401160000.0,0.0,472039000.0,0.0,74.18,
56,DFS,MRT,2007-06-30,2007-05-31,2007-05-31,2021-07-29,130304000.0,35672568000.0,,,,,12.112,-136248000.0,7892942000.0,7892942000.0,0.0,870789000.0,,5.171,5020385000.0,,,5020385000.0,0.0,120425000.0,23125529000.0,,0.0,1323041000.0,1443466000.0,0.373,1443466000.0,1323041000.0,1323041000.0,1.83,1.83,1.83,5780284000.0,,5780284000.0,,,,1390589000.0,2.914,1.0,3873203000.0,1.0,735698000.0,0.0,32064313000.0,,0.0,22095952000.0,,,29892284000.0,,,,7327100000.0,-57727000.0,0.0,-851397000.0,0.0,7672803000.0,-1873485000.0,-1679510000.0,1526837000.0,945000.0,870789000.0,870789000.0,870789000.0,122774000.0,0.0,0.225,2427388000.0,1445815000.0,0.0,0.0,,,,658203000.0,0.0,,,,0.0,2951295000.0,3873203000.0,3873203000.0,0.0,,,,0.342,0.0,2427388000.0,1.0,477235927.0,477235927.0,,8.116,34936870000.0,0.0,452252000.0,0.0,73.207,
57,DFS,MRT,2007-03-31,2007-02-28,2007-02-28,2021-07-29,,,,,,,,,,,0.0,1004825000.0,,,,,,,,,,,0.0,1512805000.0,,,,1512805000.0,1512805000.0,2.11,,2.11,,,,,,,,,1.0,4046229000.0,1.0,,0.0,,,,,,,,,,,,,,,,,,,,,1004825000.0,1004825000.0,1004825000.0,81760000.0,0.0,0.248,2451664000.0,1594565000.0,,0.0,,,,,0.0,,,,,,4046229000.0,4046229000.0,0.0,,,,0.374,,2376903000.0,1.0,477235927.0,477235927.0,,8.478,,,507980000.0,,,
58,DFS,MRT,2006-12-31,2006-11-30,2006-11-30,2021-07-29,129986000.0,29067242000.0,28005582500.0,,,0.148,12.1,-144151000.0,874357000.0,874357000.0,0.0,1076616000.0,,4.033,8247256000.0,,,8247256000.0,0.0,113169000.0,13343859000.0,,0.0,1612179000.0,1725348000.0,0.417,1725348000.0,1612179000.0,1612179000.0,2.26,2.26,2.26,5774772000.0,5187610500.0,5774772000.0,,,,1576636000.0,3.304,1.0,4134811000.0,1.0,734905000.0,0.0,35705236000.0,33203375000.0,0.0,22994678000.0,,,23292470000.0,,,,318875000.0,-1924491000.0,0.0,3851978000.0,0.0,621255000.0,-2023830000.0,44812000.0,1720787000.0,663000.0,1076616000.0,1076616000.0,1076616000.0,55574000.0,0.0,0.26,2467058000.0,1667753000.0,0.0,0.0,,,,660900000.0,0.0,,,,0.0,3008421000.0,4134811000.0,4134811000.0,0.0,0.038,0.208,0.049,0.39,0.0,2467058000.0,1.0,477235927.0,477235927.0,,8.664,28332337000.0,0.0,535563000.0,0.0,59.368,
59,DFS,MRT,2006-09-30,2006-08-31,2006-08-31,2021-07-29,,,,,,,,,,,,,,,,,,,,,,,0.0,,,,,,,,,,,,,,,,,,1.0,,,,,,,,,,,,,,,,,,,,,,,,,,,,,,,,,,,,,,,,,,,,,,,,,,,,,,1.0,,,,,,,,,,
60,DFS,MRT,2006-06-30,2006-05-31,2006-05-31,2021-07-29,,,,,,,,,,,,,,,,,,,,,,,0.0,,,,,,,,,,,,,,,,,,1.0,,,,,,,,,,,,,,,,,,,,,,,,,,,,,,,,,,,,,,,,,,,,,,,,,,,,,,1.0,,,,,,,,,,
61,DFS,MRT,2005-12-31,2005-11-30,2005-11-30,2021-07-29,45220000.0,26943923000.0,,,,,,-97963000.0,557170000.0,557170000.0,0.0,577915000.0,,4.857,4636805000.0,,,4636805000.0,0.0,112856000.0,16065632000.0,,0.0,924256000.0,1037112000.0,0.3,1037112000.0,924256000.0,924256000.0,1.21,1.21,1.21,4600449000.0,,4600449000.0,,,,1538111000.0,,1.0,3456883000.0,1.0,322044000.0,0.0,30701514000.0,,0.0,21981037000.0,,,22343474000.0,,,,-249130000.0,-323426000.0,0.0,-701415000.0,0.0,2426196000.0,-4309817000.0,-3888428000.0,1636074000.0,-1583000.0,577915000.0,577915000.0,577915000.0,0.0,0.0,0.167,2532627000.0,924256000.0,0.0,0.0,,,,624525000.0,0.0,,,,0.0,2431805000.0,3456883000.0,3456883000.0,0.0,,,,0.267,0.0,2532627000.0,1.0,,,,,26621879000.0,0.0,346341000.0,0.0,,
62,DFS,MRT,2004-12-31,2004-11-30,2004-11-30,2021-07-29,,,,,,,,-98712000.0,,,0.0,776253000.0,,,,,,,,116751000.0,,,0.0,1218907000.0,1335658000.0,0.378,1335658000.0,1218907000.0,1218907000.0,,,,,,,,,,1489247000.0,,1.0,3534719000.0,1.0,,0.0,,,,,,,,,,,-450245000.0,0.0,0.0,-286478000.0,0.0,-278466000.0,-1763234000.0,-1664522000.0,1587959000.0,3496000.0,776253000.0,776253000.0,776253000.0,0.0,0.0,0.22,2315812000.0,1218907000.0,,,,,,,0.0,,,,,,3534719000.0,3534719000.0,0.0,,,,0.345,0.0,2021429000.0,1.0,,,,,,,442654000.0,,,
