None,ticker,dimension,calendardate,datekey,reportperiod,lastupdated,accoci,assets,assetsavg,assetsc,assetsnc,assetturnover,bvps,capex,cashneq,cashnequsd,cor,consolinc,currentratio,de,debt,debtc,debtnc,debtusd,deferredrev,depamor,deposits,divyield,dps,ebit,ebitda,ebitdamargin,ebitdausd,ebitusd,ebt,eps,epsdil,epsusd,equity,equityavg,equityusd,ev,evebit,evebitda,fcf,fcfps,fxusd,gp,grossmargin,intangibles,intexp,invcap,invcapavg,inventory,investments,investmentsc,investmentsnc,liabilities,liabilitiesc,liabilitiesnc,marketcap,ncf,ncfbus,ncfcommon,ncfdebt,ncfdiv,ncff,ncfi,ncfinv,ncfo,ncfx,netinc,netinccmn,netinccmnusd,netincdis,netincnci,netmargin,opex,opinc,payables,payoutratio,pb,pe,pe1,ppnenet,prefdivis,price,ps,ps1,receivables,retearn,revenue,revenueusd,rnd,roa,roe,roic,ros,sbcomp,sgna,sharefactor,sharesbas,shareswa,shareswadil,sps,tangibles,taxassets,taxexp,taxliabilities,tbvps,workingcapital
0,DFS,ARY,2020-12-31,2021-02-17,2020-12-31,2021-07-29,45000000,112889000000,115921750000.0,,,0.051,35.488,-261000000.0,13589000000,13589000000,0.0,1141000000.0,,9.372,21241000000,,,21241000000,0,485000000.0,76904000000,0.024,1.76,1398000000.0,1883000000.0,0.316,1883000000.0,1398000000.0,1398000000.0,3.6,3.6,3.6,10884000000,10111000000.0,10884000000,35775630907.0,26.0,18.999,5935000000.0,19.352,1.0,5954000000.0,1.0,350000000,0.0,120191000000,128811000000.0,0,94337000000,,,102005000000,,,28123630907.0,6625000000.0,0.0,-338000000.0,-4792000000.0,-576000000.0,-1085000000.0,1514000000.0,1775000000.0,6196000000.0,0.0,1104000000.0,1104000000.0,1104000000.0,0.0,37000000.0,0.185,4519000000.0,1435000000.0,0,0.611,2.584,25.474,25.472,1027000000,0.0,91.7,4.723,4.723,0,19955000000,5954000000.0,5954000000.0,0.0,0.01,0.109,0.011,0.235,0.0,4519000000.0,1.0,306691722,306691722,,19.414,112539000000,0,294000000.0,0,366.945,
1,DFS,ARY,2019-12-31,2020-02-26,2019-12-31,2021-07-29,-119000000,113996000000,111552250000.0,,,0.074,38.461,-284000000.0,6964000000,6964000000,0.0,2957000000.0,,8.613,25701000000,,,25701000000,0,436000000.0,72746000000,0.025,1.72,3786000000.0,4222000000.0,0.513,4222000000.0,3786000000.0,3786000000.0,9.09,9.08,9.09,11859000000,11582000000.0,11859000000,40012297022.0,11.0,9.477,5912000000.0,19.174,1.0,8228000000.0,1.0,410000000,0.0,132323000000,126626750000.0,0,103106000000,,,102137000000,,,21275297022.0,-8181000000.0,0.0,-1761000000.0,-1714000000.0,-573000000.0,897000000.0,-15274000000.0,-14990000000.0,6196000000.0,0.0,2908000000.0,2908000000.0,2908000000.0,0.0,49000000.0,0.353,4393000000.0,3835000000.0,0,0.189,1.794,7.316,7.591,1057000000,0.0,69.0,2.586,2.586,0,21290000000,8228000000.0,8228000000.0,0.0,0.026,0.251,0.03,0.46,0.0,4393000000.0,1.0,308337638,308337638,,26.685,113586000000,0,878000000.0,0,368.382,
2,DFS,ARY,2018-12-31,2019-02-20,2018-12-31,2021-07-29,-156000000,109553000000,105028250000.0,,,0.073,33.893,-254000000.0,15145000000,15145000000,0.0,2742000000.0,,8.843,27228000000,,,27228000000,0,435000000.0,67759000000,0.027,1.55,3544000000.0,3979000000.0,0.519,3979000000.0,3544000000.0,3544000000.0,7.81,7.79,7.81,11130000000,10976500000.0,11130000000,35602053449.0,10.0,8.947,4937000000.0,15.034,1.0,7674000000.0,1.0,416000000,0.0,121220000000,115099250000.0,0,90841000000,,,98423000000,,,23519053449.0,1758000000.0,0.0,-2059000000.0,796000000.0,-552000000.0,7146000000.0,-10579000000.0,-10325000000.0,5191000000.0,0.0,2689000000.0,2689000000.0,2689000000.0,0.0,53000000.0,0.35,4077000000.0,3597000000.0,0,0.243,2.113,8.746,9.17,936000000,0.0,71.62,3.065,3.065,0,18906000000,7674000000.0,7674000000.0,0.0,0.026,0.245,0.031,0.462,0.0,4077000000.0,1.0,328386672,328386672,,23.369,109137000000,0,855000000.0,0,332.343,
3,DFS,ARY,2017-12-31,2018-02-21,2017-12-31,2021-07-29,-152000000,100087000000,96561750000.0,,,0.076,30.703,-218000000.0,13387000000,13387000000,0.0,2099000000.0,,8.189,26326000000,,,26326000000,0,393000000.0,58764000000,0.017,1.35,3469000000.0,3862000000.0,0.528,3862000000.0,3469000000.0,3469000000.0,5.43,5.42,5.43,10892000000,11150750000.0,10892000000,40819342413.0,12.0,10.569,4990000000.0,14.066,1.0,7318000000.0,1.0,418000000,0.0,112608000000,108418750000.0,0,83195000000,,,89195000000,,,27880342413.0,1392000000.0,0.0,-2076000000.0,823000000.0,-527000000.0,4961000000.0,-8777000000.0,-8573000000.0,5208000000.0,0.0,2031000000.0,2031000000.0,2031000000.0,0.0,68000000.0,0.278,3781000000.0,3537000000.0,0,0.249,2.56,13.727,14.473,825000000,0.0,78.59,3.81,3.81,0,16687000000,7318000000.0,7318000000.0,0.0,0.021,0.182,0.032,0.474,0.0,3781000000.0,1.0,354756870,354756870,,20.628,99669000000,0,1438000000.0,0,280.95,
4,DFS,ARY,2016-12-31,2017-02-23,2016-12-31,2021-07-29,-161000000,92308000000,89613250000.0,,,0.081,29.37,-179000000.0,12009000000,12009000000,0.0,2393000000.0,,7.152,25443000000,,,25443000000,0,351000000.0,51992000000,0.017,1.18,3602000000.0,3953000000.0,0.546,3953000000.0,3602000000.0,3602000000.0,5.77,5.77,5.77,11323000000,11345750000.0,11323000000,40984263570.0,11.0,10.368,4246000000.0,11.013,1.0,7240000000.0,1.0,421000000,0.0,105321000000,102395250000.0,0,76844000000,,,80985000000,,,27550263570.0,2342000000.0,0.0,-1901000000.0,773000000.0,-514000000.0,2811000000.0,-4894000000.0,-4719000000.0,4425000000.0,0.0,2339000000.0,2339000000.0,2339000000.0,0.0,54000000.0,0.323,3584000000.0,3656000000.0,0,0.205,2.433,11.779,12.385,734000000,0.0,71.46,3.805,3.805,0,15130000000,7240000000.0,7240000000.0,0.0,0.026,0.206,0.035,0.498,0.0,3584000000.0,1.0,385534055,385534055,,18.779,91887000000,0,1263000000.0,0,238.337,
5,DFS,ARY,2015-12-31,2016-02-24,2015-12-31,2021-07-29,-160000000,86936000000,85409000000.0,,,0.085,27.221,-167000000.0,9671000000,9671000000,0.0,2297000000.0,,6.711,24724000000,,,24724000000,0,391000000.0,47594000000,0.024,1.12,3561000000.0,3952000000.0,0.547,3952000000.0,3561000000.0,3561000000.0,5.14,5.13,5.14,11275000000,11263000000.0,11275000000,34400331279.0,10.0,8.705,3687000000.0,8.901,1.0,7227000000.0,1.0,423000000,0.0,101566000000,98124500000.0,0,73600000000,,,75661000000,,,19347331279.0,2288000000.0,2000000.0,-1710000000.0,2017000000.0,-515000000.0,1302000000.0,-2868000000.0,-2710000000.0,3854000000.0,0.0,2246000000.0,2246000000.0,2246000000.0,0.0,51000000.0,0.311,3615000000.0,3612000000.0,0,0.218,1.716,8.614,9.088,693000000,0.0,46.71,2.677,2.677,0,13250000000,7227000000.0,7227000000.0,0.0,0.026,0.199,0.036,0.493,0.0,3615000000.0,1.0,414201055,414201055,,17.448,86513000000,0,1315000000.0,0,208.867,
6,DFS,ARY,2014-12-31,2015-02-25,2014-12-31,2021-07-29,-138000000,83126000000,80560750000.0,,,0.087,24.895,-145000000.0,7390000000,7390000000,0.0,2323000000.0,,6.466,22657000000,,,22657000000,0,126000000.0,46089000000,0.016,0.96,3641000000.0,3767000000.0,0.536,3767000000.0,3641000000.0,3641000000.0,4.91,4.9,4.91,11134000000,11209250000.0,11134000000,42606777410.0,12.0,11.311,3681000000.0,8.23,1.0,7034000000.0,1.0,433000000,0.0,97960000000,93166000000.0,0,72172000000,,,71992000000,,,27339777410.0,730000000.0,0.0,-1559000000.0,1990000000.0,-467000000.0,1101000000.0,-4197000000.0,-4128000000.0,3826000000.0,0.0,2270000000.0,2270000000.0,2270000000.0,0.0,53000000.0,0.323,3340000000.0,3694000000.0,0,0.196,2.456,12.044,12.45,670000000,0.0,61.13,3.887,3.887,0,11467000000,7034000000.0,7034000000.0,0.0,0.028,0.203,0.039,0.518,60000000.0,3340000000.0,1.0,447239938,447239938,,15.728,82693000000,0,1371000000.0,0,184.896,
7,DFS,ARY,2013-12-31,2014-02-25,2013-12-31,2021-07-29,-68000000,79340000000,76491750000.0,,,0.093,22.954,-231000000.0,6736000000,6736000000,0.0,2470000000.0,,6.34,20614000000,,,20614000000,0,111000000.0,44959000000,0.014,0.8,3888000000.0,3999000000.0,0.56,3999000000.0,3888000000.0,3888000000.0,4.97,4.96,4.97,10809000000,10539500000.0,10809000000,40700215825.0,10.0,10.178,3286000000.0,6.978,1.0,7138000000.0,1.0,469000000,0.0,92749000000,88481000000.0,0,69114000000,,,68531000000,,,26822215825.0,3970000000.0,0.0,-1283000000.0,2525000000.0,-399000000.0,3616000000.0,-3163000000.0,-3040000000.0,3517000000.0,0.0,2414000000.0,2414000000.0,2414000000.0,0.0,56000000.0,0.338,3194000000.0,3944000000.0,0,0.161,2.481,11.111,11.461,654000000,0.0,56.96,3.758,3.758,0,9611000000,7138000000.0,7138000000.0,0.0,0.032,0.229,0.044,0.545,59000000.0,3194000000.0,1.0,470895643,470895643,,15.158,78871000000,0,1474000000.0,0,167.491,
8,DFS,ARY,2012-12-31,2013-01-25,2012-11-30,2021-07-29,-75000000,75283000000,72940271750.0,,,0.093,19.654,-143000000.0,6270000000,6270000000,0.0,2345000000.0,,6.699,20013000000,,,20013000000,0,95000000.0,42155000000,0.011,0.44,3726000000.0,3821000000.0,0.561,3821000000.0,3726000000.0,3726000000.0,4.47,4.46,4.47,9778000000,9162930750.0,9778000000,33190430148.0,9.0,8.686,2898000000.0,5.825,1.0,6805000000.0,1.0,476000000,0.0,88550000000,85202759250.0,0,65513000000,,,65505000000,,,19447430148.0,1076000000.0,-49000000.0,-1190000000.0,2319000000.0,-209000000.0,3728000000.0,-5693000000.0,-4444000000.0,3041000000.0,0.0,2318000000.0,2318000000.0,2318000000.0,0.0,27000000.0,0.341,3052000000.0,3753000000.0,0,0.098,1.989,8.39,8.745,534000000,0.0,39.09,2.858,2.858,0,7373000000,6805000000.0,6805000000.0,0.0,0.032,0.253,0.044,0.548,47000000.0,3052000000.0,1.0,497503969,497503969,,13.678,74807000000,0,1408000000.0,0,150.365,
9,DFS,ARY,2011-12-31,2012-01-26,2011-11-30,2021-07-29,-51679000,68783937000,65363436500.0,,,0.093,15.552,-108547000.0,4135663000,4135663000,0.0,2226708000.0,,7.345,18337178000,,,18337178000,0,89390000.0,39577462000,0.01,0.28,3486295000.0,3575685000.0,0.591,3575685000.0,3486295000.0,3486295000.0,4.06,4.06,4.06,8242211000,7667648000.0,8242211000,29019657912.0,8.0,8.116,3501068000.0,6.606,1.0,6052411000.0,1.0,443439000,0.0,82542013000,78322241500.0,0,61337792000,,,60541726000,,,14818142912.0,-2248890000.0,-401158000.0,-412150000.0,-2357138000.0,-109573000.0,2263045000.0,-8121550000.0,-7896019000.0,3609615000.0,0.0,2201759000.0,2201759000.0,2201759000.0,0.0,24949000.0,0.364,2541167000.0,3511244000.0,0,0.069,1.798,6.73,6.887,483250000,0.0,27.96,2.448,2.448,0,5243318000,6052411000.0,6052411000.0,0.0,0.034,0.287,0.045,0.576,43777000.0,2541167000.0,1.0,529976499,529976499,,11.42,68340498000,0,1284536000.0,0,128.95,
10,DFS,ARY,2010-12-31,2011-01-26,2010-11-30,2021-07-29,-82548000,60784968000,62453787500.0,,,0.055,11.842,-54431000.0,5098733000,5098733000,0.0,764788000.0,,8.414,17705728000,,,17705728000,0,89166000.0,34413383000,0.004,0.08,1172009000.0,1261175000.0,0.365,1261175000.0,1172009000.0,1172009000.0,1.23,1.22,1.23,6456846000,6405364500.0,6456846000,23909964004.0,20.0,18.958,3818155000.0,7.003,1.0,3451524000.0,1.0,444394000,0.0,72947569000,72016628500.0,0,50982690000,,,54328122000,,,11302969004.0,-7921986000.0,0.0,-6918000.0,-7143013000.0,-70431000.0,-7071620000.0,-4722952000.0,-5186834000.0,3872586000.0,0.0,667938000.0,667938000.0,667938000.0,0.0,96850000.0,0.194,2182665000.0,1268859000.0,0,0.065,1.751,16.922,16.854,460732000,0.0,20.73,3.275,3.275,0,3126488000,3451524000.0,3451524000.0,0.0,0.011,0.104,0.016,0.34,37081000.0,2182665000.0,1.0,545246937,545246937,,6.33,60340574000,0,504071000.0,0,110.667,
11,DFS,ARY,2009-12-31,2010-01-28,2009-11-30,2021-07-29,-154818000,46020987000,42711020750.0,,,0.102,15.518,-52544000.0,13020719000,13020719000,0.0,1276185000.0,,4.456,2428101000,,,2428101000,0,97930000.0,32093012000,0.006,0.08,2120898000.0,2218828000.0,0.508,2218828000.0,2120898000.0,2120898000.0,2.42,2.39,2.42,8435547000,7559185000.0,8435547000,-3248451277.0,-2.0,-1.464,3545348000.0,6.522,1.0,4371986000.0,1.0,451057000,0.0,34977312000,34179561750.0,0,28252482000,,,37585440000,,,7344166723.0,2849576000.0,0.0,522437000.0,193983000.0,-101034000.0,5412464000.0,-6160780000.0,-5464925000.0,3597892000.0,0.0,1276185000.0,1222930000.0,1222930000.0,0.0,0.0,0.28,2251088000.0,2120898000.0,0,0.033,0.871,6.005,5.583,499303000,53255000.0,13.51,1.68,1.68,0,3873262000,4371986000.0,4371986000.0,0.0,0.029,0.162,0.062,0.485,44249000.0,2251088000.0,1.0,543609676,543609676,,8.043,45569930000,0,844713000.0,0,83.828,
12,DFS,ARY,2008-12-31,2009-01-28,2008-11-30,2021-07-29,-66338000,39892382000,37192949500.0,,,0.11,12.323,-93532000.0,10171143000,10171143000,0.0,927750000.0,,5.743,2235383000,,,2235383000,0,107151000.0,28530521000,0.03,0.24,1522442000.0,1629593000.0,0.4,1629593000.0,1522442000.0,1522442000.0,1.94,1.92,1.94,5915823000,5855062000.0,5915823000,-4138515925.0,-3.0,-2.54,4410627000.0,9.188,1.0,4073402000.0,1.0,458740000,0.0,31497882000,29471528500.0,0,25069970000,,,33976559000,,,3797244075.0,1384048000.0,-90749000.0,-6838000.0,-656920000.0,-116956000.0,3035443000.0,-6130962000.0,-5946681000.0,4504159000.0,-24592000.0,927750000.0,927750000.0,927750000.0,135163000.0,0.0,0.228,2415797000.0,1657605000.0,0,0.124,0.642,4.093,4.077,552502000,0.0,7.91,0.932,0.932,0,3046956000,4073402000.0,4073402000.0,0.0,0.025,0.158,0.052,0.374,92558000.0,2415797000.0,1.0,480056141,480056141,,8.485,39433642000,0,594692000.0,0,82.144,
13,DFS,ARY,2007-12-31,2008-02-27,2007-11-30,2021-07-29,32032000,37376105000,33221673500.0,,,0.123,11.687,-118265000.0,8787095000,8787095000,0.0,588630000.0,,5.675,5309519000,,,5309519000,0,122934000.0,24725401000,0.007,0.12,945196000.0,1068130000.0,0.26,1068130000.0,945196000.0,945196000.0,1.23,1.23,1.23,5599422000,5687097000.0,5599422000,4235904650.0,4.0,3.966,1919760000.0,4.007,1.0,4101708000.0,1.0,353464000,0.0,33545065000,34625150500.0,0,23562890000,,,31776683000,,,7713480650.0,7912738000.0,-5000000.0,-1419000.0,-3278920000.0,-29146000.0,7458993000.0,-1595145000.0,-1471880000.0,2038025000.0,10865000.0,588630000.0,588630000.0,588630000.0,0.0,0.0,0.144,3156512000.0,945196000.0,0,0.098,1.378,13.104,13.089,658492000,0.0,16.1,1.881,1.881,0,2717905000,4101708000.0,4101708000.0,0.0,0.018,0.104,0.027,0.23,35710000.0,2765393000.0,1.0,479098177,479098177,,8.561,37022641000,0,356566000.0,0,77.276,
14,DFS,ARY,2006-12-31,2007-06-01,2006-11-30,2021-07-29,129986000,29067242000,,,,,12.1,-144151000.0,874357000,874357000,0.0,1076616000.0,,4.033,8247256000,,,8247256000,0,113169000.0,13343859000,,0.0,1582305000.0,1695474000.0,0.394,1695474000.0,1582305000.0,1582305000.0,,,,5774772000,,5774772000,,,,1576636000.0,3.304,1.0,4301788000.0,1.0,734905000,0.0,35705236000,,0,22994678000,,,23292470000,,,,318875000.0,-1924491000.0,0.0,3851978000.0,0.0,621255000.0,-2023830000.0,44812000.0,1720787000.0,663000.0,1076616000.0,1076616000.0,1076616000.0,0.0,0.0,0.25,2719483000.0,1582305000.0,0,,,,,660900000,0.0,,,,0,3008421000,4301788000.0,4301788000.0,0.0,,,,0.368,0.0,2384394000.0,1.0,477235927,477235927,,9.014,28332337000,0,505689000.0,0,59.368,
15,DFS,ARY,2006-12-31,2007-05-18,2006-11-30,2021-07-29,129986000,29067242000,,,,,12.1,-144151000.0,874357000,874357000,0.0,1076616000.0,,4.033,8247256000,,,8247256000,0,113169000.0,13343859000,,0.0,1582305000.0,1695474000.0,0.394,1695474000.0,1582305000.0,1582305000.0,,,,5774772000,,5774772000,,,,1576636000.0,3.304,1.0,4301788000.0,1.0,734905000,0.0,35705236000,,0,22994678000,,,23292470000,,,,318875000.0,-1924491000.0,0.0,3851978000.0,0.0,621255000.0,-2023830000.0,44812000.0,1720787000.0,663000.0,1076616000.0,1076616000.0,1076616000.0,0.0,0.0,0.25,2719483000.0,1582305000.0,0,,,,,660900000,0.0,,,,0,3008421000,4301788000.0,4301788000.0,0.0,,,,0.368,0.0,2384394000.0,1.0,477235927,477235927,,9.014,28332337000,0,505689000.0,0,59.368,
16,DFS,ARY,2006-12-31,2007-05-01,2006-11-30,2021-07-29,129986000,29067242000,,,,,12.1,-144151000.0,874357000,874357000,0.0,1076616000.0,,4.033,8247256000,,,8247256000,0,113169000.0,13343859000,,0.0,1582305000.0,1695474000.0,0.394,1695474000.0,1582305000.0,1582305000.0,,,,5774772000,,5774772000,,,,1576636000.0,3.304,1.0,4301788000.0,1.0,734905000,0.0,35705236000,,0,22994678000,,,23292470000,,,,318875000.0,-1924491000.0,0.0,3851978000.0,0.0,621255000.0,-2023830000.0,44812000.0,1720787000.0,663000.0,1076616000.0,1076616000.0,1076616000.0,0.0,0.0,0.25,2719483000.0,1582305000.0,0,,,,,660900000,0.0,,,,0,3008421000,4301788000.0,4301788000.0,0.0,,,,0.368,0.0,2299097000.0,1.0,477235927,477235927,,9.014,28332337000,0,505689000.0,0,59.368,
17,DFS,ARY,2006-12-31,2007-03-23,2006-11-30,2021-07-29,129986000,29067242000,,,,,12.1,-144151000.0,874357000,874357000,0.0,1076616000.0,,4.033,8247256000,,,8247256000,0,113169000.0,13343859000,,0.0,1582305000.0,1695474000.0,0.394,1695474000.0,1582305000.0,1582305000.0,,,,5774772000,,5774772000,,,,1576636000.0,3.304,1.0,4301788000.0,1.0,734905000,0.0,35705236000,,0,22994678000,,,23292470000,,,,318875000.0,-1924491000.0,0.0,3851978000.0,0.0,621255000.0,-2023830000.0,44812000.0,1720787000.0,663000.0,1076616000.0,1076616000.0,1076616000.0,0.0,0.0,0.25,2719483000.0,1582305000.0,0,,,,,660900000,0.0,,,,0,3008421000,4301788000.0,4301788000.0,0.0,,,,0.368,0.0,2299097000.0,1.0,477235927,477235927,,9.014,28332337000,0,505689000.0,0,59.368,
0,DFS,ARQ,2021-06-30,2021-07-29,2021-06-30,2021-07-29,-39000000,110985000000,,,,,43.981,-56000000.0,16368000000,16368000000,0.0,1698000000.0,,7.426,19350000000,,,19350000000,0,129000000.0,74476000000,0.014,0.44,2212000000.0,2341000000.0,0.68,2341000000.0,2212000000.0,2212000000.0,5.56,5.55,5.56,13171000000,,13171000000,40562294536.0,7.0,6.071,1492000000.0,4.982,1.0,3444000000.0,1.0,256000000,0.0,113711000000,,0,89489000000,,,97814000000,,,37580294536.0,-4306000000.0,0.0,-550000000.0,-1632000000.0,-151000000.0,-4607000000.0,-1247000000.0,-1191000000.0,1548000000.0,0.0,1688000000.0,1688000000.0,1688000000.0,0.0,10000000.0,0.49,1222000000.0,2222000000.0,0,0.079,2.853,7.862,8.019,986000000,0.0,125.49,3.46,3.46,0,22936000000,3444000000.0,3444000000.0,0.0,,,,,0.0,1222000000.0,1.0,299468440,299468440,,11.5,110729000000,0,524000000.0,0,369.752,
1,DFS,ARQ,2021-03-31,2021-05-04,2021-03-31,2021-07-29,-7000000,113871000000,,,,,39.864,-41000000.0,20674000000,20674000000,0.0,1593000000.0,,8.369,21011000000,,,21011000000,0,119000000.0,76745000000,0.015,0.0,2032000000.0,2151000000.0,0.681,2151000000.0,2032000000.0,2032000000.0,5.04,5.04,5.04,12154000000,,12154000000,35527118366.0,10.0,8.88,1467000000.0,4.812,1.0,3160000000.0,1.0,350000000,0.0,113858000000,,0,88432000000,,,101717000000,,,35190118366.0,7085000000.0,0.0,-117000000.0,-170000000.0,-159000000.0,-611000000.0,6188000000.0,6229000000.0,1508000000.0,0.0,1546000000.0,1546000000.0,1546000000.0,0.0,47000000.0,0.489,1081000000.0,2079000000.0,0,0.0,2.895,12.923,12.983,1021000000,0.0,115.42,4.381,4.381,0,21373000000,3160000000.0,3160000000.0,0.0,,,,,0.0,1081000000.0,1.0,304887527,304887527,,10.364,113521000000,0,486000000.0,0,372.337,
2,DFS,ARQ,2020-12-31,2021-02-17,2020-12-31,2021-07-29,45000000,112889000000,,,,,35.488,-55000000.0,13589000000,13589000000,0.0,799000000.0,,9.372,21241000000,,,21241000000,0,123000000.0,76904000000,0.024,0.88,1011000000.0,1134000000.0,0.495,1134000000.0,1011000000.0,1011000000.0,2.6,2.6,2.6,10884000000,,10884000000,35775630907.0,26.0,18.999,1578000000.0,5.145,1.0,2293000000.0,1.0,350000000,0.0,120191000000,,0,94337000000,,,102005000000,,,28123630907.0,3500000000.0,0.0,-2000000.0,-558000000.0,-152000000.0,-1829000000.0,3696000000.0,3751000000.0,1633000000.0,0.0,795000000.0,795000000.0,795000000.0,0.0,4000000.0,0.347,1278000000.0,1015000000.0,0,0.338,2.584,25.474,25.472,1027000000,0.0,91.7,4.723,4.723,0,19955000000,2293000000.0,2293000000.0,0.0,,,,,0.0,1278000000.0,1.0,306691722,306691722,,7.477,112539000000,0,216000000.0,0,366.945,
3,DFS,ARQ,2020-09-30,2020-10-26,2020-09-30,2021-07-29,93000000,124349000000,,,,,33.449,-53000000.0,10089000000,10089000000,0.0,771000000.0,,11.129,32541000000,,,32541000000,0,116000000.0,78015000000,0.027,0.44,939000000.0,1055000000.0,0.537,1055000000.0,939000000.0,939000000.0,2.45,2.45,2.45,10252000000,,10252000000,42643978352.0,33.0,23.877,1243000000.0,4.056,1.0,1964000000.0,1.0,350000000,0.0,146451000000,,0,109336000000,,,114097000000,,,20191978352.0,-5078000000.0,0.0,2000000.0,-1310000000.0,-135000000.0,-799000000.0,-5575000000.0,-5522000000.0,1296000000.0,0.0,751000000.0,751000000.0,751000000.0,0.0,20000000.0,0.382,1005000000.0,959000000.0,0,0.18,1.97,20.012,20.209,1121000000,0.0,65.88,3.5,3.5,0,19292000000,1964000000.0,1964000000.0,0.0,,,,,0.0,1005000000.0,1.0,306496332,306496332,,6.408,123999000000,0,188000000.0,0,404.569,
4,DFS,ARQ,2020-06-30,2020-07-27,2020-06-30,2021-07-29,122000000,113792000000,,,,,31.47,-94000000.0,15167000000,15167000000,0.0,-368000000.0,,10.8,23194000000,,,23194000000,0,123000000.0,77364000000,0.034,0.44,-462000000.0,-339000000.0,-0.55,-339000000.0,-462000000.0,-462000000.0,-1.2,-1.2,-1.2,9643000000,,9643000000,23887358724.0,18.0,13.147,1493000000.0,4.872,1.0,616000000.0,1.0,351000000,0.0,121468000000,,0,93777000000,,,104149000000,,,15860358724.0,3956000000.0,0.0,3000000.0,-2910000000.0,-151000000.0,1373000000.0,996000000.0,1090000000.0,1587000000.0,0.0,-369000000.0,-369000000.0,-369000000.0,0.0,1000000.0,-0.599,1077000000.0,-461000000.0,0,-0.367,1.645,15.75,16.328,1115000000,0.0,51.76,2.685,2.685,0,18673000000,616000000.0,616000000.0,0.0,,,,,0.0,1077000000.0,1.0,306421150,306421150,,2.01,113441000000,0,-93000000.0,0,370.213,
5,DFS,ARQ,2020-03-31,2020-04-30,2020-03-31,2021-07-29,134000000,112657000000,,,,,31.554,-59000000.0,11211000000,11211000000,0.0,-61000000.0,,10.656,26098000000,,,26098000000,0,123000000.0,73418000000,0.04,0.0,-95000000.0,28000000.0,0.026,28000000.0,-95000000.0,-95000000.0,-0.25,-0.25,-0.25,9665000000,,9665000000,28048744345.0,10.0,8.657,1621000000.0,5.292,1.0,1081000000.0,1.0,410000000,0.0,127134000000,,0,96832000000,,,102992000000,,,13161744345.0,4247000000.0,0.0,-341000000.0,-14000000.0,-138000000.0,170000000.0,2397000000.0,2456000000.0,1680000000.0,0.0,-78000000.0,-78000000.0,-78000000.0,0.0,17000000.0,-0.072,1159000000.0,-78000000.0,0,0.0,1.362,6.2,6.423,1070000000,0.0,42.97,1.789,1.789,0,19175000000,1081000000.0,1081000000.0,0.0,,,,,0.0,1159000000.0,1.0,306300776,306300776,,3.529,112247000000,0,-17000000.0,0,366.46,
6,DFS,ARQ,2019-12-31,2020-02-26,2019-12-31,2021-07-29,-119000000,113996000000,,,,,38.461,-72000000.0,6964000000,6964000000,0.0,708000000.0,,8.613,25701000000,,,25701000000,0,121000000.0,72746000000,0.025,0.88,921000000.0,1042000000.0,0.494,1042000000.0,921000000.0,921000000.0,2.26,2.26,2.26,11859000000,,11859000000,40012297022.0,11.0,9.477,1392000000.0,4.515,1.0,2108000000.0,1.0,410000000,0.0,132323000000,,0,103106000000,,,102137000000,,,21275297022.0,852000000.0,0.0,-400000000.0,1282000000.0,-153000000.0,2443000000.0,-3055000000.0,-2983000000.0,1464000000.0,0.0,705000000.0,705000000.0,705000000.0,0.0,3000000.0,0.334,1184000000.0,924000000.0,0,0.389,1.794,7.316,7.591,1057000000,0.0,69.0,2.586,2.586,0,21290000000,2108000000.0,2108000000.0,0.0,,,,,0.0,1184000000.0,1.0,308337638,308337638,,6.837,113586000000,0,216000000.0,0,368.382,
7,DFS,ARQ,2019-09-30,2019-10-30,2019-09-30,2021-07-29,-74000000,110786000000,,,,,37.379,-61000000.0,6112000000,6112000000,0.0,770000000.0,,8.455,24454000000,,,24454000000,0,113000000.0,71021000000,0.02,0.44,973000000.0,1086000000.0,0.517,1086000000.0,973000000.0,973000000.0,2.36,2.36,2.36,11717000000,,11717000000,43779948731.0,12.0,10.479,758000000.0,2.418,1.0,2101000000.0,1.0,414000000,0.0,128714000000,,0,100843000000,,,99069000000,,,25437948731.0,-5241000000.0,0.0,-417000000.0,-748000000.0,-141000000.0,-30000000.0,-6030000000.0,-5969000000.0,819000000.0,0.0,749000000.0,749000000.0,749000000.0,0.0,21000000.0,0.356,1107000000.0,994000000.0,0,0.186,2.171,8.826,9.149,1028000000,0.0,81.15,3.13,3.13,0,20720000000,2101000000.0,2101000000.0,0.0,,,,,0.0,1107000000.0,1.0,313468253,313468253,,6.702,110372000000,0,224000000.0,0,352.099,
8,DFS,ARQ,2019-06-30,2019-08-01,2019-06-30,2021-07-29,-83000000,110707000000,,,,,36.114,-69000000.0,11353000000,11353000000,0.0,753000000.0,,8.633,25163000000,,,25163000000,0,103000000.0,69734000000,0.018,0.4,981000000.0,1084000000.0,0.525,1084000000.0,981000000.0,981000000.0,2.32,2.32,2.32,11493000000,,11493000000,41694279311.0,11.0,10.052,1509000000.0,4.742,1.0,2065000000.0,1.0,415000000,0.0,124102000000,,0,95608000000,,,99214000000,,,27884279311.0,-3860000000.0,0.0,-459000000.0,-1222000000.0,-145000000.0,-1017000000.0,-4421000000.0,-4352000000.0,1578000000.0,0.0,747000000.0,747000000.0,747000000.0,0.0,6000000.0,0.362,1078000000.0,987000000.0,0,0.172,2.426,9.846,10.236,1008000000,0.0,87.62,3.482,3.482,0,20107000000,2065000000.0,2065000000.0,0.0,,,,,0.0,1078000000.0,1.0,318241033,318241033,,6.489,110292000000,0,234000000.0,0,346.568,
9,DFS,ARQ,2019-03-31,2019-05-02,2019-03-31,2021-07-29,-136000000,110720000000,,,,,34.779,-82000000.0,15213000000,15213000000,0.0,726000000.0,,8.834,26276000000,,,26276000000,0,99000000.0,68916000000,0.019,0.0,909000000.0,1008000000.0,0.516,1008000000.0,909000000.0,909000000.0,2.15,2.15,2.15,11259000000,,11259000000,37330361485.0,10.0,9.231,2253000000.0,6.96,1.0,1954000000.0,1.0,415000000,0.0,121368000000,,0,91852000000,,,99461000000,,,26267361485.0,68000000.0,0.0,-485000000.0,-1026000000.0,-134000000.0,-499000000.0,-1768000000.0,-1686000000.0,2335000000.0,0.0,705000000.0,705000000.0,705000000.0,0.0,21000000.0,0.361,1024000000.0,930000000.0,0,0.0,2.333,9.559,9.956,980000000,0.0,81.14,3.366,3.366,0,19484000000,1954000000.0,1954000000.0,0.0,,,,,0.0,1024000000.0,1.0,323728882,323728882,,6.036,110305000000,0,204000000.0,0,340.733,
10,DFS,ARQ,2018-12-31,2019-02-20,2018-12-31,2021-07-29,-156000000,109553000000,,,,,33.893,-77000000.0,15145000000,15145000000,0.0,687000000.0,,8.843,27228000000,,,27228000000,0,109000000.0,67759000000,0.027,0.8,891000000.0,1000000000.0,0.498,1000000000.0,891000000.0,891000000.0,2.04,2.02,2.04,11130000000,,11130000000,35602053449.0,10.0,8.947,684000000.0,2.083,1.0,2007000000.0,1.0,416000000,0.0,121220000000,,0,90841000000,,,98423000000,,,23519053449.0,-1464000000.0,0.0,-464000000.0,129000000.0,-151000000.0,3589000000.0,-5814000000.0,-5737000000.0,761000000.0,0.0,681000000.0,681000000.0,681000000.0,0.0,6000000.0,0.339,1110000000.0,897000000.0,0,0.392,2.113,8.746,9.17,936000000,0.0,71.62,3.065,3.065,0,18906000000,2007000000.0,2007000000.0,0.0,,,,,0.0,1110000000.0,1.0,328386672,328386672,,6.112,109137000000,0,210000000.0,0,332.343,
11,DFS,ARQ,2018-09-30,2018-10-31,2018-09-30,2021-07-29,-160000000,105842000000,,,,,32.789,-59000000.0,16609000000,16609000000,0.0,720000000.0,,8.608,26998000000,,,26998000000,0,110000000.0,63674000000,0.021,0.4,946000000.0,1056000000.0,0.533,1056000000.0,946000000.0,946000000.0,2.05,2.05,2.05,11016000000,,11016000000,33795658768.0,10.0,8.547,1547000000.0,4.605,1.0,1982000000.0,1.0,417000000,0.0,115814000000,,0,85768000000,,,94826000000,,,23406658768.0,690000000.0,0.0,-458000000.0,729000000.0,-137000000.0,2120000000.0,-3036000000.0,-2977000000.0,1606000000.0,0.0,699000000.0,699000000.0,699000000.0,0.0,21000000.0,0.353,1015000000.0,967000000.0,0,0.195,2.125,9.889,10.261,896000000,0.0,69.67,3.079,3.079,0,18354000000,1982000000.0,1982000000.0,0.0,,,,,0.0,1015000000.0,1.0,335964673,335964673,,5.899,105425000000,0,247000000.0,0,313.798,
12,DFS,ARQ,2018-06-30,2018-08-01,2018-06-30,2021-07-29,-162000000,102751000000,,,,,31.778,-60000000.0,15919000000,15919000000,0.0,669000000.0,,8.436,26252000000,,,26252000000,0,109000000.0,61683000000,0.02,0.35,871000000.0,980000000.0,0.527,980000000.0,871000000.0,871000000.0,1.91,1.91,1.91,10889000000,,10889000000,34836492888.0,10.0,8.958,1526000000.0,4.453,1.0,1861000000.0,1.0,417000000,0.0,112667000000,,0,83483000000,,,91862000000,,,24503492888.0,-1179000000.0,0.0,-555000000.0,-5000000.0,-122000000.0,-120000000.0,-2645000000.0,-2585000000.0,1586000000.0,0.0,663000000.0,663000000.0,663000000.0,0.0,6000000.0,0.356,984000000.0,877000000.0,0,0.183,2.25,10.857,11.297,874000000,0.0,71.51,3.28,3.28,0,17787000000,1861000000.0,1861000000.0,0.0,,,,,0.0,984000000.0,1.0,342658270,342658270,,5.431,102334000000,0,208000000.0,0,298.647,
13,DFS,ARQ,2018-03-31,2018-05-01,2018-03-31,2021-07-29,-139000000,101967000000,,,,,31.151,-58000000.0,17098000000,17098000000,0.0,666000000.0,,8.38,26244000000,,,26244000000,0,107000000.0,61130000000,0.019,0.0,836000000.0,943000000.0,0.517,943000000.0,836000000.0,836000000.0,1.82,1.82,1.82,10871000000,,10871000000,33755867842.0,10.0,8.752,1180000000.0,3.381,1.0,1824000000.0,1.0,417000000,0.0,110696000000,,0,81551000000,,,91096000000,,,24609867842.0,3711000000.0,0.0,-582000000.0,-57000000.0,-142000000.0,1557000000.0,916000000.0,974000000.0,1238000000.0,0.0,646000000.0,646000000.0,646000000.0,0.0,20000000.0,0.354,968000000.0,856000000.0,0,0.0,2.264,11.576,12.096,848000000,0.0,70.52,3.331,3.331,0,17211000000,1824000000.0,1824000000.0,0.0,,,,,0.0,968000000.0,1.0,348977139,348977139,,5.227,101550000000,0,190000000.0,0,290.993,
14,DFS,ARQ,2017-12-31,2018-02-21,2017-12-31,2021-07-29,-152000000,100087000000,,,,,30.703,-57000000.0,13387000000,13387000000,0.0,387000000.0,,8.189,26326000000,,,26326000000,0,104000000.0,58764000000,0.017,0.7,871000000.0,975000000.0,0.504,975000000.0,871000000.0,871000000.0,1.01,1.0,1.01,10892000000,,10892000000,40819342413.0,12.0,10.569,1567000000.0,4.417,1.0,1935000000.0,1.0,418000000,0.0,112608000000,,0,83195000000,,,89195000000,,,27880342413.0,57000000.0,0.0,-554000000.0,-399000000.0,-137000000.0,1522000000.0,-3089000000.0,-4230000000.0,1624000000.0,0.0,359000000.0,359000000.0,359000000.0,0.0,28000000.0,0.186,1036000000.0,899000000.0,0,0.693,2.56,13.727,14.473,825000000,0.0,78.59,3.81,3.81,0,16687000000,1935000000.0,1935000000.0,0.0,,,,,0.0,1036000000.0,1.0,354756870,354756870,,5.454,99669000000,0,512000000.0,0,280.95,
15,DFS,ARQ,2017-09-30,2017-11-02,2017-09-30,2021-07-29,-148000000,97608000000,,,,,30.786,-58000000.0,14528000000,14528000000,0.0,602000000.0,,7.725,26737000000,,,26737000000,0,101000000.0,56135000000,0.014,0.35,890000000.0,991000000.0,0.535,991000000.0,890000000.0,890000000.0,1.59,1.59,1.59,11187000000,,11187000000,36530065499.0,11.0,9.498,1494000000.0,4.111,1.0,1851000000.0,1.0,418000000,0.0,109399000000,,0,79539000000,,,86421000000,,,24321065499.0,299000000.0,0.0,-554000000.0,272000000.0,-139000000.0,2850000000.0,-4103000000.0,-2859000000.0,1552000000.0,0.0,589000000.0,589000000.0,589000000.0,0.0,13000000.0,0.318,948000000.0,903000000.0,0,0.22,2.174,10.946,11.48,800000000,0.0,66.93,3.395,3.395,0,16452000000,1851000000.0,1851000000.0,0.0,,,,,0.0,948000000.0,1.0,363380629,363380629,,5.094,97190000000,0,301000000.0,0,267.461,
16,DFS,ARQ,2017-06-30,2017-08-01,2017-06-30,2021-07-29,-150000000,93757000000,,,,,30.238,-56000000.0,13043000000,13043000000,0.0,546000000.0,,7.327,26438000000,,,26438000000,0,95000000.0,52864000000,0.02,0.3,853000000.0,948000000.0,0.533,948000000.0,853000000.0,853000000.0,1.41,1.4,1.41,11259000000,,11259000000,35963251568.0,10.0,9.25,963000000.0,2.586,1.0,1779000000.0,1.0,419000000,0.0,106733000000,,0,77292000000,,,82498000000,,,22568251568.0,-2213000000.0,0.0,-449000000.0,-420000000.0,-124000000.0,-1664000000.0,-1568000000.0,-2519000000.0,1019000000.0,0.0,532000000.0,532000000.0,532000000.0,0.0,14000000.0,0.299,912000000.0,867000000.0,0,0.213,2.004,9.995,10.45,774000000,0.0,60.61,3.148,3.148,0,15989000000,1779000000.0,1779000000.0,0.0,,,,,0.0,912000000.0,1.0,372351948,372351948,,4.778,93338000000,0,321000000.0,0,250.671,
17,DFS,ARQ,2017-03-31,2017-05-02,2017-03-31,2021-07-29,-155000000,94795000000,,,,,29.63,-47000000.0,16263000000,16263000000,0.0,564000000.0,,7.415,26823000000,,,26823000000,0,93000000.0,53522000000,0.019,0.0,855000000.0,948000000.0,0.541,948000000.0,855000000.0,855000000.0,1.43,1.43,1.43,11265000000,,11265000000,34105212838.0,10.0,8.709,966000000.0,2.541,1.0,1753000000.0,1.0,420000000,0.0,104935000000,,0,75307000000,,,83530000000,,,23545212838.0,3249000000.0,0.0,-519000000.0,1370000000.0,-127000000.0,2253000000.0,-17000000.0,1035000000.0,1013000000.0,0.0,551000000.0,551000000.0,551000000.0,0.0,13000000.0,0.314,885000000.0,868000000.0,0,0.0,2.09,10.114,10.568,750000000,0.0,61.93,3.273,3.273,0,15568000000,1753000000.0,1753000000.0,0.0,,,,,0.0,885000000.0,1.0,380190745,380190745,,4.611,94375000000,0,304000000.0,0,248.231,
18,DFS,ARQ,2016-12-31,2017-02-23,2016-12-31,2021-07-29,-161000000,92308000000,,,,,29.37,-47000000.0,12009000000,12009000000,0.0,563000000.0,,7.152,25443000000,,,25443000000,0,89000000.0,51992000000,0.017,0.6,870000000.0,959000000.0,0.539,959000000.0,870000000.0,870000000.0,1.4,1.41,1.4,11323000000,,11323000000,40984263570.0,11.0,10.368,1245000000.0,3.229,1.0,1780000000.0,1.0,421000000,0.0,105321000000,,0,76844000000,,,80985000000,,,27550263570.0,-162000000.0,0.0,-476000000.0,-1310000000.0,-128000000.0,837000000.0,-2291000000.0,-3096000000.0,1292000000.0,0.0,550000000.0,550000000.0,550000000.0,0.0,13000000.0,0.309,897000000.0,883000000.0,0,0.429,2.433,11.779,12.385,734000000,0.0,71.46,3.805,3.805,0,15130000000,1780000000.0,1780000000.0,0.0,,,,,0.0,897000000.0,1.0,385534055,385534055,,4.617,91887000000,0,320000000.0,0,238.337,
19,DFS,ARQ,2016-09-30,2016-10-27,2016-09-30,2021-07-29,-165000000,90541000000,,,,,28.77,-46000000.0,13023000000,13023000000,0.0,639000000.0,,6.979,26830000000,,,26830000000,0,86000000.0,49245000000,0.02,0.0,947000000.0,1033000000.0,0.557,1033000000.0,947000000.0,947000000.0,1.56,1.56,1.56,11347000000,,11347000000,36177291938.0,10.0,9.348,1271000000.0,3.223,1.0,1856000000.0,1.0,421000000,0.0,103927000000,,0,74232000000,,,79194000000,,,22370291938.0,1459000000.0,0.0,-581000000.0,2143000000.0,-132000000.0,2149000000.0,-2007000000.0,-1112000000.0,1317000000.0,0.0,625000000.0,625000000.0,625000000.0,0.0,14000000.0,0.337,895000000.0,961000000.0,0,0.0,1.971,9.824,10.257,722000000,0.0,56.72,3.115,3.115,0,14696000000,1856000000.0,1856000000.0,0.0,,,,,0.0,895000000.0,1.0,394398659,394398659,,4.706,90120000000,0,322000000.0,0,228.5,
20,DFS,ARQ,2016-06-30,2016-08-02,2016-06-30,2021-07-29,-174000000,87511000000,,,,,28.236,-40000000.0,10715000000,10715000000,0.0,616000000.0,,6.678,24681000000,,,24681000000,0,92000000.0,48527000000,0.026,0.58,884000000.0,976000000.0,0.541,976000000.0,884000000.0,884000000.0,1.47,1.47,1.47,11397000000,,11397000000,36379413252.0,10.0,9.338,618000000.0,1.531,1.0,1804000000.0,1.0,422000000,0.0,101055000000,,0,73496000000,,,76114000000,,,22413413252.0,-1518000000.0,0.0,-422000000.0,-109000000.0,-125000000.0,-598000000.0,-1578000000.0,-2450000000.0,658000000.0,0.0,602000000.0,602000000.0,602000000.0,0.0,14000000.0,0.334,906000000.0,898000000.0,0,0.395,1.967,9.957,10.379,708000000,0.0,55.53,3.121,3.121,0,14188000000,1804000000.0,1804000000.0,0.0,,,,,0.0,906000000.0,1.0,403627107,403627107,,4.469,87089000000,0,282000000.0,0,215.766,
21,DFS,ARQ,2016-03-31,2016-04-28,2016-03-31,2021-07-29,-172000000,88093000000,,,,,27.451,-46000000.0,13145000000,13145000000,0.0,575000000.0,,6.785,24752000000,,,24752000000,0,84000000.0,48465000000,0.02,0.0,901000000.0,985000000.0,0.547,985000000.0,901000000.0,901000000.0,1.35,1.35,1.35,11316000000,,11316000000,34971930627.0,10.0,8.86,1112000000.0,2.698,1.0,1800000000.0,1.0,422000000,0.0,99278000000,,0,71355000000,,,76777000000,,,23364930627.0,2563000000.0,0.0,-422000000.0,49000000.0,-129000000.0,423000000.0,982000000.0,1939000000.0,1158000000.0,0.0,562000000.0,562000000.0,562000000.0,0.0,13000000.0,0.312,886000000.0,914000000.0,0,0.0,2.065,10.454,10.879,706000000,0.0,56.68,3.225,3.225,0,13698000000,1800000000.0,1800000000.0,0.0,,,,,0.0,886000000.0,1.0,412225311,412225311,,4.367,87671000000,0,339000000.0,0,212.677,
22,DFS,ARQ,2015-12-31,2016-02-24,2015-12-31,2021-07-29,-160000000,86936000000,,,,,27.221,-49000000.0,9671000000,9671000000,0.0,500000000.0,,6.711,24724000000,,,24724000000,0,100000000.0,47594000000,0.024,0.56,776000000.0,876000000.0,0.509,876000000.0,776000000.0,776000000.0,1.15,1.15,1.15,11275000000,,11275000000,34400331279.0,10.0,8.705,995000000.0,2.402,1.0,1721000000.0,1.0,423000000,0.0,101566000000,,0,73600000000,,,75661000000,,,19347331279.0,-678000000.0,2000000.0,-433000000.0,924000000.0,-130000000.0,1358000000.0,-3080000000.0,-3032000000.0,1044000000.0,0.0,488000000.0,488000000.0,488000000.0,0.0,12000000.0,0.284,933000000.0,788000000.0,0,0.487,1.716,8.614,9.088,693000000,0.0,46.71,2.677,2.677,0,13250000000,1721000000.0,1721000000.0,0.0,,,,,0.0,933000000.0,1.0,414201055,414201055,,4.155,86513000000,0,288000000.0,0,208.867,
23,DFS,ARQ,2015-09-30,2015-10-29,2015-09-30,2021-07-29,-180000000,85611000000,,,,,26.441,-30000000.0,10348000000,10348000000,0.0,612000000.0,,6.574,23800000000,,,23800000000,0,98000000.0,46605000000,0.018,0.28,961000000.0,1059000000.0,0.571,1059000000.0,961000000.0,961000000.0,1.38,1.38,1.38,11303000000,,11303000000,37792927686.0,11.0,10.092,1117000000.0,2.613,1.0,1856000000.0,1.0,424000000,0.0,98639000000,,0,71637000000,,,74308000000,,,24340927686.0,-345000000.0,0.0,-435000000.0,-466000000.0,-131000000.0,-745000000.0,-747000000.0,-1373000000.0,1147000000.0,0.0,599000000.0,599000000.0,599000000.0,0.0,13000000.0,0.323,882000000.0,974000000.0,0,0.203,2.153,11.321,11.692,684000000,0.0,56.94,3.435,3.435,0,12880000000,1856000000.0,1856000000.0,0.0,,,,,0.0,882000000.0,1.0,427483802,427483802,,4.342,85187000000,0,362000000.0,0,199.275,
24,DFS,ARQ,2015-06-30,2015-07-29,2015-06-30,2021-07-29,-160000000,84911000000,,,,,25.874,-47000000.0,11349000000,11349000000,0.0,599000000.0,,6.539,24243000000,,,24243000000,0,98000000.0,46316000000,0.018,0.28,929000000.0,1027000000.0,0.549,1027000000.0,929000000.0,929000000.0,1.33,1.33,1.33,11263000000,,11263000000,37009994836.0,11.0,9.968,553000000.0,1.27,1.0,1869000000.0,1.0,425000000,0.0,97380000000,,0,69994000000,,,73648000000,,,24115994836.0,-1219000000.0,0.0,-423000000.0,1140000000.0,-135000000.0,475000000.0,-2294000000.0,-1602000000.0,600000000.0,0.0,586000000.0,586000000.0,586000000.0,0.0,13000000.0,0.314,927000000.0,942000000.0,0,0.211,2.141,11.057,11.399,688000000,0.0,55.4,3.413,3.413,0,12400000000,1869000000.0,1869000000.0,0.0,,,,,0.0,927000000.0,1.0,435306766,435306766,,4.294,84486000000,0,343000000.0,0,194.084,
25,DFS,ARQ,2015-03-31,2015-04-30,2015-03-31,2021-07-29,-161000000,84178000000,,,,,25.335,-41000000.0,11923000000,11923000000,0.0,586000000.0,,6.509,23090000000,,,23090000000,0,95000000.0,46427000000,0.017,0.0,895000000.0,990000000.0,0.556,990000000.0,895000000.0,895000000.0,1.28,1.28,1.28,11211000000,,11211000000,36819015778.0,10.0,9.9,1022000000.0,2.31,1.0,1781000000.0,1.0,432000000,0.0,94913000000,,0,68650000000,,,72967000000,,,25652015778.0,4530000000.0,0.0,-419000000.0,419000000.0,-119000000.0,214000000.0,3253000000.0,3297000000.0,1063000000.0,0.0,573000000.0,573000000.0,573000000.0,0.0,13000000.0,0.322,873000000.0,908000000.0,0,0.0,2.288,11.529,11.879,678000000,0.0,57.97,3.66,3.66,0,11936000000,1781000000.0,1781000000.0,0.0,,,,,0.0,873000000.0,1.0,442505016,442505016,,4.025,83746000000,0,322000000.0,0,189.254,
26,DFS,ARQ,2014-12-31,2015-02-25,2014-12-31,2021-07-29,-138000000,83126000000,,,,,24.895,-43000000.0,7390000000,7390000000,0.0,404000000.0,,6.466,22657000000,,,22657000000,0,33000000.0,46089000000,0.016,0.48,636000000.0,669000000.0,0.423,669000000.0,636000000.0,636000000.0,0.88,0.88,0.88,11134000000,,11134000000,42606777410.0,12.0,11.311,957000000.0,2.14,1.0,1580000000.0,1.0,433000000,0.0,97960000000,,0,72172000000,,,71992000000,,,27339777410.0,-98000000.0,0.0,-398000000.0,1585000000.0,-119000000.0,1774000000.0,-2872000000.0,-2826000000.0,1000000000.0,0.0,392000000.0,392000000.0,392000000.0,0.0,12000000.0,0.248,932000000.0,648000000.0,0,0.545,2.456,12.044,12.45,670000000,0.0,61.13,3.887,3.887,0,11467000000,1580000000.0,1580000000.0,0.0,,,,,14000000.0,932000000.0,1.0,447239938,447239938,,3.533,82693000000,0,244000000.0,0,184.896,
27,DFS,ARQ,2014-09-30,2014-10-28,2014-09-30,2021-07-29,-70000000,80596000000,,,,,24.921,-29000000.0,7485000000,7485000000,0.0,644000000.0,,6.132,21057000000,,,21057000000,0,32000000.0,45382000000,0.014,0.24,995000000.0,1027000000.0,0.559,1027000000.0,995000000.0,995000000.0,1.37,1.37,1.37,11301000000,,11301000000,42195642767.0,11.0,10.421,1026000000.0,2.263,1.0,1836000000.0,1.0,461000000,0.0,93707000000,,0,69717000000,,,69295000000,,,28623642767.0,503000000.0,0.0,-620000000.0,868000000.0,-120000000.0,1075000000.0,-1627000000.0,-1800000000.0,1055000000.0,0.0,630000000.0,630000000.0,630000000.0,0.0,14000000.0,0.343,827000000.0,1009000000.0,0,0.175,2.533,11.607,11.977,661000000,0.0,63.12,3.96,3.96,0,11182000000,1836000000.0,1836000000.0,0.0,,,,,14000000.0,827000000.0,1.0,453479765,453479765,,4.049,80135000000,0,365000000.0,0,176.711,
28,DFS,ARQ,2014-06-30,2014-08-01,2014-06-30,2021-07-29,-72000000,78937000000,,,,,24.639,-30000000.0,7184000000,7184000000,0.0,644000000.0,,5.936,20177000000,,,20177000000,0,32000000.0,44445000000,0.014,0.24,1001000000.0,1033000000.0,0.57,1033000000.0,1001000000.0,1001000000.0,1.35,1.35,1.35,11381000000,,11381000000,40919739964.0,11.0,10.279,612000000.0,1.325,1.0,1812000000.0,1.0,463000000,0.0,91467000000,,0,68331000000,,,67556000000,,,27926739964.0,-1852000000.0,0.0,-177000000.0,-144000000.0,-122000000.0,-985000000.0,-1509000000.0,-2337000000.0,642000000.0,0.0,630000000.0,630000000.0,630000000.0,0.0,14000000.0,0.348,797000000.0,1015000000.0,0,0.178,2.454,11.564,11.855,665000000,0.0,60.46,3.921,3.921,0,10659000000,1812000000.0,1812000000.0,0.0,,,,,14000000.0,797000000.0,1.0,461904399,461904399,,3.923,78474000000,0,371000000.0,0,169.892,
29,DFS,ARQ,2014-03-31,2014-04-29,2014-03-31,2021-07-29,-70000000,79584000000,,,,,23.636,-43000000.0,9894000000,9894000000,0.0,631000000.0,,6.221,20306000000,,,20306000000,0,29000000.0,44984000000,0.014,0.0,1009000000.0,1038000000.0,0.575,1038000000.0,1009000000.0,1009000000.0,1.31,1.31,1.31,11021000000,,11021000000,36402102504.0,10.0,9.225,1086000000.0,2.329,1.0,1806000000.0,1.0,466000000,0.0,89530000000,,0,66225000000,,,68563000000,,,25990102504.0,2177000000.0,0.0,-364000000.0,-319000000.0,-106000000.0,-763000000.0,1811000000.0,2835000000.0,1129000000.0,0.0,618000000.0,618000000.0,618000000.0,0.0,13000000.0,0.342,784000000.0,1022000000.0,0,0.0,2.358,10.952,11.261,668000000,0.0,55.74,3.655,3.655,0,10138000000,1806000000.0,1806000000.0,0.0,,,,,18000000.0,784000000.0,1.0,466273816,466273816,,3.873,79118000000,0,391000000.0,0,169.681,
30,DFS,ARQ,2013-12-31,2014-02-25,2013-12-31,2021-07-29,-68000000,79340000000,,,,,22.954,-54000000.0,6736000000,6736000000,0.0,602000000.0,,6.34,20614000000,,,20614000000,0,28000000.0,44959000000,0.014,0.4,923000000.0,951000000.0,0.536,951000000.0,923000000.0,923000000.0,1.24,1.24,1.24,10809000000,,10809000000,40700215825.0,10.0,10.178,928000000.0,1.971,1.0,1775000000.0,1.0,469000000,0.0,92749000000,,0,69114000000,,,68531000000,,,26822215825.0,931000000.0,0.0,-345000000.0,1810000000.0,-105000000.0,3210000000.0,-3261000000.0,-3208000000.0,982000000.0,0.0,588000000.0,588000000.0,588000000.0,0.0,14000000.0,0.331,838000000.0,937000000.0,0,0.323,2.481,11.111,11.461,654000000,0.0,56.96,3.758,3.758,0,9611000000,1775000000.0,1775000000.0,0.0,,,,,14000000.0,838000000.0,1.0,470895643,470895643,,3.769,78871000000,0,335000000.0,0,167.491,
31,DFS,ARQ,2013-09-30,2013-11-01,2013-09-30,2021-07-29,-109000000,75544000000,,,,,22.234,-60000000.0,5806000000,5806000000,0.0,593000000.0,,6.125,18789000000,,,18789000000,0,27000000.0,43117000000,0.01,0.2,932000000.0,959000000.0,0.555,959000000.0,932000000.0,932000000.0,1.2,1.2,1.2,10602000000,,10602000000,37778666584.0,,,388000000.0,0.814,1.0,1729000000.0,1.0,472000000,0.0,88055000000,,0,66154000000,,,64942000000,,,24795666584.0,-121000000.0,0.0,-344000000.0,477000000.0,-107000000.0,565000000.0,-1134000000.0,-1428000000.0,448000000.0,0.0,579000000.0,579000000.0,579000000.0,0.0,14000000.0,0.335,783000000.0,946000000.0,0,0.167,2.339,,,639000000,0.0,52.0,,,0,9115000000,1729000000.0,1729000000.0,0.0,,,,,14000000.0,783000000.0,1.0,476839742,476839742,,3.626,75072000000,0,353000000.0,0,157.437,
32,DFS,ARQ,2013-06-30,2013-07-30,2013-06-30,2021-07-29,-107000000,74944000000,,,,,21.596,-58000000.0,6281000000,6281000000,0.0,602000000.0,,6.173,18295000000,,,18295000000,0,31000000.0,42568000000,0.009,0.2,967000000.0,998000000.0,0.554,998000000.0,967000000.0,967000000.0,1.2,1.2,1.2,10448000000,,10448000000,36271113423.0,,,537000000.0,1.11,1.0,1801000000.0,1.0,475000000,0.0,86483000000,,0,65090000000,,,64496000000,,,24257113423.0,-2323000000.0,0.0,-338000000.0,-1276000000.0,-108000000.0,-1525000000.0,-1393000000.0,-1280000000.0,595000000.0,0.0,588000000.0,588000000.0,588000000.0,0.0,14000000.0,0.326,820000000.0,981000000.0,0,0.167,2.322,,,607000000,0.0,50.14,,,0,8629000000,1801000000.0,1801000000.0,0.0,,,,,14000000.0,820000000.0,1.0,483787663,483787663,,3.723,74469000000,0,379000000.0,0,153.929,
33,DFS,ARQ,2013-03-31,2013-04-30,2013-03-31,2021-07-29,-84000000,76139000000,,,,,21.0,-59000000.0,8549000000,8549000000,0.0,673000000.0,,6.393,19520000000,,,19520000000,0,25000000.0,42394000000,0.008,0.0,1066000000.0,1091000000.0,0.595,1091000000.0,1066000000.0,1066000000.0,1.33,1.33,1.33,10299000000,,10299000000,32422182720.0,,,1433000000.0,2.922,1.0,1833000000.0,1.0,473000000,0.0,86637000000,,0,64020000000,,,65840000000,,,21451182720.0,5483000000.0,0.0,-256000000.0,1514000000.0,-79000000.0,1366000000.0,2625000000.0,2876000000.0,1492000000.0,0.0,659000000.0,659000000.0,659000000.0,0.0,14000000.0,0.36,753000000.0,1080000000.0,0,0.0,2.083,,,572000000,0.0,43.74,,,0,8136000000,1833000000.0,1833000000.0,0.0,,,,,17000000.0,753000000.0,1.0,490424845,490424845,,3.738,75666000000,0,407000000.0,0,154.287,
34,DFS,ARQ,2012-12-31,2013-01-25,2012-11-30,2021-07-29,-75000000,75283000000,,,,,19.654,-38830000.0,6270000000,6270000000,0.0,550717000.0,,6.699,20013000000,,,20013000000,0,24069000.0,42155000000,0.011,0.14,850386000.0,874455000.0,0.527,874455000.0,850386000.0,850386000.0,1.08,1.07,1.08,9778000000,,9778000000,33190430148.0,9.0,8.686,842966000.0,1.694,1.0,1660471000.0,1.0,476000000,0.0,88550000000,,0,65513000000,,,65505000000,,,19447430148.0,-2311767000.0,-114000.0,-392335000.0,679965000.0,-50119000.0,458889000.0,-3652452000.0,-1571170000.0,881796000.0,0.0,541230000.0,541230000.0,541230000.0,0.0,9487000.0,0.326,800598000.0,859873000.0,0,0.13,1.989,8.39,8.745,534000000,0.0,39.09,2.858,2.858,0,7373000000,1660471000.0,1660471000.0,0.0,,,,,10892000.0,800598000.0,1.0,497503969,497503969,,3.338,74807000000,0,309156000.0,0,150.365,
35,DFS,ARQ,2012-09-30,2012-10-04,2012-08-31,2021-07-29,-31326000,73908664000,,,,,18.119,-48690000.0,6538959000,6538959000,0.0,626686000.0,,7.081,19496252000,,,19496252000,0,24362000.0,42318312000,0.01,0.2,1005798000.0,1030160000.0,0.561,1030160000.0,1005798000.0,1005798000.0,1.21,1.21,1.21,9145913000,,9145913000,33355285260.0,9.0,8.82,607742000.0,1.204,1.0,1837621000.0,1.0,479224000,0.0,86386733000,,0,63937605000,,,64762751000,,,20397992260.0,1125541000.0,-48886000.0,-350800000.0,445719000.0,-51894000.0,787455000.0,-318346000.0,-1723169000.0,656432000.0,0.0,620770000.0,620770000.0,620770000.0,0.0,5916000.0,0.338,825907000.0,1011714000.0,0,0.165,2.23,8.931,9.29,519621000,0.0,40.41,3.076,3.076,0,6877990000,1837621000.0,1837621000.0,0.0,,,,,11864000.0,825907000.0,1.0,504775854,504775854,,3.64,73429440000,0,385028000.0,0,145.469,
36,DFS,ARQ,2012-06-30,2012-06-26,2012-05-31,2021-07-29,-41016000,72083405000,,,,,17.282,-29624000.0,6914950000,6914950000,0.0,536591000.0,,7.1,19023907000,,,19023907000,0,23594000.0,41551286000,0.01,0.0,862121000.0,885715000.0,0.548,885715000.0,862121000.0,862121000.0,1.01,1.0,1.01,8898858000,,8898858000,29363652490.0,8.0,7.699,462476000.0,0.898,1.0,1615635000.0,1.0,439922000,0.0,83752440000,,0,61840618000,,,63184547000,,,17254695490.0,-1203083000.0,0.0,-435000000.0,366092000.0,-53474000.0,1157335000.0,-2852518000.0,-1381320000.0,492100000.0,0.0,531545000.0,531545000.0,531545000.0,0.0,5046000.0,0.329,748468000.0,867167000.0,0,0.0,1.939,7.486,7.757,492444000,0.0,33.51,2.662,2.662,0,6303466000,1615635000.0,1615635000.0,0.0,,,,,10712000.0,748468000.0,1.0,514911832,514911832,,3.138,71643483000,0,330576000.0,0,139.137,
37,DFS,ARQ,2012-03-31,2012-04-04,2012-02-29,2021-07-29,-48604000,70486018000,,,,,16.648,-25856000.0,6676459000,6676459000,0.0,631006000.0,,6.984,18753958000,,,18753958000,0,22975000.0,40147912000,0.01,0.1,1007664000.0,1030639000.0,0.609,1030639000.0,1007664000.0,1007664000.0,1.18,1.18,1.18,8828952000,,8828952000,29578036428.0,8.0,7.643,984816000.0,1.857,1.0,1691273000.0,1.0,441653000,0.0,82121864000,,0,60590446000,,,61657066000,,,17500537428.0,3465309000.0,0.0,-11865000.0,827224000.0,-53513000.0,1324321000.0,1130316000.0,231659000.0,1010672000.0,0.0,624424000.0,624424000.0,624424000.0,0.0,6582000.0,0.369,677027000.0,1014246000.0,0,0.085,1.982,7.394,7.5,486520000,0.0,33.0,2.722,2.722,0,5820609000,1691273000.0,1691273000.0,0.0,,,,,13532000.0,677027000.0,1.0,530319316,530319316,,3.189,70044365000,0,383240000.0,0,132.08,
38,DFS,ARQ,2011-12-31,2012-01-26,2011-11-30,2021-07-29,-51679000,68783937000,,,,,15.552,-38507000.0,4135663000,4135663000,0.0,512579000.0,,7.345,18337178000,,,18337178000,0,23116000.0,39577462000,0.01,0.16,812245000.0,835361000.0,0.562,835361000.0,812245000.0,812245000.0,0.95,0.95,0.95,8242211000,,8242211000,29019657912.0,8.0,8.116,759093000.0,1.432,1.0,1486169000.0,1.0,443439000,0.0,82542013000,,0,61337792000,,,60541726000,,,14818142912.0,-1107682000.0,0.0,-222518000.0,502896000.0,-39861000.0,2234671000.0,-4139953000.0,-3761826000.0,797600000.0,0.0,507123000.0,507123000.0,507123000.0,0.0,5456000.0,0.341,668468000.0,817701000.0,0,0.168,1.798,6.73,6.887,483250000,0.0,27.96,2.448,2.448,0,5243318000,1486169000.0,1486169000.0,0.0,,,,,10087000.0,668468000.0,1.0,529976499,529976499,,2.804,68340498000,0,305122000.0,0,128.95,
39,DFS,ARQ,2011-09-30,2011-09-28,2011-08-31,2021-07-29,-19979000,65725667000,,,,,14.566,-20185000.0,4894755000,4894755000,0.0,648818000.0,,7.21,17818200000,,,17818200000,0,22281000.0,37586884000,0.007,0.06,1040035000.0,1062316000.0,0.629,1062316000.0,1040035000.0,1040035000.0,1.18,1.18,1.18,8005916000,,8005916000,26048778709.0,8.0,7.791,535888000.0,0.975,1.0,1689488000.0,1.0,444719000,0.0,78204393000,,0,57761561000,,,57719751000,,,13125333709.0,184565000.0,0.0,-191687000.0,-249618000.0,-29211000.0,1874612000.0,-2246120000.0,-2303074000.0,556073000.0,0.0,641772000.0,641772000.0,641772000.0,0.0,7046000.0,0.38,642407000.0,1047081000.0,0,0.051,1.639,6.431,6.368,465871000,0.0,23.88,2.271,2.271,0,4763180000,1689488000.0,1689488000.0,0.0,,,,,11050000.0,642407000.0,1.0,549637090,549637090,,3.074,65280948000,0,398263000.0,0,118.771,
40,DFS,ARQ,2011-06-30,2011-07-01,2011-05-31,2021-07-29,-66358000,63437533000,,,,,13.787,-34282000.0,4787329000,4787329000,0.0,600419000.0,,7.432,18038507000,,,18038507000,0,21951000.0,35219183000,0.005,0.0,919528000.0,941479000.0,0.603,941479000.0,919528000.0,919528000.0,1.09,1.09,1.09,7523300000,,7523300000,27738704314.0,10.0,10.151,942577000.0,1.727,1.0,1561603000.0,1.0,446717000,0.0,76241994000,,0,55434945000,,,55914233000,,,14487526314.0,-1398465000.0,-35109000.0,6128000.0,-1076203000.0,-29475000.0,-739361000.0,-1635963000.0,-1228277000.0,976859000.0,0.0,593488000.0,593488000.0,593488000.0,0.0,6931000.0,0.38,635144000.0,926459000.0,0,0.0,1.926,8.741,8.734,471112000,0.0,26.55,2.847,2.847,0,4147598000,1561603000.0,1561603000.0,0.0,,,,,10765000.0,635144000.0,1.0,545669541,545669541,,2.862,62990816000,0,326040000.0,0,115.438,
41,DFS,ARQ,2011-03-31,2011-04-08,2011-02-28,2021-07-29,-106279000,63506609000,,,,,12.648,-15573000.0,5847499000,5847499000,0.0,464892000.0,,8.205,19090170000,,,19090170000,0,22042000.0,34858994000,0.005,0.06,714539000.0,736581000.0,0.56,736581000.0,714539000.0,714539000.0,0.84,0.84,0.84,6899165000,,6899165000,26252508117.0,13.0,12.14,1263510000.0,2.316,1.0,1315151000.0,1.0,448714000,0.0,76300566000,,0,54245650000,,,56607444000,,,13009837117.0,72692000.0,-366049000.0,-4073000.0,-1534213000.0,-11026000.0,-1106877000.0,-99514000.0,-602842000.0,1279083000.0,0.0,459428000.0,459428000.0,459428000.0,0.0,5464000.0,0.349,595148000.0,720003000.0,0,0.071,1.886,10.42,10.415,458950000,0.0,23.85,2.915,2.915,0,3580338000,1315151000.0,1315151000.0,0.0,,,,,11875000.0,595148000.0,1.0,545485833,545485833,,2.411,63057895000,0,255111000.0,0,115.6,
42,DFS,ARQ,2010-12-31,2011-01-26,2010-11-30,2021-07-29,-82548000,60784968000,,,,,11.842,-25039000.0,5098733000,5098733000,0.0,349642000.0,,8.414,17705728000,,,17705728000,0,21036000.0,34413383000,0.004,0.02,581914000.0,602950000.0,0.497,602950000.0,581914000.0,581914000.0,0.64,0.64,0.64,6456846000,,6456846000,23909964004.0,20.0,18.958,1140785000.0,2.092,1.0,1213306000.0,1.0,444394000,0.0,72947569000,,0,50982690000,,,54328122000,,,11302969004.0,-2817358000.0,0.0,1227000.0,4764000.0,-10976000.0,160855000.0,-4144037000.0,-3446936000.0,1165824000.0,0.0,346325000.0,346325000.0,346325000.0,0.0,3317000.0,0.285,628075000.0,585231000.0,0,0.031,1.751,16.922,16.854,460732000,0.0,20.73,3.275,3.275,0,3126488000,1213306000.0,1213306000.0,0.0,,,,,10938000.0,628075000.0,1.0,545246937,545246937,,2.225,60340574000,0,235589000.0,0,110.667,
43,DFS,ARQ,2010-09-30,2010-10-06,2010-08-31,2021-07-29,-82297000,60057553000,,,,,11.222,-12075000.0,7916091000,7916091000,0.0,260617000.0,,8.827,17708753000,,,17708753000,0,21858000.0,34246804000,0.005,0.02,429720000.0,451578000.0,0.452,451578000.0,429720000.0,429720000.0,0.47,0.47,0.47,6111297000,,6111297000,19050681953.0,16.0,15.217,250880000.0,0.461,1.0,998381000.0,1.0,446060000,0.0,69404155000,,0,47987690000,,,53946256000,,,9258019953.0,-2419638000.0,0.0,-2676000.0,-602476000.0,-10958000.0,-1563464000.0,-1119129000.0,-1100470000.0,262955000.0,0.0,258194000.0,258194000.0,258194000.0,0.0,2423000.0,0.259,566238000.0,432143000.0,0,0.043,1.515,14.146,14.167,456943000,0.0,17.0,2.71,2.71,0,2787822000,998381000.0,998381000.0,0.0,,,,,6589000.0,566238000.0,1.0,544589409,544589409,,1.833,59611493000,0,171526000.0,0,109.461,
44,DFS,ARQ,2010-06-30,2010-07-07,2010-05-31,2021-07-29,-73940000,62153678000,,,,,11.099,-9491000.0,10335729000,10335729000,0.0,258067000.0,,9.293,18311127000,,,18311127000,0,22583000.0,35021975000,0.005,0.02,348716000.0,371299000.0,0.397,371299000.0,348716000.0,348716000.0,0.34,0.33,0.34,6038267000,,6038267000,15902014977.0,10.0,9.012,1299214000.0,2.388,1.0,935741000.0,1.0,447725000,0.0,69681351000,,0,47540238000,,,56115411000,,,7926616977.0,-2392592000.0,0.0,-86000.0,-4080388000.0,-22206000.0,-5356026000.0,1654729000.0,-1326667000.0,1308705000.0,0.0,184590000.0,184590000.0,184590000.0,0.0,73477000.0,0.197,513548000.0,422193000.0,0,0.059,1.313,8.295,8.005,469001000,0.0,14.57,2.042,2.042,0,2538164000,935741000.0,935741000.0,0.0,,,,,8261000.0,513548000.0,1.0,544036855,544036855,,1.72,61705953000,0,164126000.0,0,113.422,
45,DFS,ARQ,2010-03-31,2010-04-09,2010-02-28,2021-07-29,-74038000,66818951000,,,,,12.899,-7826000.0,12728321000,12728321000,0.0,-103538000.0,,8.525,22392200000,,,22392200000,0,23689000.0,35051666000,0.005,0.02,-189403000.0,-165714000.0,-0.545,-165714000.0,-189403000.0,-189403000.0,-0.22,-0.22,-0.22,7015048000,,7015048000,18093148179.0,10.0,9.876,1127276000.0,2.073,1.0,304096000.0,1.0,449391000,0.0,76033439000,,0,46798737000,,,59803903000,,,8429269179.0,-292398000.0,0.0,-5383000.0,-2464913000.0,-26291000.0,-312985000.0,-1114515000.0,687239000.0,1135102000.0,0.0,-122233000.0,-122233000.0,-122233000.0,0.0,18695000.0,-0.402,474804000.0,-170708000.0,0,-0.091,1.202,8.599,8.115,482833000,0.0,15.5,2.15,2.15,0,2362685000,304096000.0,304096000.0,0.0,,,,,11293000.0,474804000.0,1.0,543823818,543823818,,0.559,66369560000,0,-67170000.0,0,122.042,
46,DFS,ARQ,2009-12-31,2010-01-28,2009-11-30,2021-07-29,-154818000,46020987000,,,,,15.518,-12138000.0,13020719000,13020719000,0.0,352537000.0,,4.456,2428101000,,,2428101000,0,24539000.0,32093012000,0.006,0.02,570256000.0,594795000.0,0.505,594795000.0,570256000.0,570256000.0,0.61,0.6,0.61,8435547000,,8435547000,-3248451277.0,-2.0,-1.464,989605000.0,1.82,1.0,1177755000.0,1.0,451057000,0.0,34977312000,,0,28252482000,,,37585440000,,,7344166723.0,2192477000.0,0.0,-1055000.0,633281000.0,-26297000.0,3132129000.0,-1941395000.0,-1788238000.0,1001743000.0,0.0,352537000.0,333903000.0,333903000.0,0.0,0.0,0.284,607499000.0,570256000.0,0,0.033,0.871,6.005,5.583,499303000,18634000.0,13.51,1.68,1.68,0,3873262000,1177755000.0,1177755000.0,0.0,,,,,27866000.0,607499000.0,1.0,543609676,543609676,,2.167,45569930000,0,217719000.0,0,83.828,
47,DFS,ARQ,2009-09-30,2009-10-07,2009-08-31,2021-07-29,-24972000,42698290000,,,,,15.449,-11987000.0,10828242000,10828242000,0.0,577454000.0,,4.091,1795134000,,,1795134000,0,24257000.0,29567138000,0.007,0.02,939939000.0,964196000.0,0.659,964196000.0,939939000.0,939939000.0,1.09,1.07,1.09,8386202000,,8386202000,135032807.0,0.0,0.059,670584000.0,1.235,1.0,1463777000.0,1.0,452977000,0.0,33212205000,,0,26923983000,,,34312088000,,,9168140807.0,1133417000.0,0.0,530089000.0,-131579000.0,-25070000.0,793714000.0,-342868000.0,-255946000.0,682571000.0,0.0,577454000.0,559387000.0,559387000.0,0.0,0.0,0.382,523838000.0,939939000.0,0,0.018,1.093,6.938,6.302,518105000,18067000.0,16.89,2.058,2.058,0,3705608000,1463777000.0,1463777000.0,0.0,,,,,769000.0,523838000.0,1.0,542814731,542814731,,2.697,42245313000,0,362485000.0,0,77.826,
48,DFS,ARQ,2009-06-30,2009-07-01,2009-05-31,2021-07-29,-52542000,41518288000,,,,,15.351,-11432000.0,9694825000,9694825000,0.0,225800000.0,,4.599,1927043000,,,1927043000,0,24189000.0,29149730000,0.016,0.02,414610000.0,438799000.0,0.45,438799000.0,414610000.0,414610000.0,0.43,0.43,0.43,7415640000,,7415640000,-2806539093.0,-2.0,-1.709,1373767000.0,2.844,1.0,975238000.0,1.0,454898000,0.0,33295608000,,0,26984461000,,,34102648000,,,4961242907.0,970617000.0,0.0,-436000.0,-1880263000.0,-20404000.0,142117000.0,-556699000.0,-117910000.0,1385199000.0,0.0,225800000.0,209246000.0,209246000.0,0.0,0.0,0.215,560628000.0,414610000.0,0,0.047,0.669,5.267,5.213,531166000,16554000.0,10.27,1.279,1.279,0,3296234000,975238000.0,975238000.0,0.0,,,,,16205000.0,560628000.0,1.0,483081101,483081101,,2.019,41063390000,0,188810000.0,0,85.003,
49,DFS,ARQ,2009-03-31,2009-04-08,2009-02-28,2021-07-29,-66079000,40606518000,,,,,12.457,-16987000.0,8724208000,8724208000,0.0,120394000.0,,5.768,3807631000,,,3807631000,0,24945000.0,28334318000,0.029,0.02,196093000.0,221038000.0,0.293,221038000.0,196093000.0,196093000.0,0.25,0.25,0.25,5999351000,,5999351000,-1627236890.0,-1.0,-1.025,511392000.0,1.062,1.0,755216000.0,1.0,456819000,0.0,35233122000,,0,27457846000,,,34607167000,,,3289340110.0,-1446935000.0,0.0,-6161000.0,1572544000.0,-29263000.0,1344504000.0,-3319818000.0,-3302831000.0,528379000.0,0.0,120394000.0,120394000.0,120394000.0,0.0,0.0,0.159,559123000.0,196093000.0,0,0.08,0.548,3.402,3.365,544219000,0.0,6.83,0.858,0.858,0,3136977000,755216000.0,755216000.0,0.0,,,,,-591000.0,559123000.0,1.0,481601773,481601773,,1.568,40149699000,0,75699000.0,0,83.367,
50,DFS,ARQ,2008-12-31,2009-01-28,2008-11-30,2021-07-29,-66338000,39892382000,,,,,12.323,-15118000.0,10171143000,10171143000,0.0,432335000.0,,5.743,2235383000,,,2235383000,0,26151000.0,28530521000,0.03,0.06,655671000.0,681822000.0,0.541,681822000.0,655671000.0,655671000.0,0.91,0.89,0.91,5915823000,,5915823000,-4138515925.0,-3.0,-2.54,1615941000.0,3.366,1.0,1261059000.0,1.0,458740000,0.0,31497882000,,0,25069970000,,,33976559000,,,3797244075.0,-311576000.0,-198000.0,-1090000.0,381401000.0,-29197000.0,1919025000.0,-3861660000.0,-3846344000.0,1631059000.0,0.0,432335000.0,432335000.0,432335000.0,11306000.0,0.0,0.343,594082000.0,666977000.0,0,0.066,0.642,4.093,4.077,552502000,0.0,7.91,0.932,0.932,0,3046956000,1261059000.0,1261059000.0,0.0,,,,,13602000.0,594082000.0,1.0,480056141,480056141,,2.627,39433642000,0,223336000.0,0,82.144,
51,DFS,ARQ,2008-09-30,2008-10-09,2008-08-31,2021-07-29,-38983000,37317815000,,,,,12.503,-32980000.0,10475475000,10475475000,0.0,180053000.0,,5.219,1854263000,,,1854263000,0,25379000.0,26959253000,0.025,0.06,274938000.0,300317000.0,0.339,300317000.0,274938000.0,274938000.0,0.38,0.37,0.38,6000393000,,6000393000,-3999620843.0,-5.0,-4.491,1273854000.0,2.654,1.0,886332000.0,1.0,309582000,0.0,28387021000,,0,22006469000,,,31317422000,,,4621591157.0,1533954000.0,-160080000.0,-2762000.0,-35367000.0,-29288000.0,2121009000.0,-1893889000.0,-1700829000.0,1306834000.0,0.0,180053000.0,180053000.0,180053000.0,-1153000.0,0.0,0.203,612547000.0,273785000.0,0,0.158,0.77,10.529,10.467,563869000,0.0,9.63,1.209,1.209,0,3116818000,886332000.0,886332000.0,0.0,,,,,16253000.0,612547000.0,1.0,479916008,479916008,,1.847,37008233000,0,94885000.0,0,77.114,
52,DFS,ARQ,2008-06-30,2008-07-10,2008-05-31,2021-07-29,-25429000,34233542000,,,,,12.203,-25075000.0,8765384000,8765384000,0.0,234148000.0,,4.852,1889909000,,,1889909000,0,25866000.0,24767649000,0.017,0.06,358518000.0,384384000.0,0.412,384384000.0,358518000.0,358518000.0,0.49,0.48,0.49,5849691000,,5849691000,-188595161.0,0.0,-0.198,719554000.0,1.501,1.0,932738000.0,1.0,311451000,0.0,27046616000,,0,20710443000,,,28383851000,,,6686879839.0,114590000.0,69529000.0,-1993000.0,-636304000.0,-29254000.0,-829538000.0,200591000.0,156137000.0,744629000.0,-1092000.0,234148000.0,234148000.0,234148000.0,-32605000.0,0.0,0.251,606825000.0,325913000.0,0,0.122,1.143,14.501,14.531,556030000,0.0,13.95,1.686,1.686,0,2966053000,932738000.0,932738000.0,0.0,,,,,23153000.0,606825000.0,1.0,479346225,479346225,,1.946,33922091000,0,124370000.0,0,70.767,
53,DFS,ARQ,2008-03-31,2008-04-14,2008-02-29,2021-07-29,5191000,37328059000,,,,,11.797,-20359000.0,8286290000,8286290000,0.0,81214000.0,,5.602,2226147000,,,2226147000,0,29755000.0,24941776000,0.011,0.06,233315000.0,263070000.0,0.265,263070000.0,233315000.0,233315000.0,0.17,0.17,0.17,5654341000,,5654341000,2107514343.0,3.0,,801278000.0,1.672,1.0,993273000.0,1.0,313321000,0.0,30954595000,,0,21074809000,,,31673718000,,,8167657343.0,47080000.0,0.0,-993000.0,-366650000.0,-29217000.0,-175053000.0,-576004000.0,-555645000.0,821637000.0,-23500000.0,81214000.0,81214000.0,81214000.0,157615000.0,0.0,0.082,602343000.0,390930000.0,0,0.353,1.444,18.724,18.725,567475000,0.0,17.04,2.008,2.008,0,2761159000,993273000.0,993273000.0,0.0,,,,,39550000.0,602343000.0,1.0,479322614,479322614,,2.072,37014738000,0,152101000.0,0,77.223,
54,DFS,ARQ,2007-12-31,2008-02-27,2007-11-30,2021-07-29,32032000,37376105000,,,,,11.687,-30996000.0,8787095000,8787095000,0.0,-56484000.0,,5.675,5309519000,,,5309519000,0,30814000.0,24725401000,0.007,0.06,-88005000.0,-57191000.0,-0.057,-57191000.0,-88005000.0,-88005000.0,-0.12,-0.12,-0.12,5599422000,,5599422000,4235904650.0,4.0,3.966,666308000.0,1.391,1.0,1011490000.0,1.0,353464000,0.0,33545065000,,0,23562890000,,,31776683000,,,7713480650.0,186334000.0,0.0,-1419000.0,-312394000.0,-29146000.0,1387577000.0,-1896047000.0,-1865051000.0,697304000.0,-2500000.0,-56484000.0,-56484000.0,-56484000.0,0.0,0.0,-0.056,1099495000.0,-88005000.0,0,-0.5,1.378,13.104,13.089,658492000,0.0,16.1,1.881,1.881,0,2717905000,1011490000.0,1011490000.0,0.0,,,,,35710000.0,708376000.0,1.0,479098177,479098177,,2.111,37022641000,0,-31521000.0,0,77.276,
55,DFS,ARQ,2007-09-30,2007-10-12,2007-08-31,2021-07-29,33312000,36141011000,,,,,11.867,-28354000.0,8600761000,8600761000,0.0,202240000.0,,5.377,5570783000,,,5570783000,0,30630000.0,22977291000,0.003,0.06,329214000.0,359844000.0,0.35,359844000.0,329214000.0,329214000.0,0.42,0.42,0.42,5667282000,,5667282000,7538302819.0,,,810486000.0,1.697,1.0,1028063000.0,1.0,739851000,0.0,32371182000,,0,22019663000,,,30473729000,,,10568280819.0,707819000.0,0.0,0.0,218821000.0,0.0,-22671000.0,-121670000.0,-93316000.0,838840000.0,13320000.0,202240000.0,202240000.0,202240000.0,0.0,0.0,0.197,698849000.0,329214000.0,0,0.143,1.865,,,656980000,0.0,22.13,,,0,2803535000,1028063000.0,1028063000.0,0.0,,,,,0.0,698849000.0,1.0,477554488,477554488,,2.153,35401160000,0,126974000.0,0,74.13,
56,DFS,ARQ,2007-06-30,2007-07-12,2007-05-31,2021-07-29,130304000,35672568000,,,,,12.112,,7892942000,7892942000,0.0,209242000.0,,5.171,5020385000,,,5020385000,0,,23125529000,0.0,0.0,332526000.0,,,,332526000.0,332526000.0,0.44,,0.44,5780284000,,5780284000,9697837317.0,,,,,1.0,1035518000.0,1.0,735698000,0.0,32064313000,,0,22095952000,,,29892284000,,,12570394317.0,,,,,,,,,,,209242000.0,209242000.0,209242000.0,0.0,0.0,0.202,702992000.0,332526000.0,0,0.0,2.175,,,658203000,0.0,26.34,,,0,2951295000,1035518000.0,1035518000.0,0.0,,,,,,609539000.0,1.0,477235927,477235927,,2.17,34936870000,0,123284000.0,0,73.207,
57,DFS,ARQ,2006-12-31,2007-06-01,2006-11-30,2021-07-29,129986000,29067242000,,,,,12.1,,874357000,874357000,,,,4.033,8247256000,,,8247256000,0,,13343859000,,0.0,,,,,,,,,,5774772000,,5774772000,,,,,,1.0,,,734905000,,35705236000,,0,22994678000,,,23292470000,,,,,,,,,,,,,,,,,,,,,,0,,,,,660900000,,,,,0,3008421000,,,,,,,,,,1.0,477235927,477235927,,,28332337000,0,,0,59.368,
58,DFS,ARQ,2006-12-31,2007-05-18,2006-11-30,2021-07-29,129986000,29067242000,,,,,12.1,,874357000,874357000,,,,4.033,8247256000,,,8247256000,0,,13343859000,,0.0,,,,,,,,,,5774772000,,5774772000,,,,,,1.0,,,734905000,,35705236000,,0,22994678000,,,23292470000,,,,,,,,,,,,,,,,,,,,,,0,,,,,660900000,,,,,0,3008421000,,,,,,,,,,1.0,477235927,477235927,,,28332337000,0,,0,59.368,
59,DFS,ARQ,2006-12-31,2007-05-01,2006-11-30,2021-07-29,129986000,29067242000,,,,,12.1,,874357000,874357000,,,,4.033,8247256000,,,8247256000,0,,13343859000,,0.0,,,,,,,,,,5774772000,,5774772000,,,,,,1.0,,,734905000,,35705236000,,0,22994678000,,,23292470000,,,,,,,,,,,,,,,,,,,,,,0,,,,,660900000,,,,,0,3008421000,,,,,,,,,,1.0,477235927,477235927,,,28332337000,0,,0,59.368,
60,DFS,ARQ,2006-12-31,2007-03-23,2006-11-30,2021-07-29,129986000,29067242000,,,,,12.1,,874357000,874357000,,,,4.033,8247256000,,,8247256000,0,,13343859000,,0.0,,,,,,,,,,5774772000,,5774772000,,,,,,1.0,,,734905000,,35705236000,,0,22994678000,,,23292470000,,,,,,,,,,,,,,,,,,,,,,0,,,,,660900000,,,,,0,3008421000,,,,,,,,,,1.0,477235927,477235927,,,28332337000,0,,0,59.368,
0,DFS,ART,2021-06-30,2021-07-29,2021-06-30,2021-07-29,-39000000,110985000000,115523500000.0,,,0.094,43.981,-205000000.0,16368000000,16368000000,0.0,4861000000.0,,7.426,19350000000,,,19350000000,0,487000000.0,74476000000,0.014,1.76,6194000000.0,6681000000.0,0.615,6681000000.0,6194000000.0,6194000000.0,15.65,15.64,15.65,13171000000,11615250000.0,13171000000,40562294536.0,7.0,6.071,5780000000.0,19.301,1.0,10861000000.0,1.0,256000000,0.0,113711000000,123552750000.0,0,89489000000,,,97814000000,,,37580294536.0,1201000000.0,0.0,-667000000.0,-3670000000.0,-597000000.0,-7846000000.0,3062000000.0,3267000000.0,5985000000.0,0.0,4780000000.0,4780000000.0,4780000000.0,0.0,81000000.0,0.44,4586000000.0,6275000000.0,0,0.112,2.853,7.862,8.019,986000000,0.0,125.49,3.46,3.46,0,22936000000,10861000000.0,10861000000.0,0.0,0.041,0.412,0.05,0.57,0.0,4586000000.0,1.0,299468440,299468440,,36.268,110729000000,0,1414000000.0,0,369.752,
1,DFS,ART,2021-03-31,2021-05-04,2021-03-31,2021-07-29,-7000000,113871000000,116225250000.0,,,0.069,39.864,-243000000.0,20674000000,20674000000,0.0,2795000000.0,,8.369,21011000000,,,21011000000,0,481000000.0,76745000000,0.015,1.76,3520000000.0,4001000000.0,0.498,4001000000.0,3520000000.0,3520000000.0,8.89,8.89,8.89,12154000000,10733250000.0,12154000000,35527118366.0,10.0,8.88,5781000000.0,18.961,1.0,8033000000.0,1.0,350000000,0.0,113858000000,125492000000.0,0,88432000000,,,101717000000,,,35190118366.0,9463000000.0,0.0,-114000000.0,-4948000000.0,-597000000.0,-1866000000.0,5305000000.0,5548000000.0,6024000000.0,0.0,2723000000.0,2723000000.0,2723000000.0,0.0,72000000.0,0.339,4441000000.0,3592000000.0,0,0.198,2.895,12.923,12.983,1021000000,0.0,115.42,4.381,4.381,0,21373000000,8033000000.0,8033000000.0,0.0,0.023,0.254,0.028,0.438,0.0,4441000000.0,1.0,304887527,304887527,,26.347,113521000000,0,797000000.0,0,372.337,
2,DFS,ART,2020-12-31,2021-02-17,2020-12-31,2021-07-29,45000000,112889000000,115921750000.0,,,0.051,35.488,-261000000.0,13589000000,13589000000,0.0,1141000000.0,,9.372,21241000000,,,21241000000,0,485000000.0,76904000000,0.024,2.2,1398000000.0,1883000000.0,0.316,1883000000.0,1398000000.0,1398000000.0,3.6,3.6,3.6,10884000000,10111000000.0,10884000000,35775630907.0,26.0,18.999,5935000000.0,19.352,1.0,5954000000.0,1.0,350000000,0.0,120191000000,128811000000.0,0,94337000000,,,102005000000,,,28123630907.0,6625000000.0,0.0,-338000000.0,-4792000000.0,-576000000.0,-1085000000.0,1514000000.0,1775000000.0,6196000000.0,0.0,1104000000.0,1104000000.0,1104000000.0,0.0,37000000.0,0.185,4519000000.0,1435000000.0,0,0.611,2.584,25.474,25.472,1027000000,0.0,91.7,4.723,4.723,0,19955000000,5954000000.0,5954000000.0,0.0,0.01,0.109,0.011,0.235,0.0,4519000000.0,1.0,306691722,306691722,,19.414,112539000000,0,294000000.0,0,366.945,
3,DFS,ART,2020-09-30,2020-10-26,2020-09-30,2021-07-29,93000000,124349000000,116198500000.0,,,0.05,33.449,-278000000.0,10089000000,10089000000,0.0,1050000000.0,,11.129,32541000000,,,32541000000,0,483000000.0,78015000000,0.027,1.76,1303000000.0,1786000000.0,0.31,1786000000.0,1303000000.0,1303000000.0,3.26,3.26,3.26,10252000000,10354750000.0,10252000000,42643978352.0,33.0,23.877,5749000000.0,18.757,1.0,5769000000.0,1.0,350000000,0.0,146451000000,131844000000.0,0,109336000000,,,114097000000,,,20191978352.0,3977000000.0,0.0,-736000000.0,-2952000000.0,-577000000.0,3187000000.0,-5237000000.0,-4959000000.0,6027000000.0,0.0,1009000000.0,1009000000.0,1009000000.0,0.0,41000000.0,0.175,4425000000.0,1344000000.0,0,0.54,1.97,20.012,20.209,1121000000,0.0,65.88,3.5,3.5,0,19292000000,5769000000.0,5769000000.0,0.0,0.009,0.097,0.01,0.226,0.0,4425000000.0,1.0,306496332,306496332,,18.822,123999000000,0,294000000.0,0,404.569,
4,DFS,ART,2020-06-30,2020-07-27,2020-06-30,2021-07-29,122000000,113792000000,112807750000.0,,,0.052,31.47,-286000000.0,15167000000,15167000000,0.0,1049000000.0,,10.8,23194000000,,,23194000000,0,480000000.0,77364000000,0.034,1.76,1337000000.0,1817000000.0,0.308,1817000000.0,1337000000.0,1337000000.0,3.17,3.17,3.17,9643000000,10721000000.0,9643000000,23887358724.0,18.0,13.147,5264000000.0,17.179,1.0,5906000000.0,1.0,351000000,0.0,121468000000,127409750000.0,0,93777000000,,,104149000000,,,15860358724.0,3814000000.0,0.0,-1155000000.0,-2390000000.0,-583000000.0,3956000000.0,-5692000000.0,-5406000000.0,5550000000.0,0.0,1007000000.0,1007000000.0,1007000000.0,0.0,42000000.0,0.171,4527000000.0,1379000000.0,0,0.555,1.645,15.75,16.328,1115000000,0.0,51.76,2.685,2.685,0,18673000000,5906000000.0,5906000000.0,0.0,0.009,0.094,0.01,0.226,0.0,4527000000.0,1.0,306421150,306421150,,19.274,113441000000,0,330000000.0,0,370.213,
5,DFS,ART,2020-03-31,2020-04-30,2020-03-31,2021-07-29,134000000,112657000000,112036500000.0,,,0.066,31.554,-261000000.0,11211000000,11211000000,0.0,2170000000.0,,10.656,26098000000,,,26098000000,0,460000000.0,73418000000,0.04,1.72,2780000000.0,3240000000.0,0.441,3240000000.0,2780000000.0,2780000000.0,6.69,6.69,6.69,9665000000,11183500000.0,9665000000,28048744345.0,10.0,8.657,5280000000.0,17.238,1.0,7355000000.0,1.0,410000000,0.0,127134000000,128068250000.0,0,96832000000,,,102992000000,,,13161744345.0,-4002000000.0,0.0,-1617000000.0,-702000000.0,-577000000.0,1566000000.0,-11109000000.0,-10848000000.0,5541000000.0,0.0,2123000000.0,2123000000.0,2123000000.0,0.0,47000000.0,0.289,4528000000.0,2827000000.0,0,0.257,1.362,6.2,6.423,1070000000,0.0,42.97,1.789,1.789,0,19175000000,7355000000.0,7355000000.0,0.0,0.019,0.19,0.022,0.378,0.0,4528000000.0,1.0,306300776,306300776,,24.012,112247000000,0,657000000.0,0,366.46,
6,DFS,ART,2019-12-31,2020-02-26,2019-12-31,2021-07-29,-119000000,113996000000,111552250000.0,,,0.074,38.461,-284000000.0,6964000000,6964000000,0.0,2957000000.0,,8.613,25701000000,,,25701000000,0,436000000.0,72746000000,0.025,1.72,3786000000.0,4222000000.0,0.513,4222000000.0,3786000000.0,3786000000.0,9.09,9.08,9.09,11859000000,11582000000.0,11859000000,40012297022.0,11.0,9.477,5912000000.0,19.174,1.0,8228000000.0,1.0,410000000,0.0,132323000000,126626750000.0,0,103106000000,,,102137000000,,,21275297022.0,-8181000000.0,0.0,-1761000000.0,-1714000000.0,-573000000.0,897000000.0,-15274000000.0,-14990000000.0,6196000000.0,0.0,2908000000.0,2908000000.0,2908000000.0,0.0,49000000.0,0.353,4393000000.0,3835000000.0,0,0.189,1.794,7.316,7.591,1057000000,0.0,69.0,2.586,2.586,0,21290000000,8228000000.0,8228000000.0,0.0,0.026,0.251,0.03,0.46,0.0,4393000000.0,1.0,308337638,308337638,,26.685,113586000000,0,878000000.0,0,368.382,
7,DFS,ART,2019-09-30,2019-10-30,2019-09-30,2021-07-29,-74000000,110786000000,110441500000.0,,,0.074,37.379,-289000000.0,6112000000,6112000000,0.0,2936000000.0,,8.455,24454000000,,,24454000000,0,424000000.0,71021000000,0.02,1.64,3754000000.0,4178000000.0,0.514,4178000000.0,3754000000.0,3754000000.0,8.87,8.85,8.87,11717000000,11399750000.0,11717000000,43779948731.0,12.0,10.479,5204000000.0,16.601,1.0,8127000000.0,1.0,414000000,0.0,128714000000,123851000000.0,0,100843000000,,,99069000000,,,25437948731.0,-10497000000.0,0.0,-1825000000.0,-2867000000.0,-571000000.0,2043000000.0,-18033000000.0,-17744000000.0,5493000000.0,0.0,2882000000.0,2882000000.0,2882000000.0,0.0,54000000.0,0.355,4319000000.0,3808000000.0,0,0.185,2.171,8.826,9.149,1028000000,0.0,81.15,3.13,3.13,0,20720000000,8127000000.0,8127000000.0,0.0,0.026,0.253,0.03,0.462,0.0,4319000000.0,1.0,313468253,313468253,,25.926,110372000000,0,872000000.0,0,352.099,
8,DFS,ART,2019-06-30,2019-08-01,2019-06-30,2021-07-29,-83000000,110707000000,109205500000.0,,,0.073,36.114,-287000000.0,11353000000,11353000000,0.0,2886000000.0,,8.633,25163000000,,,25163000000,0,421000000.0,69734000000,0.018,1.6,3727000000.0,4148000000.0,0.518,4148000000.0,3727000000.0,3727000000.0,8.56,8.54,8.56,11493000000,11224500000.0,11493000000,41694279311.0,11.0,10.052,5993000000.0,18.832,1.0,8008000000.0,1.0,415000000,0.0,124102000000,120626000000.0,0,95608000000,,,99214000000,,,27884279311.0,-4566000000.0,0.0,-1866000000.0,-1390000000.0,-567000000.0,4193000000.0,-15039000000.0,-14752000000.0,6280000000.0,0.0,2832000000.0,2832000000.0,2832000000.0,0.0,54000000.0,0.354,4227000000.0,3781000000.0,0,0.187,2.426,9.846,10.236,1008000000,0.0,87.62,3.482,3.482,0,20107000000,8008000000.0,8008000000.0,0.0,0.026,0.252,0.031,0.465,0.0,4227000000.0,1.0,318241033,318241033,,25.163,110292000000,0,895000000.0,0,346.568,
9,DFS,ART,2019-03-31,2019-05-02,2019-03-31,2021-07-29,-136000000,110720000000,107216500000.0,,,0.073,34.779,-278000000.0,15213000000,15213000000,0.0,2802000000.0,,8.834,26276000000,,,26276000000,0,427000000.0,68916000000,0.019,1.55,3617000000.0,4044000000.0,0.518,4044000000.0,3617000000.0,3617000000.0,8.15,8.13,8.15,11259000000,11073500000.0,11259000000,37330361485.0,10.0,9.231,6010000000.0,18.565,1.0,7804000000.0,1.0,415000000,0.0,121368000000,117767250000.0,0,91852000000,,,99461000000,,,26267361485.0,-1885000000.0,0.0,-1962000000.0,-173000000.0,-544000000.0,5090000000.0,-13263000000.0,-12985000000.0,6288000000.0,0.0,2748000000.0,2748000000.0,2748000000.0,0.0,54000000.0,0.352,4133000000.0,3671000000.0,0,0.19,2.333,9.559,9.956,980000000,0.0,81.14,3.366,3.366,0,19484000000,7804000000.0,7804000000.0,0.0,0.026,0.248,0.031,0.463,0.0,4133000000.0,1.0,323728882,323728882,,24.107,110305000000,0,869000000.0,0,340.733,
10,DFS,ART,2018-12-31,2019-02-20,2018-12-31,2021-07-29,-156000000,109553000000,105028250000.0,,,0.073,33.893,-254000000.0,15145000000,15145000000,0.0,2742000000.0,,8.843,27228000000,,,27228000000,0,435000000.0,67759000000,0.027,1.9,3544000000.0,3979000000.0,0.519,3979000000.0,3544000000.0,3544000000.0,7.81,7.79,7.81,11130000000,10976500000.0,11130000000,35602053449.0,10.0,8.947,4937000000.0,15.034,1.0,7674000000.0,1.0,416000000,0.0,121220000000,115099250000.0,0,90841000000,,,98423000000,,,23519053449.0,1758000000.0,0.0,-2059000000.0,796000000.0,-552000000.0,7146000000.0,-10579000000.0,-10325000000.0,5191000000.0,0.0,2689000000.0,2689000000.0,2689000000.0,0.0,53000000.0,0.35,4077000000.0,3597000000.0,0,0.243,2.113,8.746,9.17,936000000,0.0,71.62,3.065,3.065,0,18906000000,7674000000.0,7674000000.0,0.0,0.026,0.245,0.031,0.462,0.0,4077000000.0,1.0,328386672,328386672,,23.369,109137000000,0,855000000.0,0,332.343,
11,DFS,ART,2018-09-30,2018-10-31,2018-09-30,2021-07-29,-160000000,105842000000,102661750000.0,,,0.074,32.789,-234000000.0,16609000000,16609000000,0.0,2442000000.0,,8.608,26998000000,,,26998000000,0,430000000.0,63674000000,0.021,1.45,3524000000.0,3954000000.0,0.52,3954000000.0,3524000000.0,3524000000.0,6.79,6.78,6.79,11016000000,10917000000.0,11016000000,33795658768.0,10.0,8.547,5820000000.0,17.323,1.0,7602000000.0,1.0,417000000,0.0,115814000000,112946250000.0,0,85768000000,,,94826000000,,,23406658768.0,3279000000.0,0.0,-2149000000.0,268000000.0,-538000000.0,5079000000.0,-7854000000.0,-8818000000.0,6054000000.0,0.0,2367000000.0,2367000000.0,2367000000.0,0.0,75000000.0,0.311,4003000000.0,3599000000.0,0,0.214,2.125,9.889,10.261,896000000,0.0,69.67,3.079,3.079,0,18354000000,7602000000.0,7602000000.0,0.0,0.023,0.217,0.031,0.464,0.0,4003000000.0,1.0,335964673,335964673,,22.627,105425000000,0,1157000000.0,0,313.798,
12,DFS,ART,2018-06-30,2018-08-01,2018-06-30,2021-07-29,-162000000,102751000000,100603250000.0,,,0.074,31.778,-233000000.0,15919000000,15919000000,0.0,2324000000.0,,8.436,26252000000,,,26252000000,0,421000000.0,61683000000,0.02,1.4,3468000000.0,3889000000.0,0.521,3889000000.0,3468000000.0,3468000000.0,6.33,6.32,6.33,10889000000,10959750000.0,10889000000,34836492888.0,10.0,8.958,5767000000.0,16.83,1.0,7471000000.0,1.0,417000000,0.0,112667000000,111342500000.0,0,83483000000,,,91862000000,,,24503492888.0,2888000000.0,0.0,-2245000000.0,-189000000.0,-540000000.0,5809000000.0,-8921000000.0,-8700000000.0,6000000000.0,0.0,2257000000.0,2257000000.0,2257000000.0,0.0,67000000.0,0.302,3936000000.0,3535000000.0,0,0.221,2.25,10.857,11.297,874000000,0.0,71.51,3.28,3.28,0,17787000000,7471000000.0,7471000000.0,0.0,0.022,0.206,0.031,0.464,0.0,3936000000.0,1.0,342658270,342658270,,21.803,102334000000,0,1211000000.0,0,298.647,
13,DFS,ART,2018-03-31,2018-05-01,2018-03-31,2021-07-29,-139000000,101967000000,98354750000.0,,,0.075,31.151,-229000000.0,17098000000,17098000000,0.0,2201000000.0,,8.38,26244000000,,,26244000000,0,407000000.0,61130000000,0.019,1.35,3450000000.0,3857000000.0,0.522,3857000000.0,3450000000.0,3450000000.0,5.83,5.81,5.83,10871000000,11052250000.0,10871000000,33755867842.0,10.0,8.752,5204000000.0,14.912,1.0,7389000000.0,1.0,417000000,0.0,110696000000,109859000000.0,0,81551000000,,,91096000000,,,24609867842.0,1854000000.0,0.0,-2139000000.0,-604000000.0,-542000000.0,4265000000.0,-7844000000.0,-8634000000.0,5433000000.0,0.0,2126000000.0,2126000000.0,2126000000.0,0.0,75000000.0,0.288,3864000000.0,3525000000.0,0,0.232,2.264,11.576,12.096,848000000,0.0,70.52,3.331,3.331,0,17211000000,7389000000.0,7389000000.0,0.0,0.022,0.192,0.031,0.467,0.0,3864000000.0,1.0,348977139,348977139,,21.173,101550000000,0,1324000000.0,0,290.993,
14,DFS,ART,2017-12-31,2018-02-21,2017-12-31,2021-07-29,-152000000,100087000000,96561750000.0,,,0.076,30.703,-218000000.0,13387000000,13387000000,0.0,2099000000.0,,8.189,26326000000,,,26326000000,0,393000000.0,58764000000,0.017,1.35,3469000000.0,3862000000.0,0.528,3862000000.0,3469000000.0,3469000000.0,5.43,5.42,5.43,10892000000,11150750000.0,10892000000,40819342413.0,12.0,10.569,4990000000.0,14.066,1.0,7318000000.0,1.0,418000000,0.0,112608000000,108418750000.0,0,83195000000,,,89195000000,,,27880342413.0,1392000000.0,0.0,-2076000000.0,823000000.0,-527000000.0,4961000000.0,-8777000000.0,-8573000000.0,5208000000.0,0.0,2031000000.0,2031000000.0,2031000000.0,0.0,68000000.0,0.278,3781000000.0,3537000000.0,0,0.249,2.56,13.727,14.473,825000000,0.0,78.59,3.81,3.81,0,16687000000,7318000000.0,7318000000.0,0.0,0.021,0.182,0.032,0.474,0.0,3781000000.0,1.0,354756870,354756870,,20.628,99669000000,0,1438000000.0,0,280.95,
15,DFS,ART,2017-09-30,2017-11-02,2017-09-30,2021-07-29,-148000000,97608000000,94617000000.0,,,0.076,30.786,-208000000.0,14528000000,14528000000,0.0,2275000000.0,,7.725,26737000000,,,26737000000,0,378000000.0,56135000000,0.014,0.95,3468000000.0,3846000000.0,0.537,3846000000.0,3468000000.0,3468000000.0,5.83,5.83,5.83,11187000000,11258500000.0,11187000000,36530065499.0,11.0,9.498,4668000000.0,12.846,1.0,7163000000.0,1.0,418000000,0.0,109399000000,106597000000.0,0,79539000000,,,86421000000,,,24321065499.0,1173000000.0,0.0,-1998000000.0,-88000000.0,-518000000.0,4276000000.0,-7979000000.0,-7439000000.0,4876000000.0,0.0,2222000000.0,2222000000.0,2222000000.0,0.0,53000000.0,0.31,3642000000.0,3521000000.0,0,0.163,2.174,10.946,11.48,800000000,0.0,66.93,3.395,3.395,0,16452000000,7163000000.0,7163000000.0,0.0,0.023,0.197,0.033,0.484,0.0,3642000000.0,1.0,363380629,363380629,,19.712,97190000000,0,1246000000.0,0,267.461,
16,DFS,ART,2017-06-30,2017-08-01,2017-06-30,2021-07-29,-150000000,93757000000,92850250000.0,,,0.077,30.238,-196000000.0,13043000000,13043000000,0.0,2312000000.0,,7.327,26438000000,,,26438000000,0,363000000.0,52864000000,0.02,1.2,3525000000.0,3888000000.0,0.542,3888000000.0,3525000000.0,3525000000.0,5.8,5.8,5.8,11259000000,11298500000.0,11259000000,35963251568.0,10.0,9.25,4445000000.0,11.938,1.0,7168000000.0,1.0,419000000,0.0,106733000000,105229000000.0,0,77292000000,,,82498000000,,,22568251568.0,2333000000.0,0.0,-2025000000.0,1783000000.0,-511000000.0,3575000000.0,-5883000000.0,-5692000000.0,4641000000.0,0.0,2258000000.0,2258000000.0,2258000000.0,0.0,54000000.0,0.315,3589000000.0,3579000000.0,0,0.207,2.004,9.995,10.45,774000000,0.0,60.61,3.148,3.148,0,15989000000,7168000000.0,7168000000.0,0.0,0.024,0.2,0.033,0.492,0.0,3589000000.0,1.0,372351948,372351948,,19.251,93338000000,0,1267000000.0,0,250.671,
17,DFS,ART,2017-03-31,2017-05-02,2017-03-31,2021-07-29,-155000000,94795000000,91288750000.0,,,0.079,29.63,-180000000.0,16263000000,16263000000,0.0,2382000000.0,,7.415,26823000000,,,26823000000,0,360000000.0,53522000000,0.019,1.18,3556000000.0,3916000000.0,0.544,3916000000.0,3556000000.0,3556000000.0,5.86,5.87,5.86,11265000000,11333000000.0,11265000000,34105212838.0,10.0,8.709,4100000000.0,10.784,1.0,7193000000.0,1.0,420000000,0.0,104935000000,103809500000.0,0,75307000000,,,83530000000,,,23545212838.0,3028000000.0,0.0,-1998000000.0,2094000000.0,-512000000.0,4641000000.0,-5893000000.0,-5623000000.0,4280000000.0,0.0,2328000000.0,2328000000.0,2328000000.0,0.0,54000000.0,0.324,3583000000.0,3610000000.0,0,0.201,2.09,10.114,10.568,750000000,0.0,61.93,3.273,3.273,0,15568000000,7193000000.0,7193000000.0,0.0,0.026,0.205,0.034,0.494,0.0,3583000000.0,1.0,380190745,380190745,,18.919,94375000000,0,1228000000.0,0,248.231,
18,DFS,ART,2016-12-31,2017-02-23,2016-12-31,2021-07-29,-161000000,92308000000,89613250000.0,,,0.081,29.37,-179000000.0,12009000000,12009000000,0.0,2393000000.0,,7.152,25443000000,,,25443000000,0,351000000.0,51992000000,0.017,1.18,3602000000.0,3953000000.0,0.546,3953000000.0,3602000000.0,3602000000.0,5.77,5.77,5.77,11323000000,11345750000.0,11323000000,40984263570.0,11.0,10.368,4246000000.0,11.013,1.0,7240000000.0,1.0,421000000,0.0,105321000000,102395250000.0,0,76844000000,,,80985000000,,,27550263570.0,2342000000.0,0.0,-1901000000.0,773000000.0,-514000000.0,2811000000.0,-4894000000.0,-4719000000.0,4425000000.0,0.0,2339000000.0,2339000000.0,2339000000.0,0.0,54000000.0,0.323,3584000000.0,3656000000.0,0,0.205,2.433,11.779,12.385,734000000,0.0,71.46,3.805,3.805,0,15130000000,7240000000.0,7240000000.0,0.0,0.026,0.206,0.035,0.498,0.0,3584000000.0,1.0,385534055,385534055,,18.779,91887000000,0,1263000000.0,0,238.337,
19,DFS,ART,2016-09-30,2016-10-27,2016-09-30,2021-07-29,-165000000,90541000000,88270250000.0,,,0.081,28.77,-181000000.0,13023000000,13023000000,0.0,2330000000.0,,6.979,26830000000,,,26830000000,0,362000000.0,49245000000,0.02,1.14,3508000000.0,3870000000.0,0.539,3870000000.0,3508000000.0,3508000000.0,5.53,5.53,5.53,11347000000,11333750000.0,11347000000,36177291938.0,10.0,9.348,3996000000.0,10.132,1.0,7181000000.0,1.0,421000000,0.0,103927000000,101456500000.0,0,74232000000,,,79194000000,,,22370291938.0,1826000000.0,2000000.0,-1858000000.0,3007000000.0,-516000000.0,3332000000.0,-5683000000.0,-4655000000.0,4177000000.0,0.0,2277000000.0,2277000000.0,2277000000.0,0.0,53000000.0,0.317,3620000000.0,3561000000.0,0,0.206,1.971,9.824,10.257,722000000,0.0,56.72,3.115,3.115,0,14696000000,7181000000.0,7181000000.0,0.0,0.026,0.201,0.035,0.489,0.0,3620000000.0,1.0,394398659,394398659,,18.207,90120000000,0,1231000000.0,0,228.5,
20,DFS,ART,2016-06-30,2016-08-02,2016-06-30,2021-07-29,-174000000,87511000000,87037750000.0,,,0.083,28.236,-165000000.0,10715000000,10715000000,0.0,2303000000.0,,6.678,24681000000,,,24681000000,0,374000000.0,48527000000,0.026,1.42,3522000000.0,3896000000.0,0.543,3896000000.0,3522000000.0,3522000000.0,5.35,5.35,5.35,11397000000,11322750000.0,11397000000,36379413252.0,10.0,9.338,3842000000.0,9.519,1.0,7181000000.0,1.0,422000000,0.0,101055000000,100134500000.0,0,73496000000,,,76114000000,,,22413413252.0,22000000.0,2000000.0,-1712000000.0,398000000.0,-515000000.0,438000000.0,-4423000000.0,-4916000000.0,4007000000.0,0.0,2251000000.0,2251000000.0,2251000000.0,0.0,52000000.0,0.313,3607000000.0,3574000000.0,0,0.265,1.967,9.957,10.379,708000000,0.0,55.53,3.121,3.121,0,14188000000,7181000000.0,7181000000.0,0.0,0.026,0.199,0.035,0.49,0.0,3607000000.0,1.0,403627107,403627107,,17.791,87089000000,0,1271000000.0,0,215.766,
21,DFS,ART,2016-03-31,2016-04-28,2016-03-31,2021-07-29,-172000000,88093000000,86387750000.0,,,0.084,27.451,-172000000.0,13145000000,13145000000,0.0,2286000000.0,,6.785,24752000000,,,24752000000,0,380000000.0,48465000000,0.02,1.12,3567000000.0,3947000000.0,0.545,3947000000.0,3567000000.0,3567000000.0,5.21,5.21,5.21,11316000000,11289250000.0,11316000000,34971930627.0,10.0,8.86,3777000000.0,9.162,1.0,7246000000.0,1.0,422000000,0.0,99278000000,99215750000.0,0,71355000000,,,76777000000,,,23364930627.0,321000000.0,2000000.0,-1713000000.0,1647000000.0,-525000000.0,1511000000.0,-5139000000.0,-4068000000.0,3949000000.0,0.0,2235000000.0,2235000000.0,2235000000.0,0.0,51000000.0,0.308,3628000000.0,3618000000.0,0,0.215,2.065,10.454,10.879,706000000,0.0,56.68,3.225,3.225,0,13698000000,7246000000.0,7246000000.0,0.0,0.026,0.198,0.036,0.492,0.0,3628000000.0,1.0,412225311,412225311,,17.578,87671000000,0,1332000000.0,0,212.677,
22,DFS,ART,2015-12-31,2016-02-24,2015-12-31,2021-07-29,-160000000,86936000000,85409000000.0,,,0.085,27.221,-167000000.0,9671000000,9671000000,0.0,2297000000.0,,6.711,24724000000,,,24724000000,0,391000000.0,47594000000,0.024,1.12,3561000000.0,3952000000.0,0.547,3952000000.0,3561000000.0,3561000000.0,5.14,5.13,5.14,11275000000,11263000000.0,11275000000,34400331279.0,10.0,8.705,3687000000.0,8.901,1.0,7227000000.0,1.0,423000000,0.0,101566000000,98124500000.0,0,73600000000,,,75661000000,,,19347331279.0,2288000000.0,2000000.0,-1710000000.0,2017000000.0,-515000000.0,1302000000.0,-2868000000.0,-2710000000.0,3854000000.0,0.0,2246000000.0,2246000000.0,2246000000.0,0.0,51000000.0,0.311,3615000000.0,3612000000.0,0,0.218,1.716,8.614,9.088,693000000,0.0,46.71,2.677,2.677,0,13250000000,7227000000.0,7227000000.0,0.0,0.026,0.199,0.036,0.493,0.0,3615000000.0,1.0,414201055,414201055,,17.448,86513000000,0,1315000000.0,0,208.867,
23,DFS,ART,2015-09-30,2015-10-29,2015-09-30,2021-07-29,-180000000,85611000000,84456500000.0,,,0.084,26.441,-161000000.0,10348000000,10348000000,0.0,2201000000.0,,6.574,23800000000,,,23800000000,0,324000000.0,46605000000,0.018,1.04,3421000000.0,3745000000.0,0.529,3745000000.0,3421000000.0,3421000000.0,4.87,4.87,4.87,11303000000,11227750000.0,11303000000,37792927686.0,11.0,10.092,3649000000.0,8.536,1.0,7086000000.0,1.0,424000000,0.0,98639000000,97223000000.0,0,71637000000,,,74308000000,,,24340927686.0,2868000000.0,0.0,-1675000000.0,2678000000.0,-504000000.0,1718000000.0,-2660000000.0,-2504000000.0,3810000000.0,0.0,2150000000.0,2150000000.0,2150000000.0,0.0,51000000.0,0.303,3614000000.0,3472000000.0,0,0.214,2.153,11.321,11.692,684000000,0.0,56.94,3.435,3.435,0,12880000000,7086000000.0,7086000000.0,0.0,0.025,0.191,0.035,0.483,14000000.0,3614000000.0,1.0,427483802,427483802,,16.576,85187000000,0,1271000000.0,0,199.275,
24,DFS,ART,2015-06-30,2015-07-29,2015-06-30,2021-07-29,-160000000,84911000000,83202750000.0,,,0.085,25.874,-160000000.0,11349000000,11349000000,0.0,2233000000.0,,6.539,24243000000,,,24243000000,0,258000000.0,46316000000,0.018,1.0,3455000000.0,3713000000.0,0.525,3713000000.0,3455000000.0,3455000000.0,4.86,4.86,4.86,11263000000,11227250000.0,11263000000,37009994836.0,11.0,9.968,3558000000.0,8.174,1.0,7066000000.0,1.0,425000000,0.0,97380000000,95990000000.0,0,69994000000,,,73648000000,,,24115994836.0,3716000000.0,0.0,-1860000000.0,4012000000.0,-493000000.0,3538000000.0,-3540000000.0,-2931000000.0,3718000000.0,0.0,2181000000.0,2181000000.0,2181000000.0,0.0,52000000.0,0.309,3559000000.0,3507000000.0,0,0.206,2.141,11.057,11.399,688000000,0.0,55.4,3.413,3.413,0,12400000000,7066000000.0,7066000000.0,0.0,0.026,0.194,0.036,0.489,28000000.0,3559000000.0,1.0,435306766,435306766,,16.232,84486000000,0,1274000000.0,0,194.084,
25,DFS,ART,2015-03-31,2015-04-30,2015-03-31,2021-07-29,-161000000,84178000000,81709250000.0,,,0.086,25.335,-143000000.0,11923000000,11923000000,0.0,2278000000.0,,6.509,23090000000,,,23090000000,0,192000000.0,46427000000,0.017,0.96,3527000000.0,3719000000.0,0.531,3719000000.0,3527000000.0,3527000000.0,4.88,4.88,4.88,11211000000,11256750000.0,11211000000,36819015778.0,10.0,9.9,3617000000.0,8.174,1.0,7009000000.0,1.0,432000000,0.0,94913000000,94511750000.0,0,68650000000,,,72967000000,,,25652015778.0,3083000000.0,0.0,-1614000000.0,2728000000.0,-480000000.0,2078000000.0,-2755000000.0,-3666000000.0,3760000000.0,0.0,2225000000.0,2225000000.0,2225000000.0,0.0,53000000.0,0.317,3429000000.0,3580000000.0,0,0.197,2.288,11.529,11.879,678000000,0.0,57.97,3.66,3.66,0,11936000000,7009000000.0,7009000000.0,0.0,0.027,0.198,0.037,0.503,42000000.0,3429000000.0,1.0,442505016,442505016,,15.839,83746000000,0,1302000000.0,0,189.254,
26,DFS,ART,2014-12-31,2015-02-25,2014-12-31,2021-07-29,-138000000,83126000000,80560750000.0,,,0.087,24.895,-145000000.0,7390000000,7390000000,0.0,2323000000.0,,6.466,22657000000,,,22657000000,0,126000000.0,46089000000,0.016,0.96,3641000000.0,3767000000.0,0.536,3767000000.0,3641000000.0,3641000000.0,4.91,4.9,4.91,11134000000,11209250000.0,11134000000,42606777410.0,12.0,11.311,3681000000.0,8.23,1.0,7034000000.0,1.0,433000000,0.0,97960000000,93166000000.0,0,72172000000,,,71992000000,,,27339777410.0,730000000.0,0.0,-1559000000.0,1990000000.0,-467000000.0,1101000000.0,-4197000000.0,-4128000000.0,3826000000.0,0.0,2270000000.0,2270000000.0,2270000000.0,0.0,53000000.0,0.323,3340000000.0,3694000000.0,0,0.196,2.456,12.044,12.45,670000000,0.0,61.13,3.887,3.887,0,11467000000,7034000000.0,7034000000.0,0.0,0.028,0.203,0.039,0.518,60000000.0,3340000000.0,1.0,447239938,447239938,,15.728,82693000000,0,1371000000.0,0,184.896,
27,DFS,ART,2014-09-30,2014-10-28,2014-09-30,2021-07-29,-70000000,80596000000,79614250000.0,,,0.091,24.921,-156000000.0,7485000000,7485000000,0.0,2521000000.0,,6.132,21057000000,,,21057000000,0,121000000.0,45382000000,0.014,0.88,3928000000.0,4049000000.0,0.56,4049000000.0,3928000000.0,3928000000.0,5.27,5.27,5.27,11301000000,11128000000.0,11301000000,42195642767.0,11.0,10.421,3652000000.0,8.053,1.0,7229000000.0,1.0,461000000,0.0,93707000000,91863250000.0,0,69717000000,,,69295000000,,,28623642767.0,1759000000.0,0.0,-1506000000.0,2215000000.0,-453000000.0,2537000000.0,-4586000000.0,-4510000000.0,3808000000.0,0.0,2466000000.0,2466000000.0,2466000000.0,0.0,55000000.0,0.341,3246000000.0,3983000000.0,0,0.167,2.533,11.607,11.977,661000000,0.0,63.12,3.96,3.96,0,11182000000,7229000000.0,7229000000.0,0.0,0.031,0.222,0.043,0.543,60000000.0,3246000000.0,1.0,453479765,453479765,,15.941,80135000000,0,1462000000.0,0,176.711,
28,DFS,ART,2014-06-30,2014-08-01,2014-06-30,2021-07-29,-72000000,78937000000,78351250000.0,,,0.091,24.639,-187000000.0,7184000000,7184000000,0.0,2470000000.0,,5.936,20177000000,,,20177000000,0,116000000.0,44445000000,0.014,0.84,3865000000.0,3981000000.0,0.559,3981000000.0,3865000000.0,3865000000.0,5.1,5.1,5.1,11381000000,10953250000.0,11381000000,40919739964.0,11.0,10.279,3014000000.0,6.525,1.0,7122000000.0,1.0,463000000,0.0,91467000000,90450250000.0,0,68331000000,,,67556000000,,,27926739964.0,1135000000.0,0.0,-1230000000.0,1824000000.0,-440000000.0,2027000000.0,-4093000000.0,-4138000000.0,3201000000.0,0.0,2415000000.0,2415000000.0,2415000000.0,0.0,55000000.0,0.339,3202000000.0,3920000000.0,0,0.165,2.454,11.564,11.855,665000000,0.0,60.46,3.921,3.921,0,10659000000,7122000000.0,7122000000.0,0.0,0.031,0.22,0.043,0.543,60000000.0,3202000000.0,1.0,461904399,461904399,,15.419,78474000000,0,1450000000.0,0,169.892,
29,DFS,ART,2014-03-31,2014-04-29,2014-03-31,2021-07-29,-70000000,79584000000,77353000000.0,,,0.092,23.636,-215000000.0,9894000000,9894000000,0.0,2428000000.0,,6.221,20306000000,,,20306000000,0,115000000.0,44984000000,0.014,0.8,3831000000.0,3946000000.0,0.555,3946000000.0,3831000000.0,3831000000.0,4.95,4.95,4.95,11021000000,10720000000.0,11021000000,36402102504.0,10.0,9.225,2939000000.0,6.303,1.0,7111000000.0,1.0,466000000,0.0,89530000000,89204250000.0,0,66225000000,,,68563000000,,,25990102504.0,664000000.0,0.0,-1391000000.0,692000000.0,-426000000.0,1487000000.0,-3977000000.0,-3081000000.0,3154000000.0,0.0,2373000000.0,2373000000.0,2373000000.0,0.0,55000000.0,0.334,3225000000.0,3886000000.0,0,0.162,2.358,10.952,11.261,668000000,0.0,55.74,3.655,3.655,0,10138000000,7111000000.0,7111000000.0,0.0,0.031,0.221,0.043,0.539,60000000.0,3225000000.0,1.0,466273816,466273816,,15.251,79118000000,0,1458000000.0,0,169.681,
30,DFS,ART,2013-12-31,2014-02-25,2013-12-31,2021-07-29,-68000000,79340000000,76491750000.0,,,0.093,22.954,-231000000.0,6736000000,6736000000,0.0,2470000000.0,,6.34,20614000000,,,20614000000,0,111000000.0,44959000000,0.014,0.8,3888000000.0,3999000000.0,0.56,3999000000.0,3888000000.0,3888000000.0,4.97,4.96,4.97,10809000000,10539500000.0,10809000000,40700215825.0,10.0,10.178,3286000000.0,6.978,1.0,7138000000.0,1.0,469000000,0.0,92749000000,88481000000.0,0,69114000000,,,68531000000,,,26822215825.0,3970000000.0,0.0,-1283000000.0,2525000000.0,-399000000.0,3616000000.0,-3163000000.0,-3040000000.0,3517000000.0,0.0,2414000000.0,2414000000.0,2414000000.0,0.0,56000000.0,0.338,3194000000.0,3944000000.0,0,0.161,2.481,11.111,11.461,654000000,0.0,56.96,3.758,3.758,0,9611000000,7138000000.0,7138000000.0,0.0,0.032,0.229,0.044,0.545,59000000.0,3194000000.0,1.0,470895643,470895643,,15.158,78871000000,0,1474000000.0,0,167.491,
31,DFS,ART,2013-09-30,2013-11-01,2013-09-30,2021-07-29,-109000000,75544000000,,,,,22.234,,5806000000,5806000000,,,,6.125,18789000000,,,18789000000,0,,43117000000,0.01,0.54,,,,,,,,,,10602000000,,10602000000,37778666584.0,,,,,1.0,,,472000000,,88055000000,,0,66154000000,,,64942000000,,,24795666584.0,,,,,,,,,,,,,,,,,,,0,,2.339,,,639000000,,52.0,,,0,9115000000,,,,,,,,,,1.0,476839742,476839742,,,75072000000,0,,0,157.437,
32,DFS,ART,2013-06-30,2013-07-30,2013-06-30,2021-07-29,-107000000,74944000000,,,,,21.596,,6281000000,6281000000,,,,6.173,18295000000,,,18295000000,0,,42568000000,0.009,0.44,,,,,,,,,,10448000000,,10448000000,36271113423.0,,,,,1.0,,,475000000,,86483000000,,0,65090000000,,,64496000000,,,24257113423.0,,,,,,,,,,,,,,,,,,,0,,2.322,,,607000000,,50.14,,,0,8629000000,,,,,,,,,,1.0,483787663,483787663,,,74469000000,0,,0,153.929,
33,DFS,ART,2013-03-31,2013-04-30,2013-03-31,2021-07-29,-84000000,76139000000,,,,,21.0,,8549000000,8549000000,,,,6.393,19520000000,,,19520000000,0,,42394000000,0.008,0.34,,,,,,,,,,10299000000,,10299000000,32422182720.0,,,,,1.0,,,473000000,,86637000000,,0,64020000000,,,65840000000,,,21451182720.0,,,,,,,,,,,,,,,,,,,0,,2.083,,,572000000,,43.74,,,0,8136000000,,,,,,,,,,1.0,490424845,490424845,,,75666000000,0,,0,154.287,
34,DFS,ART,2012-12-31,2013-01-25,2012-11-30,2021-07-29,-75000000,75283000000,72940271750.0,,,0.093,19.654,-143000000.0,6270000000,6270000000,0.0,2345000000.0,,6.699,20013000000,,,20013000000,0,95000000.0,42155000000,0.011,0.44,3726000000.0,3821000000.0,0.561,3821000000.0,3726000000.0,3726000000.0,4.47,4.46,4.47,9778000000,9162930750.0,9778000000,33190430148.0,9.0,8.686,2898000000.0,5.825,1.0,6805000000.0,1.0,476000000,0.0,88550000000,85202759250.0,0,65513000000,,,65505000000,,,19447430148.0,1076000000.0,-49000000.0,-1190000000.0,2319000000.0,-209000000.0,3728000000.0,-5693000000.0,-4444000000.0,3041000000.0,0.0,2318000000.0,2318000000.0,2318000000.0,0.0,27000000.0,0.341,3052000000.0,3753000000.0,0,0.098,1.989,8.39,8.745,534000000,0.0,39.09,2.858,2.858,0,7373000000,6805000000.0,6805000000.0,0.0,0.032,0.253,0.044,0.548,47000000.0,3052000000.0,1.0,497503969,497503969,,13.678,74807000000,0,1408000000.0,0,150.365,
35,DFS,ART,2012-09-30,2012-10-04,2012-08-31,2021-07-29,-31326000,73908664000,71315506000.0,,,0.093,18.119,-142677000.0,6538959000,6538959000,0.0,2306862000.0,,7.081,19496252000,,,19496252000,0,94047000.0,42318312000,0.01,0.4,3687828000.0,3781875000.0,0.57,3781875000.0,3687828000.0,3687828000.0,4.35,4.34,4.35,9145913000,8778983500.0,9145913000,33355285260.0,9.0,8.82,2814127000.0,5.575,1.0,6630698000.0,1.0,479224000,0.0,86386733000,83700762500.0,0,63937605000,,,64762751000,,,20397992260.0,2280085000.0,-48886000.0,-1020183000.0,2141931000.0,-198742000.0,5503782000.0,-6180501000.0,-6634656000.0,2956804000.0,0.0,2283862000.0,2283862000.0,2283862000.0,0.0,23000000.0,0.344,2919870000.0,3710828000.0,0,0.092,2.23,8.931,9.29,519621000,0.0,40.41,3.076,3.076,0,6877990000,6630698000.0,6630698000.0,0.0,0.032,0.26,0.044,0.556,46195000.0,2919870000.0,1.0,504775854,504775854,,13.136,73429440000,0,1403966000.0,0,145.469,
36,DFS,ART,2012-06-30,2012-06-26,2012-05-31,2021-07-29,-41016000,72083405000,69269756750.0,,,0.094,17.282,-114172000.0,6914950000,6914950000,0.0,2328994000.0,,7.1,19023907000,,,19023907000,0,91966000.0,41551286000,0.01,0.32,3722065000.0,3814031000.0,0.588,3814031000.0,3722065000.0,3722065000.0,4.32,4.31,4.32,8898858000,8493984250.0,8898858000,29363652490.0,8.0,7.699,2742273000.0,5.326,1.0,6482565000.0,1.0,439922000,0.0,83752440000,81655177500.0,0,61840618000,,,63184547000,,,17254695490.0,1339109000.0,0.0,-861070000.0,1446594000.0,-176059000.0,6590939000.0,-8108275000.0,-7214561000.0,2856445000.0,0.0,2304864000.0,2304864000.0,2304864000.0,0.0,24130000.0,0.356,2736370000.0,3746195000.0,0,0.074,1.939,7.486,7.757,492444000,0.0,33.51,2.662,2.662,0,6303466000,6482565000.0,6482565000.0,0.0,0.033,0.271,0.046,0.574,45381000.0,2736370000.0,1.0,514911832,514911832,,12.59,71643483000,0,1417201000.0,0,139.137,
37,DFS,ART,2012-03-31,2012-04-04,2012-02-29,2021-07-29,-48604000,70486018000,67108288750.0,,,0.096,16.648,-118830000.0,6676459000,6676459000,0.0,2392822000.0,,6.984,18753958000,,,18753958000,0,90323000.0,40147912000,0.01,0.32,3779472000.0,3869795000.0,0.602,3869795000.0,3779472000.0,3779472000.0,4.4,4.4,4.4,8828952000,8150094750.0,8828952000,29578036428.0,8.0,7.643,3222374000.0,6.076,1.0,6428533000.0,1.0,441653000,0.0,82121864000,79777566000.0,0,60590446000,,,61657066000,,,17500537428.0,1143727000.0,-35109000.0,-419942000.0,4299000.0,-152060000.0,4694243000.0,-6891720000.0,-7061518000.0,3341204000.0,0.0,2366807000.0,2366807000.0,2366807000.0,0.0,26015000.0,0.368,2623046000.0,3805487000.0,0,0.073,1.982,7.394,7.5,486520000,0.0,33.0,2.722,2.722,0,5820609000,6428533000.0,6428533000.0,0.0,0.035,0.29,0.047,0.588,45434000.0,2623046000.0,1.0,530319316,530319316,,12.122,70044365000,0,1412665000.0,0,132.08,
38,DFS,ART,2011-12-31,2012-01-26,2011-11-30,2021-07-29,-51679000,68783937000,65363436500.0,,,0.093,15.552,-108547000.0,4135663000,4135663000,0.0,2226708000.0,,7.345,18337178000,,,18337178000,0,89390000.0,39577462000,0.01,0.28,3486295000.0,3575685000.0,0.591,3575685000.0,3486295000.0,3486295000.0,4.06,4.06,4.06,8242211000,7667648000.0,8242211000,29019657912.0,8.0,8.116,3501068000.0,6.606,1.0,6052411000.0,1.0,443439000,0.0,82542013000,78322241500.0,0,61337792000,,,60541726000,,,14818142912.0,-2248890000.0,-401158000.0,-412150000.0,-2357138000.0,-109573000.0,2263045000.0,-8121550000.0,-7896019000.0,3609615000.0,0.0,2201759000.0,2201759000.0,2201759000.0,0.0,24949000.0,0.364,2541167000.0,3511244000.0,0,0.069,1.798,6.73,6.887,483250000,0.0,27.96,2.448,2.448,0,5243318000,6052411000.0,6052411000.0,0.0,0.034,0.287,0.045,0.576,43777000.0,2541167000.0,1.0,529976499,529976499,,11.42,68340498000,0,1284536000.0,0,128.95,
39,DFS,ART,2011-09-30,2011-09-28,2011-08-31,2021-07-29,-19979000,65725667000,63363694250.0,,,0.091,14.566,-95079000.0,4894755000,4894755000,0.0,2063771000.0,,7.21,17818200000,,,17818200000,0,87310000.0,37586884000,0.007,0.16,3256016000.0,3343326000.0,0.578,3343326000.0,3256016000.0,3256016000.0,3.75,3.75,3.75,8005916000,7221306750.0,8005916000,26048778709.0,8.0,7.791,3882760000.0,7.064,1.0,5779548000.0,1.0,444719000,0.0,78204393000,75923630500.0,0,57761561000,,,57719751000,,,13125333709.0,-3958566000.0,-401158000.0,-188405000.0,-2855270000.0,-80688000.0,189229000.0,-8125634000.0,-7581129000.0,3977839000.0,0.0,2041013000.0,2041013000.0,2041013000.0,0.0,22758000.0,0.353,2500774000.0,3278774000.0,0,0.043,1.639,6.431,6.368,465871000,0.0,23.88,2.271,2.271,0,4763180000,5779548000.0,5779548000.0,0.0,0.032,0.283,0.043,0.563,44628000.0,2500774000.0,1.0,549637090,549637090,,10.515,65280948000,0,1215003000.0,0,118.771,
40,DFS,ART,2011-06-30,2011-07-01,2011-05-31,2021-07-29,-66358000,63437533000,61946665750.0,,,0.082,13.787,-86969000.0,4787329000,4787329000,0.0,1675570000.0,,7.432,18038507000,,,18038507000,0,86887000.0,35219183000,0.005,0.12,2645701000.0,2732588000.0,0.537,2732588000.0,2645701000.0,2645701000.0,3.04,3.04,3.04,7523300000,6747652000.0,7523300000,27738704314.0,10.0,10.151,3597752000.0,6.593,1.0,5088441000.0,1.0,446717000,0.0,76241994000,73723571000.0,0,55434945000,,,55914233000,,,14487526314.0,-6562769000.0,-401158000.0,606000.0,-3208128000.0,-62435000.0,-3248847000.0,-6998643000.0,-6378525000.0,3684721000.0,0.0,1657435000.0,1657435000.0,1657435000.0,0.0,18135000.0,0.326,2424605000.0,2663836000.0,0,0.039,1.926,8.741,8.734,471112000,0.0,26.55,2.847,2.847,0,4147598000,5088441000.0,5088441000.0,0.0,0.027,0.246,0.036,0.52,40167000.0,2424605000.0,1.0,545669541,545669541,,9.325,62990816000,0,988266000.0,0,115.438,
41,DFS,ART,2011-03-31,2011-04-08,2011-02-28,2021-07-29,-106279000,63506609000,61625702000.0,,,0.072,12.648,-62178000.0,5847499000,5847499000,0.0,1333218000.0,,8.205,19090170000,,,19090170000,0,87519000.0,34858994000,0.005,0.12,2074889000.0,2162408000.0,0.485,2162408000.0,2074889000.0,2074889000.0,2.29,2.28,2.29,6899165000,6376393750.0,6899165000,26252508117.0,13.0,12.14,3954389000.0,7.249,1.0,4462579000.0,1.0,448714000,0.0,76300566000,72083410250.0,0,54245650000,,,56607444000,,,13009837117.0,-7556896000.0,-366049000.0,-5608000.0,-6212313000.0,-55166000.0,-7865512000.0,-3707951000.0,-6476915000.0,4016567000.0,0.0,1248537000.0,1248537000.0,1248537000.0,0.0,84681000.0,0.28,2303009000.0,2159570000.0,0,0.052,1.886,10.42,10.415,458950000,0.0,23.85,2.915,2.915,0,3580338000,4462579000.0,4462579000.0,0.0,0.02,0.196,0.029,0.465,37663000.0,2303009000.0,1.0,545485833,545485833,,8.181,63057895000,0,826352000.0,0,115.6,
42,DFS,ART,2010-12-31,2011-01-26,2010-11-30,2021-07-29,-82548000,60784968000,62453787500.0,,,0.055,11.842,-54431000.0,5098733000,5098733000,0.0,764788000.0,,8.414,17705728000,,,17705728000,0,89166000.0,34413383000,0.004,0.08,1172009000.0,1261175000.0,0.365,1261175000.0,1172009000.0,1172009000.0,1.23,1.22,1.23,6456846000,6405364500.0,6456846000,23909964004.0,20.0,18.958,3818155000.0,7.003,1.0,3451524000.0,1.0,444394000,0.0,72947569000,72016628500.0,0,50982690000,,,54328122000,,,11302969004.0,-7921986000.0,0.0,-6918000.0,-7143013000.0,-70431000.0,-7071620000.0,-4722952000.0,-5186834000.0,3872586000.0,0.0,667938000.0,667938000.0,667938000.0,0.0,96850000.0,0.194,2182665000.0,1268859000.0,0,0.065,1.751,16.922,16.854,460732000,0.0,20.73,3.275,3.275,0,3126488000,3451524000.0,3451524000.0,0.0,0.011,0.104,0.016,0.34,37081000.0,2182665000.0,1.0,545246937,545246937,,6.33,60340574000,0,504071000.0,0,110.667,
43,DFS,ART,2010-09-30,2010-10-06,2010-08-31,2021-07-29,-82297000,60057553000,58762792250.0,,,0.058,11.222,-41530000.0,7916091000,7916091000,0.0,767683000.0,,8.827,17708753000,,,17708753000,0,92669000.0,34246804000,0.005,0.08,1159289000.0,1251958000.0,0.367,1251958000.0,1159289000.0,1159289000.0,1.2,1.18,1.2,6111297000,6900039750.0,6111297000,19050681953.0,16.0,15.217,3666975000.0,6.733,1.0,3415973000.0,1.0,446060000,0.0,69404155000,62524064250.0,0,47987690000,,,53946256000,,,9258019953.0,-2912151000.0,0.0,-9200000.0,-6514496000.0,-85752000.0,-4100346000.0,-2520310000.0,-3528136000.0,3708505000.0,0.0,673088000.0,654454000.0,654454000.0,0.0,94595000.0,0.192,2162089000.0,1253884000.0,0,0.067,1.515,14.146,14.167,456943000,18634000.0,17.0,2.71,2.71,0,2787822000,3415973000.0,3415973000.0,0.0,0.011,0.095,0.019,0.339,54009000.0,2162089000.0,1.0,544589409,544589409,,6.273,59611493000,0,486201000.0,0,109.461,
44,DFS,ART,2010-06-30,2010-07-07,2010-05-31,2021-07-29,-73940000,62153678000,54422976500.0,,,0.071,11.099,-41442000.0,10335729000,10335729000,0.0,1084520000.0,,9.293,18311127000,,,18311127000,0,95068000.0,35021975000,0.005,0.08,1669508000.0,1764576000.0,0.455,1764576000.0,1669508000.0,1669508000.0,1.82,1.78,1.82,6038267000,7468766000.0,6038267000,15902014977.0,10.0,9.012,4086679000.0,7.512,1.0,3881369000.0,1.0,447725000,0.0,69681351000,53476076750.0,0,47540238000,,,56115411000,,,7926616977.0,640904000.0,0.0,523565000.0,-6043599000.0,-99864000.0,-1743168000.0,-1744049000.0,-2683612000.0,4128121000.0,0.0,992348000.0,955647000.0,955647000.0,0.0,92172000.0,0.246,2119689000.0,1761680000.0,0,0.044,1.313,8.295,8.005,469001000,36701000.0,14.57,2.042,2.042,0,2538164000,3881369000.0,3881369000.0,0.0,0.018,0.128,0.031,0.43,48189000.0,2119689000.0,1.0,544036855,544036855,,7.134,61705953000,0,677160000.0,0,113.422,
45,DFS,ART,2010-03-31,2010-04-09,2010-02-28,2021-07-29,-74038000,66818951000,49264129000.0,,,0.08,12.899,-43383000.0,12728321000,12728321000,0.0,1052253000.0,,8.525,22392200000,,,22392200000,0,96674000.0,35051666000,0.005,0.08,1735402000.0,1832076000.0,0.467,1832076000.0,1735402000.0,1735402000.0,1.91,1.88,1.91,7015048000,7813109250.0,7015048000,18093148179.0,10.0,9.876,4161232000.0,7.652,1.0,3920866000.0,1.0,449391000,0.0,76033439000,44379641000.0,0,46798737000,,,59803903000,,,8429269179.0,4004113000.0,0.0,523215000.0,-3843474000.0,-98062000.0,3754975000.0,-3955477000.0,-1474855000.0,4204615000.0,0.0,1033558000.0,980303000.0,980303000.0,0.0,18695000.0,0.25,2166769000.0,1754097000.0,0,0.042,1.202,8.599,8.115,482833000,53255000.0,15.5,2.15,2.15,0,2362685000,3920866000.0,3920866000.0,0.0,0.02,0.125,0.039,0.443,56133000.0,2166769000.0,1.0,543823818,543823818,,7.21,66369560000,0,701844000.0,0,122.042,
46,DFS,ART,2009-12-31,2010-01-28,2009-11-30,2021-07-29,-154818000,46020987000,42711020750.0,,,0.102,15.518,-52544000.0,13020719000,13020719000,0.0,1276185000.0,,4.456,2428101000,,,2428101000,0,97930000.0,32093012000,0.006,0.08,2120898000.0,2218828000.0,0.508,2218828000.0,2120898000.0,2120898000.0,2.42,2.39,2.42,8435547000,7559185000.0,8435547000,-3248451277.0,-2.0,-1.464,3545348000.0,6.522,1.0,4371986000.0,1.0,451057000,0.0,34977312000,34179561750.0,0,28252482000,,,37585440000,,,7344166723.0,2849576000.0,0.0,522437000.0,193983000.0,-101034000.0,5412464000.0,-6160780000.0,-5464925000.0,3597892000.0,0.0,1276185000.0,1222930000.0,1222930000.0,0.0,0.0,0.28,2251088000.0,2120898000.0,0,0.033,0.871,6.005,5.583,499303000,53255000.0,13.51,1.68,1.68,0,3873262000,4371986000.0,4371986000.0,0.0,0.029,0.162,0.062,0.485,44249000.0,2251088000.0,1.0,543609676,543609676,,8.043,45569930000,0,844713000.0,0,83.828,
47,DFS,ART,2009-09-30,2009-10-07,2009-08-31,2021-07-29,-24972000,42698290000,41178869500.0,,,0.108,15.449,-55524000.0,10828242000,10828242000,0.0,1355983000.0,,4.091,1795134000,,,1795134000,0,99542000.0,29567138000,0.007,0.12,2206313000.0,2305855000.0,0.518,2305855000.0,2206313000.0,2206313000.0,2.68,2.64,2.68,8386202000,6929254000.0,8386202000,135032807.0,0.0,0.059,4171684000.0,7.685,1.0,4455290000.0,1.0,452977000,0.0,33212205000,33309704250.0,0,26923983000,,,34312088000,,,9168140807.0,345523000.0,-198000.0,522402000.0,-57897000.0,-103934000.0,4199360000.0,-8081045000.0,-7523031000.0,4227208000.0,0.0,1355983000.0,1321362000.0,1321362000.0,11306000.0,0.0,0.297,2237671000.0,2217619000.0,0,0.045,1.093,6.938,6.302,518105000,34621000.0,16.89,2.058,2.058,0,3705608000,4455290000.0,4455290000.0,0.0,0.032,0.191,0.066,0.495,29985000.0,2237671000.0,1.0,542814731,542814731,,8.208,42245313000,0,850330000.0,0,77.826,
48,DFS,ART,2009-06-30,2009-07-01,2009-05-31,2021-07-29,-52542000,41518288000,39833750750.0,,,0.097,15.351,-76517000.0,9694825000,9694825000,0.0,958582000.0,,4.599,1927043000,,,1927043000,0,100664000.0,29149730000,0.016,0.16,1541312000.0,1641976000.0,0.423,1641976000.0,1541312000.0,1541312000.0,1.97,1.94,1.97,7415640000,6332801750.0,7415640000,-2806539093.0,-2.0,-1.709,4774954000.0,9.884,1.0,3877845000.0,1.0,454898000,0.0,33295608000,32103408250.0,0,26984461000,,,34102648000,,,4961242907.0,746060000.0,-160278000.0,-10449000.0,38315000.0,-108152000.0,5526655000.0,-9632066000.0,-8967914000.0,4851471000.0,0.0,958582000.0,942028000.0,942028000.0,10153000.0,0.0,0.243,2326380000.0,1551465000.0,0,0.081,0.669,5.267,5.213,531166000,16554000.0,10.27,1.279,1.279,0,3296234000,3877845000.0,3877845000.0,0.0,0.024,0.149,0.048,0.397,45469000.0,2326380000.0,1.0,483081101,483081101,,8.027,41063390000,0,582730000.0,0,85.003,
49,DFS,ART,2009-03-31,2009-04-08,2009-02-28,2021-07-29,-66079000,40606518000,38012564250.0,,,0.101,12.457,-90160000.0,8724208000,8724208000,0.0,966930000.0,,5.768,3807631000,,,3807631000,0,102341000.0,28334318000,0.029,0.2,1485220000.0,1587561000.0,0.414,1587561000.0,1485220000.0,1485220000.0,2.03,1.99,2.03,5999351000,5941314500.0,5999351000,-1627236890.0,-1.0,-1.025,4120741000.0,8.556,1.0,3835345000.0,1.0,456819000,0.0,35233122000,30541160250.0,0,27457846000,,,34607167000,,,3289340110.0,-109967000.0,-90749000.0,-12006000.0,1282274000.0,-117002000.0,4555000000.0,-8874776000.0,-8693867000.0,4210901000.0,-1092000.0,966930000.0,966930000.0,966930000.0,-22452000.0,0.0,0.252,2372577000.0,1462768000.0,0,0.099,0.548,3.402,3.365,544219000,0.0,6.83,0.858,0.858,0,3136977000,3835345000.0,3835345000.0,0.0,0.025,0.163,0.049,0.387,52417000.0,2372577000.0,1.0,481601773,481601773,,7.964,40149699000,0,518290000.0,0,83.367,
50,DFS,ART,2008-12-31,2009-01-28,2008-11-30,2021-07-29,-66338000,39892382000,37192949500.0,,,0.11,12.323,-93532000.0,10171143000,10171143000,0.0,927750000.0,,5.743,2235383000,,,2235383000,0,107151000.0,28530521000,0.03,0.24,1522442000.0,1629593000.0,0.4,1629593000.0,1522442000.0,1522442000.0,1.94,1.92,1.94,5915823000,5855062000.0,5915823000,-4138515925.0,-3.0,-2.54,4410627000.0,9.188,1.0,4073402000.0,1.0,458740000,0.0,31497882000,29471528500.0,0,25069970000,,,33976559000,,,3797244075.0,1384048000.0,-90749000.0,-6838000.0,-656920000.0,-116956000.0,3035443000.0,-6130962000.0,-5946681000.0,4504159000.0,-24592000.0,927750000.0,927750000.0,927750000.0,135163000.0,0.0,0.228,2415797000.0,1657605000.0,0,0.124,0.642,4.093,4.077,552502000,0.0,7.91,0.932,0.932,0,3046956000,4073402000.0,4073402000.0,0.0,0.025,0.158,0.052,0.374,92558000.0,2415797000.0,1.0,480056141,480056141,,8.485,39433642000,0,594692000.0,0,82.144,
51,DFS,ART,2008-09-30,2008-10-09,2008-08-31,2021-07-29,-38983000,37317815000,36563880250.0,,,0.105,12.503,-109410000.0,10475475000,10475475000,0.0,438931000.0,,5.219,1854263000,,,1854263000,0,111814000.0,26959253000,0.025,0.24,778766000.0,890580000.0,0.233,890580000.0,778766000.0,778766000.0,0.92,0.9,0.92,6000393000,5775961750.0,6000393000,-3999620843.0,-5.0,-4.491,3460994000.0,7.212,1.0,3823833000.0,1.0,309582000,0.0,28387021000,29983324250.0,0,22006469000,,,31317422000,,,4621591157.0,1881958000.0,-90551000.0,-7167000.0,-1350715000.0,-116905000.0,2503995000.0,-4165349000.0,-3965388000.0,3570404000.0,-27092000.0,438931000.0,438931000.0,438931000.0,123857000.0,0.0,0.115,2921210000.0,902623000.0,0,0.261,0.77,10.529,10.467,563869000,0.0,9.63,1.209,1.209,0,3116818000,3823833000.0,3823833000.0,0.0,0.012,0.076,0.026,0.204,114666000.0,2530091000.0,1.0,479916008,479916008,,7.968,37008233000,0,339835000.0,0,77.114,
52,DFS,ART,2008-06-30,2008-07-10,2008-05-31,2021-07-29,-25429000,34233542000,36269679250.0,,,0.109,12.203,-104784000.0,8765384000,8765384000,0.0,461118000.0,,4.852,1889909000,,,1889909000,0,117065000.0,24767649000,0.017,0.24,833042000.0,950107000.0,0.24,950107000.0,833042000.0,833042000.0,0.96,0.95,0.96,5849691000,5692684000.0,5849691000,-188595161.0,0.0,-0.198,2997626000.0,6.254,1.0,3965564000.0,1.0,311451000,0.0,27046616000,30979364500.0,0,20710443000,,,28383851000,,,6686879839.0,1055823000.0,69529000.0,-4405000.0,-1096527000.0,-87617000.0,360315000.0,-2393130000.0,-2357875000.0,3102410000.0,-13772000.0,461118000.0,461118000.0,461118000.0,125010000.0,0.0,0.116,3007512000.0,958052000.0,0,0.25,1.143,14.501,14.531,556030000,0.0,13.95,1.686,1.686,0,2966053000,3965564000.0,3965564000.0,0.0,0.013,0.081,0.027,0.21,98413000.0,2616393000.0,1.0,479346225,479346225,,8.273,33922091000,0,371924000.0,0,70.767,
53,DFS,ART,2008-03-31,2008-04-14,2008-02-29,2021-07-29,5191000,37328059000,36629435750.0,,,0.111,11.797,,8286290000,8286290000,0.0,436212000.0,,5.602,2226147000,,,2226147000,0,,24941776000,0.011,0.18,807050000.0,,,,807050000.0,807050000.0,0.91,,0.91,5654341000,5675332250.0,5654341000,2107514343.0,3.0,,,,1.0,4068344000.0,1.0,313321000,0.0,30954595000,32233788750.0,0,21074809000,,,31673718000,,,8167657343.0,,,,,,,,,,,436212000.0,436212000.0,436212000.0,157615000.0,0.0,0.107,3103679000.0,964665000.0,0,0.198,1.444,18.724,18.725,567475000,0.0,17.04,2.008,2.008,0,2761159000,4068344000.0,4068344000.0,0.0,0.012,0.077,0.025,0.198,,2619107000.0,1.0,479322614,479322614,,8.488,37014738000,0,370838000.0,0,77.223,
54,DFS,ART,2007-12-31,2008-02-27,2007-11-30,2021-07-29,32032000,37376105000,33221673500.0,,,0.123,11.687,-118265000.0,8787095000,8787095000,0.0,588630000.0,,5.675,5309519000,,,5309519000,0,122934000.0,24725401000,0.007,0.12,945196000.0,1068130000.0,0.26,1068130000.0,945196000.0,945196000.0,1.23,1.23,1.23,5599422000,5687097000.0,5599422000,4235904650.0,4.0,3.966,1919760000.0,4.007,1.0,4101708000.0,1.0,353464000,0.0,33545065000,34625150500.0,0,23562890000,,,31776683000,,,7713480650.0,7912738000.0,-5000000.0,-1419000.0,-3278920000.0,-29146000.0,7458993000.0,-1595145000.0,-1471880000.0,2038025000.0,10865000.0,588630000.0,588630000.0,588630000.0,0.0,0.0,0.144,3156512000.0,945196000.0,0,0.098,1.378,13.104,13.089,658492000,0.0,16.1,1.881,1.881,0,2717905000,4101708000.0,4101708000.0,0.0,0.018,0.104,0.027,0.23,35710000.0,2765393000.0,1.0,479098177,479098177,,8.561,37022641000,0,356566000.0,0,77.276,
55,DFS,ART,2007-09-30,2007-10-12,2007-08-31,2021-07-29,33312000,36141011000,,,,,11.867,,8600761000,8600761000,,,,5.377,5570783000,,,5570783000,0,,22977291000,0.003,0.06,,,,,,,,,,5667282000,,5667282000,7538302819.0,,,,,1.0,,,739851000,,32371182000,,0,22019663000,,,30473729000,,,10568280819.0,,,,,,,,,,,,,,,,,,,0,,1.865,,,656980000,,22.13,,,0,2803535000,,,,,,,,,,1.0,477554488,477554488,,,35401160000,0,,0,74.13,
56,DFS,ART,2007-06-30,2007-07-12,2007-05-31,2021-07-29,130304000,35672568000,,,,,12.112,,7892942000,7892942000,,,,5.171,5020385000,,,5020385000,0,,23125529000,0.0,0.0,,,,,,,,,,5780284000,,5780284000,9697837317.0,,,,,1.0,,,735698000,,32064313000,,0,22095952000,,,29892284000,,,12570394317.0,,,,,,,,,,,,,,,,,,,0,,2.175,,,658203000,,26.34,,,0,2951295000,,,,,,,,,,1.0,477235927,477235927,,,34936870000,0,,0,73.207,
57,DFS,ART,2006-12-31,2007-06-01,2006-11-30,2021-07-29,129986000,29067242000,,,,,12.1,-144151000.0,874357000,874357000,0.0,1076616000.0,,4.033,8247256000,,,8247256000,0,113169000.0,13343859000,,0.0,1582305000.0,1695474000.0,0.394,1695474000.0,1582305000.0,1582305000.0,,,,5774772000,,5774772000,,,,1576636000.0,3.304,1.0,4301788000.0,1.0,734905000,0.0,35705236000,,0,22994678000,,,23292470000,,,,318875000.0,-1924491000.0,0.0,3851978000.0,0.0,621255000.0,-2023830000.0,44812000.0,1720787000.0,663000.0,1076616000.0,1076616000.0,1076616000.0,0.0,0.0,0.25,2719483000.0,1582305000.0,0,,,,,660900000,0.0,,,,0,3008421000,4301788000.0,4301788000.0,0.0,,,,0.368,0.0,2384394000.0,1.0,477235927,477235927,,9.014,28332337000,0,505689000.0,0,59.368,
58,DFS,ART,2006-12-31,2007-05-18,2006-11-30,2021-07-29,129986000,29067242000,,,,,12.1,-144151000.0,874357000,874357000,0.0,1076616000.0,,4.033,8247256000,,,8247256000,0,113169000.0,13343859000,,0.0,1582305000.0,1695474000.0,0.394,1695474000.0,1582305000.0,1582305000.0,,,,5774772000,,5774772000,,,,1576636000.0,3.304,1.0,4301788000.0,1.0,734905000,0.0,35705236000,,0,22994678000,,,23292470000,,,,318875000.0,-1924491000.0,0.0,3851978000.0,0.0,621255000.0,-2023830000.0,44812000.0,1720787000.0,663000.0,1076616000.0,1076616000.0,1076616000.0,0.0,0.0,0.25,2719483000.0,1582305000.0,0,,,,,660900000,0.0,,,,0,3008421000,4301788000.0,4301788000.0,0.0,,,,0.368,0.0,2384394000.0,1.0,477235927,477235927,,9.014,28332337000,0,505689000.0,0,59.368,
59,DFS,ART,2006-12-31,2007-05-01,2006-11-30,2021-07-29,129986000,29067242000,,,,,12.1,-144151000.0,874357000,874357000,0.0,1076616000.0,,4.033,8247256000,,,8247256000,0,113169000.0,13343859000,,0.0,1582305000.0,1695474000.0,0.394,1695474000.0,1582305000.0,1582305000.0,,,,5774772000,,5774772000,,,,1576636000.0,3.304,1.0,4301788000.0,1.0,734905000,0.0,35705236000,,0,22994678000,,,23292470000,,,,318875000.0,-1924491000.0,0.0,3851978000.0,0.0,621255000.0,-2023830000.0,44812000.0,1720787000.0,663000.0,1076616000.0,1076616000.0,1076616000.0,0.0,0.0,0.25,2719483000.0,1582305000.0,0,,,,,660900000,0.0,,,,0,3008421000,4301788000.0,4301788000.0,0.0,,,,0.368,0.0,2299097000.0,1.0,477235927,477235927,,9.014,28332337000,0,505689000.0,0,59.368,
60,DFS,ART,2006-12-31,2007-03-23,2006-11-30,2021-07-29,129986000,29067242000,,,,,12.1,-144151000.0,874357000,874357000,0.0,1076616000.0,,4.033,8247256000,,,8247256000,0,113169000.0,13343859000,,0.0,1582305000.0,1695474000.0,0.394,1695474000.0,1582305000.0,1582305000.0,,,,5774772000,,5774772000,,,,1576636000.0,3.304,1.0,4301788000.0,1.0,734905000,0.0,35705236000,,0,22994678000,,,23292470000,,,,318875000.0,-1924491000.0,0.0,3851978000.0,0.0,621255000.0,-2023830000.0,44812000.0,1720787000.0,663000.0,1076616000.0,1076616000.0,1076616000.0,0.0,0.0,0.25,2719483000.0,1582305000.0,0,,,,,660900000,0.0,,,,0,3008421000,4301788000.0,4301788000.0,0.0,,,,0.368,0.0,2299097000.0,1.0,477235927,477235927,,9.014,28332337000,0,505689000.0,0,59.368,
