None,ticker,dimension,calendardate,datekey,reportperiod,lastupdated,accoci,assets,assetsavg,assetsc,assetsnc,assetturnover,bvps,capex,cashneq,cashnequsd,cor,consolinc,currentratio,de,debt,debtc,debtnc,debtusd,deferredrev,depamor,deposits,divyield,dps,ebit,ebitda,ebitdamargin,ebitdausd,ebitusd,ebt,eps,epsdil,epsusd,equity,equityavg,equityusd,ev,evebit,evebitda,fcf,fcfps,fxusd,gp,grossmargin,intangibles,intexp,invcap,invcapavg,inventory,investments,investmentsc,investmentsnc,liabilities,liabilitiesc,liabilitiesnc,marketcap,ncf,ncfbus,ncfcommon,ncfdebt,ncfdiv,ncff,ncfi,ncfinv,ncfo,ncfx,netinc,netinccmn,netinccmnusd,netincdis,netincnci,netmargin,opex,opinc,payables,payoutratio,pb,pe,pe1,ppnenet,prefdivis,price,ps,ps1,receivables,retearn,revenue,revenueusd,rnd,roa,roe,roic,ros,sbcomp,sgna,sharefactor,sharesbas,shareswa,shareswadil,sps,tangibles,taxassets,taxexp,taxliabilities,tbvps,workingcapital
0,TROW,ARY,2020-12-31,2021-02-11,2020-12-31,2021-07-29,-23000000,10659000000,9726950000.0,,,0.638,33.811,-214600000.0,2151700000,2151700000,2460900000.0,2523300000.0,,0.18,154100000,,,154100000,0,189600000.0,0,0.022,3.6,3091600000.0,3281200000.0,0.529,3281200000.0,3091600000.0,3091600000.0,10.08,9.98,10.08,7707000000,7005050000.0,7707000000,35203200419,11.0,10.729,1704300000.0,7.477,1.0,3745800000.0,0.604,665700000,0.0,7995700000,7228250000.0,0,5946300000,,,1390300000,,,37200800419,398200000.0,-53900000.0,-1198000000.0,0.0,-845800000.0,-1486300000.0,-36300000.0,181700000.0,1918900000.0,1900000.0,2372700000.0,2372700000.0,2372700000.0,0.0,150600000.0,0.382,1000100000.0,2745700000.0,187700000,0.357,4.827,15.679,16.19,813000000,0.0,163.2,5.994,5.994,863100000,7029800000,6206700000.0,6206700000.0,0.0,0.244,0.339,0.428,0.498,246200000.0,399800000.0,1.0,227946081,227946081,,27.229,9993300000,0,718900000.0,85000000,43.841,
1,TROW,ARY,2019-12-31,2020-02-13,2019-12-31,2021-07-29,-43000000,9330400000,9024850000.0,,,0.622,30.088,-204600000.0,1781800000,1781800000,2231700000.0,2248900000.0,,0.156,146300000,,,146300000,0,190800000.0,0,0.022,3.04,2809700000.0,3000500000.0,0.534,3000500000.0,2809700000.0,2809700000.0,8.82,8.7,8.82,7102100000,6708000000.0,7102100000,30565218677,11.0,10.187,1318100000.0,5.584,1.0,3386200000.0,0.603,665700000,0.0,7029200000,6647825000.0,0,5216700000,,,1107300000,,,32200718677,363000000.0,-18400000.0,-622500000.0,0.0,-733900000.0,-832700000.0,-324500000.0,-108300000.0,1522700000.0,-2500000.0,2131300000.0,2131300000.0,2131300000.0,0.0,117600000.0,0.379,999200000.0,2387000000.0,214500000,0.345,4.534,15.108,15.467,785200000,0.0,136.42,5.732,5.732,646600000,6443500000,5617900000.0,5617900000.0,0.0,0.236,0.318,0.423,0.5,206600000.0,418700000.0,1.0,236041040,236041040,,23.801,8664700000,0,678400000.0,31800000,36.708,
2,TROW,ARY,2018-12-31,2019-02-13,2018-12-31,2021-07-29,-42000000,7689300000,7869100000.0,,,0.683,25.921,-168500000.0,1425200000,1425200000,2089800000.0,1768700000.0,,0.135,0,,,0,0,159500000.0,0,0.029,2.8,2453400000.0,2612900000.0,0.486,2612900000.0,2453400000.0,2453400000.0,7.41,7.27,7.41,6124300000,6150325000.0,6124300000,21759349129,9.0,8.328,1451400000.0,6.143,1.0,3282800000.0,0.611,665700000,0.0,5598400000,5533000000.0,0,4133800000,,,824700000,,,23184549129,-510500000.0,-23800000.0,-1015600000.0,0.0,-694300000.0,-1239500000.0,-875500000.0,-771600000.0,1619900000.0,-15400000.0,1837500000.0,1837500000.0,1837500000.0,0.0,-68800000.0,0.342,921400000.0,2361400000.0,228500000,0.378,3.786,12.617,13.243,661300000,0.0,98.13,4.315,4.315,549600000,5464100000,5372600000.0,5372600000.0,0.0,0.234,0.299,0.443,0.457,197100000.0,395600000.0,1.0,236263621,236263621,,22.74,7023600000,0,615900000.0,54200000,29.728,
3,TROW,ARY,2017-12-31,2018-02-16,2017-12-31,2021-07-29,-3600000,7534700000,6930625000.0,,,0.692,23.827,-186100000.0,1902700000,1902700000,1811900000.0,1581200000.0,,0.123,0,,,0,0,143600000.0,0,0.021,2.28,2421700000.0,2565300000.0,0.535,2565300000.0,2421700000.0,2421700000.0,6.07,5.97,6.07,5824400000,5380300000.0,5824400000,25105974904,10.0,9.787,43400000.0,0.178,1.0,2981100000.0,0.622,665700000,0.0,4966300000,4541150000.0,0,3525700000,,,717500000,,,27008674904,735300000.0,-64200000.0,-257000000.0,0.0,-563100000.0,461500000.0,39000000.0,317800000.0,229500000.0,5300000.0,1497800000.0,1497800000.0,1497800000.0,0.0,83400000.0,0.312,872300000.0,2108800000.0,215500000,0.376,4.637,18.032,18.203,652000000,0.0,110.49,5.635,5.635,556700000,4932900000,4793000000.0,4793000000.0,0.0,0.216,0.278,0.533,0.505,152000000.0,286900000.0,1.0,244444519,244444519,,19.608,6869000000,0,923900000.0,68300000,28.1,
4,TROW,ARY,2016-12-31,2017-02-07,2016-12-31,2021-07-29,11500000,6225000000,6433525000.0,,,0.656,20.576,-148300000.0,1204900000,1204900000,1635700000.0,1254000000.0,,0.106,0,,,0,0,133400000.0,0,0.032,2.16,1921500000.0,2054900000.0,0.487,2054900000.0,1921500000.0,1921500000.0,4.85,4.75,4.85,5008600000,4866750000.0,5008600000,15237803515,8.0,7.415,22200000.0,0.091,1.0,2587200000.0,0.613,665700000,0.0,4354400000,4466825000.0,0,1257500000,,,529200000,,,16442703515,98200000.0,0.0,-550600000.0,0.0,-540800000.0,-176400000.0,106200000.0,175000000.0,170500000.0,-2100000.0,1215000000.0,1215000000.0,1215000000.0,0.0,39000000.0,0.288,853800000.0,1733400000.0,180800000,0.445,3.283,13.533,13.928,615100000,0.0,67.55,3.894,3.894,455100000,4293600000,4222900000.0,4222900000.0,0.0,0.189,0.25,0.43,0.455,161600000.0,252700000.0,1.0,243415300,243415300,,17.349,5559300000,0,706500000.0,39300000,22.839,
5,TROW,ARY,2015-12-31,2016-02-05,2015-12-31,2021-07-29,86600000,5106900000,5437750000.0,,,0.772,19.188,-151300000.0,1172300000,1172300000,1595100000.0,1223000000.0,,0.072,0,,,0,0,126300000.0,0,0.059,4.08,2002400000.0,2128700000.0,0.507,2128700000.0,2002400000.0,2002400000.0,4.74,4.63,4.74,4762000000,4851175000.0,4762000000,15862721798,8.0,7.452,1355100000.0,5.46,1.0,2605500000.0,0.62,665700000,0.0,3268900000,3417975000.0,0,2018900000,,,344900000,,,17035021798,-333800000.0,0.0,-914300000.0,0.0,-1059000000.0,-1949200000.0,109000000.0,269700000.0,1506400000.0,0.0,1223000000.0,1223000000.0,1223000000.0,0.0,0.0,0.291,603100000.0,2002400000.0,170600000,0.861,3.577,13.929,14.481,607100000,0.0,68.64,4.055,4.055,446000000,3970700000,4200600000.0,4200600000.0,0.0,0.225,0.252,0.586,0.477,149000000.0,238900000.0,1.0,248179222,248179222,,16.926,4441200000,0,779400000.0,21200000,17.895,
6,TROW,ARY,2014-12-31,2015-02-05,2014-12-31,2021-07-29,136400000,5644400000,5636075000.0,,,0.707,20.693,-126200000.0,1506100000,1506100000,1473200000.0,1229600000.0,,0.046,0,,,0,0,111700000.0,0,0.022,1.76,2003100000.0,2114800000.0,0.531,2114800000.0,2003100000.0,2003100000.0,4.68,4.55,4.68,5395200000,5233375000.0,5395200000,19808320233,10.0,9.367,1165100000.0,4.469,1.0,2508900000.0,0.63,665700000,0.0,3472600000,3321825000.0,0,2292300000,,,249200000,,,21314420233,108100000.0,0.0,-330300000.0,0.0,-462100000.0,-739800000.0,-443400000.0,-305300000.0,1291300000.0,0.0,1229600000.0,1229600000.0,1229600000.0,0.0,0.0,0.309,505800000.0,2003100000.0,143400000,0.376,3.951,17.334,17.468,586400000,0.0,81.75,5.353,5.353,442800000,4450100000,3982100000.0,3982100000.0,0.0,0.218,0.235,0.603,0.503,133400000.0,219900000.0,1.0,260726853,260726853,,15.273,4978700000,0,773500000.0,23600000,19.095,
7,TROW,ARY,2013-12-31,2014-02-04,2013-12-31,2021-07-29,188300000,5033100000,4892350000.0,,,0.712,18.373,-105800000.0,1398000000,1398000000,1274100000.0,1047700000.0,,0.045,0,,,0,0,91000000.0,0,0.02,1.52,1700400000.0,1791400000.0,0.514,1791400000.0,1700400000.0,1700400000.0,4.02,3.9,4.02,4818100000,4444050000.0,4818100000,18972267208,11.0,10.591,1127400000.0,4.299,1.0,2210100000.0,0.634,665700000,0.0,2969400000,2768375000.0,0,1925500000,,,215000000,,,20370267208,518900000.0,0.0,104100000.0,0.0,-396700000.0,-276800000.0,-437500000.0,-320200000.0,1233200000.0,0.0,1047700000.0,1047700000.0,1047700000.0,0.0,0.0,0.301,509700000.0,1700400000.0,103900000,0.378,4.228,19.443,19.323,572900000,0.0,77.68,5.846,5.846,398800000,3682800000,3484200000.0,3484200000.0,0.0,0.214,0.236,0.614,0.488,114600000.0,224500000.0,1.0,262233100,262233100,,13.287,4367400000,0,652700000.0,38700000,16.655,
8,TROW,ARY,2012-12-31,2013-02-05,2012-12-31,2021-07-29,131900000,4202800000,4200550000.0,,,0.72,14.916,-76900000.0,879100000,879100000,1143700000.0,883600000.0,,0.093,0,,,0,0,81300000.0,154700000,0.033,2.36,1435100000.0,1516400000.0,0.502,1516400000.0,1435100000.0,1435100000.0,3.47,3.36,3.47,3846100000,3748225000.0,3846100000,17742910053,12.0,11.701,825900000.0,3.203,1.0,1878800000.0,0.622,665700000,0.0,2658000000,2487375000.0,0,1580800000,,,356700000,,,18622010053,-18800000.0,0.0,-48600000.0,0.0,-603400000.0,-611500000.0,-310100000.0,-233200000.0,902800000.0,0.0,883600000.0,883600000.0,883600000.0,0.0,0.0,0.292,443700000.0,1435100000.0,89700000,0.68,4.842,21.075,20.813,561000000,0.0,72.22,6.161,6.161,353900000,3031800000,3022500000.0,3022500000.0,0.0,0.21,0.236,0.577,0.475,104100000.0,214500000.0,1.0,257851150,257851150,,11.722,3537100000,0,551500000.0,21500000,13.718,
9,TROW,ARY,2011-12-31,2012-02-03,2011-12-31,2021-07-29,102800000,3770300000,3844575000.0,,,0.715,13.495,-82300000.0,897900000,897900000,1044400000.0,773200000.0,,0.102,0,,,0,0,72400000.0,173500000,0.021,1.24,1250600000.0,1323000000.0,0.482,1323000000.0,1250600000.0,1250600000.0,3.01,2.92,3.01,3420700000,3389750000.0,3420700000,14133698887,11.0,10.683,866100000.0,3.417,1.0,1702700000.0,0.62,665700000,0.0,2206700000,2182150000.0,0,1169200000,,,349600000,,,15031598887,84800000.0,0.0,-429100000.0,0.0,-317900000.0,-698600000.0,-165000000.0,-82700000.0,948400000.0,0.0,773200000.0,773200000.0,773200000.0,0.0,0.0,0.281,452100000.0,1250600000.0,82900000,0.412,4.394,19.441,19.701,567400000,0.0,59.3,5.472,5.472,304500000,2765200000,2747100000.0,2747100000.0,0.0,0.201,0.228,0.573,0.455,98700000.0,205800000.0,1.0,253483961,253483961,,10.837,3104600000,0,477400000.0,30000000,12.248,
10,TROW,ARY,2010-12-31,2011-02-08,2010-12-31,2021-07-29,139100000,3642000000,3500175000.0,,,0.676,12.728,-118000000.0,813100000,813100000,860400000.0,672200000.0,,0.105,0,,,0,0,63000000.0,160400000,0.016,1.08,1070000000.0,1133000000.0,0.479,1133000000.0,1070000000.0,1070000000.0,2.6,2.53,2.6,3296500000,3081775000.0,3296500000,16604219802,16.0,14.655,614800000.0,2.374,1.0,1506800000.0,0.637,665700000,0.0,2163200000,2053800000.0,0,1142300000,,,345500000,,,17417319802,69800000.0,-143600000.0,-157000000.0,0.0,-278900000.0,-386100000.0,-276900000.0,-15300000.0,732800000.0,0.0,672200000.0,672200000.0,672200000.0,0.0,0.0,0.284,436800000.0,1070000000.0,79400000,0.415,5.284,25.911,25.865,560300000,0.0,67.25,7.358,7.358,307900000,2599400000,2367200000.0,2367200000.0,0.0,0.192,0.218,0.521,0.452,89500000.0,196000000.0,1.0,258993603,258993603,,9.14,2976300000,0,397800000.0,33800000,11.492,
11,TROW,ARY,2009-12-31,2010-02-05,2009-12-31,2021-07-29,101900000,3210300000,3030050000.0,,,0.616,11.128,-133900000.0,743300000,743300000,773400000.0,433600000.0,,0.114,0,,,0,0,65700000.0,161300000,0.02,1.0,688900000.0,754600000.0,0.404,754600000.0,688900000.0,688900000.0,1.69,1.65,1.69,2882200000,2665650000.0,2882200000,11913694850,17.0,15.788,401700000.0,1.551,1.0,1094000000.0,0.586,665700000,0.0,1801300000,1671400000.0,0,905800000,,,328100000,,,12656994850,124200000.0,0.0,-23300000.0,0.0,-256900000.0,-244700000.0,-166700000.0,-32800000.0,535600000.0,0.0,433600000.0,433600000.0,433600000.0,0.0,0.0,0.232,405100000.0,688900000.0,79900000,0.592,4.391,29.19,28.917,512800000,0.0,48.87,6.778,6.778,246200000,2240100000,1867400000.0,1867400000.0,0.0,0.143,0.163,0.412,0.369,89100000.0,175600000.0,1.0,258993142,258993142,,7.21,2544600000,0,255300000.0,33600000,9.825,
12,TROW,ARY,2008-12-31,2009-02-06,2008-12-31,2021-07-29,-13100000,2819400000,2985275000.0,,,0.709,9.721,-144100000.0,619100000,619100000,815600000.0,490800000.0,,0.133,0,,,0,0,62300000.0,157800000,0.033,0.96,796200000.0,858500000.0,0.406,858500000.0,796200000.0,796200000.0,1.89,1.82,1.89,2488800000,2593950000.0,2488800000,6759751751,8.0,7.874,597700000.0,2.334,1.0,1300700000.0,0.615,665700000,0.0,1534600000,1626700000.0,0,721400000,,,330600000,,,7378851751,-166000000.0,0.0,-513800000.0,0.0,-312500000.0,-782800000.0,-125000000.0,19000000.0,741800000.0,0.0,490800000.0,490800000.0,490800000.0,0.0,0.0,0.232,452200000.0,848500000.0,86800000,0.508,2.965,15.034,15.249,440100000,0.0,28.82,3.487,3.487,177300000,2086800000,2116300000.0,2116300000.0,0.0,0.164,0.189,0.489,0.376,85500000.0,205900000.0,1.0,256032330,256032330,,8.266,2153700000,0,305400000.0,25300000,8.412,
13,TROW,ARY,2007-12-31,2008-02-07,2007-12-31,2021-07-29,95000000,3177300000,3089850000.0,,,0.721,10.529,-145600000.0,785100000,785100000,797200000.0,670600000.0,,0.144,0,,,0,0,54000000.0,114300000,0.015,0.75,1076800000.0,1130800000.0,0.507,1130800000.0,1076800000.0,1076800000.0,2.53,2.4,2.53,2777100000,2659675000.0,2777100000,12608406423,12.0,11.15,612400000.0,2.322,1.0,1431100000.0,0.642,668800000,0.0,1723400000,1561050000.0,0,1002200000,,,400200000,,,13393506423,12100000.0,0.0,-220500000.0,0.0,-180300000.0,-401200000.0,-344700000.0,-199800000.0,758000000.0,0.0,670600000.0,670600000.0,670600000.0,0.0,0.0,0.301,434700000.0,996400000.0,99500000,0.296,4.823,19.972,20.071,358300000,0.0,50.78,6.011,6.011,265300000,2333400000,2228300000.0,2228300000.0,0.0,0.217,0.252,0.69,0.483,79800000.0,200000000.0,1.0,263755542,263755542,,8.448,2508500000,0,406200000.0,41700000,9.511,
14,TROW,ARY,2006-12-31,2007-02-08,2006-12-31,2021-07-29,69300000,2765300000,2603389250.0,,,0.697,9.148,-94400000.0,773000000,773000000,658400000.0,529600000.0,,0.139,0,,,0,0,46900000.0,114700000,0.012,0.59,858600000.0,905500000.0,0.499,905500000.0,858600000.0,858300000.0,2.01,1.9,2.01,2426900000,2252668250.0,2426900000,12502934558,15.0,13.808,498800000.0,1.88,1.0,1156600000.0,0.637,669400000,300000.0,1322900000,1085854750.0,0,762400000,,,338400000,,,13275934558,-30600000.0,0.0,-65900000.0,0.0,-147600000.0,-202600000.0,-421200000.0,-326800000.0,593200000.0,0.0,529600000.0,529600000.0,529600000.0,0.0,0.0,0.292,369700000.0,786900000.0,77200000,0.294,5.47,25.068,24.896,264900000,0.0,50.04,7.315,7.315,223500000,2057100000,1815000000.0,1815000000.0,0.0,0.203,0.235,0.791,0.473,61000000.0,179800000.0,1.0,265306446,265306446,,6.841,2095900000,0,328700000.0,33900000,7.9,
15,TROW,ARY,2005-12-31,2006-02-16,2005-12-31,2021-07-29,48544000,2310546000,2155032000.0,,,0.702,7.71,-51802000.0,803589000,803589000,522374000.0,430929000.0,,0.135,0,,,0,0,42272000.0,103829000,0.013,0.485,679772000.0,722044000.0,0.477,722044000.0,679772000.0,679391000.0,1.655,1.575,1.655,2036102000,1875553250.0,2036102000,9277623237,14.0,12.849,487680000.0,1.847,1.0,989790000.0,0.655,665692000,381000.0,841265000,793718000.0,0,379075000,,,274444000,,,10081212237,303839000.0,0.0,-27880000.0,0.0,-119534000.0,-144012000.0,-91631000.0,-39829000.0,539482000.0,0.0,430929000.0,430929000.0,430929000.0,0.0,0.0,0.285,334762000.0,655028000.0,62539000,0.293,4.951,23.394,23.066,214790000,0.0,38.175,6.667,6.667,175030000,1683273000,1512164000.0,1512164000.0,0.0,0.2,0.23,0.856,0.45,3164000.0,160555000.0,1.0,264078906,264078906,,5.726,1644854000,0,248462000.0,15651000,6.229,
16,TROW,ARY,2004-12-31,2005-03-01,2004-12-31,2021-07-29,41666000,1928825000,1783581500.0,,,0.716,6.514,-43069000.0,499750000,499750000,457905000.0,337260000.0,,0.136,0,,,0,0,40018000.0,100427000,0.013,0.4,534775000.0,574793000.0,0.45,574793000.0,534775000.0,533783000.0,1.325,1.255,1.325,1697300000,1545446000.0,1697300000,7657260553,14.0,13.322,331211000.0,1.271,1.0,819144000.0,0.641,665692000,992000.0,763383000,694896500.0,0,329234000,,,231525000,,,8157010553,263217000.0,0.0,56815000.0,0.0,-96164000.0,-35198000.0,-75865000.0,-32796000.0,374280000.0,0.0,337260000.0,337260000.0,337260000.0,0.0,0.0,0.264,293865000.0,525279000.0,54172000,0.302,4.806,24.186,23.626,203807000,0.0,31.305,6.387,6.387,158342000,1378948000,1277049000.0,1277049000.0,0.0,0.189,0.218,0.77,0.419,0.0,140688000.0,1.0,260565742,260565742,,4.901,1263133000,0,196523000.0,9327000,4.848,
17,TROW,ARY,2003-12-31,2004-03-01,2003-12-31,2021-07-29,28755000,1546577000,1463821500.0,,,0.68,5.28,-31742000.0,236533000,236533000,382956000.0,227487000.0,,0.164,0,,,0,0,45289000.0,96276000,0.013,0.35,367215000.0,412504000.0,0.414,412504000.0,367215000.0,365516000.0,0.92,0.885,0.92,1329080000,1229852250.0,1329080000,6484319925,18.0,15.719,265213000.0,1.054,1.0,612611000.0,0.615,665692000,1699000.0,644352000,631886000.0,0,273245000,,,217497000,,,6720852925,125115000.0,0.0,7206000.0,-56699000.0,-83672000.0,-118181000.0,-53659000.0,-21917000.0,296955000.0,0.0,227487000.0,227487000.0,227487000.0,0.0,0.0,0.228,247571000.0,365040000.0,47699000,0.38,5.057,29.544,29.022,201094000,0.0,26.7,6.751,6.751,121295000,1143913000,995567000.0,995567000.0,0.0,0.155,0.185,0.581,0.369,0.0,121543000.0,1.0,251717338,251717338,,3.955,880885000,0,138029000.0,12890000,3.5,
18,TROW,ARY,2002-12-31,2003-03-06,2002-12-31,2021-07-29,8641000,1370433000,1365997000.0,,,0.676,4.635,-26047000.0,111418000,111418000,357586000.0,194254000.0,,0.209,55899000,,,55899000,0,50578000.0,81292000,0.026,0.325,312238000.0,362816000.0,0.393,362816000.0,312238000.0,309604000.0,0.79,0.76,0.79,1133840000,1115394500.0,1133840000,3036284256,10.0,8.369,243251000.0,0.994,1.0,565916000.0,0.613,665692000,2634000.0,649222000,649258750.0,0,216080000,,,236593000,,,3091803256,31677000.0,0.0,-70453000.0,-49366000.0,-78701000.0,-142650000.0,-94971000.0,-68924000.0,269298000.0,0.0,194254000.0,194254000.0,194254000.0,0.0,0.0,0.21,245405000.0,320511000.0,43902000,0.411,2.727,15.916,16.0,215590000,0.0,12.64,3.348,3.348,96787000,1019925000,923502000.0,923502000.0,0.0,0.142,0.174,0.481,0.338,0.0,119844000.0,1.0,244604688,244604688,,3.775,704741000,0,115350000.0,0,2.881,
19,TROW,ARY,2001-12-31,2002-03-14,2001-12-31,2021-07-29,11770000,1313115000,1402897750.0,,,0.732,4.359,-41375000.0,79741000,79741000,384943000.0,195868000.0,,0.218,103889000,,,103889000,0,80488000.0,25422000,0.015,0.23,343638000.0,424126000.0,0.413,424126000.0,343638000.0,330946000.0,0.795,0.76,0.795,1077825000,1048035000.0,1077825000,5068667670,15.0,11.951,248979000.0,1.007,1.0,642553000.0,0.625,665692000,12692000.0,671571000,779552000.0,0,154208000,,,235290000,,,5044519670,-785000.0,0.0,-17821000.0,-205000000.0,-73838000.0,-282169000.0,-8970000.0,32405000.0,290354000.0,0.0,195868000.0,195868000.0,195868000.0,0.0,0.0,0.191,299272000.0,343281000.0,37440000,0.384,4.68,25.755,25.66,241825000,0.0,20.4,4.91,4.91,104001000,973472000,1027496000.0,1027496000.0,0.0,0.14,0.187,0.441,0.334,0.0,182525000.0,1.0,247280376,247280376,,4.155,647423000,0,135078000.0,5342000,2.618,
20,TROW,ARY,2000-12-31,2001-03-26,2000-12-31,2021-07-29,32947000,1469459000,,,,,4.029,-85612000.0,80526000,80526000,380636000.0,269029000.0,,0.483,312277000,,,312277000,0,53692000.0,10932000,0.018,0.28,453568000.0,507260000.0,0.418,507260000.0,453568000.0,443847000.0,1.11,1.04,1.11,991065000,,991065000,3998646747,9.0,7.883,237123000.0,0.964,1.0,831691000.0,0.686,694985000,9721000.0,1006225000,,0,250207000,,,478394000,,,3766895747,-277946000.0,-783194000.0,19279000.0,295000000.0,-62880000.0,260405000.0,-861086000.0,7720000.0,322735000.0,0.0,269029000.0,269029000.0,269029000.0,0.0,0.0,0.222,363778000.0,467913000.0,56877000,0.252,3.801,14.002,13.797,255660000,0.0,15.315,3.107,3.107,131041000,852775000,1212327000.0,1212327000.0,0.0,,,,0.374,0.0,198348000.0,1.0,245961198,245961198,,4.929,774474000,0,174818000.0,13220000,3.149,
0,TROW,ARQ,2021-06-30,2021-07-29,2021-06-30,2021-07-29,-28700000,11279200000,,,,,34.781,-63000000.0,3514900000,3514900000,696500000.0,842700000.0,,0.317,138500000,,,138500000,0,50400000.0,0,0.034,4.08,1075000000.0,1125400000.0,0.583,1125400000.0,1075000000.0,1075000000.0,3.5,3.46,3.5,7893000000,,7893000000,42907377900,11.0,10.428,744300000.0,3.28,1.0,1232800000.0,0.639,665700000,0.0,7237100000,,0,5141800000,,,2505800000,,,46283777900,657200000.0,-16900000.0,-48400000.0,0.0,-252800000.0,-185200000.0,36500000.0,112300000.0,807300000.0,-1400000.0,815700000.0,815700000.0,815700000.0,0.0,27000000.0,0.423,274700000.0,958100000.0,246200000,1.166,5.864,15.471,15.934,818400000,0.0,203.95,6.533,6.533,918200000,7202600000,1929300000.0,1929300000.0,0.0,,,,,56400000.0,112100000.0,1.0,226936886,226936886,,8.501,10613500000,0,259300000.0,102400000,46.769,
1,TROW,ARQ,2021-03-31,2021-04-29,2021-03-31,2021-07-29,-30500000,10764400000,,,,,35.301,-58800000.0,2830100000,2830100000,669100000.0,764800000.0,,0.218,146000000,,,146000000,0,49000000.0,0,0.021,1.08,979900000.0,1028900000.0,0.563,1028900000.0,979900000.0,979900000.0,3.2,3.17,3.2,8008200000,,8008200000,38562780646,10.0,9.937,935900000.0,4.126,1.0,1157700000.0,0.634,665700000,0.0,7414600000,,0,5350400000,,,1743300000,,,41246880646,657300000.0,-27300000.0,-238300000.0,0.0,-252300000.0,-307500000.0,-30800000.0,47800000.0,994700000.0,900000.0,749400000.0,749400000.0,749400000.0,0.0,15400000.0,0.41,264500000.0,893200000.0,228900000,0.338,5.151,14.842,15.305,814100000,0.0,181.82,6.277,6.277,885900000,7338700000,1826800000.0,1826800000.0,0.0,,,,,57500000.0,106200000.0,1.0,226855575,226855575,,8.053,10098700000,0,230500000.0,284000000,44.516,
2,TROW,ARQ,2020-12-31,2021-02-11,2020-12-31,2021-07-29,-23000000,10659000000,,,,,33.811,-59200000.0,2151700000,2151700000,717700000.0,929600000.0,,0.18,154100000,,,154100000,0,45600000.0,0,0.022,0.9,999800000.0,1045400000.0,0.603,1045400000.0,999800000.0,999800000.0,3.35,3.32,3.35,7707000000,,7707000000,35203200419,11.0,10.729,-57200000.0,-0.251,1.0,1015200000.0,0.586,665700000,0.0,7995700000,,0,5946300000,,,1390300000,,,37200800419,-49700000.0,-4800000.0,-115700000.0,0.0,-210100000.0,-67000000.0,16800000.0,40100000.0,2000000.0,-1500000.0,783400000.0,783400000.0,783400000.0,0.0,146200000.0,0.452,259300000.0,755900000.0,187700000,0.269,4.827,15.679,16.19,813000000,0.0,163.2,5.994,5.994,863100000,7029800000,1732900000.0,1732900000.0,0.0,,,,,81700000.0,109300000.0,1.0,227946081,227946081,,7.602,9993300000,0,216400000.0,85000000,43.841,
3,TROW,ARQ,2020-09-30,2020-10-29,2020-09-30,2021-07-29,-42700000,10134600000,,,,,31.482,-50100000.0,2228200000,2228200000,625800000.0,698600000.0,,0.234,175300000,,,175300000,0,49700000.0,0,0.026,0.9,865100000.0,914800000.0,0.573,914800000.0,865100000.0,865100000.0,2.75,2.73,2.75,7128500000,,7128500000,27709428152,10.0,9.247,226100000.0,0.999,1.0,970000000.0,0.608,665700000,0.0,7416000000,,0,5473100000,,,1665900000,,,29762328152,123300000.0,-39900000.0,-109200000.0,0.0,-210000000.0,-108200000.0,-55500000.0,30800000.0,276200000.0,10800000.0,643200000.0,643200000.0,643200000.0,0.0,55400000.0,0.403,241100000.0,728900000.0,186900000,0.327,4.175,13.943,14.556,821100000,0.0,131.44,5.008,5.008,714800000,6471300000,1595800000.0,1595800000.0,0.0,,,,,52900000.0,88700000.0,1.0,226432807,226432807,,7.048,9468900000,0,221900000.0,66700000,41.818,
4,TROW,ARQ,2020-06-30,2020-07-29,2020-06-30,2021-07-29,-52200000,9477300000,,,,,29.741,-59300000.0,2058100000,2058100000,611000000.0,728500000.0,,0.242,166400000,,,166400000,0,48200000.0,0,0.024,0.9,843300000.0,891500000.0,0.63,891500000.0,843300000.0,843300000.0,2.58,2.55,2.58,6750700000,,6750700000,28937488402,11.0,10.224,793700000.0,3.497,1.0,804400000.0,0.568,665700000,0.0,6919900000,,0,5061500000,,,1636500000,,,30829188402,502800000.0,-8400000.0,-119900000.0,0.0,-210500000.0,-318800000.0,-25200000.0,36800000.0,853000000.0,-6200000.0,603000000.0,603000000.0,603000000.0,0.0,125500000.0,0.426,250700000.0,553700000.0,194300000,0.349,4.567,15.132,15.904,816900000,0.0,135.82,5.34,5.34,655700000,6102900000,1415400000.0,1415400000.0,0.0,,,,,53300000.0,99800000.0,1.0,226985631,226985631,,6.236,8811600000,0,240300000.0,259300000,38.82,
5,TROW,ARQ,2020-03-31,2020-04-28,2020-03-31,2021-07-29,-49100000,8636900000,,,,,28.275,-46000000.0,1562400000,1562400000,506400000.0,166600000.0,,0.191,172600000,,,172600000,0,46100000.0,0,0.028,0.9,383400000.0,429500000.0,0.294,429500000.0,383400000.0,383400000.0,1.43,1.41,1.43,6434000000,,6434000000,24525742285,10.0,9.103,741700000.0,3.26,1.0,956200000.0,0.654,665700000,0.0,6581400000,,0,4755600000,,,1231900000,,,25915542285,-178200000.0,-800000.0,-853200000.0,0.0,-215200000.0,-992300000.0,27600000.0,74000000.0,787700000.0,-1200000.0,343100000.0,343100000.0,343100000.0,0.0,-176500000.0,0.235,249000000.0,707200000.0,198500000,0.629,4.028,13.21,13.991,812800000,0.0,113.89,4.505,4.505,585300000,5782900000,1462600000.0,1462600000.0,0.0,,,,,58300000.0,102000000.0,1.0,227548883,227548883,,6.428,7971200000,0,40300000.0,58300000,35.031,
6,TROW,ARQ,2019-12-31,2020-02-13,2019-12-31,2021-07-29,-43000000,9330400000,,,,,30.088,-55700000.0,1781800000,1781800000,595400000.0,593900000.0,,0.156,146300000,,,146300000,0,59100000.0,0,0.022,0.76,701700000.0,760800000.0,0.518,760800000.0,701700000.0,701700000.0,2.27,2.23,2.27,7102100000,,7102100000,30565218677,11.0,10.187,-33700000.0,-0.143,1.0,873300000.0,0.595,665700000,0.0,7029200000,,0,5216700000,,,1107300000,,,32200718677,-435800000.0,-10100000.0,-162800000.0,0.0,-183500000.0,-209700000.0,-247800000.0,-185300000.0,22000000.0,-300000.0,545300000.0,545300000.0,545300000.0,0.0,48600000.0,0.371,293000000.0,580300000.0,214500000,0.335,4.534,15.108,15.467,785200000,0.0,136.42,5.732,5.732,646600000,6443500000,1468700000.0,1468700000.0,0.0,,,,,70500000.0,137600000.0,1.0,236041040,236041040,,6.222,8664700000,0,156400000.0,31800000,36.708,
7,TROW,ARQ,2019-09-30,2019-10-24,2019-09-30,2021-07-29,-48700000,9397800000,,,,,29.27,-54400000.0,2213200000,2213200000,530800000.0,545100000.0,,0.213,146400000,,,146400000,0,45700000.0,0,0.026,0.76,702900000.0,748600000.0,0.525,748600000.0,702900000.0,702900000.0,2.26,2.23,2.26,6839800000,,6839800000,24420525809,9.0,8.865,497500000.0,2.129,1.0,895900000.0,0.628,665700000,0.0,6665300000,,0,4853300000,,,1455100000,,,26487325809,381000000.0,-3200000.0,-135700000.0,0.0,-182600000.0,-121500000.0,-47600000.0,8100000.0,551900000.0,-1800000.0,545900000.0,545900000.0,545900000.0,0.0,-800000.0,0.383,236800000.0,659100000.0,203300000,0.336,3.873,13.668,14.186,790100000,0.0,113.35,4.856,4.856,620600000,6187000000,1426700000.0,1426700000.0,0.0,,,,,45400000.0,92300000.0,1.0,233677334,233677334,,6.105,8732100000,0,157000000.0,49200000,37.368,
8,TROW,ARQ,2019-06-30,2019-07-24,2019-06-30,2021-07-29,-38500000,8912300000,,,,,27.929,-46800000.0,1802400000,1802400000,547600000.0,555900000.0,,0.201,154900000,,,154900000,0,44100000.0,0,0.026,0.76,711200000.0,755300000.0,0.541,755300000.0,711200000.0,711200000.0,2.18,2.15,2.18,6579100000,,6579100000,25034950835,9.0,8.899,323300000.0,1.372,1.0,847600000.0,0.608,665700000,0.0,6599100000,,0,4778600000,,,1320900000,,,26682450835,179600000.0,-1700000.0,-136600000.0,0.0,-183200000.0,-195500000.0,4700000.0,51000000.0,370100000.0,300000.0,527500000.0,527500000.0,527500000.0,0.0,28400000.0,0.378,232500000.0,615100000.0,193000000,0.349,4.056,13.51,14.036,792100000,0.0,113.27,4.921,4.921,619800000,5915900000,1395200000.0,1395200000.0,0.0,,,,,47200000.0,94200000.0,1.0,235565029,235565029,,5.923,8246600000,0,183700000.0,52400000,35.008,
9,TROW,ARQ,2019-03-31,2019-04-24,2019-03-31,2021-07-29,-41600000,8458900000,,,,,26.688,-47700000.0,1657400000,1657400000,557900000.0,554000000.0,,0.2,161900000,,,161900000,0,41900000.0,0,0.026,0.76,693900000.0,735800000.0,0.554,735800000.0,693900000.0,693900000.0,2.11,2.09,2.11,6311000000,,6311000000,24460041770,10.0,9.014,531000000.0,2.245,1.0,769400000.0,0.58,665700000,0.0,6297700000,,0,4483000000,,,1261200000,,,25955541770,238200000.0,-3400000.0,-187400000.0,0.0,-184600000.0,-306000000.0,-33800000.0,17900000.0,578700000.0,-700000.0,512600000.0,512600000.0,512600000.0,0.0,41400000.0,0.386,236900000.0,532500000.0,210000000,0.36,4.113,13.687,14.255,794400000,0.0,109.76,4.832,4.832,604600000,5650800000,1327300000.0,1327300000.0,0.0,,,,,43500000.0,94600000.0,1.0,236475417,236475417,,5.613,7793200000,0,181300000.0,197500000,32.956,
10,TROW,ARQ,2018-12-31,2019-02-13,2018-12-31,2021-07-29,-42000000,7689300000,,,,,25.921,-47000000.0,1425200000,1425200000,524800000.0,272000000.0,,0.135,0,,,0,0,44600000.0,0,0.029,0.7,470300000.0,514900000.0,0.395,514900000.0,470300000.0,470300000.0,1.44,1.42,1.44,6124300000,,6124300000,21759349129,9.0,8.328,86500000.0,0.366,1.0,780200000.0,0.598,665700000,0.0,5598400000,,0,4133800000,,,824700000,,,23184549129,-701000000.0,-1300000.0,-588600000.0,0.0,-172000000.0,-776400000.0,-45100000.0,3500000.0,133500000.0,-13000000.0,351900000.0,351900000.0,351900000.0,0.0,-79900000.0,0.27,237900000.0,542300000.0,228500000,0.486,3.786,12.617,13.243,661300000,0.0,98.13,4.315,4.315,549600000,5464100000,1305000000.0,1305000000.0,0.0,,,,,61800000.0,113000000.0,1.0,236263621,236263621,,5.523,7023600000,0,118400000.0,54200000,29.728,
11,TROW,ARQ,2018-09-30,2018-10-25,2018-09-30,2021-07-29,-31000000,8530600000,,,,,26.846,-42900000.0,2090600000,2090600000,525700000.0,581600000.0,,0.187,0,,,0,0,40200000.0,0,0.028,0.7,766900000.0,807100000.0,0.579,807100000.0,766900000.0,766900000.0,2.34,2.3,2.34,6460500000,,6460500000,20896736753,8.0,7.66,514200000.0,2.137,1.0,868900000.0,0.623,665700000,0.0,5774300000,,0,4332200000,,,1209500000,,,22987336753,600000000.0,-800000.0,-69500000.0,0.0,-173600000.0,-74900000.0,113600000.0,75800000.0,557100000.0,4200000.0,583000000.0,583000000.0,583000000.0,0.0,-1400000.0,0.418,228300000.0,640600000.0,249900000,0.299,3.558,12.543,12.978,657000000,0.0,95.52,4.294,4.294,583100000,5788500000,1394600000.0,1394600000.0,0.0,,,,,44500000.0,93900000.0,1.0,240654698,240654698,,5.795,7864900000,0,183900000.0,80300000,32.681,
12,TROW,ARQ,2018-06-30,2018-07-25,2018-06-30,2021-07-29,-23700000,7882200000,,,,,25.143,-41900000.0,1484400000,1484400000,527600000.0,459600000.0,,0.168,0,,,0,0,37800000.0,0,0.02,0.7,618100000.0,655900000.0,0.488,655900000.0,618100000.0,618100000.0,1.81,1.77,1.81,6114600000,,6114600000,28868231641,12.0,11.283,366400000.0,1.507,1.0,817400000.0,0.608,665700000,0.0,5732100000,,0,4316500000,,,1028400000,,,30352631641,-169900000.0,-200000.0,-112400000.0,0.0,-173900000.0,-146100000.0,-424200000.0,-437000000.0,408300000.0,-7900000.0,448900000.0,448900000.0,448900000.0,0.0,10700000.0,0.334,222700000.0,594700000.0,220000000,0.387,4.964,18.501,18.882,655200000,0.0,124.81,5.859,5.859,564400000,5435100000,1345000000.0,1345000000.0,0.0,,,,,45200000.0,92400000.0,1.0,243190703,243190703,,5.531,7216500000,0,169200000.0,56400000,29.674,
13,TROW,ARQ,2018-03-31,2018-04-25,2018-03-31,2021-07-29,-6400000,7374300000,,,,,24.374,-36700000.0,1681400000,1681400000,511700000.0,455500000.0,,0.157,0,,,0,0,36900000.0,0,0.022,0.7,598100000.0,635000000.0,0.478,635000000.0,598100000.0,598100000.0,1.81,1.77,1.81,5901900000,,5901900000,25195861723,11.0,9.91,484300000.0,2.0,1.0,816300000.0,0.615,665700000,0.0,5027200000,,0,3605900000,,,925900000,,,26877261723,-239600000.0,-21500000.0,-245100000.0,0.0,-174800000.0,-242100000.0,-519800000.0,-413900000.0,521000000.0,1300000.0,453700000.0,453700000.0,453700000.0,0.0,1800000.0,0.342,232500000.0,583800000.0,241300000,0.387,4.554,17.167,17.563,650200000,0.0,111.0,5.368,5.368,593600000,5205000000,1328000000.0,1328000000.0,0.0,,,,,45600000.0,96300000.0,1.0,242137493,242137493,,5.484,6708600000,0,144400000.0,159800000,27.706,
14,TROW,ARQ,2017-12-31,2018-02-16,2017-12-31,2021-07-29,-3600000,7534700000,,,,,23.827,-57000000.0,1902700000,1902700000,484300000.0,386600000.0,,0.123,0,,,0,0,36700000.0,0,0.021,0.57,593500000.0,630200000.0,0.49,630200000.0,593500000.0,593500000.0,1.4,1.37,1.4,5824400000,,5824400000,25105974904,10.0,9.787,-180300000.0,-0.738,1.0,801800000.0,0.623,665700000,0.0,4966300000,,0,3525700000,,,717500000,,,27008674904,29600000.0,-64200000.0,56900000.0,0.0,-142300000.0,190900000.0,-36400000.0,85800000.0,-123300000.0,-1600000.0,347100000.0,347100000.0,347100000.0,0.0,39500000.0,0.27,270800000.0,531000000.0,215500000,0.407,4.637,18.032,18.203,652000000,0.0,110.49,5.635,5.635,556700000,4932900000,1286100000.0,1286100000.0,0.0,,,,,41400000.0,87500000.0,1.0,244444519,244444519,,5.261,6869000000,0,246400000.0,68300000,28.1,
15,TROW,ARQ,2017-09-30,2017-10-26,2017-09-30,2021-07-29,-500000,7379600000,,,,,22.814,-46500000.0,1869400000,1869400000,454800000.0,404200000.0,,0.162,0,,,0,0,35000000.0,0,0.024,0.57,602500000.0,637500000.0,0.522,637500000.0,602500000.0,602500000.0,1.59,1.56,1.59,5528000000,,5528000000,21167015123,9.0,8.278,167100000.0,0.69,1.0,766900000.0,0.628,665700000,0.0,4844500000,,0,1359300000,,,897800000,,,23036415123,360300000.0,0.0,58600000.0,0.0,-140400000.0,205800000.0,-62200000.0,-15100000.0,213600000.0,3100000.0,390900000.0,390900000.0,390900000.0,0.0,13300000.0,0.32,218400000.0,548500000.0,193500000,0.358,4.167,15.052,15.334,635000000,0.0,95.07,5.01,5.01,507900000,4728200000,1221700000.0,1221700000.0,0.0,,,,,36400000.0,63000000.0,1.0,242310036,242310036,,5.042,6713900000,0,211600000.0,16800000,27.708,
16,TROW,ARQ,2017-06-30,2017-07-25,2017-06-30,2021-07-29,-11600000,6532600000,,,,,21.504,-35700000.0,1542200000,1542200000,440200000.0,390000000.0,,0.142,0,,,0,0,36300000.0,0,0.026,0.57,603500000.0,639800000.0,0.546,639800000.0,603500000.0,603500000.0,1.52,1.5,1.52,5168600000,,5168600000,18607007871,8.0,7.495,-85000000.0,-0.354,1.0,731400000.0,0.624,665700000,0.0,4324700000,,0,1333700000,,,736400000,,,20149207871,-15100000.0,0.0,-108300000.0,0.0,-139500000.0,-81200000.0,108200000.0,170500000.0,-49300000.0,7200000.0,373900000.0,373900000.0,373900000.0,0.0,16100000.0,0.319,223800000.0,507600000.0,185800000,0.375,3.898,13.731,14.184,624300000,0.0,83.83,4.508,4.508,488700000,4477600000,1171600000.0,1171600000.0,0.0,,,,,37400000.0,65400000.0,1.0,240357961,240357961,,4.874,5866900000,0,229600000.0,16000000,24.409,
17,TROW,ARQ,2017-03-31,2017-04-25,2017-03-31,2021-07-29,-5400000,6275600000,,,,,20.725,-46900000.0,1580800000,1580800000,432600000.0,400400000.0,,0.163,0,,,0,0,35600000.0,0,0.031,0.57,622200000.0,657800000.0,0.591,657800000.0,622200000.0,622200000.0,1.56,1.54,1.56,5000200000,,5000200000,15209061623,7.0,6.933,141600000.0,0.587,1.0,681000000.0,0.612,665700000,0.0,4029100000,,0,1299500000,,,816300000,,,16789861623,360500000.0,0.0,-264200000.0,0.0,-140900000.0,146000000.0,29400000.0,76600000.0,188500000.0,-3400000.0,385900000.0,385900000.0,385900000.0,0.0,14500000.0,0.347,159300000.0,521700000.0,185800000,0.365,3.358,13.028,13.46,625200000,0.0,69.59,3.866,3.866,482500000,4302700000,1113600000.0,1113600000.0,0.0,,,,,36800000.0,71000000.0,1.0,241268309,241268309,,4.616,5609900000,0,236300000.0,261400000,23.252,
18,TROW,ARQ,2016-12-31,2017-02-07,2016-12-31,2021-07-29,11500000,6225000000,,,,,20.576,-35800000.0,1204900000,1204900000,417100000.0,366800000.0,,0.106,0,,,0,0,33400000.0,0,0.032,0.54,588500000.0,621900000.0,0.57,621900000.0,588500000.0,588500000.0,1.53,1.5,1.53,5008600000,,5008600000,15237803515,8.0,7.415,-133500000.0,-0.548,1.0,674100000.0,0.618,665700000,0.0,4354400000,,0,1257500000,,,529200000,,,16442703515,-216800000.0,0.0,-113700000.0,0.0,-134200000.0,-131100000.0,-4100000.0,31600000.0,-97700000.0,16100000.0,379800000.0,379800000.0,379800000.0,0.0,-13000000.0,0.348,110800000.0,563300000.0,180800000,0.353,3.283,13.533,13.928,615100000,0.0,67.55,3.894,3.894,455100000,4293600000,1091200000.0,1091200000.0,0.0,,,,,43700000.0,72500000.0,1.0,243415300,243415300,,4.483,5559300000,0,208700000.0,39300000,22.839,
19,TROW,ARQ,2016-09-30,2016-10-27,2016-09-30,2021-07-29,33300000,6723500000,,,,,19.856,-33300000.0,1401000000,1401000000,422900000.0,362700000.0,,0.161,0,,,0,0,34000000.0,0,0.034,0.54,529100000.0,563100000.0,0.515,563100000.0,529100000.0,529100000.0,1.3,1.28,1.3,4833700000,,4833700000,14137338028,8.0,7.201,266400000.0,1.094,1.0,670000000.0,0.613,665700000,0.0,4656800000,,0,1214900000,,,775900000,,,15538338028,104700000.0,0.0,-252300000.0,0.0,-135000000.0,-146400000.0,-51700000.0,-14100000.0,299700000.0,3100000.0,327800000.0,327800000.0,327800000.0,0.0,34900000.0,0.3,194300000.0,475700000.0,205000000,0.415,3.215,13.855,14.344,615600000,0.0,63.83,3.714,3.714,446900000,4096900000,1092900000.0,1092900000.0,0.0,,,,,42300000.0,60000000.0,1.0,243433151,243433151,,4.49,6057800000,0,201300000.0,40400000,24.885,
20,TROW,ARQ,2016-06-30,2016-07-26,2016-06-30,2021-07-29,26300000,6581700000,,,,,19.557,-44000000.0,1275200000,1275200000,406600000.0,203200000.0,,0.126,0,,,0,0,33800000.0,0,0.03,0.54,317100000.0,350900000.0,0.336,350900000.0,317100000.0,317100000.0,0.78,0.76,0.78,4860900000,,4860900000,16260153971,9.0,8.595,-139100000.0,-0.56,1.0,638100000.0,0.611,665700000,0.0,4640800000,,0,1122200000,,,610400000,,,17535353971,-17800000.0,0.0,1100000.0,0.0,-135700000.0,143000000.0,-45800000.0,-85500000.0,-95100000.0,-19900000.0,195300000.0,195300000.0,195300000.0,0.0,7900000.0,0.187,354600000.0,283500000.0,180600000,0.692,3.607,16.376,16.678,620800000,0.0,70.55,4.236,4.236,427400000,4081200000,1044700000.0,1044700000.0,0.0,,,,,38800000.0,55700000.0,1.0,248552147,248552147,,4.203,5916000000,0,121800000.0,8900000,23.802,
21,TROW,ARQ,2016-03-31,2016-04-26,2016-03-31,2021-07-29,29100000,6203900000,,,,,19.193,-35200000.0,1322900000,1322900000,389100000.0,304400000.0,,0.129,0,,,0,0,32200000.0,0,0.027,0.54,486800000.0,519000000.0,0.522,519000000.0,486800000.0,486800000.0,1.17,1.15,1.17,4763800000,,4763800000,17917807413,9.0,8.476,28400000.0,0.114,1.0,605000000.0,0.609,665700000,0.0,4215300000,,0,1108000000,,,615000000,,,19240707413,228100000.0,0.0,-185700000.0,0.0,-135900000.0,-41900000.0,207800000.0,243000000.0,63600000.0,-1400000.0,295200000.0,295200000.0,295200000.0,0.0,9200000.0,0.297,194100000.0,410900000.0,172000000,0.462,4.039,15.919,16.389,612700000,0.0,77.52,4.617,4.617,428100000,4021800000,994100000.0,994100000.0,0.0,,,,,36800000.0,64500000.0,1.0,248203140,248203140,,4.005,5538200000,0,191600000.0,168300000,22.313,
22,TROW,ARQ,2015-12-31,2016-02-05,2015-12-31,2021-07-29,86600000,5106900000,,,,,19.188,-36700000.0,1172300000,1172300000,394100000.0,303200000.0,,0.072,0,,,0,0,31900000.0,0,0.059,0.52,498400000.0,530300000.0,0.504,530300000.0,498400000.0,498400000.0,1.2,1.18,1.2,4762000000,,4762000000,15862721798,8.0,7.452,98200000.0,0.396,1.0,658100000.0,0.625,665700000,0.0,3268900000,,0,2018900000,,,344900000,,,17035021798,7900000.0,0.0,-154800000.0,0.0,-131800000.0,-284600000.0,157600000.0,197300000.0,134900000.0,0.0,303200000.0,303200000.0,303200000.0,0.0,0.0,0.288,159700000.0,498400000.0,170600000,0.433,3.577,13.929,14.481,607100000,0.0,68.64,4.055,4.055,446000000,3970700000,1052200000.0,1052200000.0,0.0,,,,,41600000.0,67700000.0,1.0,248179222,248179222,,4.24,4441200000,0,195200000.0,21200000,17.895,
23,TROW,ARQ,2015-09-30,2015-10-22,2015-09-30,2021-07-29,88900000,5266600000,,,,,18.613,-34700000.0,1164400000,1164400000,417500000.0,277100000.0,,0.127,0,,,0,0,33100000.0,0,0.054,0.52,458600000.0,491700000.0,0.469,491700000.0,458600000.0,458600000.0,1.08,1.06,1.08,4673600000,,4673600000,17479431000,9.0,8.147,450100000.0,1.793,1.0,631500000.0,0.602,665700000,0.0,3436500000,,0,2200600000,,,593000000,,,18643831000,-104800000.0,0.0,-447700000.0,0.0,-132700000.0,-574900000.0,-14700000.0,23200000.0,484800000.0,0.0,277100000.0,277100000.0,277100000.0,0.0,0.0,0.264,172900000.0,458600000.0,172800000,0.481,3.989,15.088,15.698,603000000,0.0,74.25,4.47,4.47,431400000,3881200000,1049000000.0,1049000000.0,0.0,,,,,40800000.0,53500000.0,1.0,251095367,251095367,,4.178,4600900000,0,181500000.0,14700000,18.323,
24,TROW,ARQ,2015-06-30,2015-07-23,2015-06-30,2021-07-29,125800000,5415500000,,,,,19.387,-38600000.0,1269200000,1269200000,399500000.0,333200000.0,,0.09,0,,,0,0,32200000.0,0,0.051,0.52,540800000.0,573000000.0,0.534,573000000.0,540800000.0,540800000.0,1.28,1.24,1.28,4967100000,,4967100000,18530926189,9.0,8.516,304300000.0,1.188,1.0,672900000.0,0.627,665700000,0.0,3480600000,,0,2271100000,,,448400000,,,19800126189,-541200000.0,0.0,-230700000.0,0.0,-659100000.0,-884300000.0,200000.0,38000000.0,342900000.0,0.0,333200000.0,333200000.0,333200000.0,0.0,0.0,0.311,132100000.0,540800000.0,168500000,0.406,3.986,15.687,16.1,607300000,0.0,77.28,4.78,4.78,449400000,4141900000,1072400000.0,1072400000.0,0.0,,,,,35600000.0,54100000.0,1.0,256212813,256212813,,4.186,4749800000,0,207600000.0,12000000,18.538,
25,TROW,ARQ,2015-03-31,2015-04-22,2015-03-31,2021-07-29,138200000,5962000000,,,,,19.195,-41300000.0,1810400000,1810400000,384000000.0,309500000.0,,0.192,0,,,0,0,29100000.0,0,0.046,2.52,504600000.0,533700000.0,0.52,533700000.0,504600000.0,504600000.0,1.16,1.13,1.16,5002000000,,5002000000,19711303670,10.0,9.253,502500000.0,1.928,1.0,643000000.0,0.626,665700000,0.0,3485900000,,0,2308900000,,,960000000,,,21521703670,304300000.0,0.0,-81100000.0,0.0,-135400000.0,-205400000.0,-34100000.0,11200000.0,543800000.0,0.0,309500000.0,309500000.0,309500000.0,0.0,0.0,0.301,138400000.0,504600000.0,137900000,2.172,4.303,17.429,17.647,599000000,0.0,82.59,5.308,5.308,447300000,4099700000,1027000000.0,1027000000.0,0.0,,,,,31000000.0,63600000.0,1.0,260584861,260584861,,3.941,5296300000,0,195100000.0,156300000,20.325,
26,TROW,ARQ,2014-12-31,2015-02-05,2014-12-31,2021-07-29,136400000,5644400000,,,,,20.693,-43600000.0,1506100000,1506100000,375000000.0,315900000.0,,0.046,0,,,0,0,28300000.0,0,0.022,0.44,518800000.0,547100000.0,0.535,547100000.0,518800000.0,518800000.0,1.21,1.18,1.21,5395200000,,5395200000,19808320233,10.0,9.367,31600000.0,0.121,1.0,647400000.0,0.633,665700000,0.0,3472600000,,0,2292300000,,,249200000,,,21314420233,-138400000.0,0.0,-99200000.0,0.0,-114900000.0,-185900000.0,-27700000.0,16700000.0,75200000.0,0.0,315900000.0,315900000.0,315900000.0,0.0,0.0,0.309,128600000.0,518800000.0,143400000,0.364,3.951,17.334,17.468,586400000,0.0,81.75,5.353,5.353,442800000,4450100000,1022400000.0,1022400000.0,0.0,,,,,37500000.0,62700000.0,1.0,260726853,260726853,,3.921,4978700000,0,202900000.0,23600000,19.095,
27,TROW,ARQ,2014-09-30,2014-10-23,2014-09-30,2021-07-29,166000000,5768000000,,,,,20.153,-22900000.0,1644500000,1644500000,383800000.0,303600000.0,,0.103,0,,,0,0,28300000.0,0,0.022,0.44,493900000.0,522200000.0,0.512,522200000.0,493900000.0,493900000.0,1.15,1.12,1.15,5227500000,,5227500000,18411404980,9.0,8.917,467600000.0,1.803,1.0,637000000.0,0.624,665700000,0.0,3457800000,,0,2354700000,,,540500000,,,20055904980,-59800000.0,0.0,-213700000.0,0.0,-115500000.0,-322400000.0,-227900000.0,-201800000.0,490500000.0,0.0,303600000.0,303600000.0,303600000.0,0.0,0.0,0.297,143100000.0,493900000.0,150600000,0.383,3.837,16.694,16.919,572300000,0.0,77.32,5.156,5.156,423600000,4249100000,1020800000.0,1020800000.0,0.0,,,,,34100000.0,48600000.0,1.0,259388321,259388321,,3.935,5102300000,0,190300000.0,22600000,19.671,
28,TROW,ARQ,2014-06-30,2014-07-24,2014-06-30,2021-07-29,202900000,5669000000,,,,,20.048,-34300000.0,1704300000,1704300000,361800000.0,305800000.0,,0.075,0,,,0,0,28000000.0,0,0.02,0.44,499200000.0,527200000.0,0.536,527200000.0,499200000.0,499200000.0,1.16,1.13,1.16,5273600000,,5273600000,19426793198,10.0,9.703,204200000.0,0.776,1.0,622500000.0,0.632,665700000,0.0,3299000000,,0,2203000000,,,395400000,,,21131093198,-35000000.0,0.0,-8300000.0,0.0,-115900000.0,-115500000.0,-158000000.0,-119200000.0,238500000.0,0.0,305800000.0,305800000.0,305800000.0,0.0,0.0,0.311,123300000.0,499200000.0,121200000,0.379,4.007,18.09,18.052,576200000,0.0,80.33,5.63,5.63,426000000,4061000000,984300000.0,984300000.0,0.0,,,,,32600000.0,50600000.0,1.0,263053569,263053569,,3.742,5003300000,0,193400000.0,30100000,19.02,
29,TROW,ARQ,2014-03-31,2014-04-24,2014-03-31,2021-07-29,184000000,5462900000,,,,,19.172,-25400000.0,1739300000,1739300000,352600000.0,304300000.0,,0.085,0,,,0,0,27100000.0,0,0.019,0.44,491200000.0,518300000.0,0.543,518300000.0,491200000.0,491200000.0,1.16,1.12,1.16,5037200000,,5037200000,19757577470,11.0,10.414,461700000.0,1.757,1.0,602000000.0,0.631,665700000,0.0,3057900000,,0,1984200000,,,425700000,,,21496877470,341300000.0,0.0,-9100000.0,0.0,-115800000.0,-116000000.0,-29800000.0,-1000000.0,487100000.0,0.0,304300000.0,304300000.0,304300000.0,0.0,0.0,0.319,110800000.0,491200000.0,119400000,0.379,4.268,19.365,19.297,571800000,0.0,81.82,5.933,5.933,419700000,3871100000,954600000.0,954600000.0,0.0,,,,,29200000.0,58000000.0,1.0,262733775,262733775,,3.633,4797200000,0,186900000.0,173200000,18.259,
30,TROW,ARQ,2013-12-31,2014-02-04,2013-12-31,2021-07-29,188300000,5033100000,,,,,18.373,-31200000.0,1398000000,1398000000,330600000.0,287700000.0,,0.045,0,,,0,0,25200000.0,0,0.02,0.38,471800000.0,497000000.0,0.535,497000000.0,471800000.0,471800000.0,1.1,1.07,1.1,4818100000,,4818100000,18972267208,11.0,10.591,43700000.0,0.167,1.0,599200000.0,0.644,665700000,0.0,2969400000,,0,1925500000,,,215000000,,,20370267208,-295300000.0,0.0,17000000.0,0.0,-99600000.0,-71300000.0,-298900000.0,-253900000.0,74900000.0,0.0,287700000.0,287700000.0,287700000.0,0.0,0.0,0.309,127400000.0,471800000.0,103900000,0.345,4.228,19.443,19.323,572900000,0.0,77.68,5.846,5.846,398800000,3682800000,929800000.0,929800000.0,0.0,,,,,33300000.0,63600000.0,1.0,262233100,262233100,,3.546,4367400000,0,184100000.0,38700000,16.655,
31,TROW,ARQ,2013-09-30,2013-10-24,2013-09-30,2021-07-29,168900000,5126800000,,,,,17.403,-33100000.0,1693300000,1693300000,321800000.0,270300000.0,,0.129,0,,,0,0,22200000.0,132900000,0.033,0.38,437500000.0,459700000.0,0.52,459700000.0,437500000.0,437500000.0,1.03,1.0,1.03,4540600000,,4540600000,17994812322,11.0,10.623,397300000.0,1.523,1.0,562600000.0,0.636,665700000,0.0,2767800000,,0,1746900000,,,586200000,,,19688112322,237400000.0,0.0,-3800000.0,0.0,-99400000.0,-111600000.0,-81400000.0,-47900000.0,430400000.0,0.0,270300000.0,270300000.0,270300000.0,0.0,0.0,0.306,125100000.0,437500000.0,97300000,0.369,4.336,19.847,19.754,567500000,0.0,75.46,5.892,5.892,365600000,3494700000,884400000.0,884400000.0,0.0,,,,,29700000.0,48300000.0,1.0,260907929,260907929,,3.39,4461100000,0,167200000.0,43300000,17.098,
32,TROW,ARQ,2013-06-30,2013-07-24,2013-06-30,2021-07-29,138400000,4798900000,,,,,16.57,-18700000.0,1455900000,1455900000,316400000.0,247800000.0,,0.113,0,,,0,0,22000000.0,144600000,0.032,0.38,400200000.0,422200000.0,0.494,422200000.0,400200000.0,400200000.0,0.95,0.92,0.95,4310500000,,4310500000,18212935023,12.0,11.003,249800000.0,0.96,1.0,537900000.0,0.63,665700000,0.0,2677300000,,0,1641800000,,,488400000,,,19668835023,170000000.0,0.0,20700000.0,0.0,-99000000.0,-72900000.0,-25600000.0,-9700000.0,268500000.0,0.0,247800000.0,247800000.0,247800000.0,0.0,0.0,0.29,137700000.0,400200000.0,114400000,0.4,4.563,20.298,20.109,558700000,0.0,75.61,6.095,6.095,366500000,3323800000,854300000.0,854300000.0,0.0,,,,,27900000.0,54300000.0,1.0,260135366,260135366,,3.284,4133200000,0,152400000.0,17600000,15.889,
33,TROW,ARQ,2013-03-31,2013-04-24,2013-03-31,2021-07-29,142000000,4610600000,,,,,15.836,-22800000.0,1285900000,1285900000,305300000.0,241900000.0,,0.123,0,,,0,0,21600000.0,149500000,0.033,0.38,390900000.0,412500000.0,0.506,412500000.0,390900000.0,390900000.0,0.93,0.91,0.93,4107000000,,4107000000,17580977839,12.0,11.068,436600000.0,1.684,1.0,510400000.0,0.626,665700000,0.0,2659000000,,0,1621200000,,,503600000,,,18866877839,406800000.0,0.0,70200000.0,0.0,-98700000.0,-21000000.0,-31600000.0,-8700000.0,459400000.0,0.0,241900000.0,241900000.0,241900000.0,0.0,0.0,0.297,119500000.0,390900000.0,97900000,0.409,4.594,20.331,20.097,563000000,0.0,72.75,6.067,6.067,364600000,3175000000,815700000.0,815700000.0,0.0,,,,,23700000.0,58300000.0,1.0,259338527,259338527,,3.145,3944900000,0,149000000.0,120400000,15.211,
34,TROW,ARQ,2012-12-31,2013-02-05,2012-12-31,2021-07-29,131900000,4202800000,,,,,14.916,-21200000.0,879100000,879100000,287400000.0,232000000.0,,0.093,0,,,0,0,21400000.0,154700000,0.033,1.34,378100000.0,399500000.0,0.507,399500000.0,378100000.0,378100000.0,0.91,0.88,0.91,3846100000,,3846100000,17742910053,12.0,11.701,20600000.0,0.08,1.0,499900000.0,0.635,665700000,0.0,2658000000,,0,1580800000,,,356700000,,,18622010053,-355900000.0,0.0,34300000.0,0.0,-343700000.0,-289800000.0,-107900000.0,-95700000.0,41800000.0,0.0,232000000.0,232000000.0,232000000.0,0.0,0.0,0.295,121800000.0,378100000.0,89700000,1.473,4.842,21.075,20.813,561000000,0.0,72.22,6.161,6.161,353900000,3031800000,787300000.0,787300000.0,0.0,,,,,26800000.0,58900000.0,1.0,257851150,257851150,,3.053,3537100000,0,146100000.0,21500000,13.718,
35,TROW,ARQ,2012-09-30,2012-10-24,2012-09-30,2021-07-29,120400000,4405600000,,,,,15.141,-19100000.0,1235000000,1235000000,288200000.0,247300000.0,,0.142,0,,,0,0,20700000.0,160700000,0.021,0.34,400300000.0,421000000.0,0.547,421000000.0,400300000.0,400300000.0,0.97,0.94,0.97,3858900000,,3858900000,15117144046,11.0,10.48,347400000.0,1.363,1.0,481500000.0,0.626,665700000,0.0,2504900000,,0,1472600000,,,546700000,,,16352144046,262700000.0,0.0,7200000.0,0.0,-86600000.0,-76300000.0,-27500000.0,-7100000.0,366500000.0,0.0,247300000.0,247300000.0,247300000.0,0.0,0.0,0.321,81200000.0,400300000.0,90700000,0.351,4.238,19.467,19.442,561000000,0.0,64.16,5.625,5.625,332200000,3143600000,769700000.0,769700000.0,0.0,,,,,27300000.0,48500000.0,1.0,254865088,254865088,,3.02,3739900000,0,153000000.0,20900000,14.674,
36,TROW,ARQ,2012-06-30,2012-07-25,2012-06-30,2021-07-29,122200000,4116900000,,,,,14.41,-18000000.0,972300000,972300000,285200000.0,206800000.0,,0.126,0,,,0,0,20000000.0,165500000,0.022,0.34,335400000.0,355400000.0,0.482,355400000.0,335400000.0,335400000.0,0.81,0.79,0.81,3657800000,,3657800000,13996220334,11.0,10.472,210700000.0,0.83,1.0,451600000.0,0.613,665700000,0.0,2478900000,,0,1433500000,,,459100000,,,14968520334,-131200000.0,0.0,-114200000.0,0.0,-86300000.0,-194500000.0,-165400000.0,-144100000.0,228700000.0,0.0,206800000.0,206800000.0,206800000.0,0.0,0.0,0.281,116200000.0,335400000.0,86200000,0.42,4.092,19.235,19.271,564400000,0.0,58.97,5.315,5.315,324200000,2983000000,736800000.0,736800000.0,0.0,,,,,25900000.0,51200000.0,1.0,253832802,253832802,,2.903,3451200000,0,128600000.0,15700000,13.596,
37,TROW,ARQ,2012-03-31,2012-04-24,2012-03-31,2021-07-29,139100000,4076900000,,,,,14.23,-18600000.0,1103500000,1103500000,282900000.0,197500000.0,,0.123,0,,,0,0,19200000.0,171400000,0.021,0.34,321300000.0,340500000.0,0.467,340500000.0,321300000.0,321300000.0,0.78,0.75,0.78,3630100000,,3630100000,14699619453,12.0,11.041,247200000.0,0.969,1.0,445800000.0,0.612,665700000,0.0,2307700000,,0,1300300000,,,446800000,,,15803119453,205600000.0,0.0,24100000.0,0.0,-86800000.0,-50900000.0,-9300000.0,13700000.0,265800000.0,0.0,197500000.0,197500000.0,197500000.0,0.0,0.0,0.271,124500000.0,321300000.0,82800000,0.436,4.353,20.362,20.378,564700000,0.0,61.95,5.657,5.657,322500000,2875900000,728700000.0,728700000.0,0.0,,,,,24100000.0,55900000.0,1.0,255094745,255094745,,2.857,3411200000,0,123800000.0,88700000,13.372,
38,TROW,ARQ,2011-12-31,2012-02-03,2011-12-31,2021-07-29,102800000,3770300000,,,,,13.495,-32800000.0,897900000,897900000,301100000.0,188400000.0,,0.102,0,,,0,0,19100000.0,173500000,0.021,0.31,306500000.0,325600000.0,0.485,325600000.0,306500000.0,306500000.0,0.74,0.72,0.74,3420700000,,3420700000,14133698887,11.0,10.683,-24900000.0,-0.098,1.0,370500000.0,0.552,665700000,0.0,2206700000,,0,1169200000,,,349600000,,,15031598887,-103500000.0,0.0,-8600000.0,0.0,-78600000.0,-78300000.0,-33100000.0,-6200000.0,7900000.0,0.0,188400000.0,188400000.0,188400000.0,0.0,0.0,0.281,64000000.0,306500000.0,82900000,0.419,4.394,19.441,19.701,567400000,0.0,59.3,5.472,5.472,304500000,2765200000,671600000.0,671600000.0,0.0,,,,,24900000.0,55000000.0,1.0,253483961,253483961,,2.649,3104600000,0,118100000.0,30000000,12.248,
39,TROW,ARQ,2011-09-30,2011-10-25,2011-09-30,2021-07-29,95100000,3839600000,,,,,12.942,-16500000.0,1001400000,1001400000,251600000.0,185500000.0,,0.174,0,,,0,0,18600000.0,173000000,0.023,0.31,296500000.0,315100000.0,0.464,315100000.0,296500000.0,296500000.0,0.73,0.71,0.73,3269600000,,3269600000,11903449208,10.0,9.076,313500000.0,1.241,1.0,427800000.0,0.63,665700000,0.0,2172500000,,0,1153200000,,,570000000,,,12904849208,-21300000.0,0.0,-222000000.0,0.0,-78600000.0,-285800000.0,-65500000.0,-46500000.0,330000000.0,0.0,185500000.0,185500000.0,185500000.0,0.0,0.0,0.273,131300000.0,296500000.0,100100000,0.425,3.947,16.621,16.97,555100000,0.0,51.08,4.739,4.739,295800000,2655400000,679400000.0,679400000.0,0.0,,,,,27400000.0,48200000.0,1.0,252639961,252639961,,2.689,3173900000,0,111000000.0,34200000,12.563,
40,TROW,ARQ,2011-06-30,2011-07-26,2011-06-30,2021-07-29,156900000,3882400000,,,,,13.312,-21300000.0,1022700000,1022700000,248800000.0,204700000.0,,0.138,0,,,0,0,18000000.0,166900000,0.019,0.31,332200000.0,350200000.0,0.491,350200000.0,332200000.0,332200000.0,0.79,0.76,0.79,3412800000,,3412800000,14374809347,12.0,11.202,253200000.0,0.988,1.0,464900000.0,0.651,665700000,0.0,2194000000,,0,1208100000,,,469600000,,,15397509347,-42200000.0,0.0,-193700000.0,0.0,-80000000.0,-267300000.0,-49400000.0,-25400000.0,274500000.0,0.0,204700000.0,204700000.0,204700000.0,0.0,0.0,0.287,132700000.0,332200000.0,94400000,0.392,4.512,20.26,20.429,555700000,0.0,60.06,5.855,5.855,324000000,2744200000,713700000.0,713700000.0,0.0,,,,,25000000.0,49500000.0,1.0,256368787,256368787,,2.784,3216700000,0,127500000.0,29400000,12.547,
41,TROW,ARQ,2011-03-31,2011-04-21,2011-03-31,2021-07-29,154400000,3886000000,,,,,13.305,-11700000.0,1064900000,1064900000,242900000.0,194600000.0,,0.124,0,,,0,0,16700000.0,164800000,0.017,0.31,315400000.0,332100000.0,0.487,332100000.0,315400000.0,315400000.0,0.75,0.72,0.75,3455900000,,3455900000,15579899737,14.0,12.923,324300000.0,1.249,1.0,439500000.0,0.644,665700000,0.0,2155400000,,0,1173600000,,,430100000,,,16644799737,251800000.0,0.0,-4800000.0,0.0,-80700000.0,-67200000.0,-17000000.0,-4600000.0,336000000.0,0.0,194600000.0,194600000.0,194600000.0,0.0,0.0,0.285,124100000.0,315400000.0,80700000,0.413,4.816,23.319,23.217,551800000,0.0,64.08,6.676,6.676,321400000,2713300000,682400000.0,682400000.0,0.0,,,,,21400000.0,53100000.0,1.0,259750308,259750308,,2.627,3220300000,0,120800000.0,88400000,12.398,
42,TROW,ARQ,2010-12-31,2011-02-08,2010-12-31,2021-07-29,139100000,3642000000,,,,,12.728,-16600000.0,813100000,813100000,223400000.0,191600000.0,,0.105,0,,,0,0,15900000.0,160400000,0.016,0.27,298200000.0,314100000.0,0.485,314100000.0,298200000.0,298200000.0,0.74,0.72,0.74,3296500000,,3296500000,16604219802,16.0,14.655,4700000.0,0.018,1.0,424100000.0,0.655,665700000,0.0,2163200000,,0,1142300000,,,345500000,,,17417319802,2700000.0,0.0,40900000.0,0.0,-70000000.0,-6800000.0,-11800000.0,-800000.0,21300000.0,0.0,191600000.0,191600000.0,191600000.0,0.0,0.0,0.296,125900000.0,298200000.0,79400000,0.365,5.284,25.911,25.865,560300000,0.0,67.25,7.358,7.358,307900000,2599400000,647500000.0,647500000.0,0.0,,,,,23200000.0,54000000.0,1.0,258993603,258993603,,2.5,2976300000,0,106600000.0,33800000,11.492,
43,TROW,ARQ,2010-09-30,2010-10-22,2010-09-30,2021-07-29,117200000,3563300000,,,,,11.95,-33400000.0,810400000,810400000,214200000.0,169100000.0,,0.163,0,,,0,0,16000000.0,163700000,0.019,0.27,270800000.0,286800000.0,0.489,286800000.0,270800000.0,270800000.0,0.66,0.64,0.66,3064400000,,3064400000,13265341027,13.0,12.344,225900000.0,0.881,1.0,371900000.0,0.635,665700000,0.0,2087200000,,0,1104500000,,,498900000,,,14075741027,75300000.0,0.0,-78200000.0,0.0,-69100000.0,-141900000.0,-42100000.0,-8000000.0,259300000.0,0.0,169100000.0,169100000.0,169100000.0,0.0,0.0,0.289,101100000.0,270800000.0,80600000,0.409,4.593,22.233,22.404,557400000,0.0,54.89,6.222,6.222,275200000,2477600000,586100000.0,586100000.0,0.0,,,,,23200000.0,46900000.0,1.0,256435435,256435435,,2.286,2897600000,0,101700000.0,42600000,11.3,
44,TROW,ARQ,2010-06-30,2010-07-23,2010-06-30,2021-07-29,83300000,3403000000,,,,,11.544,-43000000.0,735100000,735100000,215100000.0,158500000.0,,0.15,0,,,0,0,15600000.0,162900000,0.022,0.27,257000000.0,272600000.0,0.472,272600000.0,257000000.0,257000000.0,0.61,0.59,0.61,2959300000,,2959300000,11531204626,12.0,11.341,152500000.0,0.595,1.0,362300000.0,0.627,665700000,0.0,2002200000,,0,1034500000,,,443700000,,,12266304626,-29000000.0,0.0,-117600000.0,0.0,-69800000.0,-175900000.0,-48600000.0,-2100000.0,195500000.0,0.0,158500000.0,158500000.0,158500000.0,0.0,0.0,0.275,105300000.0,257000000.0,101300000,0.443,4.145,20.55,20.714,543900000,0.0,47.85,5.641,5.641,257100000,2410800000,577400000.0,577400000.0,0.0,,,,,23000000.0,45900000.0,1.0,256349104,256349104,,2.252,2737300000,0,98500000.0,35500000,10.678,
45,TROW,ARQ,2010-03-31,2010-04-23,2010-03-31,2021-07-29,113500000,3392400000,,,,,11.585,-25000000.0,764100000,764100000,207700000.0,153000000.0,,0.128,0,,,0,0,15500000.0,160200000,0.017,0.27,244000000.0,259500000.0,0.467,259500000.0,244000000.0,244000000.0,0.59,0.57,0.59,3006900000,,3006900000,14518858275,17.0,15.735,231700000.0,0.893,1.0,348500000.0,0.627,665700000,0.0,1962600000,,0,1075800000,,,385500000,,,15282958275,20800000.0,-143600000.0,-2100000.0,0.0,-70000000.0,-61500000.0,-174400000.0,-4400000.0,256700000.0,0.0,153000000.0,153000000.0,153000000.0,0.0,0.0,0.275,104500000.0,244000000.0,77800000,0.458,5.083,28.386,28.172,518900000,0.0,58.88,7.495,7.495,259000000,2323100000,556200000.0,556200000.0,0.0,,,,,20100000.0,49200000.0,1.0,259561112,259561112,,2.143,2726700000,0,91000000.0,64600000,10.505,
46,TROW,ARQ,2009-12-31,2010-02-05,2009-12-31,2021-07-29,101900000,3210300000,,,,,11.128,-30900000.0,743300000,743300000,202000000.0,152500000.0,,0.114,0,,,0,0,15700000.0,161300000,0.02,0.25,240000000.0,255700000.0,0.471,255700000.0,240000000.0,240000000.0,0.59,0.58,0.59,2882200000,,2882200000,11913694850,17.0,15.788,38100000.0,0.147,1.0,340600000.0,0.628,665700000,0.0,1801300000,,0,905800000,,,328100000,,,12656994850,4000000.0,0.0,15200000.0,0.0,-64600000.0,-40400000.0,-24600000.0,1400000.0,69000000.0,0.0,152500000.0,152500000.0,152500000.0,0.0,0.0,0.281,100600000.0,240000000.0,79900000,0.424,4.391,29.19,28.917,512800000,0.0,48.87,6.778,6.778,246200000,2240100000,542600000.0,542600000.0,0.0,,,,,21100000.0,50400000.0,1.0,258993142,258993142,,2.095,2544600000,0,87500000.0,33600000,9.825,
47,TROW,ARQ,2009-09-30,2009-10-23,2009-09-30,2021-07-29,95800000,3161000000,,,,,10.64,-37700000.0,739300000,739300000,196300000.0,132900000.0,,0.154,0,,,0,0,16500000.0,164100000,0.018,0.25,212500000.0,229000000.0,0.46,229000000.0,212500000.0,212500000.0,0.52,0.5,0.52,2739700000,,2739700000,13235333486,27.0,23.817,159100000.0,0.618,1.0,301800000.0,0.606,665700000,0.0,1756000000,,0,896000000,,,421300000,,,13974633486,71900000.0,0.0,10300000.0,0.0,-64300000.0,-47300000.0,-77600000.0,-37300000.0,196800000.0,0.0,132900000.0,132900000.0,132900000.0,0.0,0.0,0.267,89300000.0,212500000.0,78500000,0.481,5.101,45.758,45.225,501900000,0.0,54.27,8.028,8.028,223100000,2152000000,498100000.0,498100000.0,0.0,,,,,24000000.0,39000000.0,1.0,257501999,257501999,,1.934,2495300000,0,79600000.0,19800000,9.69,
48,TROW,ARQ,2009-06-30,2009-07-24,2009-06-30,2021-07-29,50300000,2956400000,,,,,10.074,-34500000.0,667400000,667400000,199700000.0,100000000.0,,0.146,0,,,0,0,16700000.0,168800000,0.022,0.25,161800000.0,178500000.0,0.404,178500000.0,161800000.0,161800000.0,0.39,0.38,0.39,2580100000,,2580100000,10973387396,21.0,18.704,95900000.0,0.374,1.0,242500000.0,0.548,665700000,0.0,1623300000,,0,783100000,,,376300000,,,11640787396,45600000.0,0.0,-5600000.0,0.0,-64100000.0,-67600000.0,-17200000.0,20600000.0,130400000.0,0.0,100000000.0,100000000.0,100000000.0,0.0,0.0,0.226,80700000.0,161800000.0,81100000,0.641,4.512,35.785,35.787,474300000,0.0,45.45,6.476,6.476,198000000,2083600000,442200000.0,442200000.0,0.0,,,,,23400000.0,38100000.0,1.0,256122935,256122935,,1.727,2290700000,0,61800000.0,20600000,8.944,
49,TROW,ARQ,2009-03-31,2009-04-22,2009-03-31,2021-07-29,-2500000,2792500000,,,,,9.634,-30800000.0,621800000,621800000,175400000.0,48200000.0,,0.135,0,,,0,0,16800000.0,175500000,0.027,0.25,74600000.0,91400000.0,0.238,91400000.0,74600000.0,74600000.0,0.19,0.19,0.19,2460600000,,2460600000,8708251374,14.0,12.615,108600000.0,0.425,1.0,209100000.0,0.544,665700000,0.0,1505000000,,0,716200000,,,331900000,,,9330051374,2700000.0,0.0,-43200000.0,0.0,-63900000.0,-89400000.0,-47300000.0,-17500000.0,139400000.0,0.0,48200000.0,48200000.0,48200000.0,0.0,0.0,0.125,134500000.0,74600000.0,83800000,1.316,3.792,24.078,24.347,454500000,0.0,36.52,4.805,4.804,167500000,2047700000,384500000.0,384500000.0,0.0,,,,,20600000.0,48100000.0,1.0,255477858,255400000,259000000.0,1.505,2126800000,0,26400000.0,22500000,8.327,
50,TROW,ARQ,2008-12-31,2009-02-06,2008-12-31,2021-07-29,-13100000,2819400000,,,,,9.721,-47600000.0,619100000,619100000,179300000.0,24300000.0,,0.133,0,,,0,0,15900000.0,157800000,0.033,0.24,40900000.0,56800000.0,0.137,56800000.0,40900000.0,40900000.0,0.1,0.11,0.1,2488800000,,2488800000,6759751751,8.0,7.874,-42200000.0,-0.165,1.0,236600000.0,0.569,665700000,0.0,1534600000,,0,721400000,,,330600000,,,7378851751,-233600000.0,0.0,-138700000.0,0.0,-61900000.0,-170400000.0,-68600000.0,28800000.0,5400000.0,0.0,24300000.0,24300000.0,24300000.0,0.0,0.0,0.058,143400000.0,93200000.0,86800000,2.4,2.965,15.034,15.249,440100000,0.0,28.82,3.487,3.487,177300000,2086800000,415900000.0,415900000.0,0.0,,,,,22900000.0,56800000.0,1.0,256032330,256032330,,1.624,2153700000,0,16600000.0,25300000,8.412,
51,TROW,ARQ,2008-09-30,2008-10-24,2008-09-30,2021-07-29,-900000,3122500000,,,,,10.269,-43000000.0,852700000,852700000,210900000.0,152800000.0,,0.175,0,,,0,0,15500000.0,127600000,0.031,0.24,244500000.0,260000000.0,0.469,260000000.0,244500000.0,244500000.0,0.59,0.56,0.59,2656500000,,2656500000,7279019823,7.0,6.516,240200000.0,0.928,1.0,343900000.0,0.62,668300000,0.0,1601500000,,0,817900000,,,466000000,,,8131719823,171500000.0,0.0,-50900000.0,0.0,-62200000.0,-98500000.0,-13200000.0,-1300000.0,283200000.0,0.0,152800000.0,152800000.0,152800000.0,0.0,0.0,0.275,99400000.0,244500000.0,95600000,0.407,3.061,12.373,12.538,415000000,0.0,31.47,3.538,3.542,234500000,2245700000,554800000.0,554800000.0,0.0,,,,,23300000.0,42400000.0,1.0,258395927,258700000,270800000.0,2.145,2454200000,0,91700000.0,18900000,9.487,
52,TROW,ARQ,2008-06-30,2008-07-25,2008-06-30,2021-07-29,64500000,3049800000,,,,,10.216,-23600000.0,681200000,681200000,218000000.0,162200000.0,,0.15,0,,,0,0,15700000.0,113000000,0.016,0.24,266400000.0,282100000.0,0.481,282100000.0,266400000.0,266400000.0,0.62,0.6,0.62,2652200000,,2652200000,13968936068,13.0,12.136,171000000.0,0.659,1.0,368500000.0,0.628,668500000,0.0,1700100000,,0,946000000,,,397600000,,,14650136068,71000000.0,0.0,-47600000.0,0.0,-62300000.0,-114500000.0,-9100000.0,-6300000.0,194600000.0,0.0,162200000.0,162200000.0,162200000.0,0.0,0.0,0.277,102100000.0,266400000.0,93200000,0.387,5.524,21.57,21.946,382700000,0.0,56.62,6.33,6.351,262100000,2203900000,586500000.0,586500000.0,0.0,,,,,20900000.0,45100000.0,1.0,258744897,259600000,272400000.0,2.259,2381300000,0,104200000.0,33900000,9.173,
53,TROW,ARQ,2008-03-31,2008-04-24,2008-03-31,2021-07-29,64000000,2949400000,,,,,9.852,-29900000.0,610200000,610200000,207400000.0,151500000.0,,0.144,0,,,0,0,15200000.0,117600000,0.014,0.24,244400000.0,259600000.0,0.464,259600000.0,244400000.0,244400000.0,0.58,0.55,0.58,2578300000,,2578300000,15034107157,14.0,13.12,228700000.0,0.874,1.0,351700000.0,0.629,668600000,0.0,1670600000,,0,959300000,,,371100000,,,15644307157,-174900000.0,0.0,-276600000.0,0.0,-126100000.0,-399400000.0,-34100000.0,-2200000.0,258600000.0,0.0,151500000.0,151500000.0,151500000.0,0.0,0.0,0.271,107300000.0,244400000.0,98700000,0.414,6.068,23.033,23.44,371200000,0.0,60.24,6.865,6.917,259100000,2157600000,559100000.0,559100000.0,0.0,,,,,18400000.0,61600000.0,1.0,259699654,261700000,273500000.0,2.136,2280800000,0,92900000.0,68100000,8.715,
54,TROW,ARQ,2007-12-31,2008-02-07,2007-12-31,2021-07-29,95000000,3177300000,,,,,10.529,-42800000.0,785100000,785100000,207200000.0,190700000.0,,0.144,0,,,0,0,13800000.0,114300000,0.015,0.24,301600000.0,315400000.0,0.528,315400000.0,301600000.0,301600000.0,0.72,0.68,0.72,2777100000,,2777100000,12608406423,12.0,11.15,28000000.0,0.106,1.0,390600000.0,0.653,668800000,0.0,1723400000,,0,1002200000,,,400200000,,,13393506423,-62600000.0,0.0,-23700000.0,0.0,-44900000.0,-63200000.0,-70200000.0,-17000000.0,70800000.0,0.0,190700000.0,190700000.0,190700000.0,0.0,0.0,0.319,128000000.0,262600000.0,99500000,0.333,4.823,19.972,20.071,358300000,0.0,50.78,6.011,6.011,265300000,2333400000,597800000.0,597800000.0,0.0,,,,,22900000.0,59000000.0,1.0,263755542,263755542,,2.266,2508500000,0,110900000.0,41700000,9.511,
55,TROW,ARQ,2007-09-30,2007-10-23,2007-09-30,2021-07-29,110600000,3148200000,,,,,10.123,-44000000.0,847700000,847700000,208800000.0,174800000.0,,0.177,0,,,0,0,12200000.0,108900000,0.012,0.17,281700000.0,293900000.0,0.515,293900000.0,281700000.0,281700000.0,0.66,0.63,0.66,2674500000,,2674500000,14660207688,14.0,13.737,221400000.0,0.838,1.0,362200000.0,0.634,668900000,0.0,1631600000,,0,1000700000,,,473700000,,,15507907688,-47500000.0,0.0,-136200000.0,0.0,-45100000.0,-180400000.0,-132500000.0,-101100000.0,265400000.0,0.0,174800000.0,174800000.0,174800000.0,0.0,0.0,0.306,98400000.0,263800000.0,85600000,0.258,5.798,24.659,24.676,331400000,0.0,58.73,7.317,7.321,253000000,2248400000,571000000.0,571000000.0,0.0,,,,,20700000.0,43200000.0,1.0,264054277,264200000,278200000.0,2.161,2479300000,0,106900000.0,19900000,9.384,
56,TROW,ARQ,2007-06-30,2007-07-25,2007-06-30,2021-07-29,97100000,3076500000,,,,,9.941,-31900000.0,895200000,895200000,197000000.0,162200000.0,,0.166,0,,,0,0,14200000.0,108000000,0.013,0.17,262800000.0,277000000.0,0.503,277000000.0,262800000.0,262800000.0,0.61,0.58,0.61,2638300000,,2638300000,12822695066,14.0,12.795,148200000.0,0.558,1.0,354100000.0,0.643,669100000,0.0,1512200000,,0,898300000,,,438200000,,,13717895066,-15900000.0,0.0,-64200000.0,0.0,-45200000.0,-114800000.0,-81200000.0,-52200000.0,180100000.0,0.0,162200000.0,162200000.0,162200000.0,0.0,0.0,0.294,103000000.0,251100000.0,98900000,0.279,5.2,23.558,23.412,298600000,0.0,51.74,6.862,6.869,248800000,2250800000,551100000.0,551100000.0,0.0,,,,,19400000.0,44600000.0,1.0,265131331,265400000,280000000.0,2.076,2407400000,0,100600000.0,42200000,9.071,
57,TROW,ARQ,2007-03-31,2007-04-25,2007-03-31,2021-07-29,75500000,2957400000,,,,,9.604,-26900000.0,911100000,911100000,184200000.0,142900000.0,,0.16,0,,,0,0,13800000.0,113400000,0.012,0.17,230700000.0,244500000.0,0.481,244500000.0,230700000.0,230700000.0,0.54,0.51,0.54,2548800000,,2548800000,12515979475,14.0,13.137,214800000.0,0.809,1.0,324200000.0,0.638,669300000,0.0,1377000000,,0,805000000,,,408600000,,,13427079475,138100000.0,0.0,3600000.0,0.0,-45100000.0,-42800000.0,-60800000.0,-29500000.0,241700000.0,0.0,142900000.0,142900000.0,142900000.0,0.0,0.0,0.281,105300000.0,218900000.0,84800000,0.315,5.268,24.158,23.957,278600000,0.0,50.55,7.089,7.083,223200000,2154800000,508400000.0,508400000.0,0.0,,,,,16800000.0,53200000.0,1.0,265619772,265400000,279800000.0,1.916,2288100000,0,87800000.0,93600000,8.621,
58,TROW,ARQ,2006-12-31,2007-02-08,2006-12-31,2021-07-29,69300000,2765300000,,,,,9.148,-25293000.0,773000000,773000000,163931000.0,149005000.0,,0.139,0,,,0,0,13531000.0,114700000,0.012,0.17,238302000.0,251833000.0,0.515,251833000.0,238302000.0,238282000.0,0.57,0.53,0.57,2426900000,,2426900000,12502934558,15.0,13.808,43590000.0,0.164,1.0,325125000.0,0.665,669400000,20000.0,1322900000,,0,762400000,,,338400000,,,13275934558,-103219000.0,0.0,27608000.0,0.0,-36833000.0,-5670000.0,-166432000.0,-144494000.0,68883000.0,0.0,149005000.0,149005000.0,149005000.0,0.0,0.0,0.305,110187000.0,214938000.0,77200000,0.298,5.47,25.068,24.896,264900000,0.0,50.04,7.315,7.315,223500000,2057100000,489056000.0,489056000.0,0.0,,,,,15887000.0,52585000.0,1.0,265306446,265306446,,1.843,2095900000,0,89277000.0,33900000,7.9,
59,TROW,ARQ,2006-09-30,2006-10-25,2006-09-30,2021-07-29,56802000,2655707000,,,,,8.639,-24078000.0,876208000,876208000,168750000.0,128190000.0,,0.172,0,,,0,0,11293000.0,111174000,0.012,0.14,217526000.0,228819000.0,0.508,228819000.0,217526000.0,217526000.0,0.49,0.46,0.49,2266487000,,2266487000,11311724038,14.0,13.309,144167000.0,0.55,1.0,281878000.0,0.626,668980000,0.0,1110519000,,0,526944000,,,389220000,,,12187932038,61763000.0,0.0,-18553000.0,0.0,-36833000.0,-51597000.0,-54885000.0,-30302000.0,168245000.0,0.0,128190000.0,128190000.0,128190000.0,0.0,0.0,0.284,81359000.0,200519000.0,74093000,0.286,5.377,24.467,24.46,250969000,0.0,46.23,7.05,7.015,196863000,1953093000,450628000.0,450628000.0,0.0,,,,,15567000.0,38307000.0,1.0,263636860,262343000,277630000.0,1.718,1986727000,0,89336000.0,0,7.573,
60,TROW,ARQ,2006-06-30,2006-07-27,2006-06-30,2021-07-29,52474000,2498226000,,,,,8.105,-23380000.0,814445000,814445000,165722000.0,135711000.0,,0.164,0,,,0,0,10962000.0,107385000,0.014,0.14,216595000.0,227557000.0,0.51,227557000.0,216595000.0,216410000.0,0.51,0.49,0.51,2145878000,,2145878000,9398823493,12.0,11.515,151523000.0,0.572,1.0,280273000.0,0.628,669122000,185000.0,1014659000,,0,504420000,,,352348000,,,10213268493,-118846000.0,0.0,-108516000.0,0.0,-37064000.0,-143624000.0,-150125000.0,-123895000.0,174903000.0,0.0,135711000.0,135711000.0,135711000.0,0.0,0.0,0.304,87354000.0,192919000.0,97136000,0.275,4.759,21.003,21.154,238843000,0.0,39.03,6.127,6.2,182944000,1861782000,445995000.0,445995000.0,0.0,,,,,14711000.0,41347000.0,1.0,261677389,264767000,279684000.0,1.684,1829104000,0,80699000.0,0,6.908,
61,TROW,ARQ,2006-03-31,2006-04-26,2006-03-31,2021-07-29,55824000,2494324000,,,,,8.224,-21649000.0,933291000,933291000,159997000.0,116694000.0,,0.149,0,,,0,0,11114000.0,105429000,0.012,0.14,186177000.0,197291000.0,0.46,197291000.0,186177000.0,186082000.0,0.44,0.42,0.44,2171408000,,2171408000,10487513392,15.0,13.795,159520000.0,0.604,1.0,269324000.0,0.627,665692000,95000.0,895341000,,0,417309000,,,322916000,,,11420804392,129702000.0,0.0,33561000.0,0.0,-36870000.0,-1709000.0,-49758000.0,-28109000.0,181169000.0,0.0,116694000.0,116694000.0,116694000.0,0.0,0.0,0.272,90800000.0,178524000.0,65630000,0.318,5.26,25.193,24.858,226170000,0.0,43.005,7.208,7.166,189084000,1762903000,429321000.0,429321000.0,0.0,,,,,14835000.0,47561000.0,1.0,265569222,264030000,277962000.0,1.626,1828632000,0,69388000.0,50992000,6.926,
62,TROW,ARQ,2005-12-31,2006-02-16,2005-12-31,2021-07-29,48544000,2310546000,,,,,7.71,-13419000.0,803589000,803589000,133098000.0,117548000.0,,0.135,0,,,0,0,11203000.0,103829000,0.013,0.14,185077000.0,196280000.0,0.487,196280000.0,185077000.0,184982000.0,0.45,0.425,0.45,2036102000,,2036102000,9277623237,14.0,12.849,50103000.0,0.19,1.0,269746000.0,0.67,665692000,95000.0,841265000,,0,379075000,,,274444000,,,10081212237,31215000.0,0.0,19135000.0,0.0,-29957000.0,-7440000.0,-24867000.0,-11448000.0,63522000.0,0.0,117548000.0,117548000.0,117548000.0,0.0,0.0,0.292,97372000.0,172374000.0,62539000,0.311,4.951,23.394,23.066,214790000,0.0,38.175,6.667,6.667,175030000,1683273000,402844000.0,402844000.0,0.0,,,,,3164000.0,47736000.0,1.0,264078906,264078906,,1.525,1644854000,0,67434000.0,15651000,6.229,
63,TROW,ARQ,2005-09-30,2005-10-26,2005-09-30,2021-07-29,48252000,2237600000,,,,,7.348,-13689000.0,772374000,772374000,132011000.0,116335000.0,,0.171,0,,,0,0,10795000.0,100447000,0.014,0.115,184316000.0,195111000.0,0.502,195111000.0,184316000.0,184221000.0,0.445,0.425,0.445,1910656000,,1910656000,7700291763,12.0,11.24,171518000.0,0.66,1.0,256692000.0,0.66,665692000,95000.0,799534000,,0,368158000,,,326944000,,,8472665763,148340000.0,0.0,5451000.0,0.0,-29825000.0,-23069000.0,-13798000.0,-109000.0,185207000.0,0.0,116335000.0,116335000.0,116335000.0,0.0,0.0,0.299,76840000.0,179852000.0,48709000,0.258,4.434,20.639,20.516,210791000,0.0,32.415,5.824,5.793,167481000,1602595000,388703000.0,388703000.0,0.0,,,,,0.0,34040000.0,1.0,261381020,260012000,272864000.0,1.495,1571908000,0,67886000.0,16866000,6.046,
64,TROW,ARQ,2005-06-30,2005-07-27,2005-06-30,2021-07-29,41361000,2068276000,,,,,6.937,-10956000.0,624034000,624034000,130123000.0,102749000.0,,0.148,0,,,0,0,10502000.0,99142000,0.013,0.115,161043000.0,171545000.0,0.472,171545000.0,161043000.0,160947000.0,0.395,0.38,0.395,1801130000,,1801130000,7968671396,13.0,12.599,130316000.0,0.502,1.0,233423000.0,0.642,665692000,96000.0,778550000,,0,357133000,,,267146000,,,8592705396,41543000.0,0.0,-33962000.0,0.0,-29952000.0,-67436000.0,-32293000.0,-21337000.0,141272000.0,0.0,102749000.0,102749000.0,102749000.0,0.0,0.0,0.283,77902000.0,155521000.0,41236000,0.291,4.771,22.81,22.675,208283000,0.0,33.105,6.216,6.218,164594000,1516217000,363546000.0,363546000.0,0.0,,,,,0.0,36989000.0,1.0,259559142,259630000,271430000.0,1.4,1402584000,0,58198000.0,7097000,5.402,
65,TROW,ARQ,2005-03-31,2005-04-26,2005-03-31,2021-07-29,38268000,2003706000,,,,,6.734,-13738000.0,582491000,582491000,127142000.0,94297000.0,,0.142,0,,,0,0,9772000.0,102664000,0.015,0.115,149336000.0,159108000.0,0.446,159108000.0,149336000.0,149241000.0,0.36,0.345,0.36,1754325000,,1754325000,6705461991,12.0,11.18,135743000.0,0.521,1.0,229929000.0,0.644,665692000,95000.0,755523000,,0,330818000,,,249381000,,,7287952991,82741000.0,0.0,-18504000.0,0.0,-29800000.0,-46067000.0,-20673000.0,-6935000.0,149481000.0,0.0,94297000.0,94297000.0,94297000.0,0.0,0.0,0.264,82648000.0,147281000.0,47406000,0.319,4.154,20.575,20.279,207677000,0.0,27.985,5.486,5.488,165278000,1443293000,357071000.0,357071000.0,0.0,,,,,0.0,41790000.0,1.0,260423548,260532000,273484000.0,1.371,1338014000,0,54944000.0,16501000,5.136,
66,TROW,ARQ,2004-12-31,2005-03-01,2004-12-31,2021-07-29,41666000,1928825000,,,,,6.514,-8191000.0,499750000,499750000,117086000.0,97132000.0,,0.136,0,,,0,0,9964000.0,100427000,0.013,0.115,149375000.0,159339000.0,0.461,159339000.0,149375000.0,149276000.0,0.38,0.355,0.38,1697300000,,1697300000,7657260553,14.0,13.322,22491000.0,0.086,1.0,228412000.0,0.661,665692000,99000.0,763383000,,0,329234000,,,231525000,,,8157010553,9689000.0,0.0,29942000.0,0.0,-24271000.0,9240000.0,-30233000.0,-22042000.0,30682000.0,0.0,97132000.0,97132000.0,97132000.0,0.0,0.0,0.281,84922000.0,143490000.0,54172000,0.303,4.806,24.186,23.626,203807000,0.0,31.305,6.387,6.387,158342000,1378948000,345498000.0,345498000.0,0.0,,,,,0.0,41409000.0,1.0,260565742,260565742,,1.326,1263133000,0,52144000.0,9327000,4.848,
67,TROW,ARQ,2004-09-30,2004-10-26,2004-09-30,2021-07-29,31553000,1843342000,,,,,6.146,-13289000.0,490061000,490061000,117955000.0,82525000.0,,0.177,0,,,0,0,10083000.0,96858000,0.015,0.095,132433000.0,142516000.0,0.451,142516000.0,132433000.0,132340000.0,0.325,0.31,0.325,1566470000,,1566470000,6223566669,13.0,11.578,119457000.0,0.469,1.0,198273000.0,0.627,665692000,93000.0,687589000,,0,289931000,,,276872000,,,6713627669,94819000.0,0.0,-1489000.0,0.0,-24172000.0,-19963000.0,-17964000.0,-4675000.0,132746000.0,0.0,82525000.0,82525000.0,82525000.0,0.0,0.0,0.261,67359000.0,130914000.0,46644000,0.292,4.286,21.743,21.471,205682000,0.0,26.195,5.536,5.505,140361000,1311616000,316228000.0,316228000.0,0.0,,,,,0.0,29920000.0,1.0,256294242,254858000,266610000.0,1.241,1177650000,0,49815000.0,0,4.621,
68,TROW,ARQ,2004-06-30,2004-07-28,2004-06-30,2021-07-29,30381000,1728136000,,,,,5.899,-12875000.0,395242000,395242000,113084000.0,80264000.0,,0.154,0,,,0,0,9843000.0,91160000,0.016,0.095,128953000.0,138796000.0,0.448,138796000.0,128953000.0,128485000.0,0.315,0.3,0.315,1498062000,,1498062000,5552745459,12.0,10.836,107254000.0,0.422,1.0,196588000.0,0.635,665692000,468000.0,667202000,,0,283530000,,,230074000,,,5947987459,88323000.0,0.0,18009000.0,0.0,-23997000.0,-10906000.0,-20900000.0,-8025000.0,120129000.0,0.0,80264000.0,80264000.0,80264000.0,0.0,0.0,0.259,68574000.0,128014000.0,42276000,0.302,3.97,20.332,20.147,202475000,0.0,23.37,5.151,5.14,135960000,1253347000,309672000.0,309672000.0,0.0,,,,,0.0,32642000.0,1.0,254513798,253952000,267026000.0,1.219,1062444000,0,48221000.0,0,4.184,
69,TROW,ARQ,2004-03-31,2004-04-28,2004-03-31,2021-07-29,32240000,1634023000,,,,,5.63,-8714000.0,306919000,306919000,109780000.0,77339000.0,,0.151,0,,,0,0,10128000.0,96078000,0.014,0.095,124014000.0,134142000.0,0.439,134142000.0,124014000.0,123682000.0,0.305,0.29,0.305,1419952000,,1419952000,6278362433,15.0,13.302,82009000.0,0.325,1.0,195871000.0,0.641,665692000,332000.0,661412000,,0,277316000,,,214071000,,,6585281433,70386000.0,0.0,10353000.0,0.0,-23724000.0,-13569000.0,-6768000.0,1946000.0,90723000.0,0.0,77339000.0,77339000.0,77339000.0,0.0,0.0,0.253,73010000.0,122861000.0,46254000,0.311,4.638,24.752,24.404,199423000,0.0,25.99,6.083,6.055,132905000,1197255000,305651000.0,305651000.0,0.0,,,,,0.0,36717000.0,1.0,253377508,252192000,267554000.0,1.212,968331000,0,46343000.0,0,3.84,
70,TROW,ARQ,2003-12-31,2004-03-01,2003-12-31,2021-07-29,28755000,1546577000,,,,,5.28,-10111000.0,236533000,236533000,99025000.0,68647000.0,,0.164,0,,,0,0,10446000.0,96276000,0.013,0.095,111634000.0,122080000.0,0.434,122080000.0,111634000.0,111247000.0,0.275,0.26,0.275,1329080000,,1329080000,6484319925,18.0,15.719,50821000.0,0.202,1.0,182094000.0,0.648,665692000,387000.0,644352000,,0,273245000,,,217497000,,,6720852925,10027000.0,0.0,6636000.0,-13168000.0,-21151000.0,-26464000.0,-24441000.0,-14330000.0,60932000.0,0.0,68647000.0,68647000.0,68647000.0,0.0,0.0,0.244,71844000.0,110250000.0,47699000,0.345,5.057,29.544,29.022,201094000,0.0,26.7,6.751,6.751,121295000,1143913000,281119000.0,281119000.0,0.0,,,,,0.0,36130000.0,1.0,251717338,251717338,,1.117,880885000,0,42600000.0,12890000,3.5,
71,TROW,ARQ,2003-09-30,2003-10-29,2003-09-30,2021-07-29,20403000,1512439000,,,,,5.101,-8087000.0,226506000,226506000,97441000.0,66291000.0,,0.195,12996000,,,12996000,0,11287000.0,95057000,0.016,0.085,106118000.0,117405000.0,0.455,117405000.0,106118000.0,105786000.0,0.265,0.255,0.265,1265135000,,1265135000,4971527034,15.0,13.362,97721000.0,0.394,1.0,160827000.0,0.623,665692000,332000.0,633237000,,0,243895000,,,247304000,,,5185037034,82363000.0,0.0,11424000.0,-5000000.0,-20912000.0,-8048000.0,-15397000.0,-7310000.0,105808000.0,0.0,66291000.0,66291000.0,66291000.0,0.0,0.0,0.257,55297000.0,105530000.0,35173000,0.321,4.098,25.292,24.934,202057000,0.0,20.82,5.52,5.497,114648000,1098991000,258268000.0,258268000.0,0.0,,,,,0.0,25170000.0,1.0,249041164,248026000,260144000.0,1.041,846747000,0,39495000.0,0,3.414,
72,TROW,ARQ,2003-06-30,2003-07-29,2003-06-30,2021-07-29,18104000,1412390000,,,,,4.862,-8257000.0,144143000,144143000,94343000.0,53776000.0,,0.186,17119000,,,17119000,0,11705000.0,88617000,0.017,0.085,86664000.0,98369000.0,0.414,98369000.0,86664000.0,86184000.0,0.22,0.21,0.22,1191284000,,1191284000,4761289493,16.0,14.044,43572000.0,0.178,1.0,143119000.0,0.603,665692000,480000.0,619674000,,0,232352000,,,221106000,,,4888313493,11271000.0,0.0,7749000.0,-27531000.0,-20764000.0,-38160000.0,-2398000.0,5859000.0,51829000.0,0.0,53776000.0,53776000.0,53776000.0,0.0,0.0,0.226,58303000.0,84816000.0,38295000,0.386,4.103,26.87,26.564,205294000,0.0,19.79,5.423,5.379,106818000,1053851000,237462000.0,237462000.0,0.0,,,,,0.0,27377000.0,1.0,247009272,245014000,253688000.0,0.969,746698000,0,32408000.0,0,3.048,
73,TROW,ARQ,2003-03-31,2003-05-02,2003-03-31,2021-07-29,8942000,1383880000,,,,,4.63,-5287000.0,132872000,132872000,92147000.0,38774000.0,,0.22,44965000,,,44965000,0,11851000.0,86231000,0.021,0.085,62799000.0,74650000.0,0.341,74650000.0,62799000.0,62299000.0,0.16,0.155,0.16,1133910000,,1133910000,3674985206,13.0,10.859,73099000.0,0.299,1.0,126571000.0,0.579,665692000,500000.0,630281000,,0,220626000,,,249970000,,,3762892206,21454000.0,0.0,-18603000.0,-11000000.0,-20845000.0,-45509000.0,-11423000.0,-6136000.0,78386000.0,0.0,38774000.0,38774000.0,38774000.0,0.0,0.0,0.177,62127000.0,64444000.0,65258000,0.531,3.319,20.904,20.966,208735000,0.0,15.41,4.181,4.193,96211000,1020988000,218718000.0,218718000.0,0.0,,,,,0.0,32866000.0,1.0,244185088,244884000,251038000.0,0.893,718188000,0,23525000.0,0,2.933,
74,TROW,ARQ,2002-12-31,2003-03-06,2002-12-31,2021-07-29,8641000,1370433000,,,,,4.635,-6528000.0,111418000,111418000,83886000.0,46166000.0,,0.209,55899000,,,55899000,0,12124000.0,81292000,0.026,0.085,69503000.0,81627000.0,0.363,81627000.0,69503000.0,70476000.0,0.19,0.185,0.19,1133840000,,1133840000,3036284256,10.0,8.369,6800000.0,0.028,1.0,141048000.0,0.627,665692000,-973000.0,649222000,,0,216080000,,,236593000,,,3091803256,-11998000.0,0.0,-409000.0,-1000000.0,-19572000.0,-15036000.0,-10290000.0,-3762000.0,13328000.0,0.0,46166000.0,46166000.0,46166000.0,0.0,0.0,0.205,63272000.0,77776000.0,43902000,0.447,2.727,15.916,16.0,215590000,0.0,12.64,3.348,3.348,96787000,1019925000,224934000.0,224934000.0,0.0,,,,,0.0,-6554000.0,1.0,244604688,244604688,,0.92,704741000,0,24310000.0,0,2.881,
75,TROW,ARQ,2002-09-30,2002-10-31,2002-09-30,2021-07-29,3133000,1375938000,,,,,4.495,-7008000.0,123416000,123416000,88621000.0,43210000.0,,0.251,56561000,,,56561000,0,12712000.0,75347000,0.023,0.08,71667000.0,84379000.0,0.383,84379000.0,71667000.0,70330000.0,0.175,0.17,0.175,1100308000,,1100308000,3390353050,11.0,8.945,62469000.0,0.255,1.0,131675000.0,0.598,665692000,1337000.0,643391000,,0,204571000,,,275630000,,,3457208050,25840000.0,0.0,-12738000.0,-2000000.0,-19596000.0,-24865000.0,-18772000.0,-11764000.0,69477000.0,0.0,43210000.0,43210000.0,43210000.0,0.0,0.0,0.196,60008000.0,71667000.0,38254000,0.457,3.142,17.904,18.109,221093000,0.0,14.125,3.679,3.679,97861000,996253000,220296000.0,220296000.0,0.0,,,,,0.0,38592000.0,1.0,244758092,244792000,252102000.0,0.9,710246000,0,27120000.0,0,2.901,
76,TROW,ARQ,2002-06-30,2002-07-24,2002-06-30,2021-07-29,9157000,1356401000,,,,,4.441,-7010000.0,97576000,97576000,90713000.0,51854000.0,,0.24,58780000,,,58780000,0,12991000.0,65878000,0.025,0.08,84777000.0,97768000.0,0.414,97768000.0,84777000.0,83592000.0,0.21,0.2,0.21,1093676000,,1093676000,3022503925,9.0,7.508,91691000.0,0.372,1.0,145410000.0,0.616,665692000,1185000.0,651913000,,0,204179000,,,262725000,,,3061299925,-15870000.0,0.0,-73044000.0,-13000000.0,-19849000.0,-69385000.0,-45186000.0,-38176000.0,98701000.0,0.0,51854000.0,51854000.0,51854000.0,0.0,0.0,0.22,60633000.0,84777000.0,46688000,0.381,2.799,15.285,15.432,226936000,0.0,12.5,3.178,3.196,106027000,984482000,236123000.0,236123000.0,0.0,,,,,0.0,42383000.0,1.0,244903994,246272000,257360000.0,0.959,690709000,0,31738000.0,7619000,2.805,
77,TROW,ARQ,2002-03-31,2002-04-23,2002-03-31,2021-07-29,12747000,1361216000,,,,,4.589,-5501000.0,113446000,113446000,94366000.0,53024000.0,,0.201,70431000,,,70431000,0,12751000.0,29370000,0.017,0.08,86291000.0,99042000.0,0.409,99042000.0,86291000.0,85206000.0,0.215,0.205,0.215,1133754000,,1133754000,4361750964,13.0,10.484,82291000.0,0.333,1.0,147783000.0,0.61,665692000,1085000.0,652509000,,0,170565000,,,227462000,,,4404765964,33705000.0,0.0,15738000.0,-33366000.0,-19684000.0,-33364000.0,-20723000.0,-15222000.0,87792000.0,0.0,53024000.0,53024000.0,53024000.0,0.0,0.0,0.219,61492000.0,86291000.0,39432000,0.372,3.885,22.07,21.975,233328000,0.0,17.8,4.453,4.446,113306000,1006647000,242149000.0,242149000.0,0.0,,,,,0.0,45423000.0,1.0,247458762,247062000,260376000.0,0.98,695524000,0,32182000.0,25797000,2.815,
78,TROW,ARQ,2001-12-31,2002-03-14,2001-12-31,2021-07-29,11770000,1313115000,,,,,4.359,-4227000.0,79741000,79741000,92867000.0,45006000.0,,0.218,103889000,,,103889000,0,20358000.0,25422000,0.015,0.08,77483000.0,97841000.0,0.406,97841000.0,77483000.0,76047000.0,0.18,0.175,0.18,1077825000,,1077825000,5068667670,15.0,11.951,-26201000.0,-0.106,1.0,148399000.0,0.615,665692000,1436000.0,671571000,,0,154208000,,,235290000,,,5044519670,-101385000.0,0.0,-22370000.0,-35000000.0,-18549000.0,-73340000.0,-6071000.0,-1844000.0,-21974000.0,0.0,45006000.0,45006000.0,45006000.0,0.0,0.0,0.187,70916000.0,77483000.0,37440000,0.444,4.68,25.755,25.66,241825000,0.0,20.4,4.91,4.91,104001000,973472000,241266000.0,241266000.0,0.0,,,,,0.0,45669000.0,1.0,247280376,247280376,,0.976,647423000,0,31041000.0,5342000,2.618,
79,TROW,ARQ,2001-09-30,2001-10-23,2001-09-30,2021-07-29,6753000,1422294000,,,,,4.328,-4590000.0,181126000,181126000,91219000.0,50398000.0,,0.333,140477000,,,140477000,0,20220000.0,22843000,0.021,0.075,87694000.0,107914000.0,0.443,107914000.0,87694000.0,85256000.0,0.205,0.195,0.205,1067221000,,1067221000,3512462397,,,128947000.0,0.523,1.0,152399000.0,0.626,672922000,2438000.0,708723000,,0,191238000,,,355073000,,,3553111397,55589000.0,0.0,4228000.0,-75000000.0,-18471000.0,-85858000.0,7910000.0,12500000.0,133537000.0,0.0,50398000.0,50398000.0,50398000.0,0.0,0.0,0.207,64705000.0,87694000.0,41623000,0.366,3.329,,,249685000,0.0,14.39,,,103718000,948164000,243618000.0,243618000.0,0.0,,,,,0.0,38267000.0,1.0,246915316,246566000,258568000.0,0.988,749372000,0,34858000.0,44411000,3.039,
80,TROW,ARQ,2001-06-30,2001-07-26,2001-06-30,2021-07-29,16941000,1417737000,,,,,4.234,-9465000.0,125537000,125537000,96214000.0,51156000.0,,0.36,215107000,,,215107000,0,20524000.0,19458000,0.016,0.075,90734000.0,111258000.0,0.424,111258000.0,90734000.0,86838000.0,0.21,0.2,0.21,1042161000,,1042161000,4679159626,,,60475000.0,0.246,1.0,165916000.0,0.633,680224000,3896000.0,827083000,,0,217879000,,,375576000,,,4589589626,-24741000.0,0.0,827000.0,-75000000.0,-18452000.0,-87352000.0,-7329000.0,2136000.0,69940000.0,0.0,51156000.0,51156000.0,51156000.0,0.0,0.0,0.195,75182000.0,90734000.0,40436000,0.357,4.404,,,258258000,0.0,18.635,,,115886000,916316000,262130000.0,262130000.0,0.0,,,,,0.0,46304000.0,1.0,246288684,246164000,258116000.0,1.065,737513000,0,35682000.0,16514000,2.996,
81,TROW,ARQ,2001-03-31,2001-04-24,2001-03-31,2021-07-29,13936000,1458445000,,,,,4.093,-23093000.0,150278000,150278000,104643000.0,49308000.0,,0.451,290419000,,,290419000,0,19386000.0,14185000,0.016,0.075,87727000.0,107113000.0,0.382,107113000.0,87727000.0,82805000.0,0.2,0.19,0.2,1004933000,,1004933000,4371909942,,,85758000.0,0.349,1.0,175839000.0,0.627,687755000,4922000.0,910831000,,0,208198000,,,453512000,,,4231768942,69752000.0,0.0,-506000.0,-20000000.0,-18366000.0,-35619000.0,-3480000.0,19613000.0,108851000.0,0.0,49308000.0,49308000.0,49308000.0,0.0,0.0,0.176,88469000.0,87370000.0,56565000,0.375,4.211,,,262044000,0.0,17.2,,,127121000,883631000,280482000.0,280482000.0,0.0,,,,,0.0,52285000.0,1.0,246033078,245502000,258952000.0,1.142,770690000,0,33497000.0,29751000,3.139,
82,TROW,ARQ,2000-12-31,2001-03-26,2000-12-31,2021-07-29,32947000,1469459000,,,,,4.029,,80526000,80526000,,,,0.483,312277000,,,312277000,0,,10932000,0.018,0.15,,,,,,,,,,991065000,,991065000,3998646747,9.0,7.883,,,1.0,,,694985000,,1006225000,,0,250207000,,,478394000,,,3766895747,,,,,,,,,,,,,,,,,,,56877000,,3.801,14.002,13.797,255660000,,15.315,3.107,3.107,131041000,852775000,,,,,,,,,,1.0,245961198,245961198,,,774474000,0,,13220000,3.149,
0,TROW,ART,2021-06-30,2021-07-29,2021-06-30,2021-07-29,-28700000,11279200000,10709300000.0,,,0.662,34.781,-231100000.0,3514900000,3514900000,2709100000.0,3235700000.0,,0.317,138500000,,,138500000,0,194700000.0,0,0.034,6.96,3919800000.0,4114500000.0,0.581,4114500000.0,3919800000.0,3919800000.0,12.8,12.68,12.8,7893000000,7684175000.0,7893000000,42907377900,11.0,10.428,1849100000.0,8.148,1.0,4375700000.0,0.618,665700000,0.0,7237100000,7515850000.0,0,5141800000,,,2505800000,,,46283777900,1388100000.0,-88900000.0,-511600000.0,0.0,-925200000.0,-667900000.0,-33000000.0,231000000.0,2080200000.0,8800000.0,2991700000.0,2991700000.0,2991700000.0,0.0,244000000.0,0.422,1039600000.0,3336100000.0,246200000,0.544,5.864,15.471,15.934,818400000,0.0,203.95,6.533,6.533,918200000,7202600000,7084800000.0,7084800000.0,0.0,0.279,0.389,0.522,0.553,248500000.0,416300000.0,1.0,226936886,226936886,,31.219,10613500000,0,928100000.0,102400000,46.769,
1,TROW,ART,2021-03-31,2021-04-29,2021-03-31,2021-07-29,-30500000,10764400000,10258825000.0,,,0.641,35.301,-227400000.0,2830100000,2830100000,2623600000.0,3121500000.0,,0.218,146000000,,,146000000,0,192500000.0,0,0.021,3.78,3688100000.0,3880600000.0,0.591,3880600000.0,3688100000.0,3688100000.0,11.88,11.77,11.88,8008200000,7398600000.0,8008200000,38562780646,10.0,9.937,1898500000.0,8.369,1.0,3947300000.0,0.601,665700000,0.0,7414600000,7436550000.0,0,5350400000,,,1743300000,,,41246880646,1233700000.0,-80400000.0,-583100000.0,0.0,-882900000.0,-801500000.0,-94700000.0,155500000.0,2125900000.0,4000000.0,2779000000.0,2779000000.0,2779000000.0,0.0,342500000.0,0.423,1015600000.0,2931700000.0,228900000,0.318,5.151,14.842,15.305,814100000,0.0,181.82,6.277,6.277,885900000,7338700000,6570900000.0,6570900000.0,0.0,0.271,0.376,0.496,0.561,245400000.0,404000000.0,1.0,226855575,226855575,,28.965,10098700000,0,909100000.0,284000000,44.516,
2,TROW,ART,2020-12-31,2021-02-11,2020-12-31,2021-07-29,-23000000,10659000000,9726950000.0,,,0.638,33.811,-214600000.0,2151700000,2151700000,2460900000.0,2523300000.0,,0.18,154100000,,,154100000,0,189600000.0,0,0.022,3.6,3091600000.0,3281200000.0,0.529,3281200000.0,3091600000.0,3091600000.0,10.08,9.98,10.08,7707000000,7005050000.0,7707000000,35203200419,11.0,10.729,1704300000.0,7.477,1.0,3745800000.0,0.604,665700000,0.0,7995700000,7228250000.0,0,5946300000,,,1390300000,,,37200800419,398200000.0,-53900000.0,-1198000000.0,0.0,-845800000.0,-1486300000.0,-36300000.0,181700000.0,1918900000.0,1900000.0,2372700000.0,2372700000.0,2372700000.0,0.0,150600000.0,0.382,1000100000.0,2745700000.0,187700000,0.357,4.827,15.679,16.19,813000000,0.0,163.2,5.994,5.994,863100000,7029800000,6206700000.0,6206700000.0,0.0,0.244,0.339,0.428,0.498,246200000.0,399800000.0,1.0,227946081,227946081,,27.229,9993300000,0,718900000.0,85000000,43.841,
3,TROW,ART,2020-09-30,2020-10-29,2020-09-30,2021-07-29,-42700000,10134600000,9394800000.0,,,0.633,31.482,-211100000.0,2228200000,2228200000,2338600000.0,2187600000.0,,0.234,175300000,,,175300000,0,203100000.0,0,0.026,3.46,2793500000.0,2996600000.0,0.504,2996600000.0,2793500000.0,2793500000.0,9.03,8.92,9.03,7128500000,6853825000.0,7128500000,27709428152,10.0,9.247,1727800000.0,7.631,1.0,3603900000.0,0.606,665700000,0.0,7416000000,6986625000.0,0,5473100000,,,1665900000,,,29762328152,12100000.0,-59200000.0,-1245100000.0,0.0,-819200000.0,-1629000000.0,-300900000.0,-43700000.0,1938900000.0,3100000.0,2134600000.0,2134600000.0,2134600000.0,0.0,53000000.0,0.359,1033800000.0,2570100000.0,186900000,0.383,4.175,13.943,14.556,821100000,0.0,131.44,5.008,5.008,714800000,6471300000,5942500000.0,5942500000.0,0.0,0.227,0.311,0.4,0.47,235000000.0,428100000.0,1.0,226432807,226432807,,26.244,9468900000,0,658900000.0,66700000,41.818,
4,TROW,ART,2020-06-30,2020-07-29,2020-06-30,2021-07-29,-52200000,9477300000,9210600000.0,,,0.627,29.741,-215400000.0,2058100000,2058100000,2243600000.0,2034100000.0,,0.242,166400000,,,166400000,0,199100000.0,0,0.024,3.32,2631300000.0,2830400000.0,0.49,2830400000.0,2631300000.0,2631300000.0,8.54,8.42,8.54,6750700000,6781650000.0,6750700000,28937488402,11.0,10.224,1999200000.0,8.808,1.0,3529800000.0,0.611,665700000,0.0,6919900000,6798950000.0,0,5061500000,,,1636500000,,,30829188402,269800000.0,-22500000.0,-1271600000.0,0.0,-791800000.0,-1642300000.0,-293000000.0,-66400000.0,2214600000.0,-9500000.0,2037300000.0,2037300000.0,2037300000.0,0.0,-3200000.0,0.353,1029500000.0,2500300000.0,194300000,0.389,4.567,15.132,15.904,816900000,0.0,135.82,5.34,5.34,655700000,6102900000,5773400000.0,5773400000.0,0.0,0.221,0.3,0.387,0.456,227500000.0,431700000.0,1.0,226985631,226985631,,25.435,8811600000,0,594000000.0,259300000,38.82,
5,TROW,ART,2020-03-31,2020-04-28,2020-03-31,2021-07-29,-49100000,8636900000,9069350000.0,,,0.634,28.275,-202900000.0,1562400000,1562400000,2180200000.0,1861500000.0,,0.191,172600000,,,172600000,0,195000000.0,0,0.028,3.18,2499200000.0,2694200000.0,0.468,2694200000.0,2499200000.0,2499200000.0,8.14,8.02,8.14,6434000000,6738750000.0,6434000000,24525742285,10.0,9.103,1528800000.0,6.719,1.0,3573000000.0,0.621,665700000,0.0,6581400000,6718750000.0,0,4755600000,,,1231900000,,,25915542285,-53400000.0,-15800000.0,-1288300000.0,0.0,-764500000.0,-1519000000.0,-263100000.0,-52200000.0,1731700000.0,-3000000.0,1961800000.0,1961800000.0,1961800000.0,0.0,-100300000.0,0.341,1011300000.0,2561700000.0,198500000,0.391,4.028,13.21,13.991,812800000,0.0,113.89,4.505,4.505,585300000,5782900000,5753200000.0,5753200000.0,0.0,0.216,0.291,0.372,0.434,221400000.0,426100000.0,1.0,227548883,227548883,,25.283,7971200000,0,537400000.0,58300000,35.031,
6,TROW,ART,2019-12-31,2020-02-13,2019-12-31,2021-07-29,-43000000,9330400000,9024850000.0,,,0.622,30.088,-204600000.0,1781800000,1781800000,2231700000.0,2248900000.0,,0.156,146300000,,,146300000,0,190800000.0,0,0.022,3.04,2809700000.0,3000500000.0,0.534,3000500000.0,2809700000.0,2809700000.0,8.82,8.7,8.82,7102100000,6708000000.0,7102100000,30565218677,11.0,10.187,1318100000.0,5.584,1.0,3386200000.0,0.603,665700000,0.0,7029200000,6647825000.0,0,5216700000,,,1107300000,,,32200718677,363000000.0,-18400000.0,-622500000.0,0.0,-733900000.0,-832700000.0,-324500000.0,-108300000.0,1522700000.0,-2500000.0,2131300000.0,2131300000.0,2131300000.0,0.0,117600000.0,0.379,999200000.0,2387000000.0,214500000,0.345,4.534,15.108,15.467,785200000,0.0,136.42,5.732,5.732,646600000,6443500000,5617900000.0,5617900000.0,0.0,0.236,0.318,0.423,0.5,206600000.0,418700000.0,1.0,236041040,236041040,,23.801,8664700000,0,678400000.0,31800000,36.708,
7,TROW,ART,2019-09-30,2019-10-24,2019-09-30,2021-07-29,-48700000,9397800000,8614575000.0,,,0.633,29.27,-195900000.0,2213200000,2213200000,2161100000.0,1927000000.0,,0.213,146400000,,,146400000,0,176300000.0,0,0.026,2.98,2578300000.0,2754600000.0,0.505,2754600000.0,2578300000.0,2578300000.0,7.99,7.89,7.99,6839800000,6463550000.0,6839800000,24420525809,9.0,8.865,1438300000.0,6.155,1.0,3293100000.0,0.604,665700000,0.0,6665300000,6290125000.0,0,4853300000,,,1455100000,,,26487325809,97800000.0,-9600000.0,-1048300000.0,0.0,-722400000.0,-1399400000.0,-121800000.0,80500000.0,1634200000.0,-15200000.0,1937900000.0,1937900000.0,1937900000.0,0.0,-10900000.0,0.355,944100000.0,2349000000.0,203300000,0.373,3.873,13.668,14.186,790100000,0.0,113.35,4.856,4.856,620600000,6187000000,5454200000.0,5454200000.0,0.0,0.225,0.3,0.41,0.473,197900000.0,394100000.0,1.0,233677334,233677334,,23.341,8732100000,0,640400000.0,49200000,37.368,
8,TROW,ART,2019-06-30,2019-07-24,2019-06-30,2021-07-29,-38500000,8912300000,8397775000.0,,,0.646,27.929,-184400000.0,1802400000,1802400000,2156000000.0,1963500000.0,,0.201,154900000,,,154900000,0,170800000.0,0,0.026,2.92,2642300000.0,2813100000.0,0.519,2813100000.0,2642300000.0,2642300000.0,8.07,7.96,8.07,6579100000,6368725000.0,6579100000,25034950835,9.0,8.899,1455000000.0,6.177,1.0,3266100000.0,0.602,665700000,0.0,6599100000,6067375000.0,0,4778600000,,,1320900000,,,26682450835,316800000.0,-7200000.0,-982100000.0,0.0,-713400000.0,-1352800000.0,39400000.0,148200000.0,1639400000.0,-9200000.0,1975000000.0,1975000000.0,1975000000.0,0.0,-11500000.0,0.364,935600000.0,2330500000.0,193000000,0.362,4.056,13.51,14.036,792100000,0.0,113.27,4.921,4.921,619800000,5915900000,5422100000.0,5422100000.0,0.0,0.235,0.31,0.435,0.487,197000000.0,395700000.0,1.0,235565029,235565029,,23.017,8246600000,0,667300000.0,52400000,35.008,
9,TROW,ART,2019-03-31,2019-04-24,2019-03-31,2021-07-29,-41600000,8458900000,8140250000.0,,,0.66,26.688,-179500000.0,1657400000,1657400000,2136000000.0,1867200000.0,,0.2,161900000,,,161900000,0,164500000.0,0,0.026,2.86,2549200000.0,2713700000.0,0.505,2713700000.0,2549200000.0,2549200000.0,7.7,7.58,7.7,6311000000,6252600000.0,6311000000,24460041770,10.0,9.014,1498100000.0,6.335,1.0,3235900000.0,0.602,665700000,0.0,6297700000,5850625000.0,0,4483000000,,,1261200000,,,25955541770,-32700000.0,-5700000.0,-957900000.0,0.0,-704100000.0,-1303400000.0,-389500000.0,-339800000.0,1677600000.0,-17400000.0,1896400000.0,1896400000.0,1896400000.0,0.0,-29200000.0,0.353,925800000.0,2310100000.0,210000000,0.371,4.113,13.687,14.255,794400000,0.0,109.76,4.832,4.832,604600000,5650800000,5371900000.0,5371900000.0,0.0,0.233,0.303,0.436,0.475,195000000.0,393900000.0,1.0,236475417,236475417,,22.717,7793200000,0,652800000.0,197500000,32.956,
10,TROW,ART,2018-12-31,2019-02-13,2018-12-31,2021-07-29,-42000000,7689300000,7869100000.0,,,0.683,25.921,-168500000.0,1425200000,1425200000,2089800000.0,1768700000.0,,0.135,0,,,0,0,159500000.0,0,0.029,2.8,2453400000.0,2612900000.0,0.486,2612900000.0,2453400000.0,2453400000.0,7.41,7.27,7.41,6124300000,6150325000.0,6124300000,21759349129,9.0,8.328,1451400000.0,6.143,1.0,3282800000.0,0.611,665700000,0.0,5598400000,5533000000.0,0,4133800000,,,824700000,,,23184549129,-510500000.0,-23800000.0,-1015600000.0,0.0,-694300000.0,-1239500000.0,-875500000.0,-771600000.0,1619900000.0,-15400000.0,1837500000.0,1837500000.0,1837500000.0,0.0,-68800000.0,0.342,921400000.0,2361400000.0,228500000,0.378,3.786,12.617,13.243,661300000,0.0,98.13,4.315,4.315,549600000,5464100000,5372600000.0,5372600000.0,0.0,0.234,0.299,0.443,0.457,197100000.0,395600000.0,1.0,236263621,236263621,,22.74,7023600000,0,615900000.0,54200000,29.728,
11,TROW,ART,2018-09-30,2018-10-25,2018-09-30,2021-07-29,-31000000,8530600000,7830450000.0,,,0.684,26.846,-178500000.0,2090600000,2090600000,2049300000.0,1883300000.0,,0.187,0,,,0,0,151600000.0,0,0.028,2.67,2576600000.0,2728200000.0,0.51,2728200000.0,2576600000.0,2576600000.0,7.36,7.21,7.36,6460500000,6075350000.0,6460500000,20896736753,8.0,7.66,1184600000.0,4.922,1.0,3304400000.0,0.617,665700000,0.0,5774300000,5374975000.0,0,4332200000,,,1209500000,,,22987336753,220100000.0,-86700000.0,-370100000.0,0.0,-664600000.0,-272200000.0,-866800000.0,-689300000.0,1363100000.0,-4000000.0,1832700000.0,1832700000.0,1832700000.0,0.0,50600000.0,0.342,954300000.0,2350100000.0,249900000,0.363,3.558,12.543,12.978,657000000,0.0,95.52,4.294,4.294,583100000,5788500000,5353700000.0,5353700000.0,0.0,0.234,0.302,0.479,0.481,176700000.0,370100000.0,1.0,240654698,240654698,,22.246,7864900000,0,743900000.0,80300000,32.681,
12,TROW,ART,2018-06-30,2018-07-25,2018-06-30,2021-07-29,-23700000,7882200000,7542700000.0,,,0.687,25.143,-182100000.0,1484400000,1484400000,1978400000.0,1705900000.0,,0.168,0,,,0,0,146400000.0,0,0.02,2.54,2412200000.0,2558600000.0,0.494,2558600000.0,2412200000.0,2412200000.0,6.61,6.47,6.61,6114600000,5842225000.0,6114600000,28868231641,12.0,11.283,837500000.0,3.444,1.0,3202400000.0,0.618,665700000,0.0,5732100000,5142525000.0,0,4316500000,,,1028400000,,,30352631641,-19600000.0,-85900000.0,-242000000.0,0.0,-631400000.0,8500000.0,-1042600000.0,-780200000.0,1019600000.0,-5100000.0,1640600000.0,1640600000.0,1640600000.0,0.0,65300000.0,0.317,944400000.0,2258000000.0,220000000,0.384,4.964,18.501,18.882,655200000,0.0,124.81,5.859,5.859,564400000,5435100000,5180800000.0,5180800000.0,0.0,0.218,0.281,0.469,0.466,168600000.0,339200000.0,1.0,243190703,243190703,,21.303,7216500000,0,771600000.0,56400000,29.674,
13,TROW,ART,2018-03-31,2018-04-25,2018-03-31,2021-07-29,-6400000,7374300000,7205300000.0,,,0.695,24.374,-175900000.0,1681400000,1681400000,1891000000.0,1636300000.0,,0.157,0,,,0,0,144900000.0,0,0.022,2.41,2397600000.0,2542500000.0,0.508,2542500000.0,2397600000.0,2397600000.0,6.32,6.2,6.32,5901900000,5605725000.0,5901900000,25195861723,11.0,9.91,386100000.0,1.595,1.0,3116400000.0,0.622,665700000,0.0,5027200000,4790675000.0,0,3605900000,,,925900000,,,26877261723,135200000.0,-85700000.0,-237900000.0,0.0,-597000000.0,73400000.0,-510200000.0,-172700000.0,562000000.0,10000000.0,1565600000.0,1565600000.0,1565600000.0,0.0,70700000.0,0.313,945500000.0,2170900000.0,241300000,0.381,4.554,17.167,17.563,650200000,0.0,111.0,5.368,5.368,593600000,5205000000,5007400000.0,5007400000.0,0.0,0.217,0.279,0.5,0.479,160800000.0,312200000.0,1.0,242137493,242137493,,20.68,6708600000,0,832000000.0,159800000,27.706,
14,TROW,ART,2017-12-31,2018-02-16,2017-12-31,2021-07-29,-3600000,7534700000,6930625000.0,,,0.692,23.827,-186100000.0,1902700000,1902700000,1811900000.0,1581200000.0,,0.123,0,,,0,0,143600000.0,0,0.021,2.28,2421700000.0,2565300000.0,0.535,2565300000.0,2421700000.0,2421700000.0,6.07,5.97,6.07,5824400000,5380300000.0,5824400000,25105974904,10.0,9.787,43400000.0,0.178,1.0,2981100000.0,0.622,665700000,0.0,4966300000,4541150000.0,0,3525700000,,,717500000,,,27008674904,735300000.0,-64200000.0,-257000000.0,0.0,-563100000.0,461500000.0,39000000.0,317800000.0,229500000.0,5300000.0,1497800000.0,1497800000.0,1497800000.0,0.0,83400000.0,0.312,872300000.0,2108800000.0,215500000,0.376,4.637,18.032,18.203,652000000,0.0,110.49,5.635,5.635,556700000,4932900000,4793000000.0,4793000000.0,0.0,0.216,0.278,0.533,0.505,152000000.0,286900000.0,1.0,244444519,244444519,,19.608,6869000000,0,923900000.0,68300000,28.1,
15,TROW,ART,2017-09-30,2017-10-26,2017-09-30,2021-07-29,-500000,7379600000,6603200000.0,,,0.696,22.814,-164900000.0,1869400000,1869400000,1744700000.0,1561400000.0,,0.162,0,,,0,0,140300000.0,0,0.024,2.25,2416700000.0,2557000000.0,0.556,2557000000.0,2416700000.0,2416700000.0,6.2,6.1,6.2,5528000000,5176350000.0,5528000000,21167015123,9.0,8.278,90200000.0,0.372,1.0,2853400000.0,0.621,665700000,0.0,4844500000,4388175000.0,0,1359300000,,,897800000,,,23036415123,488900000.0,0.0,-427600000.0,0.0,-555000000.0,139500000.0,71300000.0,263600000.0,255100000.0,23000000.0,1530500000.0,1530500000.0,1530500000.0,0.0,30900000.0,0.333,712300000.0,2141100000.0,193500000,0.363,4.167,15.052,15.334,635000000,0.0,95.07,5.01,5.01,507900000,4728200000,4598100000.0,4598100000.0,0.0,0.232,0.296,0.551,0.526,154300000.0,271900000.0,1.0,242310036,242310036,,18.976,6713900000,0,886200000.0,16800000,27.708,
16,TROW,ART,2017-06-30,2017-07-25,2017-06-30,2021-07-29,-11600000,6532600000,6439175000.0,,,0.694,21.504,-151700000.0,1542200000,1542200000,1712800000.0,1519900000.0,,0.142,0,,,0,0,139300000.0,0,0.026,2.22,2343300000.0,2482600000.0,0.555,2482600000.0,2343300000.0,2343300000.0,5.91,5.82,5.91,5168600000,5002775000.0,5168600000,18607007871,8.0,7.495,189500000.0,0.788,1.0,2756500000.0,0.617,665700000,0.0,4324700000,4341250000.0,0,1333700000,,,736400000,,,20149207871,233300000.0,0.0,-738500000.0,0.0,-549600000.0,-212700000.0,81800000.0,264600000.0,341200000.0,23000000.0,1467400000.0,1467400000.0,1467400000.0,0.0,52500000.0,0.328,688200000.0,2068300000.0,185800000,0.376,3.898,13.731,14.184,624300000,0.0,83.83,4.508,4.508,488700000,4477600000,4469300000.0,4469300000.0,0.0,0.228,0.293,0.54,0.524,160200000.0,268900000.0,1.0,240357961,240357961,,18.594,5866900000,0,875900000.0,16000000,24.409,
17,TROW,ART,2017-03-31,2017-04-25,2017-03-31,2021-07-29,-5400000,6275600000,6451450000.0,,,0.673,20.725,-160000000.0,1580800000,1580800000,1679200000.0,1333100000.0,,0.163,0,,,0,0,136800000.0,0,0.031,2.19,2056900000.0,2193700000.0,0.505,2193700000.0,2056900000.0,2056900000.0,5.17,5.08,5.17,5000200000,4925850000.0,5000200000,15209061623,7.0,6.933,135400000.0,0.561,1.0,2663200000.0,0.613,665700000,0.0,4029100000,4420275000.0,0,1299500000,,,816300000,,,16789861623,230600000.0,0.0,-629100000.0,0.0,-545800000.0,11500000.0,-72200000.0,8600000.0,295400000.0,-4100000.0,1288800000.0,1288800000.0,1288800000.0,0.0,44300000.0,0.297,819000000.0,1844200000.0,185800000,0.424,3.358,13.028,13.46,625200000,0.0,69.59,3.866,3.866,482500000,4302700000,4342400000.0,4342400000.0,0.0,0.2,0.262,0.465,0.474,161600000.0,259200000.0,1.0,241268309,241268309,,17.998,5609900000,0,768100000.0,261400000,23.252,
18,TROW,ART,2016-12-31,2017-02-07,2016-12-31,2021-07-29,11500000,6225000000,6433525000.0,,,0.656,20.576,-148300000.0,1204900000,1204900000,1635700000.0,1254000000.0,,0.106,0,,,0,0,133400000.0,0,0.032,2.16,1921500000.0,2054900000.0,0.487,2054900000.0,1921500000.0,1921500000.0,4.85,4.75,4.85,5008600000,4866750000.0,5008600000,15237803515,8.0,7.415,22200000.0,0.091,1.0,2587200000.0,0.613,665700000,0.0,4354400000,4466825000.0,0,1257500000,,,529200000,,,16442703515,98200000.0,0.0,-550600000.0,0.0,-540800000.0,-176400000.0,106200000.0,175000000.0,170500000.0,-2100000.0,1215000000.0,1215000000.0,1215000000.0,0.0,39000000.0,0.288,853800000.0,1733400000.0,180800000,0.445,3.283,13.533,13.928,615100000,0.0,67.55,3.894,3.894,455100000,4293600000,4222900000.0,4222900000.0,0.0,0.189,0.25,0.43,0.455,161600000.0,252700000.0,1.0,243415300,243415300,,17.349,5559300000,0,706500000.0,39300000,22.839,
19,TROW,ART,2016-09-30,2016-10-27,2016-09-30,2021-07-29,33300000,6723500000,6154000000.0,,,0.68,19.856,-149200000.0,1401000000,1401000000,1612700000.0,1173500000.0,,0.161,0,,,0,0,131900000.0,0,0.034,2.14,1831400000.0,1963300000.0,0.469,1963300000.0,1831400000.0,1831400000.0,4.45,4.37,4.45,4833700000,4805100000.0,4833700000,14137338028,8.0,7.201,253900000.0,1.043,1.0,2571200000.0,0.615,665700000,0.0,4656800000,4195450000.0,0,1214900000,,,775900000,,,15538338028,322900000.0,0.0,-591700000.0,0.0,-538400000.0,-329900000.0,267900000.0,340700000.0,403100000.0,-18200000.0,1121500000.0,1121500000.0,1121500000.0,0.0,52000000.0,0.268,902700000.0,1668500000.0,205000000,0.481,3.215,13.855,14.344,615600000,0.0,63.83,3.714,3.714,446900000,4096900000,4183900000.0,4183900000.0,0.0,0.182,0.233,0.437,0.438,159500000.0,247900000.0,1.0,243433151,243433151,,17.187,6057800000,0,709900000.0,40400000,24.885,
20,TROW,ART,2016-06-30,2016-07-26,2016-06-30,2021-07-29,26300000,6581700000,5789775000.0,,,0.715,19.557,-150600000.0,1275200000,1275200000,1607300000.0,1087900000.0,,0.126,0,,,0,0,131000000.0,0,0.03,2.12,1760900000.0,1891900000.0,0.457,1891900000.0,1760900000.0,1760900000.0,4.23,4.15,4.23,4860900000,4765075000.0,4860900000,16260153971,9.0,8.595,437600000.0,1.761,1.0,2532700000.0,0.612,665700000,0.0,4640800000,3890375000.0,0,1122200000,,,610400000,,,17535353971,113400000.0,0.0,-787100000.0,0.0,-536100000.0,-758400000.0,304900000.0,378000000.0,588200000.0,-21300000.0,1070800000.0,1070800000.0,1070800000.0,0.0,17100000.0,0.259,881300000.0,1651400000.0,180600000,0.501,3.607,16.376,16.678,620800000,0.0,70.55,4.236,4.236,427400000,4081200000,4140000000.0,4140000000.0,0.0,0.185,0.225,0.453,0.425,158000000.0,241400000.0,1.0,248552147,248552147,,16.656,5916000000,0,690100000.0,8900000,23.802,
21,TROW,ART,2016-03-31,2016-04-26,2016-03-31,2021-07-29,29100000,6203900000,5498225000.0,,,0.758,19.193,-145200000.0,1322900000,1322900000,1600200000.0,1217900000.0,,0.129,0,,,0,0,129400000.0,0,0.027,2.1,1984600000.0,2114000000.0,0.507,2114000000.0,1984600000.0,1984600000.0,4.73,4.63,4.73,4763800000,4791625000.0,4763800000,17917807413,9.0,8.476,881000000.0,3.55,1.0,2567500000.0,0.616,665700000,0.0,4215300000,3600325000.0,0,1108000000,,,615000000,,,19240707413,-410000000.0,0.0,-1018900000.0,0.0,-1059500000.0,-1785700000.0,350900000.0,501500000.0,1026200000.0,-1400000.0,1208700000.0,1208700000.0,1208700000.0,0.0,9200000.0,0.29,658800000.0,1908700000.0,172000000,0.444,4.039,15.919,16.389,612700000,0.0,77.52,4.617,4.617,428100000,4021800000,4167700000.0,4167700000.0,0.0,0.22,0.252,0.551,0.476,154800000.0,239800000.0,1.0,248203140,248203140,,16.791,5538200000,0,775900000.0,168300000,22.313,
22,TROW,ART,2015-12-31,2016-02-05,2015-12-31,2021-07-29,86600000,5106900000,5437750000.0,,,0.772,19.188,-151300000.0,1172300000,1172300000,1595100000.0,1223000000.0,,0.072,0,,,0,0,126300000.0,0,0.059,4.08,2002400000.0,2128700000.0,0.507,2128700000.0,2002400000.0,2002400000.0,4.74,4.63,4.74,4762000000,4851175000.0,4762000000,15862721798,8.0,7.452,1355100000.0,5.46,1.0,2605500000.0,0.62,665700000,0.0,3268900000,3417975000.0,0,2018900000,,,344900000,,,17035021798,-333800000.0,0.0,-914300000.0,0.0,-1059000000.0,-1949200000.0,109000000.0,269700000.0,1506400000.0,0.0,1223000000.0,1223000000.0,1223000000.0,0.0,0.0,0.291,603100000.0,2002400000.0,170600000,0.861,3.577,13.929,14.481,607100000,0.0,68.64,4.055,4.055,446000000,3970700000,4200600000.0,4200600000.0,0.0,0.225,0.252,0.586,0.477,149000000.0,238900000.0,1.0,248179222,248179222,,16.926,4441200000,0,779400000.0,21200000,17.895,
23,TROW,ART,2015-09-30,2015-10-22,2015-09-30,2021-07-29,88900000,5266600000,5572125000.0,,,0.749,18.613,-158200000.0,1164400000,1164400000,1576000000.0,1235700000.0,,0.127,0,,,0,0,122700000.0,0,0.054,4.0,2022800000.0,2145500000.0,0.514,2145500000.0,2022800000.0,2022800000.0,4.73,4.61,4.73,4673600000,5009475000.0,4673600000,17479431000,9.0,8.147,1288500000.0,5.132,1.0,2594800000.0,0.622,665700000,0.0,3436500000,3468900000.0,0,2200600000,,,593000000,,,18643831000,-480100000.0,0.0,-858700000.0,0.0,-1042100000.0,-1850500000.0,-76300000.0,89100000.0,1446700000.0,0.0,1235700000.0,1235700000.0,1235700000.0,0.0,0.0,0.296,572000000.0,2022800000.0,172800000,0.846,3.989,15.088,15.698,603000000,0.0,74.25,4.47,4.47,431400000,3881200000,4170800000.0,4170800000.0,0.0,0.222,0.247,0.583,0.485,144900000.0,233900000.0,1.0,251095367,251095367,,16.61,4600900000,0,787100000.0,14700000,18.323,
24,TROW,ART,2015-06-30,2015-07-23,2015-06-30,2021-07-29,125800000,5415500000,5697475000.0,,,0.727,19.387,-146400000.0,1269200000,1269200000,1542300000.0,1262200000.0,,0.09,0,,,0,0,117900000.0,0,0.051,3.92,2058100000.0,2176000000.0,0.525,2176000000.0,2058100000.0,2058100000.0,4.8,4.67,4.8,4967100000,5147950000.0,4967100000,18530926189,9.0,8.516,1306000000.0,5.097,1.0,2600300000.0,0.628,665700000,0.0,3480600000,3474225000.0,0,2271100000,,,448400000,,,19800126189,-435100000.0,0.0,-624700000.0,0.0,-1024900000.0,-1598000000.0,-289500000.0,-135900000.0,1452400000.0,0.0,1262200000.0,1262200000.0,1262200000.0,0.0,0.0,0.305,542200000.0,2058100000.0,168500000,0.817,3.986,15.687,16.1,607300000,0.0,77.28,4.78,4.78,449400000,4141900000,4142600000.0,4142600000.0,0.0,0.222,0.245,0.592,0.497,138200000.0,229000000.0,1.0,256212813,256212813,,16.169,4749800000,0,795900000.0,12000000,18.538,
25,TROW,ART,2015-03-31,2015-04-22,2015-03-31,2021-07-29,138200000,5962000000,5760850000.0,,,0.704,19.195,-142100000.0,1810400000,1810400000,1504600000.0,1234800000.0,,0.192,0,,,0,0,113700000.0,0,0.046,3.84,2016500000.0,2130200000.0,0.525,2130200000.0,2016500000.0,2016500000.0,4.68,4.56,4.68,5002000000,5224575000.0,5002000000,19711303670,10.0,9.253,1205900000.0,4.628,1.0,2549900000.0,0.629,665700000,0.0,3485900000,3428825000.0,0,2308900000,,,960000000,,,21521703670,71100000.0,0.0,-402300000.0,0.0,-481700000.0,-829200000.0,-447700000.0,-293100000.0,1348000000.0,0.0,1234800000.0,1234800000.0,1234800000.0,0.0,0.0,0.305,533400000.0,2016500000.0,137900000,0.821,4.303,17.429,17.647,599000000,0.0,82.59,5.308,5.308,447300000,4099700000,4054500000.0,4054500000.0,0.0,0.214,0.236,0.588,0.497,135200000.0,225500000.0,1.0,260584861,260584861,,15.559,5296300000,0,781700000.0,156300000,20.325,
26,TROW,ART,2014-12-31,2015-02-05,2014-12-31,2021-07-29,136400000,5644400000,5636075000.0,,,0.707,20.693,-126200000.0,1506100000,1506100000,1473200000.0,1229600000.0,,0.046,0,,,0,0,111700000.0,0,0.022,1.76,2003100000.0,2114800000.0,0.531,2114800000.0,2003100000.0,2003100000.0,4.68,4.55,4.68,5395200000,5233375000.0,5395200000,19808320233,10.0,9.367,1165100000.0,4.469,1.0,2508900000.0,0.63,665700000,0.0,3472600000,3321825000.0,0,2292300000,,,249200000,,,21314420233,108100000.0,0.0,-330300000.0,0.0,-462100000.0,-739800000.0,-443400000.0,-305300000.0,1291300000.0,0.0,1229600000.0,1229600000.0,1229600000.0,0.0,0.0,0.309,505800000.0,2003100000.0,143400000,0.376,3.951,17.334,17.468,586400000,0.0,81.75,5.353,5.353,442800000,4450100000,3982100000.0,3982100000.0,0.0,0.218,0.235,0.603,0.503,133400000.0,219900000.0,1.0,260726853,260726853,,15.273,4978700000,0,773500000.0,23600000,19.095,
27,TROW,ART,2014-09-30,2014-10-23,2014-09-30,2021-07-29,166000000,5768000000,5483250000.0,,,0.709,20.153,-113800000.0,1644500000,1644500000,1428800000.0,1201400000.0,,0.103,0,,,0,0,108600000.0,0,0.022,1.7,1956100000.0,2064700000.0,0.531,2064700000.0,1956100000.0,1956100000.0,4.57,4.44,4.57,5227500000,5089100000.0,5227500000,18411404980,9.0,8.917,1177200000.0,4.538,1.0,2460700000.0,0.633,665700000,0.0,3457800000,3196025000.0,0,2354700000,,,540500000,,,20055904980,-48800000.0,0.0,-214100000.0,0.0,-446800000.0,-625200000.0,-714600000.0,-575900000.0,1291000000.0,0.0,1201400000.0,1201400000.0,1201400000.0,0.0,0.0,0.309,504600000.0,1956100000.0,150600000,0.372,3.837,16.694,16.919,572300000,0.0,77.32,5.156,5.156,423600000,4249100000,3889500000.0,3889500000.0,0.0,0.219,0.236,0.612,0.503,129200000.0,220800000.0,1.0,259388321,259388321,,14.995,5102300000,0,754700000.0,22600000,19.671,
28,TROW,ART,2014-06-30,2014-07-24,2014-06-30,2021-07-29,202900000,5669000000,5322950000.0,,,0.705,20.048,-124000000.0,1704300000,1704300000,1366800000.0,1168100000.0,,0.075,0,,,0,0,102500000.0,0,0.02,1.64,1899700000.0,2002200000.0,0.533,2002200000.0,1899700000.0,1899700000.0,4.45,4.32,4.45,5273600000,4917375000.0,5273600000,19426793198,10.0,9.703,1106900000.0,4.208,1.0,2386300000.0,0.636,665700000,0.0,3299000000,3023525000.0,0,2203000000,,,395400000,,,21131093198,248400000.0,0.0,-4200000.0,0.0,-430700000.0,-414400000.0,-568100000.0,-422000000.0,1230900000.0,0.0,1168100000.0,1168100000.0,1168100000.0,0.0,0.0,0.311,486600000.0,1899700000.0,121200000,0.369,4.007,18.09,18.052,576200000,0.0,80.33,5.63,5.63,426000000,4061000000,3753100000.0,3753100000.0,0.0,0.219,0.238,0.628,0.506,124800000.0,220500000.0,1.0,263053569,263053569,,14.267,5003300000,0,731600000.0,30100000,19.02,
29,TROW,ART,2014-03-31,2014-04-24,2014-03-31,2021-07-29,184000000,5462900000,5105425000.0,,,0.71,19.172,-108400000.0,1739300000,1739300000,1321400000.0,1110100000.0,,0.085,0,,,0,0,96500000.0,0,0.019,1.58,1800700000.0,1897200000.0,0.524,1897200000.0,1800700000.0,1800700000.0,4.24,4.11,4.24,5037200000,4676600000.0,5037200000,19757577470,11.0,10.414,1152500000.0,4.387,1.0,2301700000.0,0.635,665700000,0.0,3057900000,2868100000.0,0,1984200000,,,425700000,,,21496877470,453400000.0,0.0,24800000.0,0.0,-413800000.0,-371800000.0,-435700000.0,-312500000.0,1260900000.0,0.0,1110100000.0,1110100000.0,1110100000.0,0.0,0.0,0.306,501000000.0,1800700000.0,119400000,0.373,4.268,19.365,19.297,571800000,0.0,81.82,5.933,5.933,419700000,3871100000,3623100000.0,3623100000.0,0.0,0.217,0.237,0.628,0.497,120100000.0,224200000.0,1.0,262733775,262733775,,13.79,4797200000,0,690600000.0,173200000,18.259,
30,TROW,ART,2013-12-31,2014-02-04,2013-12-31,2021-07-29,188300000,5033100000,4892350000.0,,,0.712,18.373,-105800000.0,1398000000,1398000000,1274100000.0,1047700000.0,,0.045,0,,,0,0,91000000.0,0,0.02,1.52,1700400000.0,1791400000.0,0.514,1791400000.0,1700400000.0,1700400000.0,4.02,3.9,4.02,4818100000,4444050000.0,4818100000,18972267208,11.0,10.591,1127400000.0,4.299,1.0,2210100000.0,0.634,665700000,0.0,2969400000,2768375000.0,0,1925500000,,,215000000,,,20370267208,518900000.0,0.0,104100000.0,0.0,-396700000.0,-276800000.0,-437500000.0,-320200000.0,1233200000.0,0.0,1047700000.0,1047700000.0,1047700000.0,0.0,0.0,0.301,509700000.0,1700400000.0,103900000,0.378,4.228,19.443,19.323,572900000,0.0,77.68,5.846,5.846,398800000,3682800000,3484200000.0,3484200000.0,0.0,0.214,0.236,0.614,0.488,114600000.0,224500000.0,1.0,262233100,262233100,,13.287,4367400000,0,652700000.0,38700000,16.655,
31,TROW,ART,2013-09-30,2013-10-24,2013-09-30,2021-07-29,168900000,5126800000,4684775000.0,,,0.713,17.403,-95800000.0,1693300000,1693300000,1230900000.0,992000000.0,,0.129,0,,,0,0,87200000.0,132900000,0.033,2.48,1606700000.0,1693900000.0,0.507,1693900000.0,1606700000.0,1606700000.0,3.82,3.71,3.82,4540600000,4201050000.0,4540600000,17994812322,11.0,10.623,1104300000.0,4.233,1.0,2110800000.0,0.632,665700000,0.0,2767800000,2690525000.0,0,1746900000,,,586200000,,,19688112322,458300000.0,0.0,121400000.0,0.0,-640800000.0,-495300000.0,-246500000.0,-162000000.0,1200100000.0,0.0,992000000.0,992000000.0,992000000.0,0.0,0.0,0.297,504100000.0,1606700000.0,97300000,0.649,4.336,19.847,19.754,567500000,0.0,75.46,5.892,5.892,365600000,3494700000,3341700000.0,3341700000.0,0.0,0.212,0.236,0.597,0.481,108100000.0,219800000.0,1.0,260907929,260907929,,12.808,4461100000,0,614700000.0,43300000,17.098,
32,TROW,ART,2013-06-30,2013-07-24,2013-06-30,2021-07-29,138400000,4798900000,4504475000.0,,,0.716,16.57,-81800000.0,1455900000,1455900000,1197300000.0,969000000.0,,0.113,0,,,0,0,85700000.0,144600000,0.032,2.44,1569500000.0,1655200000.0,0.513,1655200000.0,1569500000.0,1569500000.0,3.76,3.65,3.76,4310500000,4030625000.0,4310500000,18212935023,12.0,11.003,1054400000.0,4.053,1.0,2029700000.0,0.629,665700000,0.0,2677300000,2624800000.0,0,1641800000,,,488400000,,,19668835023,483600000.0,0.0,132400000.0,0.0,-628000000.0,-460000000.0,-192600000.0,-121200000.0,1136200000.0,0.0,969000000.0,969000000.0,969000000.0,0.0,0.0,0.3,460200000.0,1569500000.0,114400000,0.649,4.563,20.298,20.109,558700000,0.0,75.61,6.095,6.095,366500000,3323800000,3227000000.0,3227000000.0,0.0,0.215,0.24,0.598,0.486,105700000.0,220000000.0,1.0,260135366,260135366,,12.405,4133200000,0,600500000.0,17600000,15.889,
33,TROW,ART,2013-03-31,2013-04-24,2013-03-31,2021-07-29,142000000,4610600000,4333975000.0,,,0.717,15.836,-81100000.0,1285900000,1285900000,1166100000.0,928000000.0,,0.123,0,,,0,0,83700000.0,149500000,0.033,2.4,1504700000.0,1588400000.0,0.511,1588400000.0,1504700000.0,1504700000.0,3.62,3.52,3.62,4107000000,3867450000.0,4107000000,17580977839,12.0,11.068,1015300000.0,3.915,1.0,1943400000.0,0.625,665700000,0.0,2659000000,2575200000.0,0,1621200000,,,503600000,,,18866877839,182400000.0,0.0,-2500000.0,0.0,-615300000.0,-581600000.0,-332400000.0,-255600000.0,1096400000.0,0.0,928000000.0,928000000.0,928000000.0,0.0,0.0,0.298,438700000.0,1504700000.0,97900000,0.663,4.594,20.331,20.097,563000000,0.0,72.75,6.067,6.067,364600000,3175000000,3109500000.0,3109500000.0,0.0,0.214,0.24,0.584,0.484,103700000.0,216900000.0,1.0,259338527,259338527,,11.99,3944900000,0,576700000.0,120400000,15.211,
34,TROW,ART,2012-12-31,2013-02-05,2012-12-31,2021-07-29,131900000,4202800000,4200550000.0,,,0.72,14.916,-76900000.0,879100000,879100000,1143700000.0,883600000.0,,0.093,0,,,0,0,81300000.0,154700000,0.033,2.36,1435100000.0,1516400000.0,0.502,1516400000.0,1435100000.0,1435100000.0,3.47,3.36,3.47,3846100000,3748225000.0,3846100000,17742910053,12.0,11.701,825900000.0,3.203,1.0,1878800000.0,0.622,665700000,0.0,2658000000,2487375000.0,0,1580800000,,,356700000,,,18622010053,-18800000.0,0.0,-48600000.0,0.0,-603400000.0,-611500000.0,-310100000.0,-233200000.0,902800000.0,0.0,883600000.0,883600000.0,883600000.0,0.0,0.0,0.292,443700000.0,1435100000.0,89700000,0.68,4.842,21.075,20.813,561000000,0.0,72.22,6.161,6.161,353900000,3031800000,3022500000.0,3022500000.0,0.0,0.21,0.236,0.577,0.475,104100000.0,214500000.0,1.0,257851150,257851150,,11.722,3537100000,0,551500000.0,21500000,13.718,
35,TROW,ART,2012-09-30,2012-10-24,2012-09-30,2021-07-29,120400000,4405600000,4092425000.0,,,0.71,15.141,-88500000.0,1235000000,1235000000,1157400000.0,840000000.0,,0.142,0,,,0,0,79000000.0,160700000,0.021,1.33,1363500000.0,1442500000.0,0.496,1442500000.0,1363500000.0,1363500000.0,3.3,3.2,3.3,3858900000,3641875000.0,3858900000,15117144046,11.0,10.48,780400000.0,3.062,1.0,1749400000.0,0.602,665700000,0.0,2504900000,2374550000.0,0,1472600000,,,546700000,,,16352144046,233600000.0,0.0,-91500000.0,0.0,-338300000.0,-400000000.0,-235300000.0,-143700000.0,868900000.0,0.0,840000000.0,840000000.0,840000000.0,0.0,0.0,0.289,385900000.0,1363500000.0,90700000,0.403,4.238,19.467,19.442,561000000,0.0,64.16,5.625,5.625,332200000,3143600000,2906800000.0,2906800000.0,0.0,0.205,0.231,0.574,0.469,102200000.0,210600000.0,1.0,254865088,254865088,,11.405,3739900000,0,523500000.0,20900000,14.674,
36,TROW,ART,2012-06-30,2012-07-25,2012-06-30,2021-07-29,122200000,4116900000,3950925000.0,,,0.713,14.41,-85900000.0,972300000,972300000,1120800000.0,778200000.0,,0.126,0,,,0,0,76900000.0,165500000,0.022,1.3,1259700000.0,1336600000.0,0.475,1336600000.0,1259700000.0,1259700000.0,3.06,2.97,3.06,3657800000,3494550000.0,3657800000,13996220334,11.0,10.472,746500000.0,2.941,1.0,1695700000.0,0.602,665700000,0.0,2478900000,2291450000.0,0,1433500000,,,459100000,,,14968520334,-50400000.0,0.0,-320700000.0,0.0,-330300000.0,-609500000.0,-273300000.0,-183100000.0,832400000.0,0.0,778200000.0,778200000.0,778200000.0,0.0,0.0,0.276,436000000.0,1259700000.0,86200000,0.425,4.092,19.235,19.271,564400000,0.0,58.97,5.315,5.315,324200000,2983000000,2816500000.0,2816500000.0,0.0,0.197,0.223,0.55,0.447,102300000.0,210300000.0,1.0,253832802,253832802,,11.096,3451200000,0,481500000.0,15700000,13.596,
37,TROW,ART,2012-03-31,2012-04-24,2012-03-31,2021-07-29,139100000,4076900000,3892300000.0,,,0.718,14.23,-89200000.0,1103500000,1103500000,1084400000.0,776100000.0,,0.123,0,,,0,0,74900000.0,171400000,0.021,1.27,1256500000.0,1331400000.0,0.477,1331400000.0,1256500000.0,1256500000.0,3.04,2.94,3.04,3630100000,3433300000.0,3630100000,14699619453,12.0,11.041,789000000.0,3.093,1.0,1709000000.0,0.612,665700000,0.0,2307700000,2220225000.0,0,1300300000,,,446800000,,,15803119453,38600000.0,0.0,-400200000.0,0.0,-324000000.0,-682300000.0,-157300000.0,-64400000.0,878200000.0,0.0,776100000.0,776100000.0,776100000.0,0.0,0.0,0.278,452500000.0,1256500000.0,82800000,0.418,4.353,20.362,20.378,564700000,0.0,61.95,5.657,5.657,322500000,2875900000,2793400000.0,2793400000.0,0.0,0.199,0.226,0.566,0.45,101400000.0,208600000.0,1.0,255094745,255094745,,10.95,3411200000,0,480400000.0,88700000,13.372,
38,TROW,ART,2011-12-31,2012-02-03,2011-12-31,2021-07-29,102800000,3770300000,3844575000.0,,,0.715,13.495,-82300000.0,897900000,897900000,1044400000.0,773200000.0,,0.102,0,,,0,0,72400000.0,173500000,0.021,1.24,1250600000.0,1323000000.0,0.482,1323000000.0,1250600000.0,1250600000.0,3.01,2.92,3.01,3420700000,3389750000.0,3420700000,14133698887,11.0,10.683,866100000.0,3.417,1.0,1702700000.0,0.62,665700000,0.0,2206700000,2182150000.0,0,1169200000,,,349600000,,,15031598887,84800000.0,0.0,-429100000.0,0.0,-317900000.0,-698600000.0,-165000000.0,-82700000.0,948400000.0,0.0,773200000.0,773200000.0,773200000.0,0.0,0.0,0.281,452100000.0,1250600000.0,82900000,0.412,4.394,19.441,19.701,567400000,0.0,59.3,5.472,5.472,304500000,2765200000,2747100000.0,2747100000.0,0.0,0.201,0.228,0.573,0.455,98700000.0,205800000.0,1.0,253483961,253483961,,10.837,3104600000,0,477400000.0,30000000,12.248,
39,TROW,ART,2011-09-30,2011-10-25,2011-09-30,2021-07-29,95100000,3839600000,3812500000.0,,,0.714,12.942,-66100000.0,1001400000,1001400000,966700000.0,776400000.0,,0.174,0,,,0,0,69200000.0,173000000,0.023,1.2,1242300000.0,1311500000.0,0.482,1311500000.0,1242300000.0,1242300000.0,3.01,2.91,3.01,3269600000,3358700000.0,3269600000,11903449208,10.0,9.076,895700000.0,3.545,1.0,1756300000.0,0.645,665700000,0.0,2172500000,2171275000.0,0,1153200000,,,570000000,,,12904849208,191000000.0,0.0,-379600000.0,0.0,-309300000.0,-627100000.0,-143700000.0,-77300000.0,961800000.0,0.0,776400000.0,776400000.0,776400000.0,0.0,0.0,0.285,514000000.0,1242300000.0,100100000,0.399,3.947,16.621,16.97,555100000,0.0,51.08,4.739,4.739,295800000,2655400000,2723000000.0,2723000000.0,0.0,0.204,0.231,0.572,0.456,97000000.0,204800000.0,1.0,252639961,252639961,,10.778,3173900000,0,465900000.0,34200000,12.563,
40,TROW,ART,2011-06-30,2011-07-26,2011-06-30,2021-07-29,156900000,3882400000,3743425000.0,,,0.702,13.312,-83000000.0,1022700000,1022700000,929300000.0,760000000.0,,0.138,0,,,0,0,66600000.0,166900000,0.019,1.16,1216600000.0,1283200000.0,0.488,1283200000.0,1216600000.0,1216600000.0,2.94,2.84,2.94,3412800000,3307400000.0,3412800000,14374809347,12.0,11.202,808100000.0,3.152,1.0,1700400000.0,0.647,665700000,0.0,2194000000,2149950000.0,0,1208100000,,,469600000,,,15397509347,287600000.0,0.0,-235800000.0,0.0,-299800000.0,-483200000.0,-120300000.0,-38800000.0,891100000.0,0.0,760000000.0,760000000.0,760000000.0,0.0,0.0,0.289,483800000.0,1216600000.0,94400000,0.395,4.512,20.26,20.429,555700000,0.0,60.06,5.855,5.855,324000000,2744200000,2629700000.0,2629700000.0,0.0,0.203,0.23,0.566,0.463,92800000.0,203500000.0,1.0,256368787,256368787,,10.257,3216700000,0,456600000.0,29400000,12.547,
41,TROW,ART,2011-03-31,2011-04-21,2011-03-31,2021-07-29,154400000,3886000000,3623575000.0,,,0.688,13.305,-104700000.0,1064900000,1064900000,895600000.0,713800000.0,,0.124,0,,,0,0,64200000.0,164800000,0.017,1.12,1141400000.0,1205600000.0,0.484,1205600000.0,1141400000.0,1141400000.0,2.76,2.67,2.76,3455900000,3194025000.0,3455900000,15579899737,14.0,12.923,707400000.0,2.723,1.0,1597800000.0,0.641,665700000,0.0,2155400000,2102000000.0,0,1173600000,,,430100000,,,16644799737,300800000.0,0.0,-159700000.0,0.0,-289600000.0,-391800000.0,-119500000.0,-15500000.0,812100000.0,0.0,713800000.0,713800000.0,713800000.0,0.0,0.0,0.286,456400000.0,1141400000.0,80700000,0.406,4.816,23.319,23.217,551800000,0.0,64.08,6.676,6.676,321400000,2713300000,2493400000.0,2493400000.0,0.0,0.197,0.223,0.543,0.458,90800000.0,199900000.0,1.0,259750308,259750308,,9.599,3220300000,0,427600000.0,88400000,12.398,
42,TROW,ART,2010-12-31,2011-02-08,2010-12-31,2021-07-29,139100000,3642000000,3500175000.0,,,0.676,12.728,-118000000.0,813100000,813100000,860400000.0,672200000.0,,0.105,0,,,0,0,63000000.0,160400000,0.016,1.08,1070000000.0,1133000000.0,0.479,1133000000.0,1070000000.0,1070000000.0,2.6,2.53,2.6,3296500000,3081775000.0,3296500000,16604219802,16.0,14.655,614800000.0,2.374,1.0,1506800000.0,0.637,665700000,0.0,2163200000,2053800000.0,0,1142300000,,,345500000,,,17417319802,69800000.0,-143600000.0,-157000000.0,0.0,-278900000.0,-386100000.0,-276900000.0,-15300000.0,732800000.0,0.0,672200000.0,672200000.0,672200000.0,0.0,0.0,0.284,436800000.0,1070000000.0,79400000,0.415,5.284,25.911,25.865,560300000,0.0,67.25,7.358,7.358,307900000,2599400000,2367200000.0,2367200000.0,0.0,0.192,0.218,0.521,0.452,89500000.0,196000000.0,1.0,258993603,258993603,,9.14,2976300000,0,397800000.0,33800000,11.492,
43,TROW,ART,2010-09-30,2010-10-22,2010-09-30,2021-07-29,117200000,3563300000,3392250000.0,,,0.667,11.95,-132300000.0,810400000,810400000,839000000.0,633100000.0,,0.163,0,,,0,0,62800000.0,163700000,0.019,1.06,1011800000.0,1074600000.0,0.475,1074600000.0,1011800000.0,1011800000.0,2.45,2.38,2.45,3064400000,2978200000.0,3064400000,13265341027,13.0,12.344,648200000.0,2.528,1.0,1423300000.0,0.629,665700000,0.0,2087200000,1963325000.0,0,1104500000,,,498900000,,,14075741027,71100000.0,-143600000.0,-182700000.0,0.0,-273500000.0,-419700000.0,-289700000.0,-13100000.0,780500000.0,0.0,633100000.0,633100000.0,633100000.0,0.0,0.0,0.28,411500000.0,1011800000.0,80600000,0.433,4.593,22.233,22.404,557400000,0.0,54.89,6.222,6.222,275200000,2477600000,2262300000.0,2262300000.0,0.0,0.187,0.213,0.515,0.447,87400000.0,192400000.0,1.0,256435435,256435435,,8.822,2897600000,0,378700000.0,42600000,11.3,
44,TROW,ART,2010-06-30,2010-07-23,2010-06-30,2021-07-29,83300000,3403000000,3291675000.0,,,0.661,11.544,-136600000.0,735100000,735100000,821100000.0,596900000.0,,0.15,0,,,0,0,63300000.0,162900000,0.022,1.04,953500000.0,1016800000.0,0.468,1016800000.0,953500000.0,953500000.0,2.31,2.24,2.31,2959300000,2897025000.0,2959300000,11531204626,12.0,11.341,581400000.0,2.268,1.0,1353200000.0,0.622,665700000,0.0,2002200000,1880525000.0,0,1034500000,,,443700000,,,12266304626,67700000.0,-143600000.0,-94200000.0,0.0,-268700000.0,-325100000.0,-325200000.0,-42400000.0,718000000.0,0.0,596900000.0,596900000.0,596900000.0,0.0,0.0,0.275,399700000.0,953500000.0,101300000,0.45,4.145,20.55,20.714,543900000,0.0,47.85,5.641,5.641,257100000,2410800000,2174300000.0,2174300000.0,0.0,0.181,0.206,0.507,0.439,88200000.0,184500000.0,1.0,256349104,256349104,,8.482,2737300000,0,356600000.0,35500000,10.678,
45,TROW,ART,2010-03-31,2010-04-23,2010-03-31,2021-07-29,113500000,3392400000,3180025000.0,,,0.641,11.585,-128100000.0,764100000,764100000,805700000.0,538400000.0,,0.128,0,,,0,0,64400000.0,160200000,0.017,1.02,858300000.0,922700000.0,0.453,922700000.0,858300000.0,858300000.0,2.09,2.03,2.09,3006900000,2802225000.0,3006900000,14518858275,17.0,15.735,524800000.0,2.022,1.0,1233400000.0,0.605,665700000,0.0,1962600000,1785800000.0,0,1075800000,,,385500000,,,15282958275,142300000.0,-143600000.0,17800000.0,0.0,-263000000.0,-216800000.0,-293800000.0,-19700000.0,652900000.0,0.0,538400000.0,538400000.0,538400000.0,0.0,0.0,0.264,375100000.0,858300000.0,77800000,0.488,5.083,28.386,28.172,518900000,0.0,58.88,7.495,7.495,259000000,2323100000,2039100000.0,2039100000.0,0.0,0.169,0.192,0.481,0.421,88600000.0,176700000.0,1.0,259561112,259561112,,7.856,2726700000,0,319900000.0,64600000,10.505,
46,TROW,ART,2009-12-31,2010-02-05,2009-12-31,2021-07-29,101900000,3210300000,3030050000.0,,,0.616,11.128,-133900000.0,743300000,743300000,773400000.0,433600000.0,,0.114,0,,,0,0,65700000.0,161300000,0.02,1.0,688900000.0,754600000.0,0.404,754600000.0,688900000.0,688900000.0,1.69,1.65,1.69,2882200000,2665650000.0,2882200000,11913694850,17.0,15.788,401700000.0,1.551,1.0,1094000000.0,0.586,665700000,0.0,1801300000,1671400000.0,0,905800000,,,328100000,,,12656994850,124200000.0,0.0,-23300000.0,0.0,-256900000.0,-244700000.0,-166700000.0,-32800000.0,535600000.0,0.0,433600000.0,433600000.0,433600000.0,0.0,0.0,0.232,405100000.0,688900000.0,79900000,0.592,4.391,29.19,28.917,512800000,0.0,48.87,6.778,6.778,246200000,2240100000,1867400000.0,1867400000.0,0.0,0.143,0.163,0.412,0.369,89100000.0,175600000.0,1.0,258993142,258993142,,7.21,2544600000,0,255300000.0,33600000,9.825,
47,TROW,ART,2009-09-30,2009-10-23,2009-09-30,2021-07-29,95800000,3161000000,2932325000.0,,,0.594,10.64,-150600000.0,739300000,739300000,750700000.0,305400000.0,,0.154,0,,,0,0,65900000.0,164100000,0.018,0.99,489800000.0,555700000.0,0.319,555700000.0,489800000.0,489800000.0,1.2,1.18,1.2,2739700000,2567300000.0,2739700000,13235333486,27.0,23.817,321400000.0,1.248,1.0,990000000.0,0.569,665700000,0.0,1756000000,1604725000.0,0,896000000,,,421300000,,,13974633486,-113400000.0,0.0,-177200000.0,0.0,-254200000.0,-374700000.0,-210700000.0,-5400000.0,472000000.0,0.0,305400000.0,305400000.0,305400000.0,0.0,0.0,0.175,447900000.0,542100000.0,78500000,0.825,5.101,45.758,45.225,501900000,0.0,54.27,8.028,8.028,223100000,2152000000,1740700000.0,1740700000.0,0.0,0.104,0.119,0.305,0.281,90900000.0,182000000.0,1.0,257501999,257501999,,6.76,2495300000,0,184400000.0,19800000,9.69,
48,TROW,ART,2009-06-30,2009-07-24,2009-06-30,2021-07-29,50300000,2956400000,2922700000.0,,,0.615,10.074,-155900000.0,667400000,667400000,765300000.0,325300000.0,,0.146,0,,,0,0,64900000.0,168800000,0.022,0.98,521800000.0,586700000.0,0.326,586700000.0,521800000.0,521800000.0,1.27,1.24,1.27,2580100000,2546500000.0,2580100000,10973387396,21.0,18.704,402500000.0,1.572,1.0,1032100000.0,0.574,665700000,0.0,1623300000,1566100000.0,0,783100000,,,376300000,,,11640787396,-13800000.0,0.0,-238400000.0,0.0,-252100000.0,-425900000.0,-146300000.0,30600000.0,558400000.0,0.0,325300000.0,325300000.0,325300000.0,0.0,0.0,0.181,458000000.0,574100000.0,81100000,0.772,4.512,35.785,35.787,474300000,0.0,45.45,6.476,6.476,198000000,2083600000,1797400000.0,1797400000.0,0.0,0.111,0.128,0.333,0.29,90200000.0,185400000.0,1.0,256122935,256122935,,7.018,2290700000,0,196500000.0,20600000,8.944,
49,TROW,ART,2009-03-31,2009-04-22,2009-03-31,2021-07-29,-2500000,2792500000,2946050000.0,,,0.659,9.634,-145000000.0,621800000,621800000,783600000.0,387500000.0,,0.135,0,,,0,0,63900000.0,175500000,0.027,0.97,626400000.0,690300000.0,0.356,690300000.0,626400000.0,626400000.0,1.5,1.46,1.5,2460600000,2564525000.0,2460600000,8708251374,14.0,12.615,477600000.0,1.87,1.0,1158100000.0,0.596,665700000,0.0,1505000000,1585300000.0,0,716200000,,,331900000,,,9330051374,11600000.0,0.0,-280400000.0,0.0,-250300000.0,-472800000.0,-138200000.0,3700000.0,622600000.0,0.0,387500000.0,387500000.0,387500000.0,0.0,0.0,0.2,479400000.0,678700000.0,83800000,0.647,3.792,24.078,24.347,454500000,0.0,36.52,4.805,4.804,167500000,2047700000,1941700000.0,1941700000.0,0.0,0.132,0.151,0.395,0.323,87700000.0,192400000.0,1.0,255477858,255400000,,7.603,2126800000,0,238900000.0,22500000,8.327,
50,TROW,ART,2008-12-31,2009-02-06,2008-12-31,2021-07-29,-13100000,2819400000,2985275000.0,,,0.709,9.721,-144100000.0,619100000,619100000,815600000.0,490800000.0,,0.133,0,,,0,0,62300000.0,157800000,0.033,0.96,796200000.0,858500000.0,0.406,858500000.0,796200000.0,796200000.0,1.89,1.82,1.89,2488800000,2593950000.0,2488800000,6759751751,8.0,7.874,597700000.0,2.334,1.0,1300700000.0,0.615,665700000,0.0,1534600000,1626700000.0,0,721400000,,,330600000,,,7378851751,-166000000.0,0.0,-513800000.0,0.0,-312500000.0,-782800000.0,-125000000.0,19000000.0,741800000.0,0.0,490800000.0,490800000.0,490800000.0,0.0,0.0,0.232,452200000.0,848500000.0,86800000,0.508,2.965,15.034,15.249,440100000,0.0,28.82,3.487,3.487,177300000,2086800000,2116300000.0,2116300000.0,0.0,0.164,0.189,0.489,0.376,85500000.0,205900000.0,1.0,256032330,256032330,,8.266,2153700000,0,305400000.0,25300000,8.412,
51,TROW,ART,2008-09-30,2008-10-24,2008-09-30,2021-07-29,-900000,3122500000,3074750000.0,,,0.747,10.269,-139300000.0,852700000,852700000,843500000.0,657200000.0,,0.175,0,,,0,0,60200000.0,127600000,0.031,0.96,1056900000.0,1117100000.0,0.486,1117100000.0,1056900000.0,1056900000.0,2.51,2.39,2.51,2656500000,2666025000.0,2656500000,7279019823,7.0,6.516,667900000.0,2.582,1.0,1454700000.0,0.633,668300000,0.0,1601500000,1673900000.0,0,817900000,,,466000000,,,8131719823,5000000.0,0.0,-398800000.0,0.0,-295500000.0,-675600000.0,-126600000.0,-26800000.0,807200000.0,0.0,657200000.0,657200000.0,657200000.0,0.0,0.0,0.286,436800000.0,1017900000.0,95600000,0.382,3.061,12.373,12.538,415000000,0.0,31.47,3.538,3.542,234500000,2245700000,2298200000.0,2298200000.0,0.0,0.214,0.247,0.631,0.46,85500000.0,208100000.0,1.0,258395927,258700000,,8.884,2454200000,0,399700000.0,18900000,9.487,
52,TROW,ART,2008-06-30,2008-07-25,2008-06-30,2021-07-29,64500000,3049800000,3081175000.0,,,0.751,10.216,-140300000.0,681200000,681200000,841400000.0,679200000.0,,0.15,0,,,0,0,56900000.0,113000000,0.016,0.89,1094100000.0,1151000000.0,0.497,1151000000.0,1094100000.0,1094100000.0,2.58,2.46,2.58,2652200000,2670525000.0,2652200000,13968936068,13.0,12.136,649100000.0,2.5,1.0,1473000000.0,0.636,668500000,0.0,1700100000,1681425000.0,0,946000000,,,397600000,,,14650136068,-214000000.0,0.0,-484100000.0,0.0,-278400000.0,-757500000.0,-245900000.0,-126600000.0,789400000.0,0.0,679200000.0,679200000.0,679200000.0,0.0,0.0,0.293,435800000.0,1037200000.0,93200000,0.345,5.524,21.57,21.946,382700000,0.0,56.62,6.33,6.351,262100000,2203900000,2314400000.0,2314400000.0,0.0,0.22,0.254,0.651,0.473,82900000.0,208900000.0,1.0,258744897,259600000,,8.915,2381300000,0,414900000.0,33900000,9.173,
53,TROW,ART,2008-03-31,2008-04-24,2008-03-31,2021-07-29,64000000,2949400000,3087850000.0,,,0.738,9.852,-148600000.0,610200000,610200000,820400000.0,679200000.0,,0.144,0,,,0,0,55400000.0,117600000,0.014,0.82,1090500000.0,1145900000.0,0.503,1145900000.0,1090500000.0,1090500000.0,2.57,2.44,2.57,2578300000,2667050000.0,2578300000,15034107157,14.0,13.12,626300000.0,2.393,1.0,1458600000.0,0.64,668600000,0.0,1670600000,1634450000.0,0,959300000,,,371100000,,,15644307157,-300900000.0,0.0,-500700000.0,0.0,-261300000.0,-757800000.0,-318000000.0,-172500000.0,774900000.0,0.0,679200000.0,679200000.0,679200000.0,0.0,0.0,0.298,436700000.0,1021900000.0,98700000,0.319,6.068,23.033,23.44,371200000,0.0,60.24,6.865,6.917,259100000,2157600000,2279000000.0,2279000000.0,0.0,0.22,0.255,0.667,0.478,81400000.0,208400000.0,1.0,259699654,261700000,,8.708,2280800000,0,411300000.0,68100000,8.715,
54,TROW,ART,2007-12-31,2008-02-07,2007-12-31,2021-07-29,95000000,3177300000,3089850000.0,,,0.721,10.529,-145600000.0,785100000,785100000,797200000.0,670600000.0,,0.144,0,,,0,0,54000000.0,114300000,0.015,0.75,1076800000.0,1130800000.0,0.507,1130800000.0,1076800000.0,1076800000.0,2.53,2.4,2.53,2777100000,2659675000.0,2777100000,12608406423,12.0,11.15,612400000.0,2.322,1.0,1431100000.0,0.642,668800000,0.0,1723400000,1561050000.0,0,1002200000,,,400200000,,,13393506423,12100000.0,0.0,-220500000.0,0.0,-180300000.0,-401200000.0,-344700000.0,-199800000.0,758000000.0,0.0,670600000.0,670600000.0,670600000.0,0.0,0.0,0.301,434700000.0,996400000.0,99500000,0.296,4.823,19.972,20.071,358300000,0.0,50.78,6.011,6.011,265300000,2333400000,2228300000.0,2228300000.0,0.0,0.217,0.252,0.69,0.483,79800000.0,200000000.0,1.0,263755542,263755542,,8.448,2508500000,0,406200000.0,41700000,9.511,
55,TROW,ART,2007-09-30,2007-10-23,2007-09-30,2021-07-29,110600000,3148200000,2986850000.0,,,0.71,10.123,-128093000.0,847700000,847700000,753931000.0,628905000.0,,0.177,0,,,0,0,53731000.0,108900000,0.012,0.68,1013502000.0,1067233000.0,0.504,1067233000.0,1013502000.0,1013482000.0,2.38,2.25,2.38,2674500000,2572125000.0,2674500000,14660207688,14.0,13.737,627990000.0,2.377,1.0,1365625000.0,0.644,668900000,20000.0,1631600000,1460925000.0,0,1000700000,,,473700000,,,15507907688,-28519000.0,0.0,-169192000.0,0.0,-172233000.0,-343670000.0,-440932000.0,-327294000.0,756083000.0,0.0,628905000.0,628905000.0,628905000.0,0.0,0.0,0.297,416887000.0,948738000.0,85600000,0.286,5.798,24.659,24.676,331400000,0.0,58.73,7.317,7.321,253000000,2248400000,2119556000.0,2119556000.0,0.0,0.211,0.245,0.694,0.478,72787000.0,193585000.0,1.0,264054277,264200000,,8.023,2479300000,0,384577000.0,19900000,9.384,
56,TROW,ART,2007-06-30,2007-07-25,2007-06-30,2021-07-29,97100000,3076500000,2863726750.0,,,0.698,9.941,-108171000.0,895200000,895200000,713881000.0,582295000.0,,0.166,0,,,0,0,52824000.0,108000000,0.013,0.65,949328000.0,1002152000.0,0.501,1002152000.0,949328000.0,949308000.0,2.21,2.08,2.21,2638300000,2470121750.0,2638300000,12822695066,14.0,12.795,550757000.0,2.075,1.0,1285303000.0,0.643,669100000,20000.0,1512200000,1330654750.0,0,898300000,,,438200000,,,13717895066,80744000.0,0.0,-51545000.0,0.0,-163966000.0,-214867000.0,-363317000.0,-256496000.0,658928000.0,0.0,582295000.0,582295000.0,582295000.0,0.0,0.0,0.291,399846000.0,885457000.0,98900000,0.294,5.2,23.558,23.412,298600000,0.0,51.74,6.862,6.869,248800000,2250800000,1999184000.0,1999184000.0,0.0,0.203,0.236,0.713,0.475,67654000.0,188692000.0,1.0,265131331,265400000,,7.533,2407400000,0,367013000.0,42200000,9.071,
57,TROW,ART,2007-03-31,2007-04-25,2007-03-31,2021-07-29,75500000,2957400000,2719158250.0,,,0.697,9.604,-99651000.0,911100000,911100000,682603000.0,555806000.0,,0.16,0,,,0,0,49586000.0,113400000,0.012,0.62,903123000.0,952709000.0,0.503,952709000.0,903123000.0,902918000.0,2.11,1.99,2.11,2548800000,2347016250.0,2548800000,12515979475,14.0,13.137,554080000.0,2.088,1.0,1211476000.0,0.64,669300000,205000.0,1377000000,1206269500.0,0,805000000,,,408600000,,,13427079475,-22202000.0,0.0,-95861000.0,0.0,-155830000.0,-243691000.0,-432242000.0,-328191000.0,653731000.0,0.0,555806000.0,555806000.0,555806000.0,0.0,0.0,0.293,384200000.0,827276000.0,84800000,0.294,5.268,24.158,23.957,278600000,0.0,50.55,7.089,7.083,223200000,2154800000,1894079000.0,1894079000.0,0.0,0.204,0.237,0.749,0.477,62965000.0,185439000.0,1.0,265619772,265400000,,7.137,2288100000,0,347112000.0,93600000,8.621,
58,TROW,ART,2006-12-31,2007-02-08,2006-12-31,2021-07-29,69300000,2765300000,2603389250.0,,,0.697,9.148,-94400000.0,773000000,773000000,658400000.0,529600000.0,,0.139,0,,,0,0,46900000.0,114700000,0.012,0.59,858600000.0,905500000.0,0.499,905500000.0,858600000.0,858300000.0,2.01,1.9,2.01,2426900000,2252668250.0,2426900000,12502934558,15.0,13.808,498800000.0,1.88,1.0,1156600000.0,0.637,669400000,300000.0,1322900000,1085854750.0,0,762400000,,,338400000,,,13275934558,-30600000.0,0.0,-65900000.0,0.0,-147600000.0,-202600000.0,-421200000.0,-326800000.0,593200000.0,0.0,529600000.0,529600000.0,529600000.0,0.0,0.0,0.292,369700000.0,786900000.0,77200000,0.294,5.47,25.068,24.896,264900000,0.0,50.04,7.315,7.315,223500000,2057100000,1815000000.0,1815000000.0,0.0,0.203,0.235,0.791,0.473,61000000.0,179800000.0,1.0,265306446,265306446,,6.841,2095900000,0,328700000.0,33900000,7.9,
59,TROW,ART,2006-09-30,2006-10-25,2006-09-30,2021-07-29,56802000,2655707000,2489700750.0,,,0.694,8.639,-82526000.0,876208000,876208000,627567000.0,498143000.0,,0.172,0,,,0,0,44572000.0,111174000,0.012,0.56,805375000.0,849947000.0,0.492,849947000.0,805375000.0,805000000.0,1.89,1.795,1.89,2266487000,2154968750.0,2266487000,11311724038,14.0,13.309,505313000.0,1.926,1.0,1101221000.0,0.637,668980000,375000.0,1110519000,965446000.0,0,526944000,,,389220000,,,12187932038,103834000.0,0.0,-74373000.0,0.0,-140724000.0,-204370000.0,-279635000.0,-193754000.0,587839000.0,0.0,498143000.0,498143000.0,498143000.0,0.0,0.0,0.288,356885000.0,744336000.0,74093000,0.296,5.377,24.467,24.46,250969000,0.0,46.23,7.05,7.015,196863000,1953093000,1728788000.0,1728788000.0,0.0,0.2,0.231,0.834,0.466,48277000.0,174951000.0,1.0,263636860,262343000,,6.59,1986727000,0,306857000.0,0,7.573,
60,TROW,ART,2006-06-30,2006-07-27,2006-06-30,2021-07-29,52474000,2498226000,2385174000.0,,,0.699,8.105,-72137000.0,814445000,814445000,590828000.0,486288000.0,,0.164,0,,,0,0,44074000.0,107385000,0.014,0.535,772165000.0,816239000.0,0.49,816239000.0,772165000.0,771695000.0,1.845,1.76,1.845,2145878000,2066011000.0,2145878000,9398823493,12.0,11.515,532664000.0,2.012,1.0,1076035000.0,0.646,669122000,470000.0,1014659000,887699750.0,0,504420000,,,352348000,,,10213268493,190411000.0,0.0,-50369000.0,0.0,-133716000.0,-175842000.0,-238548000.0,-163561000.0,604801000.0,0.0,486288000.0,486288000.0,486288000.0,0.0,0.0,0.292,352366000.0,723669000.0,97136000,0.29,4.759,21.003,21.154,238843000,0.0,39.03,6.127,6.2,182944000,1861782000,1666863000.0,1666863000.0,0.0,0.204,0.235,0.87,0.463,32710000.0,170684000.0,1.0,261677389,264767000,,6.296,1829104000,0,285407000.0,0,6.908,
61,TROW,ART,2006-03-31,2006-04-26,2006-03-31,2021-07-29,55824000,2494324000,2277686500.0,,,0.696,8.224,-59713000.0,933291000,933291000,555229000.0,453326000.0,,0.149,0,,,0,0,43614000.0,105429000,0.012,0.51,716613000.0,760227000.0,0.48,760227000.0,716613000.0,716232000.0,1.73,1.65,1.73,2171408000,1979824000.0,2171408000,10487513392,15.0,13.795,511457000.0,1.937,1.0,1029185000.0,0.65,665692000,381000.0,895341000,828672500.0,0,417309000,,,322916000,,,11420804392,350800000.0,0.0,24185000.0,0.0,-126604000.0,-99654000.0,-120716000.0,-61003000.0,571170000.0,0.0,453326000.0,453326000.0,453326000.0,0.0,0.0,0.286,342914000.0,686271000.0,65630000,0.295,5.26,25.193,24.858,226170000,0.0,43.005,7.208,7.166,189084000,1762903000,1584414000.0,1584414000.0,0.0,0.199,0.229,0.865,0.452,17999000.0,166326000.0,1.0,265569222,264030000,,6.001,1828632000,0,262906000.0,50992000,6.926,
62,TROW,ART,2005-12-31,2006-02-16,2005-12-31,2021-07-29,48544000,2310546000,2155032000.0,,,0.702,7.71,-51802000.0,803589000,803589000,522374000.0,430929000.0,,0.135,0,,,0,0,42272000.0,103829000,0.013,0.485,679772000.0,722044000.0,0.477,722044000.0,679772000.0,679391000.0,1.655,1.575,1.655,2036102000,1875553250.0,2036102000,9277623237,14.0,12.849,487680000.0,1.847,1.0,989790000.0,0.655,665692000,381000.0,841265000,793718000.0,0,379075000,,,274444000,,,10081212237,303839000.0,0.0,-27880000.0,0.0,-119534000.0,-144012000.0,-91631000.0,-39829000.0,539482000.0,0.0,430929000.0,430929000.0,430929000.0,0.0,0.0,0.285,334762000.0,655028000.0,62539000,0.293,4.951,23.394,23.066,214790000,0.0,38.175,6.667,6.667,175030000,1683273000,1512164000.0,1512164000.0,0.0,0.2,0.23,0.856,0.45,3164000.0,160555000.0,1.0,264078906,264078906,,5.726,1644854000,0,248462000.0,15651000,6.229,
63,TROW,ART,2005-09-30,2005-10-26,2005-09-30,2021-07-29,48252000,2237600000,2059601750.0,,,0.706,7.348,-46574000.0,772374000,772374000,506362000.0,410513000.0,,0.171,0,,,0,0,41033000.0,100447000,0.014,0.46,644070000.0,685103000.0,0.471,685103000.0,644070000.0,643685000.0,1.58,1.505,1.58,1910656000,1790852750.0,1910656000,7700291763,12.0,11.24,460068000.0,1.769,1.0,948456000.0,0.652,665692000,385000.0,799534000,774247500.0,0,368158000,,,326944000,,,8472665763,282313000.0,0.0,-17073000.0,0.0,-113848000.0,-127332000.0,-96997000.0,-50423000.0,506642000.0,0.0,410513000.0,410513000.0,410513000.0,0.0,0.0,0.282,322312000.0,626144000.0,48709000,0.291,4.434,20.639,20.516,210791000,0.0,32.415,5.824,5.793,167481000,1602595000,1454818000.0,1454818000.0,0.0,0.199,0.229,0.832,0.443,0.0,154228000.0,1.0,261381020,260012000,,5.595,1571908000,0,233172000.0,16866000,6.046,
64,TROW,ART,2005-06-30,2005-07-27,2005-06-30,2021-07-29,41361000,2068276000,1961037250.0,,,0.705,6.937,-46174000.0,624034000,624034000,492306000.0,376703000.0,,0.148,0,,,0,0,40321000.0,99142000,0.013,0.44,592187000.0,632508000.0,0.458,632508000.0,592187000.0,591804000.0,1.46,1.39,1.46,1801130000,1704806250.0,1801130000,7968671396,13.0,12.599,408007000.0,1.571,1.0,890037000.0,0.644,665692000,383000.0,778550000,746261250.0,0,357133000,,,267146000,,,8592705396,228792000.0,0.0,-24013000.0,0.0,-108195000.0,-124226000.0,-101163000.0,-54989000.0,454181000.0,0.0,376703000.0,376703000.0,376703000.0,0.0,0.0,0.273,312831000.0,577206000.0,41236000,0.301,4.771,22.81,22.675,208283000,0.0,33.105,6.216,6.218,164594000,1516217000,1382343000.0,1382343000.0,0.0,0.192,0.221,0.794,0.428,0.0,150108000.0,1.0,259559142,259630000,,5.324,1402584000,0,215101000.0,7097000,5.402,
65,TROW,ART,2005-03-31,2005-04-26,2005-03-31,2021-07-29,38268000,2003706000,1876002250.0,,,0.708,6.734,-48093000.0,582491000,582491000,475267000.0,354218000.0,,0.142,0,,,0,0,39662000.0,102664000,0.015,0.42,560097000.0,599759000.0,0.451,599759000.0,560097000.0,559342000.0,1.38,1.31,1.38,1754325000,1629039250.0,1754325000,6705461991,12.0,11.18,384945000.0,1.478,1.0,853202000.0,0.642,665692000,755000.0,755523000,718424250.0,0,330818000,,,249381000,,,7287952991,275572000.0,0.0,27958000.0,0.0,-102240000.0,-67696000.0,-89770000.0,-41677000.0,433038000.0,0.0,354218000.0,354218000.0,354218000.0,0.0,0.0,0.267,303503000.0,549699000.0,47406000,0.304,4.154,20.575,20.279,207677000,0.0,27.985,5.486,5.488,165278000,1443293000,1328469000.0,1328469000.0,0.0,0.189,0.217,0.78,0.422,0.0,145761000.0,1.0,260423548,260532000,,5.099,1338014000,0,205124000.0,16501000,5.136,
66,TROW,ART,2004-12-31,2005-03-01,2004-12-31,2021-07-29,41666000,1928825000,1783581500.0,,,0.716,6.514,-43069000.0,499750000,499750000,457905000.0,337260000.0,,0.136,0,,,0,0,40018000.0,100427000,0.013,0.4,534775000.0,574793000.0,0.45,574793000.0,534775000.0,533783000.0,1.325,1.255,1.325,1697300000,1545446000.0,1697300000,7657260553,14.0,13.322,331211000.0,1.271,1.0,819144000.0,0.641,665692000,992000.0,763383000,694896500.0,0,329234000,,,231525000,,,8157010553,263217000.0,0.0,56815000.0,0.0,-96164000.0,-35198000.0,-75865000.0,-32796000.0,374280000.0,0.0,337260000.0,337260000.0,337260000.0,0.0,0.0,0.264,293865000.0,525279000.0,54172000,0.302,4.806,24.186,23.626,203807000,0.0,31.305,6.387,6.387,158342000,1378948000,1277049000.0,1277049000.0,0.0,0.189,0.218,0.77,0.419,0.0,140688000.0,1.0,260565742,260565742,,4.901,1263133000,0,196523000.0,9327000,4.848,
67,TROW,ART,2004-09-30,2004-10-26,2004-09-30,2021-07-29,31553000,1843342000,1688019500.0,,,0.718,6.146,-44989000.0,490061000,490061000,439844000.0,308775000.0,,0.177,0,,,0,0,40500000.0,96858000,0.015,0.38,497034000.0,537534000.0,0.443,537534000.0,497034000.0,495754000.0,1.22,1.16,1.22,1566470000,1453391000.0,1566470000,6223566669,13.0,11.578,359541000.0,1.411,1.0,772826000.0,0.637,665692000,1280000.0,687589000,665138750.0,0,289931000,,,276872000,,,6713627669,263555000.0,0.0,33509000.0,-13168000.0,-93044000.0,-70902000.0,-70073000.0,-25084000.0,404530000.0,0.0,308775000.0,308775000.0,308775000.0,0.0,0.0,0.255,280787000.0,492039000.0,46644000,0.311,4.286,21.743,21.471,205682000,0.0,26.195,5.536,5.505,140361000,1311616000,1212670000.0,1212670000.0,0.0,0.183,0.212,0.747,0.41,0.0,135409000.0,1.0,256294242,254858000,,4.758,1177650000,0,186979000.0,0,4.621,
68,TROW,ART,2004-06-30,2004-07-28,2004-06-30,2021-07-29,30381000,1728136000,1605293750.0,,,0.719,5.899,-39787000.0,395242000,395242000,419330000.0,292541000.0,,0.154,0,,,0,0,41704000.0,91160000,0.016,0.37,470719000.0,512423000.0,0.444,512423000.0,470719000.0,469200000.0,1.16,1.105,1.16,1498062000,1378057250.0,1498062000,5552745459,12.0,10.836,337805000.0,1.33,1.0,735380000.0,0.637,665692000,1519000.0,667202000,651550750.0,0,283530000,,,230074000,,,5947987459,251099000.0,0.0,46422000.0,-18168000.0,-89784000.0,-58987000.0,-67506000.0,-27719000.0,377592000.0,0.0,292541000.0,292541000.0,292541000.0,0.0,0.0,0.253,268725000.0,466655000.0,42276000,0.319,3.97,20.332,20.147,202475000,0.0,23.37,5.151,5.14,135960000,1253347000,1154710000.0,1154710000.0,0.0,0.182,0.212,0.722,0.408,0.0,130659000.0,1.0,254513798,253952000,,4.547,1062444000,0,176659000.0,0,4.184,
69,TROW,ART,2004-03-31,2004-04-28,2004-03-31,2021-07-29,32240000,1634023000,1526357250.0,,,0.709,5.63,-35169000.0,306919000,306919000,400589000.0,266053000.0,,0.151,0,,,0,0,43566000.0,96078000,0.014,0.36,428430000.0,471996000.0,0.436,471996000.0,428430000.0,426899000.0,1.065,1.015,1.065,1419952000,1301362750.0,1419952000,6278362433,15.0,13.302,274123000.0,1.087,1.0,681911000.0,0.63,665692000,1531000.0,661412000,639668750.0,0,277316000,,,214071000,,,6585281433,174047000.0,0.0,36162000.0,-45699000.0,-86551000.0,-86241000.0,-49004000.0,-13835000.0,309292000.0,0.0,266053000.0,266053000.0,266053000.0,0.0,0.0,0.246,258454000.0,423457000.0,46254000,0.338,4.638,24.752,24.404,199423000,0.0,25.99,6.083,6.055,132905000,1197255000,1082500000.0,1082500000.0,0.0,0.174,0.204,0.67,0.396,0.0,125394000.0,1.0,253377508,252192000,,4.292,968331000,0,160846000.0,0,3.84,
70,TROW,ART,2003-12-31,2004-03-01,2003-12-31,2021-07-29,28755000,1546577000,1463821500.0,,,0.68,5.28,-31742000.0,236533000,236533000,382956000.0,227487000.0,,0.164,0,,,0,0,45289000.0,96276000,0.013,0.35,367215000.0,412504000.0,0.414,412504000.0,367215000.0,365516000.0,0.92,0.885,0.92,1329080000,1229852250.0,1329080000,6484319925,18.0,15.719,265213000.0,1.054,1.0,612611000.0,0.615,665692000,1699000.0,644352000,631886000.0,0,273245000,,,217497000,,,6720852925,125115000.0,0.0,7206000.0,-56699000.0,-83672000.0,-118181000.0,-53659000.0,-21917000.0,296955000.0,0.0,227487000.0,227487000.0,227487000.0,0.0,0.0,0.228,247571000.0,365040000.0,47699000,0.38,5.057,29.544,29.022,201094000,0.0,26.7,6.751,6.751,121295000,1143913000,995567000.0,995567000.0,0.0,0.155,0.185,0.581,0.369,0.0,121543000.0,1.0,251717338,251717338,,3.955,880885000,0,138029000.0,12890000,3.5,
71,TROW,ART,2003-09-30,2003-10-29,2003-09-30,2021-07-29,20403000,1512439000,1419785500.0,,,0.662,5.101,-28159000.0,226506000,226506000,367817000.0,205007000.0,,0.195,12996000,,,12996000,0,46967000.0,95057000,0.016,0.34,325084000.0,372051000.0,0.396,372051000.0,325084000.0,324745000.0,0.835,0.805,0.835,1265135000,1181042250.0,1265135000,4971527034,15.0,13.362,221192000.0,0.892,1.0,571565000.0,0.608,665692000,339000.0,633237000,633103500.0,0,243895000,,,247304000,,,5185037034,103090000.0,0.0,161000.0,-44531000.0,-82093000.0,-106753000.0,-39508000.0,-11349000.0,249351000.0,0.0,205007000.0,205007000.0,205007000.0,0.0,0.0,0.218,238999000.0,332566000.0,35173000,0.407,4.098,25.292,24.934,202057000,0.0,20.82,5.52,5.497,114648000,1098991000,939382000.0,939382000.0,0.0,0.144,0.174,0.513,0.346,0.0,78859000.0,1.0,249041164,248026000,,3.787,846747000,0,119738000.0,0,3.414,
72,TROW,ART,2003-06-30,2003-07-29,2003-06-30,2021-07-29,18104000,1412390000,1385660250.0,,,0.651,4.862,-27080000.0,144143000,144143000,358997000.0,181926000.0,,0.186,17119000,,,17119000,0,48392000.0,88617000,0.017,0.335,290633000.0,339025000.0,0.376,339025000.0,290633000.0,289289000.0,0.745,0.72,0.745,1191284000,1139835500.0,1191284000,4761289493,16.0,14.044,185940000.0,0.759,1.0,542413000.0,0.602,665692000,1344000.0,619674000,635642000.0,0,232352000,,,221106000,,,4888313493,46567000.0,0.0,-24001000.0,-41531000.0,-80777000.0,-123570000.0,-42883000.0,-15803000.0,213020000.0,0.0,181926000.0,181926000.0,181926000.0,0.0,0.0,0.202,243710000.0,298703000.0,38295000,0.45,4.103,26.87,26.564,205294000,0.0,19.79,5.423,5.379,106818000,1053851000,901410000.0,901410000.0,0.0,0.131,0.16,0.457,0.322,0.0,92281000.0,1.0,247009272,245014000,,3.679,746698000,0,107363000.0,0,3.048,
73,TROW,ART,2003-03-31,2003-05-02,2003-03-31,2021-07-29,8942000,1383880000,1371663000.0,,,0.656,4.63,-25833000.0,132872000,132872000,355367000.0,180004000.0,,0.22,44965000,,,44965000,0,49678000.0,86231000,0.021,0.33,288746000.0,338424000.0,0.376,338424000.0,288746000.0,286697000.0,0.735,0.71,0.735,1133910000,1115433500.0,1133910000,3674985206,13.0,10.859,234059000.0,0.956,1.0,544704000.0,0.605,665692000,2049000.0,630281000,643701750.0,0,220626000,,,249970000,,,3762892206,19426000.0,0.0,-104794000.0,-27000000.0,-79862000.0,-154795000.0,-85671000.0,-59838000.0,259892000.0,0.0,180004000.0,180004000.0,180004000.0,0.0,0.0,0.2,246040000.0,298664000.0,65258000,0.449,3.319,20.904,20.966,208735000,0.0,15.41,4.181,4.193,96211000,1020988000,900071000.0,900071000.0,0.0,0.131,0.161,0.449,0.321,0.0,107287000.0,1.0,244185088,244884000,,3.675,718188000,0,106693000.0,0,2.933,
74,TROW,ART,2002-12-31,2003-03-06,2002-12-31,2021-07-29,8641000,1370433000,1365997000.0,,,0.676,4.635,-26047000.0,111418000,111418000,357586000.0,194254000.0,,0.209,55899000,,,55899000,0,50578000.0,81292000,0.026,0.325,312238000.0,362816000.0,0.393,362816000.0,312238000.0,309604000.0,0.79,0.76,0.79,1133840000,1115394500.0,1133840000,3036284256,10.0,8.369,243251000.0,0.994,1.0,565916000.0,0.613,665692000,2634000.0,649222000,649258750.0,0,216080000,,,236593000,,,3091803256,31677000.0,0.0,-70453000.0,-49366000.0,-78701000.0,-142650000.0,-94971000.0,-68924000.0,269298000.0,0.0,194254000.0,194254000.0,194254000.0,0.0,0.0,0.21,245405000.0,320511000.0,43902000,0.411,2.727,15.916,16.0,215590000,0.0,12.64,3.348,3.348,96787000,1019925000,923502000.0,923502000.0,0.0,0.142,0.174,0.481,0.338,0.0,119844000.0,1.0,244604688,244604688,,3.775,704741000,0,115350000.0,0,2.881,
75,TROW,ART,2002-09-30,2002-10-31,2002-09-30,2021-07-29,3133000,1375938000,1351667500.0,,,0.695,4.495,-23746000.0,123416000,123416000,366567000.0,193094000.0,,0.251,56561000,,,56561000,0,58812000.0,75347000,0.023,0.32,320218000.0,379030000.0,0.403,379030000.0,320218000.0,315175000.0,0.78,0.75,0.78,1100308000,1101390750.0,1100308000,3390353050,11.0,8.945,210250000.0,0.859,1.0,573267000.0,0.61,665692000,5043000.0,643391000,654846000.0,0,204571000,,,275630000,,,3457208050,-57710000.0,0.0,-92414000.0,-83366000.0,-77678000.0,-200954000.0,-90752000.0,-67006000.0,233996000.0,0.0,193094000.0,193094000.0,193094000.0,0.0,0.0,0.205,253049000.0,320218000.0,38254000,0.41,3.142,17.904,18.109,221093000,0.0,14.125,3.679,3.679,97861000,996253000,939834000.0,939834000.0,0.0,0.143,0.175,0.489,0.341,0.0,172067000.0,1.0,244758092,244792000,,3.839,710246000,0,122081000.0,0,2.901,
76,TROW,ART,2002-06-30,2002-07-24,2002-06-30,2021-07-29,9157000,1356401000,1363256500.0,,,0.707,4.441,-21328000.0,97576000,97576000,369165000.0,200282000.0,,0.24,58780000,,,58780000,0,66320000.0,65878000,0.025,0.315,336245000.0,402565000.0,0.418,402565000.0,336245000.0,330101000.0,0.81,0.775,0.81,1093676000,1093119000.0,1093676000,3022503925,9.0,7.508,276728000.0,1.124,1.0,593991000.0,0.617,665692000,6144000.0,651913000,671179000.0,0,204179000,,,262725000,,,3061299925,-27961000.0,0.0,-75448000.0,-156366000.0,-76553000.0,-261947000.0,-64070000.0,-42742000.0,298056000.0,0.0,200282000.0,200282000.0,200282000.0,0.0,0.0,0.208,257746000.0,336245000.0,46688000,0.389,2.799,15.285,15.432,226936000,0.0,12.5,3.178,3.196,106027000,984482000,963156000.0,963156000.0,0.0,0.147,0.183,0.501,0.349,0.0,171742000.0,1.0,244903994,246272000,,3.911,690709000,0,129819000.0,7619000,2.805,
77,TROW,ART,2002-03-31,2002-04-23,2002-03-31,2021-07-29,12747000,1361216000,1378590500.0,,,0.718,4.589,-23783000.0,113446000,113446000,374666000.0,199584000.0,,0.201,70431000,,,70431000,0,73853000.0,29370000,0.017,0.31,342202000.0,416055000.0,0.421,416055000.0,342202000.0,333347000.0,0.81,0.775,0.81,1133754000,1080240250.0,1133754000,4361750964,13.0,10.484,245512000.0,0.994,1.0,614497000.0,0.621,665692000,8855000.0,652509000,714971500.0,0,170565000,,,227462000,,,4404765964,-36832000.0,0.0,-1577000.0,-218366000.0,-75156000.0,-279914000.0,-26213000.0,-2430000.0,269295000.0,0.0,199584000.0,199584000.0,199584000.0,0.0,0.0,0.202,272295000.0,342202000.0,39432000,0.383,3.885,22.07,21.975,233328000,0.0,17.8,4.453,4.446,113306000,1006647000,989163000.0,989163000.0,0.0,0.145,0.185,0.479,0.346,0.0,175663000.0,1.0,247458762,247062000,,4.004,695524000,0,133763000.0,25797000,2.815,
78,TROW,ART,2001-12-31,2002-03-14,2001-12-31,2021-07-29,11770000,1313115000,1402897750.0,,,0.732,4.359,-41375000.0,79741000,79741000,384943000.0,195868000.0,,0.218,103889000,,,103889000,0,80488000.0,25422000,0.015,0.305,343638000.0,424126000.0,0.413,424126000.0,343638000.0,330946000.0,0.795,0.76,0.795,1077825000,1048035000.0,1077825000,5068667670,15.0,11.951,248979000.0,1.007,1.0,642553000.0,0.625,665692000,12692000.0,671571000,779552000.0,0,154208000,,,235290000,,,5044519670,-785000.0,0.0,-17821000.0,-205000000.0,-73838000.0,-282169000.0,-8970000.0,32405000.0,290354000.0,0.0,195868000.0,195868000.0,195868000.0,0.0,0.0,0.191,299272000.0,343281000.0,37440000,0.384,4.68,25.755,25.66,241825000,0.0,20.4,4.91,4.91,104001000,973472000,1027496000.0,1027496000.0,0.0,0.14,0.187,0.441,0.334,0.0,182525000.0,1.0,247280376,247280376,,4.155,647423000,0,135078000.0,5342000,2.618,
79,TROW,ART,2001-09-30,2001-10-23,2001-09-30,2021-07-29,6753000,1422294000,1441983750.0,,,,4.328,,181126000,181126000,,,,0.333,140477000,,,140477000,0,,22843000,0.021,0.3,,,,,,,,,,1067221000,1026345000.0,1067221000,3512462397,,,,,1.0,,,672922000,,708723000,863215500.0,0,191238000,,,355073000,,,3553111397,,,,,,,,,,,,,,,,,,,41623000,,3.329,,,249685000,,14.39,,,103718000,948164000,,,,,,,,,,1.0,246915316,246566000,,,749372000,0,,44411000,3.039,
80,TROW,ART,2001-06-30,2001-07-26,2001-06-30,2021-07-29,16941000,1417737000,,,,,4.234,,125537000,125537000,,,,0.36,215107000,,,215107000,0,,19458000,0.016,0.29,,,,,,,,,,1042161000,,1042161000,4679159626,,,,,1.0,,,680224000,,827083000,,0,217879000,,,375576000,,,4589589626,,,,,,,,,,,,,,,,,,,40436000,,4.404,,,258258000,,18.635,,,115886000,916316000,,,,,,,,,,1.0,246288684,246164000,,,737513000,0,,16514000,2.996,
81,TROW,ART,2001-03-31,2001-04-24,2001-03-31,2021-07-29,13936000,1458445000,,,,,4.093,,150278000,150278000,,,,0.451,290419000,,,290419000,0,,14185000,0.016,0.28,,,,,,,,,,1004933000,,1004933000,4371909942,,,,,1.0,,,687755000,,910831000,,0,208198000,,,453512000,,,4231768942,,,,,,,,,,,,,,,,,,,56565000,,4.211,,,262044000,,17.2,,,127121000,883631000,,,,,,,,,,1.0,246033078,245502000,,,770690000,0,,29751000,3.139,
82,TROW,ART,2000-12-31,2001-03-26,2000-12-31,2021-07-29,32947000,1469459000,,,,,4.029,-85612000.0,80526000,80526000,380636000.0,269029000.0,,0.483,312277000,,,312277000,0,53692000.0,10932000,0.018,0.28,453568000.0,507260000.0,0.418,507260000.0,453568000.0,443847000.0,1.11,1.04,1.11,991065000,,991065000,3998646747,9.0,7.883,237123000.0,0.964,1.0,831691000.0,0.686,694985000,9721000.0,1006225000,,0,250207000,,,478394000,,,3766895747,-277946000.0,-783194000.0,19279000.0,295000000.0,-62880000.0,260405000.0,-861086000.0,7720000.0,322735000.0,0.0,269029000.0,269029000.0,269029000.0,0.0,0.0,0.222,363778000.0,467913000.0,56877000,0.252,3.801,14.002,13.797,255660000,0.0,15.315,3.107,3.107,131041000,852775000,1212327000.0,1212327000.0,0.0,,,,0.374,0.0,198348000.0,1.0,245961198,245961198,,4.929,774474000,0,174818000.0,13220000,3.149,
