None,ticker,dimension,calendardate,datekey,reportperiod,lastupdated,accoci,assets,assetsavg,assetsc,assetsnc,assetturnover,bvps,capex,cashneq,cashnequsd,cor,consolinc,currentratio,de,debt,debtc,debtnc,debtusd,deferredrev,depamor,deposits,divyield,dps,ebit,ebitda,ebitdamargin,ebitdausd,ebitusd,ebt,eps,epsdil,epsusd,equity,equityavg,equityusd,ev,evebit,evebitda,fcf,fcfps,fxusd,gp,grossmargin,intangibles,intexp,invcap,invcapavg,inventory,investments,investmentsc,investmentsnc,liabilities,liabilitiesc,liabilitiesnc,marketcap,ncf,ncfbus,ncfcommon,ncfdebt,ncfdiv,ncff,ncfi,ncfinv,ncfo,ncfx,netinc,netinccmn,netinccmnusd,netincdis,netincnci,netmargin,opex,opinc,payables,payoutratio,pb,pe,pe1,ppnenet,prefdivis,price,ps,ps1,receivables,retearn,revenue,revenueusd,rnd,roa,roe,roic,ros,sbcomp,sgna,sharefactor,sharesbas,shareswa,shareswadil,sps,tangibles,taxassets,taxexp,taxliabilities,tbvps,workingcapital
0,TROW,MRY,2020-12-31,2020-12-31,2020-12-31,2021-07-29,-23000000.0,10659000000.0,9726950000.0,,,0.638,34.037,-214600000.0,2151700000.0,2151700000.0,2460900000.0,2523300000.0,,0.18,154100000.0,,,154100000.0,0.0,189600000.0,0.0,0.024,3.6,3091600000.0,3281200000.0,0.529,3281200000.0,3091600000.0,3091600000.0,10.08,9.98,10.08,7707000000.0,7005050000.0,7707000000.0,32226762652.0,10.0,9.822,1704300000.0,7.527,1.0,3745800000.0,0.604,665700000.0,0.0,7995700000.0,7228250000.0,0.0,5946300000.0,,,1390300000.0,,,34279662652.0,398200000.0,-53900000.0,-1198000000.0,0.0,-845800000.0,-1486300000.0,-36300000.0,181700000.0,1918900000.0,1900000.0,2372700000.0,2372700000.0,2372700000.0,0.0,150600000.0,0.382,1000100000.0,2745700000.0,187700000.0,0.357,4.448,14.448,15.019,813000000.0,0.0,151.39,5.523,5.523,863100000.0,7029800000.0,6206700000.0,6206700000.0,0.0,0.244,0.339,0.428,0.498,246200000.0,399800000.0,1.0,226432807.0,226432807.0,,27.411,9993300000.0,0.0,718900000.0,85000000.0,44.134,
1,TROW,MRY,2019-12-31,2019-12-31,2019-12-31,2021-07-29,-43000000.0,9330400000.0,9024850000.0,,,0.622,30.393,-204600000.0,1781800000.0,1781800000.0,2231700000.0,2248900000.0,,0.156,146300000.0,,,146300000.0,0.0,190800000.0,0.0,0.025,3.04,2809700000.0,3000500000.0,0.534,3000500000.0,2809700000.0,2809700000.0,8.82,8.7,8.82,7102100000.0,6708000000.0,7102100000.0,26404446375.0,9.0,8.8,1318100000.0,5.641,1.0,3386200000.0,0.603,665700000.0,0.0,7029200000.0,6647825000.0,0.0,5216700000.0,,,1107300000.0,,,28471246375.0,363000000.0,-18400000.0,-622500000.0,0.0,-733900000.0,-832700000.0,-324500000.0,-108300000.0,1522700000.0,-2500000.0,2131300000.0,2131300000.0,2131300000.0,0.0,117600000.0,0.379,999200000.0,2387000000.0,214500000.0,0.345,4.009,13.359,13.814,785200000.0,0.0,121.84,5.068,5.068,646600000.0,6443500000.0,5617900000.0,5617900000.0,0.0,0.236,0.318,0.423,0.5,206600000.0,418700000.0,1.0,233677334.0,233677334.0,,24.041,8664700000.0,0.0,678400000.0,31800000.0,37.08,
2,TROW,MRY,2018-12-31,2018-12-31,2018-12-31,2021-07-29,-42000000.0,7689300000.0,7869100000.0,,,0.683,25.448,-168500000.0,1425200000.0,1425200000.0,2089800000.0,1768700000.0,,0.135,0.0,,,0.0,0.0,159500000.0,0.0,0.03,2.8,2453400000.0,2612900000.0,0.486,2612900000.0,2453400000.0,2453400000.0,7.41,7.27,7.41,6124300000.0,6150325000.0,6124300000.0,20126641719.0,8.0,7.703,1451400000.0,6.031,1.0,3282800000.0,0.611,665700000.0,0.0,5598400000.0,5533000000.0,0.0,4133800000.0,,,824700000.0,,,22217241719.0,-510500000.0,-23800000.0,-1015600000.0,0.0,-694300000.0,-1239500000.0,-875500000.0,-771600000.0,1619900000.0,-15400000.0,1837500000.0,1837500000.0,1837500000.0,0.0,-68800000.0,0.342,921400000.0,2361400000.0,228500000.0,0.378,3.628,12.091,12.459,661300000.0,0.0,92.32,4.135,4.135,549600000.0,5464100000.0,5372600000.0,5372600000.0,0.0,0.234,0.299,0.443,0.457,197100000.0,395600000.0,1.0,240654698.0,240654698.0,,22.325,7023600000.0,0.0,615900000.0,54200000.0,29.185,
3,TROW,MRY,2017-12-31,2017-12-31,2017-12-31,2021-07-29,-3600000.0,7535400000.0,6930800000.0,,,0.7,24.037,-186100000.0,1902700000.0,1902700000.0,1927500000.0,1581200000.0,,0.123,0.0,,,0.0,0.0,143600000.0,0.0,0.022,2.28,2421700000.0,2565300000.0,0.528,2565300000.0,2421700000.0,2421700000.0,6.07,5.97,6.07,5824400000.0,5380300000.0,5824400000.0,23556192077.0,10.0,9.183,43400000.0,0.179,1.0,2927400000.0,0.603,665700000.0,0.0,4967000000.0,4541325000.0,0.0,3525700000.0,,,718200000.0,,,25425592077.0,735300000.0,-64200000.0,-257000000.0,0.0,-563100000.0,461500000.0,39000000.0,296700000.0,229500000.0,5300000.0,1497800000.0,1497800000.0,1497800000.0,0.0,83400000.0,0.309,818600000.0,2108800000.0,216200000.0,0.376,4.365,16.975,17.287,652000000.0,0.0,104.93,5.237,5.237,565300000.0,4932900000.0,4854900000.0,4854900000.0,0.0,0.216,0.278,0.533,0.499,152000000.0,372100000.0,1.0,242310036.0,242310036.0,,20.036,6869700000.0,0.0,923900000.0,68300000.0,28.351,
4,TROW,MRY,2016-12-31,2016-12-31,2016-12-31,2021-07-29,11500000.0,6225000000.0,6433525000.0,,,0.666,20.575,-148300000.0,1204900000.0,1204900000.0,1727400000.0,1254000000.0,,0.106,0.0,,,0.0,0.0,133400000.0,0.0,0.029,2.16,1921500000.0,2054900000.0,0.48,2054900000.0,1921500000.0,1921500000.0,4.85,4.75,4.85,5008600000.0,4866750000.0,5008600000.0,16919778944.0,9.0,8.234,22200000.0,0.091,1.0,2557400000.0,0.597,665700000.0,0.0,4354400000.0,4466825000.0,0.0,2938000000.0,,,529200000.0,,,18320778944.0,98200000.0,41400000.0,-550600000.0,0.0,-540800000.0,-176400000.0,106200000.0,218800000.0,170500000.0,-2100000.0,1215000000.0,1215000000.0,1215000000.0,0.0,39000000.0,0.284,824000000.0,1733400000.0,180800000.0,0.445,3.658,15.079,15.518,615100000.0,0.0,75.26,4.276,4.276,455100000.0,4293600000.0,4284800000.0,4284800000.0,0.0,0.189,0.25,0.43,0.448,161600000.0,298300000.0,1.0,243433151.0,243433151.0,,17.602,5559300000.0,0.0,706500000.0,39300000.0,22.837,
5,TROW,MRY,2015-12-31,2015-12-31,2015-12-31,2021-07-29,86600000.0,5106900000.0,5437750000.0,,,0.772,18.965,-151300000.0,1172300000.0,1172300000.0,1595100000.0,1223000000.0,,0.072,0.0,,,0.0,0.0,126300000.0,0.0,0.057,4.08,2002400000.0,2128700000.0,0.507,2128700000.0,2002400000.0,2002400000.0,4.74,4.63,4.74,4762000000.0,4851175000.0,4762000000.0,16786407787.0,8.0,7.886,1379200000.0,5.493,1.0,2605500000.0,0.62,665700000.0,0.0,3268900000.0,3417975000.0,0.0,1961200000.0,,,344900000.0,,,17950807787.0,-333800000.0,0.0,-914300000.0,0.0,-1059000000.0,-1973300000.0,109000000.0,269700000.0,1530500000.0,0.0,1223000000.0,1223000000.0,1223000000.0,0.0,0.0,0.291,706600000.0,1898900000.0,170600000.0,0.861,3.77,14.678,15.082,607100000.0,0.0,71.49,4.273,4.273,446000000.0,3970700000.0,4200600000.0,4200600000.0,0.0,0.225,0.252,0.586,0.477,149000000.0,238900000.0,1.0,251095367.0,251095367.0,,16.729,4441200000.0,0.0,779400000.0,21200000.0,17.687,
6,TROW,MRY,2014-12-31,2014-12-31,2014-12-31,2021-07-29,136400000.0,5644400000.0,5636075000.0,,,0.707,20.8,-126200000.0,1506100000.0,1506100000.0,1473200000.0,1229600000.0,,0.046,0.0,,,0.0,0.0,111700000.0,0.0,0.02,1.76,2003100000.0,2114800000.0,0.531,2114800000.0,2003100000.0,2003100000.0,4.68,4.55,4.68,5395200000.0,5233375000.0,5395200000.0,20626581241.0,10.0,9.753,1217700000.0,4.695,1.0,2508900000.0,0.63,665700000.0,0.0,3472600000.0,3321825000.0,0.0,2292300000.0,,,249200000.0,,,22271081241.0,108100000.0,0.0,-330300000.0,0.0,-462100000.0,-792400000.0,-443400000.0,-305300000.0,1343900000.0,0.0,1229600000.0,1229600000.0,1229600000.0,0.0,0.0,0.309,618000000.0,1890900000.0,143400000.0,0.376,4.128,18.112,18.346,586400000.0,0.0,85.86,5.593,5.593,442800000.0,4450100000.0,3982100000.0,3982100000.0,0.0,0.218,0.235,0.603,0.503,133400000.0,219900000.0,1.0,259388321.0,259388321.0,,15.352,4978700000.0,0.0,773500000.0,23600000.0,19.194,
7,TROW,MRY,2013-12-31,2013-12-31,2013-12-31,2021-07-29,188300000.0,5033100000.0,4892350000.0,,,0.712,18.467,-105800000.0,1398000000.0,1398000000.0,1274100000.0,1047700000.0,,0.045,0.0,,,0.0,0.0,90600000.0,0.0,0.018,1.52,1700400000.0,1791000000.0,0.514,1791000000.0,1700400000.0,1700400000.0,4.02,3.9,4.02,4818100000.0,4444050000.0,4818100000.0,20162957212.0,12.0,11.258,1127400000.0,4.321,1.0,2210100000.0,0.634,665700000.0,0.0,2969400000.0,2768375000.0,0.0,1925500000.0,,,215000000.0,,,21856257212.0,518900000.0,0.0,104100000.0,0.0,-396700000.0,-276800000.0,-437500000.0,-320200000.0,1233200000.0,0.0,1047700000.0,1047700000.0,1047700000.0,0.0,0.0,0.301,509700000.0,1700400000.0,103900000.0,0.378,4.536,20.861,20.838,572900000.0,0.0,83.77,6.273,6.273,398800000.0,3682800000.0,3484200000.0,3484200000.0,0.0,0.214,0.236,0.614,0.488,114600000.0,222800000.0,1.0,260907929.0,260907929.0,,13.354,4367400000.0,0.0,652700000.0,38700000.0,16.739,
8,TROW,MRY,2012-12-31,2012-12-31,2012-12-31,2021-07-29,131900000.0,4202800000.0,4200550000.0,,,0.72,15.091,-76900000.0,879100000.0,879100000.0,1143700000.0,883600000.0,,0.093,0.0,,,0.0,0.0,80900000.0,154700000.0,0.036,2.36,1435100000.0,1516000000.0,0.502,1516000000.0,1435100000.0,1435100000.0,3.47,3.36,3.47,3846100000.0,3748225000.0,3846100000.0,15361075422.0,11.0,10.133,825900000.0,3.241,1.0,1878800000.0,0.622,665700000.0,0.0,2658000000.0,2487375000.0,0.0,1580800000.0,,,356700000.0,,,16596075422.0,-18800000.0,0.0,-48600000.0,0.0,-603400000.0,-611500000.0,-310100000.0,-220000000.0,902800000.0,0.0,883600000.0,883600000.0,883600000.0,0.0,0.0,0.292,443700000.0,1435100000.0,89700000.0,0.68,4.315,18.782,18.766,561000000.0,0.0,65.117,5.491,5.491,353900000.0,3031800000.0,3022500000.0,3022500000.0,0.0,0.21,0.236,0.577,0.475,104100000.0,213200000.0,1.0,254865088.0,254865088.0,,11.859,3537100000.0,0.0,551500000.0,21500000.0,13.878,
9,TROW,MRY,2011-12-31,2011-12-31,2011-12-31,2021-07-29,102800000.0,3770300000.0,3844575000.0,,,0.715,13.54,-82300000.0,897900000.0,897900000.0,1044400000.0,773200000.0,,0.102,0.0,,,0.0,0.0,72400000.0,173500000.0,0.022,1.24,1250600000.0,1323000000.0,0.482,1323000000.0,1250600000.0,1250600000.0,3.01,2.92,3.01,3420700000.0,3389750000.0,3420700000.0,13386445779.0,11.0,10.118,866100000.0,3.428,1.0,1702700000.0,0.62,665700000.0,0.0,2206700000.0,2182150000.0,0.0,1169200000.0,,,349600000.0,,,14387845779.0,84800000.0,0.0,-429100000.0,0.0,-317900000.0,-698600000.0,-165000000.0,-75100000.0,948400000.0,0.0,773200000.0,773200000.0,773200000.0,0.0,0.0,0.281,452100000.0,1250600000.0,82900000.0,0.412,4.206,18.608,18.92,567400000.0,0.0,56.95,5.237,5.237,304500000.0,2765200000.0,2747100000.0,2747100000.0,0.0,0.201,0.228,0.573,0.455,98700000.0,205800000.0,1.0,252639961.0,252639961.0,,10.874,3104600000.0,0.0,477400000.0,30000000.0,12.289,
10,TROW,MRY,2010-12-31,2010-12-31,2010-12-31,2021-07-29,139100000.0,3642000000.0,3500175000.0,,,0.676,12.855,-118000000.0,813100000.0,813100000.0,903600000.0,672200000.0,,0.105,0.0,,,0.0,0.0,63000000.0,160400000.0,0.017,1.08,1070000000.0,1133000000.0,0.479,1133000000.0,1070000000.0,1070000000.0,2.6,2.53,2.6,3296500000.0,3081775000.0,3296500000.0,15739942975.0,15.0,13.892,614800000.0,2.397,1.0,1463600000.0,0.618,665700000.0,0.0,2163200000.0,2053800000.0,0.0,1142300000.0,,,345500000.0,,,16550342975.0,69800000.0,-143600000.0,-157000000.0,0.0,-278900000.0,-386100000.0,-276900000.0,-15300000.0,732800000.0,0.0,672200000.0,672200000.0,672200000.0,0.0,0.0,0.284,393600000.0,1070000000.0,79400000.0,0.415,5.021,24.621,24.823,560300000.0,0.0,64.54,6.992,6.992,307900000.0,2599400000.0,2367200000.0,2367200000.0,0.0,0.192,0.218,0.521,0.452,89500000.0,196000000.0,1.0,256435435.0,256435435.0,,9.231,2976300000.0,0.0,397800000.0,33800000.0,11.606,
11,TROW,MRY,2009-12-31,2009-12-31,2009-12-31,2021-07-29,101900000.0,3210300000.0,3030050000.0,,,0.616,11.193,-133900000.0,743300000.0,743300000.0,804400000.0,433600000.0,,0.114,0.0,,,0.0,0.0,65700000.0,161300000.0,0.019,1.0,688900000.0,754600000.0,0.404,754600000.0,688900000.0,688900000.0,1.69,1.65,1.69,2882200000.0,2665650000.0,2882200000.0,12972681447.0,19.0,17.191,401700000.0,1.56,1.0,1063000000.0,0.569,665700000.0,0.0,1801300000.0,1671400000.0,0.0,905800000.0,,,328100000.0,,,13711981447.0,124200000.0,0.0,-23300000.0,0.0,-256900000.0,-244700000.0,-166700000.0,-32800000.0,535600000.0,0.0,433600000.0,433600000.0,433600000.0,0.0,0.0,0.232,374100000.0,688900000.0,79900000.0,0.592,4.757,31.624,31.509,512800000.0,0.0,53.25,7.343,7.343,246200000.0,2240100000.0,1867400000.0,1867400000.0,0.0,0.143,0.163,0.412,0.369,89100000.0,175600000.0,1.0,257501999.0,257501999.0,,7.252,2544600000.0,0.0,255300000.0,33600000.0,9.882,
12,TROW,MRY,2008-12-31,2008-12-31,2008-12-31,2021-07-29,-13100000.0,2819400000.0,2985275000.0,,,0.709,9.632,-144100000.0,619100000.0,619100000.0,815600000.0,490800000.0,,0.133,0.0,,,0.0,0.0,62300000.0,157800000.0,0.027,0.96,796200000.0,858500000.0,0.406,858500000.0,796200000.0,796200000.0,1.89,1.81,1.89,2488800000.0,2593950000.0,2488800000.0,8304851653.0,10.0,9.674,597700000.0,2.313,1.0,1300700000.0,0.615,665700000.0,0.0,1534600000.0,1626700000.0,0.0,721400000.0,,,330600000.0,,,9157551653.0,-166000000.0,0.0,-582500000.0,0.0,-312500000.0,-782800000.0,-125000000.0,19000000.0,741800000.0,0.0,490800000.0,490800000.0,490800000.0,0.0,0.0,0.232,504500000.0,796200000.0,86800000.0,0.508,3.68,18.658,18.751,440100000.0,0.0,35.44,4.327,4.327,177300000.0,2086800000.0,2116300000.0,2116300000.0,0.0,0.164,0.189,0.489,0.376,85500000.0,205900000.0,1.0,258395927.0,258395927.0,,8.19,2153700000.0,0.0,305400000.0,25300000.0,8.335,
13,TROW,MRY,2007-12-31,2007-12-31,2007-12-31,2021-07-29,95000000.0,3177300000.0,3089850000.0,,,0.721,10.517,-145600000.0,785100000.0,785100000.0,797200000.0,670600000.0,,0.144,0.0,,,0.0,0.0,54000000.0,114300000.0,0.012,0.75,1076800000.0,1130800000.0,0.507,1130800000.0,1076800000.0,1076800000.0,2.53,2.4,2.53,2777100000.0,2659675000.0,2777100000.0,15227924384.0,14.0,13.467,612400000.0,2.319,1.0,1431100000.0,0.642,665700000.0,0.0,1726500000.0,1561825000.0,0.0,1002200000.0,,,400200000.0,,,16075624384.0,12100000.0,0.0,-315400000.0,0.0,-180300000.0,-401200000.0,-344700000.0,-199200000.0,758000000.0,0.0,670600000.0,670600000.0,670600000.0,0.0,0.0,0.301,354300000.0,1076800000.0,99500000.0,0.296,5.789,23.972,24.063,358300000.0,0.0,60.88,7.214,7.214,265300000.0,2333400000.0,2228300000.0,2228300000.0,0.0,0.217,0.252,0.689,0.483,79800000.0,200000000.0,1.0,264054277.0,264054277.0,,8.439,2511600000.0,0.0,406200000.0,41700000.0,9.512,
14,TROW,MRY,2006-12-31,2006-12-31,2006-12-31,2021-07-29,69300000.0,2765300000.0,2603389250.0,,,0.697,9.205,-94400000.0,773000000.0,773000000.0,658400000.0,529600000.0,,0.139,0.0,,,0.0,0.0,46900000.0,114700000.0,0.013,0.59,858600000.0,905500000.0,0.499,905500000.0,858600000.0,858300000.0,2.01,1.9,2.01,2426900000.0,2252668250.0,2426900000.0,10663177362.0,12.0,11.776,498800000.0,1.892,1.0,1156600000.0,0.637,669400000.0,300000.0,1322900000.0,1085854750.0,0.0,762400000.0,,,338400000.0,,,11539385362.0,-30600000.0,0.0,-65900000.0,0.0,-147600000.0,-202600000.0,-421200000.0,-322900000.0,593200000.0,0.0,529600000.0,529600000.0,529600000.0,0.0,0.0,0.292,369700000.0,786900000.0,77200000.0,0.294,4.755,21.789,21.776,264900000.0,0.0,43.77,6.358,6.358,223500000.0,2057100000.0,1815000000.0,1815000000.0,0.0,0.203,0.235,0.791,0.473,61000000.0,179800000.0,1.0,263636860.0,263636860.0,,6.884,2095900000.0,0.0,328700000.0,33900000.0,7.95,
15,TROW,MRY,2005-12-31,2005-12-31,2005-12-31,2021-07-29,48500000.0,2310500000.0,2155020500.0,,,0.702,7.79,-52300000.0,803600000.0,803600000.0,522400000.0,431000000.0,,0.135,0.0,,,0.0,0.0,42300000.0,103800000.0,0.013,0.485,679800000.0,722100000.0,0.478,722100000.0,679800000.0,679400000.0,1.65,1.58,1.65,2036100000.0,1875552750.0,2036100000.0,8641263435.0,13.0,11.967,487200000.0,1.864,1.0,989800000.0,0.655,665700000.0,400000.0,841200000.0,793701750.0,0.0,401500000.0,,,274400000.0,,,9413637435.0,303900000.0,0.0,-27900000.0,0.0,-119500000.0,-144000000.0,-91600000.0,-42000000.0,539500000.0,0.0,431000000.0,431000000.0,431000000.0,0.0,0.0,0.285,334800000.0,655000000.0,62500000.0,0.294,4.623,21.841,21.827,214800000.0,0.0,36.015,6.225,6.225,175000000.0,1683300000.0,1512200000.0,1512200000.0,0.0,0.2,0.23,0.856,0.45,3200000.0,160500000.0,1.0,261381020.0,261381020.0,,5.785,1644800000.0,0.0,248400000.0,15600000.0,6.293,
16,TROW,MRY,2004-12-31,2004-12-31,2004-12-31,2021-07-29,41666000.0,1928825000.0,1783581500.0,,,0.716,6.622,-43100000.0,499750000.0,499750000.0,457900000.0,337200000.0,,0.136,0.0,,,0.0,0.0,40000000.0,100427000.0,0.013,0.4,534700000.0,574700000.0,0.45,574700000.0,534700000.0,533700000.0,1.32,1.26,1.32,1697300000.0,1545446000.0,1697300000.0,7480689926.0,14.0,13.017,331200000.0,1.292,1.0,819100000.0,0.641,665692000.0,1000000.0,763383000.0,694896500.0,0.0,329234000.0,,,231525000.0,,,7970750926.0,263200000.0,0.0,56800000.0,0.0,-96200000.0,-35200000.0,-75900000.0,-32800000.0,374300000.0,0.0,337200000.0,337200000.0,337200000.0,0.0,0.0,0.264,293900000.0,525200000.0,54172000.0,0.303,4.696,23.638,23.561,203807000.0,0.0,31.1,6.242,6.242,158342000.0,1378948000.0,1277000000.0,1277000000.0,0.0,0.189,0.218,0.769,0.419,0.0,140700000.0,1.0,256294242.0,256294242.0,,4.983,1263133000.0,0.0,196500000.0,9327000.0,4.928,
17,TROW,MRY,2003-12-31,2003-12-31,2003-12-31,2021-07-29,28755000.0,1546577000.0,1463821500.0,,,0.68,5.337,-31742000.0,236533000.0,236533000.0,382956000.0,227487000.0,,0.164,0.0,,,0.0,0.0,45289000.0,96276000.0,0.015,0.35,367215000.0,412504000.0,0.414,412504000.0,367215000.0,365516000.0,0.92,0.885,0.92,1329080000.0,1229852250.0,1329080000.0,5690010793.0,15.0,13.794,265213000.0,1.065,1.0,612611000.0,0.615,665692000.0,1699000.0,644352000.0,631886000.0,0.0,273245000.0,,,217497000.0,,,5903520793.0,125115000.0,0.0,7206000.0,-56699000.0,-83672000.0,-118181000.0,-53659000.0,-21917000.0,296955000.0,0.0,227487000.0,227487000.0,227487000.0,0.0,0.0,0.228,247571000.0,365040000.0,47699000.0,0.38,4.442,25.951,25.766,201094000.0,0.0,23.705,5.93,5.93,121295000.0,1143913000.0,995567000.0,995567000.0,0.0,0.155,0.185,0.581,0.369,0.0,121543000.0,1.0,249041164.0,249041164.0,,3.998,880885000.0,0.0,138029000.0,12890000.0,3.537,
18,TROW,MRY,2002-12-31,2002-12-31,2002-12-31,2021-07-29,8641000.0,1370433000.0,1365997000.0,,,0.676,4.632,-26047000.0,111418000.0,111418000.0,357586000.0,194254000.0,,0.209,55899000.0,,,55899000.0,0.0,50578000.0,81292000.0,0.024,0.325,312238000.0,362816000.0,0.393,362816000.0,312238000.0,309604000.0,0.79,0.76,0.79,1133840000.0,1115394500.0,1133840000.0,3271645375.0,10.0,9.017,243251000.0,0.994,1.0,565916000.0,0.613,665692000.0,2634000.0,649222000.0,649258750.0,0.0,216080000.0,,,236593000.0,,,3338500375.0,31677000.0,0.0,-70453000.0,-49366000.0,-78701000.0,-142650000.0,-94971000.0,-68924000.0,269298000.0,0.0,194254000.0,194254000.0,194254000.0,0.0,0.0,0.21,245405000.0,320511000.0,42317000.0,0.411,2.944,17.186,17.266,215590000.0,0.0,13.64,3.615,3.615,96787000.0,1019925000.0,923502000.0,923502000.0,0.0,0.142,0.174,0.481,0.338,0.0,119844000.0,1.0,244758092.0,244758092.0,,3.773,704741000.0,0.0,115350000.0,1585000.0,2.879,
19,TROW,MRY,2001-12-31,2001-12-31,2001-12-31,2021-07-29,11770000.0,1313115000.0,1402897750.0,,,0.71,4.365,-41375000.0,79741000.0,79741000.0,384959000.0,195868000.0,,0.218,103889000.0,,,103889000.0,0.0,80488000.0,25422000.0,0.018,0.305,342627000.0,423115000.0,0.425,423115000.0,342627000.0,330946000.0,0.795,0.76,0.795,1077825000.0,1048035000.0,1077825000.0,4247035462.0,12.0,10.038,248979000.0,1.008,1.0,610487000.0,0.613,665692000.0,11681000.0,671571000.0,779552000.0,0.0,154208000.0,,,235290000.0,,,4287684462.0,-785000.0,0.0,-17821000.0,-205000000.0,-73838000.0,-282169000.0,-8970000.0,32405000.0,290354000.0,0.0,195868000.0,195868000.0,195868000.0,0.0,0.0,0.197,299256000.0,311231000.0,42782000.0,0.384,3.978,21.891,21.843,241825000.0,0.0,17.365,4.307,4.307,104001000.0,973472000.0,995446000.0,995446000.0,0.0,0.14,0.187,0.44,0.344,0.0,131249000.0,1.0,246915316.0,246915316.0,,4.032,647423000.0,0.0,135078000.0,0.0,2.622,
20,TROW,MRY,2000-12-31,2000-12-31,2000-12-31,2021-07-29,32947000.0,1469459000.0,1233749000.0,,,0.935,4.029,-85612000.0,80526000.0,80526000.0,380636000.0,269029000.0,,0.483,312277000.0,,,312277000.0,0.0,53692000.0,10932000.0,0.013,0.27,453359000.0,507051000.0,0.439,507051000.0,453359000.0,443847000.0,1.11,1.04,1.11,991065000.0,880624500.0,991065000.0,,,,237123000.0,0.964,1.0,773264000.0,0.67,694985000.0,9512000.0,1006225000.0,830517000.0,0.0,206804000.0,,,478394000.0,,,5198389920.0,-277946000.0,-783194000.0,19279000.0,295000000.0,-62880000.0,260405000.0,-861086000.0,7720000.0,322735000.0,0.0,269029000.0,269029000.0,269029000.0,0.0,0.0,0.233,363778000.0,409486000.0,57243000.0,0.243,5.245,19.323,19.041,255660000.0,0.0,21.135,4.505,4.505,131041000.0,852775000.0,1153900000.0,1153900000.0,0.0,0.218,0.305,0.546,0.393,0.0,156860000.0,1.0,245961198.0,245961198.0,,4.691,774474000.0,0.0,174818000.0,13220000.0,3.149,
21,TROW,MRY,1999-12-31,1999-12-31,1999-12-31,2021-07-29,48727000.0,998039000.0,,,,,,-77417000.0,358472000.0,358472000.0,329385000.0,239404000.0,,0.296,17716000.0,,,17716000.0,0.0,33373000.0,0.0,0.012,0.215,394744000.0,428117000.0,0.413,428117000.0,394744000.0,394570000.0,0.995,0.925,0.995,770184000.0,,770184000.0,,,,219520000.0,,1.0,706994000.0,0.682,2474000.0,174000.0,654809000.0,,0.0,278910000.0,,,227855000.0,,,,74634000.0,0.0,-57451000.0,15019000.0,-48241000.0,-104152000.0,-118151000.0,-40734000.0,296937000.0,0.0,239404000.0,239404000.0,239404000.0,0.0,0.0,0.231,292050000.0,414944000.0,37712000.0,0.216,,,18.563,210302000.0,0.0,18.47,,,121637000.0,649378000.0,1036379000.0,1036379000.0,0.0,,,,0.381,0.0,168148000.0,1.0,,,,,995565000.0,0.0,155166000.0,31819000.0,,
22,TROW,MRY,1998-12-31,1998-12-31,1998-12-31,2021-07-29,,,,,,,,-56558000.0,,,304376000.0,174140000.0,,,,,,,,33360000.0,,0.01,0.178,292816000.0,326176000.0,0.368,326176000.0,292816000.0,292816000.0,0.73,0.67,0.73,,,,,,,175417000.0,,1.0,581766000.0,0.657,,0.0,,,,,,,,,,,83429000.0,0.0,-23523000.0,0.0,-40406000.0,-80973000.0,-67573000.0,-11015000.0,231975000.0,0.0,174140000.0,174140000.0,174140000.0,0.0,0.0,0.197,268952000.0,312814000.0,,0.244,,,23.329,,0.0,17.03,,,,,886142000.0,886142000.0,0.0,,,,0.33,0.0,156418000.0,1.0,,,,,,,118676000.0,,,
0,TROW,MRQ,2021-06-30,2021-06-30,2021-06-30,2021-07-29,-28700000.0,11279200000.0,,,,,34.793,-63000000.0,3514900000.0,3514900000.0,696500000.0,842700000.0,,0.317,138500000.0,,,138500000.0,0.0,50400000.0,0.0,0.035,4.08,1075000000.0,1125400000.0,0.583,1125400000.0,1075000000.0,1075000000.0,3.5,3.46,3.5,7893000000.0,,7893000000.0,42226498183.0,11.0,10.263,744300000.0,3.281,1.0,1232800000.0,0.639,665700000.0,0.0,7237100000.0,,0.0,5141800000.0,,,2505800000.0,,,44910598183.0,657200000.0,-16900000.0,-48400000.0,0.0,-252800000.0,-185200000.0,36500000.0,112300000.0,807300000.0,-1400000.0,815700000.0,815700000.0,815700000.0,0.0,27000000.0,0.423,274700000.0,958100000.0,246200000.0,1.166,5.69,15.012,15.466,818400000.0,0.0,197.97,6.339,6.339,918200000.0,7202600000.0,1929300000.0,1929300000.0,0.0,,,,,56400000.0,112100000.0,1.0,226855575.0,226855575.0,,8.505,10613500000.0,0.0,259300000.0,102400000.0,46.785,
1,TROW,MRQ,2021-03-31,2021-03-31,2021-03-31,2021-07-29,-30500000.0,10764400000.0,,,,,35.132,-58800000.0,2830100000.0,2830100000.0,669100000.0,764800000.0,,0.218,146000000.0,,,146000000.0,0.0,49000000.0,0.0,0.022,1.08,979900000.0,1028900000.0,0.563,1028900000.0,979900000.0,979900000.0,3.2,3.17,3.2,8008200000.0,,8008200000.0,37117947500.0,10.0,9.565,935900000.0,4.106,1.0,1157700000.0,0.634,665700000.0,0.0,7414600000.0,,0.0,5350400000.0,,,1743300000.0,,,39115547500.0,657300000.0,-27300000.0,-238300000.0,0.0,-252300000.0,-307500000.0,-30800000.0,47800000.0,994700000.0,900000.0,749400000.0,749400000.0,749400000.0,0.0,15400000.0,0.41,264500000.0,893200000.0,228900000.0,0.338,4.884,14.075,14.444,814100000.0,0.0,171.6,5.953,5.953,885900000.0,7338700000.0,1826800000.0,1826800000.0,0.0,,,,,57500000.0,106200000.0,1.0,227946081.0,227946081.0,,8.014,10098700000.0,0.0,230500000.0,284000000.0,44.303,
2,TROW,MRQ,2020-12-31,2020-12-31,2020-12-31,2021-07-29,-23000000.0,10659000000.0,,,,,34.037,-59200000.0,2151700000.0,2151700000.0,717700000.0,929600000.0,,0.18,154100000.0,,,154100000.0,0.0,45600000.0,0.0,0.024,0.9,999800000.0,1045400000.0,0.603,1045400000.0,999800000.0,999800000.0,3.35,3.32,3.35,7707000000.0,,7707000000.0,32226762652.0,10.0,9.822,-57200000.0,-0.253,1.0,1015200000.0,0.586,665700000.0,0.0,7995700000.0,,0.0,5946300000.0,,,1390300000.0,,,34279662652.0,-49700000.0,-4800000.0,-115700000.0,0.0,-210100000.0,-67000000.0,16800000.0,40100000.0,2000000.0,-1500000.0,783400000.0,783400000.0,783400000.0,0.0,146200000.0,0.452,259300000.0,755900000.0,187700000.0,0.269,4.448,14.448,15.019,813000000.0,0.0,151.39,5.523,5.523,863100000.0,7029800000.0,1732900000.0,1732900000.0,0.0,,,,,81700000.0,109300000.0,1.0,226432807.0,226432807.0,,7.653,9993300000.0,0.0,216400000.0,85000000.0,44.134,
3,TROW,MRQ,2020-09-30,2020-09-30,2020-09-30,2021-07-29,-42700000.0,10134600000.0,,,,,31.405,-50100000.0,2228200000.0,2228200000.0,625800000.0,698600000.0,,0.234,175300000.0,,,175300000.0,0.0,49700000.0,0.0,0.027,0.9,865100000.0,914800000.0,0.573,914800000.0,865100000.0,865100000.0,2.75,2.73,2.75,7128500000.0,,7128500000.0,27212397607.0,10.0,9.081,226100000.0,0.996,1.0,970000000.0,0.608,665700000.0,0.0,7416000000.0,,0.0,5473100000.0,,,1665900000.0,,,29104097607.0,123300000.0,-39900000.0,-109200000.0,0.0,-210000000.0,-108200000.0,-55500000.0,30800000.0,276200000.0,10800000.0,643200000.0,643200000.0,643200000.0,0.0,55400000.0,0.403,241100000.0,728900000.0,186900000.0,0.327,4.083,13.634,14.199,821100000.0,0.0,128.22,4.898,4.898,714800000.0,6471300000.0,1595800000.0,1595800000.0,0.0,,,,,52900000.0,88700000.0,1.0,226985631.0,226985631.0,,7.03,9468900000.0,0.0,221900000.0,66700000.0,41.716,
4,TROW,MRQ,2020-06-30,2020-06-30,2020-06-30,2021-07-29,-52200000.0,9477300000.0,,,,,29.667,-59300000.0,2058100000.0,2058100000.0,611000000.0,728500000.0,,0.242,166400000.0,,,166400000.0,0.0,48200000.0,0.0,0.027,0.9,843300000.0,891500000.0,0.63,891500000.0,843300000.0,843300000.0,2.58,2.55,2.58,6750700000.0,,6750700000.0,26712487050.0,10.0,9.438,793700000.0,3.488,1.0,804400000.0,0.568,665700000.0,0.0,6919900000.0,,0.0,5061500000.0,,,1636500000.0,,,28102287050.0,502800000.0,-8400000.0,-119900000.0,0.0,-210500000.0,-318800000.0,-25200000.0,36800000.0,853000000.0,-6200000.0,603000000.0,603000000.0,603000000.0,0.0,125500000.0,0.426,250700000.0,553700000.0,194300000.0,0.349,4.163,13.794,14.461,816900000.0,0.0,123.5,4.868,4.868,655700000.0,6102900000.0,1415400000.0,1415400000.0,0.0,,,,,53300000.0,99800000.0,1.0,227548883.0,227548883.0,,6.22,8811600000.0,0.0,240300000.0,259300000.0,38.724,
5,TROW,MRQ,2020-03-31,2020-03-31,2020-03-31,2021-07-29,-49100000.0,8636900000.0,,,,,27.258,-46000000.0,1562400000.0,1562400000.0,506400000.0,166600000.0,,0.191,172600000.0,,,172600000.0,0.0,46100000.0,0.0,0.033,0.9,383400000.0,429500000.0,0.294,429500000.0,383400000.0,383400000.0,1.43,1.41,1.43,6434000000.0,,6434000000.0,21413907556.0,9.0,7.948,741700000.0,3.142,1.0,956200000.0,0.654,665700000.0,0.0,6581400000.0,,0.0,4755600000.0,,,1231900000.0,,,23049407556.0,-178200000.0,-800000.0,-853200000.0,0.0,-215200000.0,-992300000.0,27600000.0,74000000.0,787700000.0,-1200000.0,343100000.0,343100000.0,343100000.0,0.0,-176500000.0,0.235,249000000.0,707200000.0,198500000.0,0.629,3.582,11.749,11.996,812800000.0,0.0,97.65,4.006,4.006,585300000.0,5782900000.0,1462600000.0,1462600000.0,0.0,,,,,58300000.0,102000000.0,1.0,236041040.0,236041040.0,,6.196,7971200000.0,0.0,40300000.0,58300000.0,33.77,
6,TROW,MRQ,2019-12-31,2019-12-31,2019-12-31,2021-07-29,-43000000.0,9330400000.0,,,,,30.393,-55700000.0,1781800000.0,1781800000.0,595400000.0,593900000.0,,0.156,146300000.0,,,146300000.0,0.0,59100000.0,0.0,0.025,0.76,701700000.0,760800000.0,0.518,760800000.0,701700000.0,701700000.0,2.27,2.23,2.27,7102100000.0,,7102100000.0,26404446375.0,9.0,8.8,-33700000.0,-0.144,1.0,873300000.0,0.595,665700000.0,0.0,7029200000.0,,0.0,5216700000.0,,,1107300000.0,,,28471246375.0,-435800000.0,-10100000.0,-162800000.0,0.0,-183500000.0,-209700000.0,-247800000.0,-185300000.0,22000000.0,-300000.0,545300000.0,545300000.0,545300000.0,0.0,48600000.0,0.371,293000000.0,580300000.0,214500000.0,0.335,4.009,13.359,13.814,785200000.0,0.0,121.84,5.068,5.068,646600000.0,6443500000.0,1468700000.0,1468700000.0,0.0,,,,,70500000.0,137600000.0,1.0,233677334.0,233677334.0,,6.285,8664700000.0,0.0,156400000.0,31800000.0,37.08,
7,TROW,MRQ,2019-09-30,2019-09-30,2019-09-30,2021-07-29,-48700000.0,9397800000.0,,,,,29.036,-54400000.0,2213200000.0,2213200000.0,530800000.0,545100000.0,,0.213,146400000.0,,,146400000.0,0.0,45700000.0,0.0,0.026,0.76,702900000.0,748600000.0,0.525,748600000.0,702900000.0,702900000.0,2.26,2.23,2.26,6839800000.0,,6839800000.0,25265804563.0,10.0,9.172,497500000.0,2.112,1.0,895900000.0,0.628,665700000.0,0.0,6665300000.0,,0.0,4853300000.0,,,1455100000.0,,,26913304563.0,381000000.0,-3200000.0,-135700000.0,0.0,-182600000.0,-121500000.0,-47600000.0,8100000.0,551900000.0,-1800000.0,545900000.0,545900000.0,545900000.0,0.0,-800000.0,0.383,236800000.0,659100000.0,203300000.0,0.336,3.935,13.888,14.299,790100000.0,0.0,114.25,4.934,4.934,620600000.0,6187000000.0,1426700000.0,1426700000.0,0.0,,,,,45400000.0,92300000.0,1.0,235565029.0,235565029.0,,6.057,8732100000.0,0.0,157000000.0,49200000.0,37.069,
8,TROW,MRQ,2019-06-30,2019-06-30,2019-06-30,2021-07-29,-38500000.0,8912300000.0,,,,,27.821,-46800000.0,1802400000.0,1802400000.0,547600000.0,555900000.0,,0.201,154900000.0,,,154900000.0,0.0,44100000.0,0.0,0.027,0.76,711200000.0,755300000.0,0.541,755300000.0,711200000.0,711200000.0,2.18,2.15,2.18,6579100000.0,,6579100000.0,24448217999.0,9.0,8.691,323300000.0,1.367,1.0,847600000.0,0.608,665700000.0,0.0,6599100000.0,,0.0,4778600000.0,,,1320900000.0,,,25943717999.0,179600000.0,-1700000.0,-136600000.0,0.0,-183200000.0,-195500000.0,4700000.0,51000000.0,370100000.0,300000.0,527500000.0,527500000.0,527500000.0,0.0,28400000.0,0.378,232500000.0,615100000.0,193000000.0,0.349,3.943,13.136,13.595,792100000.0,0.0,109.71,4.785,4.785,619800000.0,5915900000.0,1395200000.0,1395200000.0,0.0,,,,,47200000.0,94200000.0,1.0,236475417.0,236475417.0,,5.9,8246600000.0,0.0,183700000.0,52400000.0,34.873,
9,TROW,MRQ,2019-03-31,2019-03-31,2019-03-31,2021-07-29,-41600000.0,8458900000.0,,,,,26.712,-47700000.0,1657400000.0,1657400000.0,557900000.0,554000000.0,,0.2,161900000.0,,,161900000.0,0.0,41900000.0,0.0,0.029,0.76,693900000.0,735800000.0,0.554,735800000.0,693900000.0,693900000.0,2.11,2.09,2.11,6311000000.0,,6311000000.0,22229513735.0,9.0,8.192,531000000.0,2.247,1.0,769400000.0,0.58,665700000.0,0.0,6297700000.0,,0.0,4483000000.0,,,1261200000.0,,,23654713735.0,238200000.0,-3400000.0,-187400000.0,0.0,-184600000.0,-306000000.0,-33800000.0,17900000.0,578700000.0,-700000.0,512600000.0,512600000.0,512600000.0,0.0,41400000.0,0.386,236900000.0,532500000.0,210000000.0,0.36,3.748,12.473,13.003,794400000.0,0.0,100.12,4.403,4.403,604600000.0,5650800000.0,1327300000.0,1327300000.0,0.0,,,,,43500000.0,94600000.0,1.0,236263621.0,236263621.0,,5.618,7793200000.0,0.0,181300000.0,197500000.0,32.985,
10,TROW,MRQ,2018-12-31,2018-12-31,2018-12-31,2021-07-29,-42000000.0,7689300000.0,,,,,25.448,-47000000.0,1425200000.0,1425200000.0,524800000.0,272000000.0,,0.135,0.0,,,0.0,0.0,44600000.0,0.0,0.03,0.7,470300000.0,514900000.0,0.395,514900000.0,470300000.0,470300000.0,1.44,1.42,1.44,6124300000.0,,6124300000.0,20126641719.0,8.0,7.703,86500000.0,0.359,1.0,780200000.0,0.598,665700000.0,0.0,5598400000.0,,0.0,4133800000.0,,,824700000.0,,,22217241719.0,-701000000.0,-1300000.0,-588600000.0,0.0,-172000000.0,-776400000.0,-45100000.0,3500000.0,133500000.0,-13000000.0,351900000.0,351900000.0,351900000.0,0.0,-79900000.0,0.27,237900000.0,542300000.0,228500000.0,0.486,3.628,12.091,12.459,661300000.0,0.0,92.32,4.135,4.135,549600000.0,5464100000.0,1305000000.0,1305000000.0,0.0,,,,,61800000.0,113000000.0,1.0,240654698.0,240654698.0,,5.423,7023600000.0,0.0,118400000.0,54200000.0,29.185,
11,TROW,MRQ,2018-09-30,2018-09-30,2018-09-30,2021-07-29,-31000000.0,8530600000.0,,,,,26.566,-42900000.0,2090600000.0,2090600000.0,525700000.0,581600000.0,,0.187,0.0,,,0.0,0.0,40200000.0,0.0,0.024,0.7,766900000.0,807100000.0,0.579,807100000.0,766900000.0,766900000.0,2.34,2.3,2.34,6460500000.0,,6460500000.0,25067160954.0,10.0,9.188,514200000.0,2.114,1.0,868900000.0,0.623,665700000.0,0.0,5774300000.0,,0.0,4332200000.0,,,1209500000.0,,,26551560954.0,600000000.0,-800000.0,-69500000.0,0.0,-173600000.0,-74900000.0,113600000.0,75800000.0,557100000.0,4200000.0,583000000.0,583000000.0,583000000.0,0.0,-1400000.0,0.418,228300000.0,640600000.0,249900000.0,0.299,4.11,14.488,14.834,657000000.0,0.0,109.18,4.949,4.949,583100000.0,5788500000.0,1394600000.0,1394600000.0,0.0,,,,,44500000.0,93900000.0,1.0,243190703.0,243190703.0,,5.735,7864900000.0,0.0,183900000.0,80300000.0,32.34,
12,TROW,MRQ,2018-06-30,2018-06-30,2018-06-30,2021-07-29,-23700000.0,7882200000.0,,,,,25.253,-41900000.0,1484400000.0,1484400000.0,527600000.0,459600000.0,,0.168,0.0,,,0.0,0.0,37800000.0,0.0,0.022,0.7,618100000.0,655900000.0,0.488,655900000.0,618100000.0,618100000.0,1.81,1.77,1.81,6114600000.0,,6114600000.0,26428341562.0,11.0,10.329,366400000.0,1.513,1.0,817400000.0,0.608,665700000.0,0.0,5732100000.0,,0.0,4316500000.0,,,1028400000.0,,,28109741562.0,-169900000.0,-200000.0,-112400000.0,0.0,-173900000.0,-146100000.0,-424200000.0,-387500000.0,408300000.0,-7900000.0,448900000.0,448900000.0,448900000.0,0.0,10700000.0,0.334,222700000.0,594700000.0,220000000.0,0.387,4.597,17.134,17.563,655200000.0,0.0,116.09,5.396,5.396,564400000.0,5435100000.0,1345000000.0,1345000000.0,0.0,,,,,45200000.0,92400000.0,1.0,242137493.0,242137493.0,,5.555,7216500000.0,0.0,169200000.0,56400000.0,29.803,
13,TROW,MRQ,2018-03-31,2018-03-31,2018-03-31,2021-07-29,-6400000.0,7374300000.0,,,,,24.144,-36700000.0,1681400000.0,1681400000.0,511700000.0,455500000.0,,0.157,0.0,,,0.0,0.0,36900000.0,0.0,0.022,0.7,598100000.0,635000000.0,0.478,635000000.0,598100000.0,598100000.0,1.81,1.77,1.81,5901900000.0,,5901900000.0,24489974716.0,10.0,9.632,484300000.0,1.981,1.0,816300000.0,0.615,665700000.0,0.0,5027200000.0,,0.0,3605900000.0,,,925900000.0,,,26392674716.0,-239600000.0,-21500000.0,-245100000.0,0.0,-174800000.0,-242100000.0,-519800000.0,-463400000.0,521000000.0,1300000.0,453700000.0,453700000.0,453700000.0,0.0,1800000.0,0.342,232500000.0,583800000.0,241300000.0,0.387,4.472,16.858,17.084,650200000.0,0.0,107.97,5.226,5.226,593600000.0,5205000000.0,1328000000.0,1328000000.0,0.0,,,,,45600000.0,96300000.0,1.0,244444519.0,244444519.0,,5.433,6708600000.0,0.0,144400000.0,159800000.0,27.444,
14,TROW,MRQ,2017-12-31,2017-12-31,2017-12-31,2021-07-29,-3600000.0,7535400000.0,,,,,24.037,-57000000.0,1902700000.0,1902700000.0,516900000.0,386600000.0,,0.123,0.0,,,0.0,0.0,36700000.0,0.0,0.022,0.57,593500000.0,630200000.0,0.486,630200000.0,593500000.0,593500000.0,1.4,1.37,1.4,5824400000.0,,5824400000.0,23556192077.0,10.0,9.183,-180300000.0,-0.744,1.0,780700000.0,0.602,665700000.0,0.0,4967000000.0,,0.0,3525700000.0,,,718200000.0,,,25425592077.0,29600000.0,-18200000.0,56900000.0,0.0,-142300000.0,190900000.0,-36400000.0,39900000.0,-123300000.0,-1600000.0,347100000.0,347100000.0,347100000.0,0.0,39500000.0,0.267,249700000.0,531000000.0,216200000.0,0.407,4.365,16.975,17.287,652000000.0,0.0,104.93,5.237,5.237,565300000.0,4932900000.0,1297600000.0,1297600000.0,0.0,,,,,41400000.0,118800000.0,1.0,242310036.0,242310036.0,,5.355,6869700000.0,0.0,246400000.0,68300000.0,28.351,
15,TROW,MRQ,2017-09-30,2017-09-30,2017-09-30,2021-07-29,-500000.0,7379600000.0,,,,,22.999,-46500000.0,1869400000.0,1869400000.0,484800000.0,404200000.0,,0.162,0.0,,,0.0,0.0,35000000.0,0.0,0.025,0.57,602500000.0,637500000.0,0.515,637500000.0,602500000.0,602500000.0,1.59,1.56,1.59,5528000000.0,,5528000000.0,20246249165.0,8.0,7.918,167100000.0,0.695,1.0,753900000.0,0.609,665700000.0,0.0,4844500000.0,,0.0,1359300000.0,,,897800000.0,,,21788449165.0,360300000.0,-100000.0,58600000.0,0.0,-140400000.0,205800000.0,-62200000.0,-14500000.0,213600000.0,3100000.0,390900000.0,390900000.0,390900000.0,0.0,13300000.0,0.316,205400000.0,548500000.0,193500000.0,0.358,3.941,14.236,14.621,635000000.0,0.0,90.65,4.626,4.626,507900000.0,4728200000.0,1238700000.0,1238700000.0,0.0,,,,,36400000.0,81200000.0,1.0,240357961.0,240357961.0,,5.154,6713900000.0,0.0,211600000.0,16800000.0,27.933,
16,TROW,MRQ,2017-06-30,2017-06-30,2017-06-30,2021-07-29,-11600000.0,6532600000.0,,,,,21.423,-35700000.0,1542200000.0,1542200000.0,468600000.0,390000000.0,,0.142,0.0,,,0.0,0.0,36300000.0,0.0,0.03,0.57,603500000.0,639800000.0,0.539,639800000.0,603500000.0,603500000.0,1.52,1.5,1.52,5168600000.0,,5168600000.0,16323721211.0,7.0,6.575,-85000000.0,-0.352,1.0,717400000.0,0.605,665700000.0,0.0,4324700000.0,,0.0,1333700000.0,,,736400000.0,,,17904521211.0,-15100000.0,600000.0,-108300000.0,0.0,-139500000.0,-81200000.0,108200000.0,148200000.0,-49300000.0,7200000.0,373900000.0,373900000.0,373900000.0,0.0,16100000.0,0.315,209800000.0,507600000.0,185800000.0,0.375,3.464,12.202,12.557,624300000.0,0.0,74.21,3.922,3.922,488700000.0,4477600000.0,1186000000.0,1186000000.0,0.0,,,,,37400000.0,89800000.0,1.0,241268309.0,241268309.0,,4.916,5866900000.0,0.0,229600000.0,16000000.0,24.317,
17,TROW,MRQ,2017-03-31,2017-03-31,2017-03-31,2021-07-29,-5400000.0,6275600000.0,,,,,20.542,-46900000.0,1580800000.0,1580800000.0,457200000.0,400400000.0,,0.163,0.0,,,0.0,0.0,35600000.0,0.0,0.032,0.57,622200000.0,657800000.0,0.581,657800000.0,622200000.0,622200000.0,1.56,1.54,1.56,5000200000.0,,5000200000.0,15383852695.0,7.0,7.013,141600000.0,0.582,1.0,675400000.0,0.596,665700000.0,0.0,4029100000.0,,0.0,1299500000.0,,,816300000.0,,,16588752695.0,360500000.0,-46500000.0,-264200000.0,0.0,-140900000.0,146000000.0,29400000.0,123100000.0,188500000.0,-3400000.0,385900000.0,385900000.0,385900000.0,0.0,14500000.0,0.341,153700000.0,521700000.0,185800000.0,0.365,3.318,12.792,13.106,625200000.0,0.0,68.15,3.75,3.75,482500000.0,4302700000.0,1132600000.0,1132600000.0,0.0,,,,,36800000.0,82300000.0,1.0,243415300.0,243415300.0,,4.653,5609900000.0,0.0,236300000.0,261400000.0,23.047,
18,TROW,MRQ,2016-12-31,2016-12-31,2016-12-31,2021-07-29,11500000.0,6225000000.0,,,,,20.575,-35800000.0,1204900000.0,1204900000.0,508800000.0,366800000.0,,0.106,0.0,,,0.0,0.0,33400000.0,0.0,0.029,0.54,588500000.0,621900000.0,0.539,621900000.0,588500000.0,588500000.0,1.53,1.5,1.53,5008600000.0,,5008600000.0,16919778944.0,9.0,8.234,-133500000.0,-0.548,1.0,644300000.0,0.559,665700000.0,0.0,4354400000.0,,0.0,2938000000.0,,,529200000.0,,,18320778944.0,-216800000.0,41400000.0,-113700000.0,0.0,-134200000.0,-131100000.0,-4100000.0,75400000.0,-97700000.0,16100000.0,379800000.0,379800000.0,379800000.0,0.0,-13000000.0,0.329,81000000.0,563300000.0,180800000.0,0.353,3.658,15.079,15.518,615100000.0,0.0,75.26,4.276,4.276,455100000.0,4293600000.0,1153100000.0,1153100000.0,0.0,,,,,43700000.0,118100000.0,1.0,243433151.0,243433151.0,,4.737,5559300000.0,0.0,208700000.0,39300000.0,22.837,
19,TROW,MRQ,2016-09-30,2016-09-30,2016-09-30,2021-07-29,33300000.0,6723500000.0,,,,,19.447,-33300000.0,1401000000.0,1401000000.0,422900000.0,362700000.0,,0.161,0.0,,,0.0,0.0,34000000.0,0.0,0.032,0.54,529100000.0,563100000.0,0.515,563100000.0,529100000.0,529100000.0,1.3,1.28,1.3,4833700000.0,,4833700000.0,15253517776.0,8.0,7.769,249100000.0,1.002,1.0,670000000.0,0.613,665700000.0,0.0,4656800000.0,,0.0,1214900000.0,,,775900000.0,,,16528717776.0,104700000.0,0.0,-252300000.0,0.0,-135000000.0,-129100000.0,-51700000.0,-14100000.0,282400000.0,3100000.0,327800000.0,327800000.0,327800000.0,0.0,34900000.0,0.3,194300000.0,475700000.0,205000000.0,0.415,3.419,14.519,14.712,615600000.0,0.0,66.5,3.951,3.951,446900000.0,4096900000.0,1092900000.0,1092900000.0,0.0,,,,,42300000.0,60000000.0,1.0,248552147.0,248552147.0,,4.397,6057800000.0,0.0,201300000.0,40400000.0,24.372,
20,TROW,MRQ,2016-06-30,2016-06-30,2016-06-30,2021-07-29,26300000.0,6581700000.0,,,,,19.584,-44000000.0,1275200000.0,1275200000.0,406600000.0,211200000.0,,0.126,0.0,,,0.0,0.0,33800000.0,0.0,0.029,0.54,317100000.0,350900000.0,0.336,350900000.0,317100000.0,317100000.0,0.81,0.79,0.81,4860900000.0,,4860900000.0,16788483126.0,10.0,8.874,-130700000.0,-0.527,1.0,638100000.0,0.611,665700000.0,0.0,4640800000.0,,0.0,1122200000.0,,,610400000.0,,,18111383126.0,-17800000.0,0.0,1100000.0,0.0,-135700000.0,134600000.0,-45800000.0,-85500000.0,-86700000.0,-19900000.0,203300000.0,203300000.0,203300000.0,0.0,7900000.0,0.195,354600000.0,283500000.0,180600000.0,0.667,3.726,16.651,16.97,620800000.0,0.0,72.97,4.375,4.375,427400000.0,4081200000.0,1044700000.0,1044700000.0,0.0,,,,,38800000.0,55700000.0,1.0,248203140.0,248203140.0,,4.209,5916000000.0,0.0,113800000.0,8900000.0,23.835,
21,TROW,MRQ,2016-03-31,2016-03-31,2016-03-31,2021-07-29,29100000.0,6203900000.0,,,,,19.195,-35200000.0,1322900000.0,1322900000.0,389100000.0,313300000.0,,0.129,0.0,,,0.0,0.0,32200000.0,0.0,0.056,0.54,486800000.0,519000000.0,0.522,519000000.0,486800000.0,486800000.0,1.21,1.18,1.21,4763800000.0,,4763800000.0,17058945648.0,9.0,8.07,37300000.0,0.15,1.0,605000000.0,0.609,665700000.0,0.0,4215300000.0,,0.0,1108000000.0,,,615000000.0,,,18231245648.0,228100000.0,0.0,-185700000.0,0.0,-135900000.0,-50800000.0,207800000.0,243000000.0,72500000.0,-1400000.0,304100000.0,304100000.0,304100000.0,0.0,9200000.0,0.306,194100000.0,410900000.0,172000000.0,0.446,3.827,14.973,15.4,612700000.0,0.0,73.46,4.374,4.374,428100000.0,4021800000.0,994100000.0,994100000.0,0.0,,,,,36800000.0,64500000.0,1.0,248179222.0,248179222.0,,4.006,5538200000.0,0.0,182700000.0,168300000.0,22.315,
22,TROW,MRQ,2015-12-31,2015-12-31,2015-12-31,2021-07-29,86600000.0,5106900000.0,,,,,18.965,-36700000.0,1172300000.0,1172300000.0,394100000.0,303200000.0,,0.072,0.0,,,0.0,0.0,31900000.0,0.0,0.057,0.52,498400000.0,530300000.0,0.504,530300000.0,498400000.0,498400000.0,1.2,1.18,1.2,4762000000.0,,4762000000.0,16786407787.0,8.0,7.886,100200000.0,0.399,1.0,658100000.0,0.625,665700000.0,0.0,3268900000.0,,0.0,1961200000.0,,,344900000.0,,,17950807787.0,7900000.0,0.0,-154800000.0,0.0,-131800000.0,-286600000.0,157600000.0,197300000.0,136900000.0,0.0,303200000.0,303200000.0,303200000.0,0.0,0.0,0.288,203100000.0,455000000.0,170600000.0,0.433,3.77,14.678,15.082,607100000.0,0.0,71.49,4.273,4.273,446000000.0,3970700000.0,1052200000.0,1052200000.0,0.0,,,,,41600000.0,67700000.0,1.0,251095367.0,251095367.0,,4.19,4441200000.0,0.0,195200000.0,21200000.0,17.687,
23,TROW,MRQ,2015-09-30,2015-09-30,2015-09-30,2021-07-29,88900000.0,5266600000.0,,,,,18.241,-34700000.0,1164400000.0,1164400000.0,417500000.0,277100000.0,,0.127,0.0,,,0.0,0.0,33100000.0,0.0,0.058,0.52,458600000.0,491700000.0,0.469,491700000.0,458600000.0,458600000.0,1.08,1.06,1.08,4673600000.0,,4673600000.0,16524779863.0,8.0,7.702,472200000.0,1.843,1.0,631500000.0,0.602,665700000.0,0.0,3436500000.0,,0.0,2200600000.0,,,593000000.0,,,17793979863.0,-104800000.0,0.0,-447700000.0,0.0,-132700000.0,-597000000.0,-14700000.0,23200000.0,506900000.0,0.0,277100000.0,277100000.0,277100000.0,0.0,0.0,0.264,173200000.0,458300000.0,172800000.0,0.481,3.807,14.4,14.683,603000000.0,0.0,69.45,4.266,4.266,431400000.0,3881200000.0,1049000000.0,1049000000.0,0.0,,,,,40800000.0,53500000.0,1.0,256212813.0,256212813.0,,4.094,4600900000.0,0.0,181500000.0,14700000.0,17.957,
24,TROW,MRQ,2015-06-30,2015-06-30,2015-06-30,2021-07-29,125800000.0,5415500000.0,,,,,19.061,-38600000.0,1269200000.0,1269200000.0,399500000.0,333200000.0,,0.09,0.0,,,0.0,0.0,32200000.0,0.0,0.05,2.52,540800000.0,573000000.0,0.534,573000000.0,540800000.0,540800000.0,1.28,1.24,1.28,4967100000.0,,4967100000.0,18444861246.0,9.0,8.476,304300000.0,1.168,1.0,672900000.0,0.627,665700000.0,0.0,3480600000.0,,0.0,2271100000.0,,,448400000.0,,,20255261246.0,-541200000.0,0.0,-230700000.0,0.0,-659100000.0,-884300000.0,200000.0,42000000.0,342900000.0,0.0,333200000.0,333200000.0,333200000.0,0.0,0.0,0.311,165100000.0,507800000.0,168500000.0,1.969,4.078,16.048,16.194,607300000.0,0.0,77.73,4.89,4.89,449400000.0,4141900000.0,1072400000.0,1072400000.0,0.0,,,,,35600000.0,54100000.0,1.0,260584861.0,260584861.0,,4.115,4749800000.0,0.0,207600000.0,12000000.0,18.227,
25,TROW,MRQ,2015-03-31,2015-03-31,2015-03-31,2021-07-29,138200000.0,5962000000.0,,,,,19.185,-41300000.0,1810400000.0,1810400000.0,384000000.0,309500000.0,,0.192,0.0,,,0.0,0.0,29100000.0,0.0,0.023,0.52,504600000.0,533700000.0,0.52,533700000.0,504600000.0,504600000.0,1.16,1.13,1.16,5002000000.0,,5002000000.0,19607560556.0,10.0,9.205,502500000.0,1.927,1.0,643000000.0,0.626,665700000.0,0.0,3485900000.0,,0.0,2308900000.0,,,960000000.0,,,21113660556.0,304300000.0,0.0,-81100000.0,0.0,-135400000.0,-205400000.0,-34100000.0,7200000.0,543800000.0,0.0,309500000.0,309500000.0,309500000.0,0.0,0.0,0.301,165200000.0,477800000.0,137900000.0,0.448,4.221,17.099,17.303,599000000.0,0.0,80.98,5.207,5.207,447300000.0,4099700000.0,1027000000.0,1027000000.0,0.0,,,,,31000000.0,63600000.0,1.0,260726853.0,260726853.0,,3.939,5296300000.0,0.0,195100000.0,156300000.0,20.314,
26,TROW,MRQ,2014-12-31,2014-12-31,2014-12-31,2021-07-29,136400000.0,5644400000.0,,,,,20.8,-43600000.0,1506100000.0,1506100000.0,375000000.0,315900000.0,,0.046,0.0,,,0.0,0.0,28300000.0,0.0,0.02,0.44,518800000.0,547100000.0,0.535,547100000.0,518800000.0,518800000.0,1.21,1.18,1.21,5395200000.0,,5395200000.0,20626581241.0,10.0,9.753,84200000.0,0.325,1.0,647400000.0,0.633,665700000.0,0.0,3472600000.0,,0.0,2292300000.0,,,249200000.0,,,22271081241.0,-138400000.0,0.0,-99200000.0,0.0,-114900000.0,-238500000.0,-27700000.0,16700000.0,127800000.0,0.0,315900000.0,315900000.0,315900000.0,0.0,0.0,0.309,240800000.0,406600000.0,143400000.0,0.364,4.128,18.112,18.346,586400000.0,0.0,85.86,5.593,5.593,442800000.0,4450100000.0,1022400000.0,1022400000.0,0.0,,,,,37500000.0,62700000.0,1.0,259388321.0,259388321.0,,3.942,4978700000.0,0.0,202900000.0,23600000.0,19.194,
27,TROW,MRQ,2014-09-30,2014-09-30,2014-09-30,2021-07-29,166000000.0,5768000000.0,,,,,19.872,-22900000.0,1644500000.0,1644500000.0,383800000.0,303600000.0,,0.103,0.0,,,0.0,0.0,28300000.0,0.0,0.022,0.44,493900000.0,522200000.0,0.512,522200000.0,493900000.0,493900000.0,1.15,1.12,1.15,5227500000.0,,5227500000.0,18919099810.0,10.0,9.164,467600000.0,1.778,1.0,637000000.0,0.624,665700000.0,0.0,3457800000.0,,0.0,2354700000.0,,,540500000.0,,,20623399810.0,-59800000.0,0.0,-213700000.0,0.0,-115500000.0,-322400000.0,-227900000.0,-201800000.0,490500000.0,0.0,303600000.0,303600000.0,303600000.0,0.0,0.0,0.297,143100000.0,493900000.0,150600000.0,0.383,3.945,17.166,17.155,572300000.0,0.0,78.4,5.302,5.302,423600000.0,4249100000.0,1020800000.0,1020800000.0,0.0,,,,,34100000.0,48600000.0,1.0,263053569.0,263053569.0,,3.881,5102300000.0,0.0,190300000.0,22600000.0,19.396,
28,TROW,MRQ,2014-06-30,2014-06-30,2014-06-30,2021-07-29,202900000.0,5669000000.0,,,,,20.072,-34300000.0,1704300000.0,1704300000.0,361800000.0,305800000.0,,0.075,0.0,,,0.0,0.0,28000000.0,0.0,0.019,0.44,499200000.0,527200000.0,0.536,527200000.0,499200000.0,499200000.0,1.16,1.13,1.16,5273600000.0,,5273600000.0,20438057948.0,11.0,10.209,204200000.0,0.777,1.0,622500000.0,0.632,665700000.0,0.0,3299000000.0,,0.0,2203000000.0,,,395400000.0,,,22177357948.0,-35000000.0,0.0,-8300000.0,0.0,-115900000.0,-115500000.0,-158000000.0,-119200000.0,238500000.0,0.0,305800000.0,305800000.0,305800000.0,0.0,0.0,0.311,123300000.0,499200000.0,121200000.0,0.379,4.205,18.986,18.969,576200000.0,0.0,84.41,5.909,5.909,426000000.0,4061000000.0,984300000.0,984300000.0,0.0,,,,,32600000.0,50600000.0,1.0,262733775.0,262733775.0,,3.746,5003300000.0,0.0,193400000.0,30100000.0,19.043,
29,TROW,MRQ,2014-03-31,2014-03-31,2014-03-31,2021-07-29,184000000.0,5462900000.0,,,,,19.209,-25400000.0,1739300000.0,1739300000.0,352600000.0,304300000.0,,0.085,0.0,,,0.0,0.0,27100000.0,0.0,0.019,0.44,491200000.0,518300000.0,0.543,518300000.0,491200000.0,491200000.0,1.16,1.12,1.16,5037200000.0,,5037200000.0,20196895785.0,11.0,10.647,461700000.0,1.761,1.0,602000000.0,0.631,665700000.0,0.0,3057900000.0,,0.0,1984200000.0,,,425700000.0,,,21594895785.0,341300000.0,0.0,-9100000.0,0.0,-115800000.0,-116000000.0,-29800000.0,-1000000.0,487100000.0,0.0,304300000.0,304300000.0,304300000.0,0.0,0.0,0.319,110800000.0,491200000.0,119400000.0,0.379,4.287,19.453,19.422,571800000.0,0.0,82.35,5.96,5.96,419700000.0,3871100000.0,954600000.0,954600000.0,0.0,,,,,29200000.0,58000000.0,1.0,262233100.0,262233100.0,,3.64,4797200000.0,0.0,186900000.0,173200000.0,18.294,
30,TROW,MRQ,2013-12-31,2013-12-31,2013-12-31,2021-07-29,188300000.0,5033100000.0,,,,,18.467,-31200000.0,1398000000.0,1398000000.0,330600000.0,287700000.0,,0.045,0.0,,,0.0,0.0,25100000.0,0.0,0.018,0.38,471800000.0,496900000.0,0.534,496900000.0,471800000.0,471800000.0,1.1,1.07,1.1,4818100000.0,,4818100000.0,20162957212.0,12.0,11.258,43700000.0,0.167,1.0,599200000.0,0.644,665700000.0,0.0,2969400000.0,,0.0,1925500000.0,,,215000000.0,,,21856257212.0,-295300000.0,0.0,17000000.0,0.0,-99600000.0,-71300000.0,-298900000.0,-253900000.0,74900000.0,0.0,287700000.0,287700000.0,287700000.0,0.0,0.0,0.309,127400000.0,471800000.0,103900000.0,0.345,4.536,20.861,20.838,572900000.0,0.0,83.77,6.273,6.273,398800000.0,3682800000.0,929800000.0,929800000.0,0.0,,,,,33300000.0,62900000.0,1.0,260907929.0,260907929.0,,3.564,4367400000.0,0.0,184100000.0,38700000.0,16.739,
31,TROW,MRQ,2013-09-30,2013-09-30,2013-09-30,2021-07-29,168900000.0,5126800000.0,,,,,17.455,-33100000.0,1693300000.0,1693300000.0,321800000.0,270300000.0,,0.129,0.0,,,0.0,0.0,22100000.0,132900000.0,0.034,0.38,437500000.0,459600000.0,0.52,459600000.0,437500000.0,437500000.0,1.03,1.0,1.03,4540600000.0,,4540600000.0,17255636876.0,11.0,10.191,397300000.0,1.527,1.0,562600000.0,0.636,665700000.0,0.0,2767800000.0,,0.0,1746900000.0,,,586200000.0,,,18711536876.0,237400000.0,0.0,-3800000.0,0.0,-99400000.0,-111600000.0,-81400000.0,-47900000.0,430400000.0,0.0,270300000.0,270300000.0,270300000.0,0.0,0.0,0.306,125100000.0,437500000.0,97300000.0,0.369,4.121,18.862,18.83,567500000.0,0.0,71.93,5.599,5.599,365600000.0,3494700000.0,884400000.0,884400000.0,0.0,,,,,29700000.0,47600000.0,1.0,260135366.0,260135366.0,,3.4,4461100000.0,0.0,167200000.0,43300000.0,17.149,
32,TROW,MRQ,2013-06-30,2013-06-30,2013-06-30,2021-07-29,138400000.0,4798900000.0,,,,,16.621,-18700000.0,1455900000.0,1455900000.0,316400000.0,247800000.0,,0.113,0.0,,,0.0,0.0,21900000.0,144600000.0,0.033,0.38,400200000.0,422100000.0,0.494,422100000.0,400200000.0,400200000.0,0.95,0.92,0.95,4310500000.0,,4310500000.0,17697680176.0,11.0,10.696,249800000.0,0.963,1.0,537900000.0,0.63,665700000.0,0.0,2677300000.0,,0.0,1641800000.0,,,488400000.0,,,18983580176.0,170000000.0,0.0,20700000.0,0.0,-99000000.0,-72900000.0,-25600000.0,-9700000.0,268500000.0,0.0,247800000.0,247800000.0,247800000.0,0.0,0.0,0.29,137700000.0,400200000.0,114400000.0,0.4,4.404,19.591,19.468,558700000.0,0.0,73.2,5.883,5.883,366500000.0,3323800000.0,854300000.0,854300000.0,0.0,,,,,27900000.0,54200000.0,1.0,259338527.0,259338527.0,,3.294,4133200000.0,0.0,152400000.0,17600000.0,15.937,
33,TROW,MRQ,2013-03-31,2013-03-31,2013-03-31,2021-07-29,142000000.0,4610600000.0,,,,,15.928,-22800000.0,1285900000.0,1285900000.0,305300000.0,241900000.0,,0.123,0.0,,,0.0,0.0,21500000.0,149500000.0,0.032,0.38,390900000.0,412400000.0,0.506,412400000.0,390900000.0,390900000.0,0.93,0.91,0.93,4107000000.0,,4107000000.0,18426215600.0,12.0,11.604,436600000.0,1.693,1.0,510400000.0,0.626,665700000.0,0.0,2659000000.0,,0.0,1621200000.0,,,503600000.0,,,19305315600.0,406800000.0,0.0,70200000.0,0.0,-98700000.0,-21000000.0,-31600000.0,-8700000.0,459400000.0,0.0,241900000.0,241900000.0,241900000.0,0.0,0.0,0.297,119500000.0,390900000.0,97900000.0,0.409,4.701,20.803,20.682,563000000.0,0.0,74.87,6.208,6.208,364600000.0,3175000000.0,815700000.0,815700000.0,0.0,,,,,23700000.0,58100000.0,1.0,257851150.0,257851150.0,,3.163,3944900000.0,0.0,149000000.0,120400000.0,15.299,
34,TROW,MRQ,2012-12-31,2012-12-31,2012-12-31,2021-07-29,131900000.0,4202800000.0,,,,,15.091,-21200000.0,879100000.0,879100000.0,287400000.0,232000000.0,,0.093,0.0,,,0.0,0.0,21000000.0,154700000.0,0.036,1.34,378100000.0,399100000.0,0.507,399100000.0,378100000.0,378100000.0,0.91,0.88,0.91,3846100000.0,,3846100000.0,15361075422.0,11.0,10.133,20600000.0,0.081,1.0,499900000.0,0.635,665700000.0,0.0,2658000000.0,,0.0,1580800000.0,,,356700000.0,,,16596075422.0,-355900000.0,0.0,34300000.0,0.0,-343700000.0,-289800000.0,-107900000.0,-82500000.0,41800000.0,0.0,232000000.0,232000000.0,232000000.0,0.0,0.0,0.295,121800000.0,378100000.0,89700000.0,1.473,4.315,18.782,18.766,561000000.0,0.0,65.117,5.491,5.491,353900000.0,3031800000.0,787300000.0,787300000.0,0.0,,,,,26800000.0,57600000.0,1.0,254865088.0,254865088.0,,3.089,3537100000.0,0.0,146100000.0,21500000.0,13.878,
35,TROW,MRQ,2012-09-30,2012-09-30,2012-09-30,2021-07-29,120400000.0,4405600000.0,,,,,15.203,-19100000.0,1235000000.0,1235000000.0,288200000.0,247300000.0,,0.142,0.0,,,0.0,0.0,20700000.0,160700000.0,0.021,0.34,400300000.0,421000000.0,0.547,421000000.0,400300000.0,400300000.0,0.97,0.94,0.97,3858900000.0,,3858900000.0,15095316367.0,11.0,10.465,347400000.0,1.369,1.0,481500000.0,0.626,665700000.0,0.0,2504900000.0,,0.0,1472600000.0,,,546700000.0,,,16067616367.0,262700000.0,0.0,7200000.0,0.0,-86600000.0,-76300000.0,-27500000.0,-7100000.0,366500000.0,0.0,247300000.0,247300000.0,247300000.0,0.0,0.0,0.321,81200000.0,400300000.0,90700000.0,0.351,4.164,19.128,19.182,561000000.0,0.0,63.3,5.528,5.528,332200000.0,3143600000.0,769700000.0,769700000.0,0.0,,,,,27300000.0,48500000.0,1.0,253832802.0,253832802.0,,3.032,3739900000.0,0.0,153000000.0,20900000.0,14.734,
36,TROW,MRQ,2012-06-30,2012-06-30,2012-06-30,2021-07-29,122200000.0,4116900000.0,,,,,14.339,-18000000.0,972300000.0,972300000.0,285200000.0,206800000.0,,0.126,0.0,,,0.0,0.0,20000000.0,165500000.0,0.021,0.34,335400000.0,355400000.0,0.482,355400000.0,335400000.0,335400000.0,0.81,0.79,0.81,3657800000.0,,3657800000.0,14957265145.0,12.0,11.191,210700000.0,0.826,1.0,451600000.0,0.613,665700000.0,0.0,2478900000.0,,0.0,1433500000.0,,,459100000.0,,,16060765145.0,-131200000.0,0.0,-114200000.0,0.0,-86300000.0,-194500000.0,-165400000.0,-144100000.0,228700000.0,0.0,206800000.0,206800000.0,206800000.0,0.0,0.0,0.281,116200000.0,335400000.0,86200000.0,0.42,4.391,20.638,20.575,564400000.0,0.0,62.96,5.702,5.702,324200000.0,2983000000.0,736800000.0,736800000.0,0.0,,,,,25900000.0,51200000.0,1.0,255094745.0,255094745.0,,2.888,3451200000.0,0.0,128600000.0,15700000.0,13.529,
37,TROW,MRQ,2012-03-31,2012-03-31,2012-03-31,2021-07-29,139100000.0,4076900000.0,,,,,14.321,-18600000.0,1103500000.0,1103500000.0,282900000.0,197500000.0,,0.123,0.0,,,0.0,0.0,19200000.0,171400000.0,0.019,0.34,321300000.0,340500000.0,0.467,340500000.0,321300000.0,321300000.0,0.78,0.75,0.78,3630100000.0,,3630100000.0,15654602653.0,12.0,11.758,247200000.0,0.975,1.0,445800000.0,0.612,665700000.0,0.0,2307700000.0,,0.0,1300300000.0,,,446800000.0,,,16552502653.0,205600000.0,0.0,24100000.0,0.0,-86800000.0,-50900000.0,-9300000.0,13700000.0,265800000.0,0.0,197500000.0,197500000.0,197500000.0,0.0,0.0,0.271,124500000.0,321300000.0,82800000.0,0.436,4.56,21.328,21.48,564700000.0,0.0,65.3,5.926,5.926,322500000.0,2875900000.0,728700000.0,728700000.0,0.0,,,,,24100000.0,55900000.0,1.0,253483961.0,253483961.0,,2.875,3411200000.0,0.0,123800000.0,88700000.0,13.457,
38,TROW,MRQ,2011-12-31,2011-12-31,2011-12-31,2021-07-29,102800000.0,3770300000.0,,,,,13.54,-32800000.0,897900000.0,897900000.0,246700000.0,188400000.0,,0.102,0.0,,,0.0,0.0,19100000.0,173500000.0,0.022,0.31,306500000.0,325600000.0,0.485,325600000.0,306500000.0,306500000.0,0.74,0.72,0.74,3420700000.0,,3420700000.0,13386445779.0,11.0,10.118,-24900000.0,-0.099,1.0,424900000.0,0.633,665700000.0,0.0,2206700000.0,,0.0,1169200000.0,,,349600000.0,,,14387845779.0,-103500000.0,0.0,-8600000.0,0.0,-78600000.0,-78300000.0,-33100000.0,1400000.0,7900000.0,0.0,188400000.0,188400000.0,188400000.0,0.0,0.0,0.281,118400000.0,306500000.0,82900000.0,0.419,4.206,18.608,18.92,567400000.0,0.0,56.95,5.237,5.237,304500000.0,2765200000.0,671600000.0,671600000.0,0.0,,,,,24900000.0,55000000.0,1.0,252639961.0,252639961.0,,2.658,3104600000.0,0.0,118100000.0,30000000.0,12.289,
39,TROW,MRQ,2011-09-30,2011-09-30,2011-09-30,2021-07-29,95100000.0,3839600000.0,,,,,12.754,-16500000.0,1001400000.0,1001400000.0,272100000.0,185500000.0,,0.174,0.0,,,0.0,0.0,18600000.0,173000000.0,0.025,0.31,296500000.0,315100000.0,0.464,315100000.0,296500000.0,296500000.0,0.73,0.71,0.73,3269600000.0,,3269600000.0,11224036955.0,9.0,8.558,313500000.0,1.223,1.0,407300000.0,0.599,665700000.0,0.0,2172500000.0,,0.0,1153200000.0,,,570000000.0,,,12246736955.0,-21300000.0,0.0,-222000000.0,0.0,-78600000.0,-285800000.0,-65500000.0,-46500000.0,330000000.0,0.0,185500000.0,185500000.0,185500000.0,0.0,0.0,0.273,110800000.0,296500000.0,100100000.0,0.425,3.746,15.774,15.87,555100000.0,0.0,47.77,4.498,4.498,295800000.0,2655400000.0,679400000.0,679400000.0,0.0,,,,,27400000.0,48200000.0,1.0,256368787.0,256368787.0,,2.65,3173900000.0,0.0,111000000.0,34200000.0,12.38,
40,TROW,MRQ,2011-06-30,2011-06-30,2011-06-30,2021-07-29,156900000.0,3882400000.0,,,,,13.139,-21300000.0,1022700000.0,1022700000.0,270000000.0,204700000.0,,0.138,0.0,,,0.0,0.0,18000000.0,166900000.0,0.019,0.31,332200000.0,350200000.0,0.491,350200000.0,332200000.0,332200000.0,0.79,0.76,0.79,3412800000.0,,3412800000.0,14608433585.0,12.0,11.384,253200000.0,0.975,1.0,443700000.0,0.622,665700000.0,0.0,2194000000.0,,0.0,1208100000.0,,,469600000.0,,,15673333585.0,-42200000.0,0.0,-193700000.0,0.0,-80000000.0,-267300000.0,-49400000.0,-25400000.0,274500000.0,0.0,204700000.0,204700000.0,204700000.0,0.0,0.0,0.287,111500000.0,332200000.0,94400000.0,0.392,4.593,20.623,20.524,555700000.0,0.0,60.34,5.96,5.96,324000000.0,2744200000.0,713700000.0,713700000.0,0.0,,,,,25000000.0,49500000.0,1.0,259750308.0,259750308.0,,2.748,3216700000.0,0.0,127500000.0,29400000.0,12.384,
41,TROW,MRQ,2011-03-31,2011-03-31,2011-03-31,2021-07-29,154400000.0,3886000000.0,,,,,13.344,-11700000.0,1064900000.0,1064900000.0,255600000.0,194600000.0,,0.124,0.0,,,0.0,0.0,16700000.0,164800000.0,0.017,0.31,315400000.0,332100000.0,0.487,332100000.0,315400000.0,315400000.0,0.75,0.72,0.75,3455900000.0,,3455900000.0,16389255111.0,14.0,13.594,324300000.0,1.252,1.0,426800000.0,0.625,665700000.0,0.0,2155400000.0,,0.0,1173600000.0,,,430100000.0,,,17202355111.0,251800000.0,0.0,-4800000.0,0.0,-80700000.0,-67200000.0,-17000000.0,-4600000.0,336000000.0,0.0,194600000.0,194600000.0,194600000.0,0.0,0.0,0.285,111400000.0,315400000.0,80700000.0,0.413,4.978,24.1,24.065,551800000.0,0.0,66.42,6.899,6.899,321400000.0,2713300000.0,682400000.0,682400000.0,0.0,,,,,21400000.0,53100000.0,1.0,258993603.0,258993603.0,,2.635,3220300000.0,0.0,120800000.0,88400000.0,12.434,
42,TROW,MRQ,2010-12-31,2010-12-31,2010-12-31,2021-07-29,139100000.0,3642000000.0,,,,,12.855,-16600000.0,813100000.0,813100000.0,266600000.0,191600000.0,,0.105,0.0,,,0.0,0.0,15900000.0,160400000.0,0.017,0.27,298200000.0,314100000.0,0.485,314100000.0,298200000.0,298200000.0,0.74,0.72,0.74,3296500000.0,,3296500000.0,15739942975.0,15.0,13.892,4700000.0,0.018,1.0,380900000.0,0.588,665700000.0,0.0,2163200000.0,,0.0,1142300000.0,,,345500000.0,,,16550342975.0,2700000.0,0.0,40900000.0,0.0,-70000000.0,-6800000.0,-11800000.0,-800000.0,21300000.0,0.0,191600000.0,191600000.0,191600000.0,0.0,0.0,0.296,82700000.0,298200000.0,79400000.0,0.365,5.021,24.621,24.823,560300000.0,0.0,64.54,6.992,6.992,307900000.0,2599400000.0,647500000.0,647500000.0,0.0,,,,,23200000.0,54000000.0,1.0,256435435.0,256435435.0,,2.525,2976300000.0,0.0,106600000.0,33800000.0,11.606,
43,TROW,MRQ,2010-09-30,2010-09-30,2010-09-30,2021-07-29,117200000.0,3563300000.0,,,,,11.954,-33400000.0,810400000.0,810400000.0,214200000.0,169100000.0,,0.163,0.0,,,0.0,0.0,16000000.0,163700000.0,0.021,0.27,270800000.0,286800000.0,0.489,286800000.0,270800000.0,270800000.0,0.66,0.64,0.66,3064400000.0,,3064400000.0,12099017892.0,12.0,11.259,225900000.0,0.881,1.0,371900000.0,0.635,665700000.0,0.0,2087200000.0,,0.0,1104500000.0,,,498900000.0,,,12834117892.0,75300000.0,0.0,-78200000.0,0.0,-69100000.0,-141900000.0,-42100000.0,-8000000.0,259300000.0,0.0,169100000.0,169100000.0,169100000.0,0.0,0.0,0.289,101100000.0,270800000.0,80600000.0,0.409,4.188,20.272,20.435,557400000.0,0.0,50.065,5.673,5.673,275200000.0,2477600000.0,586100000.0,586100000.0,0.0,,,,,23200000.0,46900000.0,1.0,256349104.0,256349104.0,,2.286,2897600000.0,0.0,101700000.0,42600000.0,11.303,
44,TROW,MRQ,2010-06-30,2010-06-30,2010-06-30,2021-07-29,83300000.0,3403000000.0,,,,,11.401,-43000000.0,735100000.0,735100000.0,215100000.0,158500000.0,,0.15,0.0,,,0.0,0.0,15600000.0,162900000.0,0.023,0.27,257000000.0,272600000.0,0.472,272600000.0,257000000.0,257000000.0,0.61,0.59,0.61,2959300000.0,,2959300000.0,10757817762.0,11.0,10.58,152500000.0,0.588,1.0,362300000.0,0.627,665700000.0,0.0,2002200000.0,,0.0,1034500000.0,,,443700000.0,,,11521917762.0,-29000000.0,0.0,-117600000.0,0.0,-69800000.0,-175900000.0,-48600000.0,-2100000.0,195500000.0,0.0,158500000.0,158500000.0,158500000.0,0.0,0.0,0.275,105300000.0,257000000.0,101300000.0,0.443,3.893,19.303,19.216,543900000.0,0.0,44.39,5.299,5.299,257100000.0,2410800000.0,577400000.0,577400000.0,0.0,,,,,23000000.0,45900000.0,1.0,259561112.0,259561112.0,,2.225,2737300000.0,0.0,98500000.0,35500000.0,10.546,
45,TROW,MRQ,2010-03-31,2010-03-31,2010-03-31,2021-07-29,113500000.0,3392400000.0,,,,,11.61,-25000000.0,764100000.0,764100000.0,207700000.0,153000000.0,,0.128,0.0,,,0.0,0.0,15500000.0,160200000.0,0.019,0.27,244000000.0,259500000.0,0.467,259500000.0,244000000.0,244000000.0,0.59,0.57,0.59,3006900000.0,,3006900000.0,13493553016.0,16.0,14.624,231700000.0,0.895,1.0,348500000.0,0.627,665700000.0,0.0,1962600000.0,,0.0,1075800000.0,,,385500000.0,,,14236853016.0,20800000.0,-143600000.0,-2100000.0,0.0,-70000000.0,-61500000.0,-174400000.0,-4400000.0,256700000.0,0.0,153000000.0,153000000.0,153000000.0,0.0,0.0,0.275,104500000.0,244000000.0,77800000.0,0.458,4.735,26.443,26.301,518900000.0,0.0,54.97,6.982,6.982,259000000.0,2323100000.0,556200000.0,556200000.0,0.0,,,,,20100000.0,49200000.0,1.0,258993142.0,258993142.0,,2.148,2726700000.0,0.0,91000000.0,64600000.0,10.528,
46,TROW,MRQ,2009-12-31,2009-12-31,2009-12-31,2021-07-29,101900000.0,3210300000.0,,,,,11.193,-30900000.0,743300000.0,743300000.0,233000000.0,152500000.0,,0.114,0.0,,,0.0,0.0,15700000.0,161300000.0,0.019,0.25,240000000.0,255700000.0,0.471,255700000.0,240000000.0,240000000.0,0.59,0.58,0.59,2882200000.0,,2882200000.0,12972681447.0,19.0,17.191,38100000.0,0.148,1.0,309600000.0,0.571,665700000.0,0.0,1801300000.0,,0.0,905800000.0,,,328100000.0,,,13711981447.0,4000000.0,0.0,15200000.0,0.0,-64600000.0,-40400000.0,-24600000.0,1400000.0,69000000.0,0.0,152500000.0,152500000.0,152500000.0,0.0,0.0,0.281,69600000.0,240000000.0,79900000.0,0.424,4.757,31.624,31.509,512800000.0,0.0,53.25,7.343,7.343,246200000.0,2240100000.0,542600000.0,542600000.0,0.0,,,,,21100000.0,50400000.0,1.0,257501999.0,257501999.0,,2.107,2544600000.0,0.0,87500000.0,33600000.0,9.882,
47,TROW,MRQ,2009-09-30,2009-09-30,2009-09-30,2021-07-29,95800000.0,3161000000.0,,,,,10.697,-37700000.0,739300000.0,739300000.0,196300000.0,132900000.0,,0.154,0.0,,,0.0,0.0,16500000.0,164100000.0,0.022,0.25,212500000.0,229000000.0,0.46,229000000.0,212500000.0,212500000.0,0.52,0.5,0.52,2739700000.0,,2739700000.0,11037418130.0,23.0,19.862,159100000.0,0.621,1.0,301800000.0,0.606,665700000.0,0.0,1756000000.0,,0.0,896000000.0,,,421300000.0,,,11704818130.0,71900000.0,0.0,10300000.0,0.0,-64300000.0,-47300000.0,-77600000.0,-37300000.0,196800000.0,0.0,132900000.0,132900000.0,132900000.0,0.0,0.0,0.267,89300000.0,212500000.0,78500000.0,0.481,4.272,38.326,38.083,501900000.0,0.0,45.7,6.724,6.724,223100000.0,2152000000.0,498100000.0,498100000.0,0.0,,,,,24000000.0,39000000.0,1.0,256122935.0,256122935.0,,1.945,2495300000.0,0.0,79600000.0,19800000.0,9.743,
48,TROW,MRQ,2009-06-30,2009-06-30,2009-06-30,2021-07-29,50300000.0,2956400000.0,,,,,10.099,-34500000.0,667400000.0,667400000.0,199700000.0,100000000.0,,0.146,0.0,,,0.0,0.0,16700000.0,168800000.0,0.024,0.25,161800000.0,178500000.0,0.404,178500000.0,161800000.0,161800000.0,0.39,0.38,0.39,2580100000.0,,2580100000.0,10023962343.0,19.0,17.085,95900000.0,0.375,1.0,242500000.0,0.548,665700000.0,0.0,1623300000.0,,0.0,783100000.0,,,376300000.0,,,10645762343.0,45600000.0,0.0,-4300000.0,0.0,-64100000.0,-67600000.0,-17200000.0,17600000.0,130400000.0,0.0,100000000.0,100000000.0,100000000.0,0.0,0.0,0.226,80700000.0,161800000.0,81100000.0,0.641,4.126,32.726,32.811,474300000.0,0.0,41.67,5.923,5.923,198000000.0,2083600000.0,442200000.0,442200000.0,0.0,,,,,23400000.0,38100000.0,1.0,255477858.0,255477858.0,,1.731,2290700000.0,0.0,61800000.0,20600000.0,8.966,
49,TROW,MRQ,2009-03-31,2009-03-31,2009-03-31,2021-07-29,-2500000.0,2792500000.0,,,,,9.634,-30800000.0,621800000.0,621800000.0,175400000.0,48200000.0,,0.135,0.0,,,0.0,0.0,16800000.0,175500000.0,0.034,0.25,74600000.0,91400000.0,0.238,91400000.0,74600000.0,74600000.0,0.19,0.19,0.19,2460600000.0,,2460600000.0,6769993044.0,11.0,9.807,108600000.0,0.425,1.0,209100000.0,0.544,665700000.0,0.0,1505000000.0,,0.0,716200000.0,,,331900000.0,,,7389093044.0,2700000.0,0.0,-44500000.0,0.0,-63900000.0,-89400000.0,-47300000.0,-14500000.0,139400000.0,0.0,48200000.0,48200000.0,48200000.0,0.0,0.0,0.125,134500000.0,74600000.0,83800000.0,1.316,3.003,19.069,19.24,454500000.0,0.0,28.86,3.805,3.796,167500000.0,2047700000.0,384500000.0,384500000.0,0.0,,,,,20600000.0,48100000.0,1.0,256032330.0,255400000.0,259000000.0,1.505,2126800000.0,0.0,26400000.0,22500000.0,8.327,
50,TROW,MRQ,2008-12-31,2008-12-31,2008-12-31,2021-07-29,-13100000.0,2819400000.0,,,,,9.632,-47600000.0,619100000.0,619100000.0,179300000.0,24300000.0,,0.133,0.0,,,0.0,0.0,15900000.0,157800000.0,0.027,0.24,40900000.0,56800000.0,0.137,56800000.0,40900000.0,40900000.0,0.1,0.1,0.1,2488800000.0,,2488800000.0,8304851653.0,10.0,9.674,-42200000.0,-0.163,1.0,236600000.0,0.569,665700000.0,0.0,1534600000.0,,0.0,721400000.0,,,330600000.0,,,9157551653.0,-233600000.0,0.0,-143700000.0,0.0,-61900000.0,-170400000.0,-68600000.0,-2000000.0,5400000.0,0.0,24300000.0,24300000.0,24300000.0,0.0,0.0,0.058,195700000.0,40900000.0,86800000.0,2.4,3.68,18.658,18.751,440100000.0,0.0,35.44,4.327,4.327,177300000.0,2086800000.0,415900000.0,415900000.0,0.0,,,,,22900000.0,56800000.0,1.0,258395927.0,258395927.0,,1.61,2153700000.0,0.0,16600000.0,25300000.0,8.335,
51,TROW,MRQ,2008-09-30,2008-09-30,2008-09-30,2021-07-29,-900000.0,3122500000.0,,,,,10.269,-43000000.0,852700000.0,852700000.0,210900000.0,152800000.0,,0.175,0.0,,,0.0,0.0,15500000.0,127600000.0,0.018,0.24,244500000.0,260000000.0,0.469,260000000.0,244500000.0,244500000.0,0.59,0.56,0.59,2656500000.0,,2656500000.0,13215988418.0,13.0,11.831,240200000.0,0.928,1.0,343900000.0,0.62,668300000.0,0.0,1601500000.0,,0.0,817900000.0,,,466000000.0,,,13897188418.0,171500000.0,0.0,-78600000.0,0.0,-62200000.0,-98500000.0,-13200000.0,22200000.0,283200000.0,0.0,152800000.0,152800000.0,152800000.0,0.0,0.0,0.275,99400000.0,244500000.0,95600000.0,0.407,5.231,21.146,21.398,415000000.0,0.0,53.71,6.047,6.046,234500000.0,2245700000.0,554800000.0,554800000.0,0.0,,,,,23300000.0,42400000.0,1.0,258744897.0,258700000.0,270800000.0,2.145,2454200000.0,0.0,91700000.0,18900000.0,9.487,
52,TROW,MRQ,2008-06-30,2008-06-30,2008-06-30,2021-07-29,64500000.0,3049800000.0,,,,,10.216,-23600000.0,681200000.0,681200000.0,218000000.0,162200000.0,,0.15,0.0,,,0.0,0.0,15700000.0,113000000.0,0.016,0.24,266400000.0,282100000.0,0.481,282100000.0,266400000.0,266400000.0,0.62,0.59,0.62,2652200000.0,,2652200000.0,14055039461.0,13.0,12.211,171000000.0,0.659,1.0,368500000.0,0.628,668500000.0,0.0,1700100000.0,,0.0,946000000.0,,,397600000.0,,,14665239461.0,71000000.0,0.0,-83600000.0,0.0,-62300000.0,-114500000.0,-9100000.0,1400000.0,194600000.0,0.0,162200000.0,162200000.0,162200000.0,0.0,0.0,0.277,102100000.0,266400000.0,93200000.0,0.387,5.529,21.592,21.888,382700000.0,0.0,56.47,6.337,6.334,262100000.0,2203900000.0,586500000.0,586500000.0,0.0,,,,,20900000.0,45100000.0,1.0,259699654.0,259600000.0,272400000.0,2.259,2381300000.0,0.0,104200000.0,33900000.0,9.173,
53,TROW,MRQ,2008-03-31,2008-03-31,2008-03-31,2021-07-29,64000000.0,2949400000.0,,,,,9.852,-29900000.0,610200000.0,610200000.0,207400000.0,151500000.0,,0.144,0.0,,,0.0,0.0,15200000.0,117600000.0,0.016,0.24,244400000.0,259600000.0,0.464,259600000.0,244400000.0,244400000.0,0.58,0.55,0.58,2578300000.0,,2578300000.0,12402677100.0,11.0,10.824,228700000.0,0.874,1.0,351700000.0,0.629,668600000.0,0.0,1670600000.0,,0.0,959300000.0,,,371100000.0,,,13187777100.0,-174900000.0,0.0,-276600000.0,0.0,-126100000.0,-399400000.0,-34100000.0,-2600000.0,258600000.0,0.0,151500000.0,151500000.0,151500000.0,0.0,0.0,0.271,107300000.0,244400000.0,98700000.0,0.414,5.115,19.417,19.455,371200000.0,0.0,50.0,5.787,5.742,259100000.0,2157600000.0,559100000.0,559100000.0,0.0,,,,,18400000.0,61600000.0,1.0,263755542.0,261700000.0,273500000.0,2.136,2280800000.0,0.0,92900000.0,68100000.0,8.715,
54,TROW,MRQ,2007-12-31,2007-12-31,2007-12-31,2021-07-29,95000000.0,3177300000.0,,,,,10.517,-42800000.0,785100000.0,785100000.0,207200000.0,190700000.0,,0.144,0.0,,,0.0,0.0,13800000.0,114300000.0,0.012,0.24,301600000.0,315400000.0,0.528,315400000.0,301600000.0,301600000.0,0.72,0.68,0.72,2777100000.0,,2777100000.0,15227924384.0,14.0,13.467,28000000.0,0.106,1.0,390600000.0,0.653,665700000.0,0.0,1726500000.0,,0.0,1002200000.0,,,400200000.0,,,16075624384.0,-62600000.0,0.0,-118600000.0,0.0,-44900000.0,-63200000.0,-70200000.0,-37200000.0,70800000.0,0.0,190700000.0,190700000.0,190700000.0,0.0,0.0,0.319,89000000.0,301600000.0,99500000.0,0.333,5.789,23.972,24.063,358300000.0,0.0,60.88,7.214,7.214,265300000.0,2333400000.0,597800000.0,597800000.0,0.0,,,,,22900000.0,59000000.0,1.0,264054277.0,264054277.0,,2.264,2511600000.0,0.0,110900000.0,41700000.0,9.512,
55,TROW,MRQ,2007-09-30,2007-09-30,2007-09-30,2021-07-29,110600000.0,3148200000.0,,,,,10.123,-44000000.0,847700000.0,847700000.0,208800000.0,174800000.0,,0.177,0.0,,,0.0,0.0,12200000.0,108900000.0,0.012,0.17,281700000.0,293900000.0,0.515,293900000.0,281700000.0,281700000.0,0.66,0.63,0.66,2674500000.0,,2674500000.0,13869963823.0,14.0,12.997,221400000.0,0.838,1.0,362200000.0,0.634,668900000.0,0.0,1631600000.0,,0.0,1000700000.0,,,473700000.0,,,14765163823.0,-47500000.0,0.0,-136200000.0,0.0,-45100000.0,-180400000.0,-132500000.0,-80300000.0,265400000.0,0.0,174800000.0,174800000.0,174800000.0,0.0,0.0,0.306,80500000.0,281700000.0,85600000.0,0.258,5.521,23.481,23.399,331400000.0,0.0,55.69,6.966,6.942,253000000.0,2248400000.0,571000000.0,571000000.0,0.0,,,,,20700000.0,43200000.0,1.0,265131331.0,264200000.0,278200000.0,2.161,2479300000.0,0.0,106900000.0,19900000.0,9.384,
56,TROW,MRQ,2007-06-30,2007-06-30,2007-06-30,2021-07-29,97100000.0,3076500000.0,,,,,9.941,-31900000.0,895200000.0,895200000.0,197000000.0,162200000.0,,0.166,0.0,,,0.0,0.0,14200000.0,108000000.0,0.013,0.17,262800000.0,277000000.0,0.503,277000000.0,262800000.0,262800000.0,0.61,0.58,0.61,2638300000.0,,2638300000.0,12871909969.0,14.0,12.846,148200000.0,0.558,1.0,354100000.0,0.643,669100000.0,0.0,1512200000.0,,0.0,898300000.0,,,438200000.0,,,13783009969.0,-15900000.0,0.0,-64200000.0,0.0,-45200000.0,-114800000.0,-81200000.0,-52200000.0,180100000.0,0.0,162200000.0,162200000.0,162200000.0,0.0,0.0,0.294,91300000.0,262800000.0,98900000.0,0.279,5.224,23.67,23.48,298600000.0,0.0,51.89,6.894,6.889,248800000.0,2250800000.0,551100000.0,551100000.0,0.0,,,,,19400000.0,44600000.0,1.0,265619772.0,265400000.0,280000000.0,2.076,2407400000.0,0.0,100600000.0,42200000.0,9.071,
57,TROW,MRQ,2007-03-31,2007-03-31,2007-03-31,2021-07-29,75500000.0,2957400000.0,,,,,9.604,-26900000.0,911100000.0,911100000.0,184200000.0,142900000.0,,0.16,0.0,,,0.0,0.0,13800000.0,113400000.0,0.013,0.17,230700000.0,244500000.0,0.481,244500000.0,230700000.0,230700000.0,0.54,0.51,0.54,2548800000.0,,2548800000.0,11746811187.0,13.0,12.33,214800000.0,0.809,1.0,324200000.0,0.638,669300000.0,0.0,1377000000.0,,0.0,805000000.0,,,408600000.0,,,12519811187.0,138100000.0,0.0,3600000.0,0.0,-45100000.0,-42800000.0,-60800000.0,-29500000.0,241700000.0,0.0,142900000.0,142900000.0,142900000.0,0.0,0.0,0.281,93500000.0,230700000.0,84800000.0,0.315,4.912,22.526,22.365,278600000.0,0.0,47.19,6.61,6.612,223200000.0,2154800000.0,508400000.0,508400000.0,0.0,,,,,16800000.0,53200000.0,1.0,265306446.0,265400000.0,279800000.0,1.916,2288100000.0,0.0,87800000.0,93600000.0,8.621,
58,TROW,MRQ,2006-12-31,2006-12-31,2006-12-31,2021-07-29,69300000.0,2765300000.0,,,,,9.205,-25300000.0,773000000.0,773000000.0,163900000.0,148900000.0,,0.139,0.0,,,0.0,0.0,13600000.0,114700000.0,0.013,0.17,238200000.0,251800000.0,0.515,251800000.0,238200000.0,238200000.0,0.57,0.53,0.57,2426900000.0,,2426900000.0,10663177362.0,12.0,11.776,43600000.0,0.165,1.0,325200000.0,0.665,669400000.0,0.0,1322900000.0,,0.0,762400000.0,,,338400000.0,,,11539385362.0,-103200000.0,0.0,27600000.0,0.0,-36800000.0,-5700000.0,-166400000.0,-133500000.0,68900000.0,0.0,148900000.0,148900000.0,148900000.0,0.0,0.0,0.304,110300000.0,214900000.0,77200000.0,0.298,4.755,21.789,21.776,264900000.0,0.0,43.77,6.358,6.358,223500000.0,2057100000.0,489100000.0,489100000.0,0.0,,,,,15900000.0,52600000.0,1.0,263636860.0,263636860.0,,1.855,2095900000.0,0.0,89300000.0,33900000.0,7.95,
59,TROW,MRQ,2006-09-30,2006-09-30,2006-09-30,2021-07-29,56802000.0,2655707000.0,,,,,8.641,-24100000.0,876208000.0,876208000.0,168800000.0,128300000.0,,0.172,0.0,,,0.0,0.0,11100000.0,111174000.0,0.012,0.14,217600000.0,228700000.0,0.508,228700000.0,217600000.0,217600000.0,0.49,0.46,0.49,2266487000.0,,2266487000.0,11706818064.0,15.0,13.772,144100000.0,0.549,1.0,281800000.0,0.625,668980000.0,0.0,1110519000.0,,0.0,526944000.0,,,389220000.0,,,12521263064.0,61700000.0,0.0,-18500000.0,0.0,-36900000.0,-51600000.0,-54900000.0,-72800000.0,168200000.0,0.0,128300000.0,128300000.0,128300000.0,0.0,0.0,0.285,81200000.0,200600000.0,74093000.0,0.286,5.525,25.127,25.452,250969000.0,0.0,47.85,7.243,7.26,196863000.0,1953093000.0,450600000.0,450600000.0,0.0,,,,,15600000.0,38200000.0,1.0,261677389.0,262300000.0,277600000.0,1.718,1986727000.0,0.0,89300000.0,0.0,7.574,
60,TROW,MRQ,2006-06-30,2006-06-30,2006-06-30,2021-07-29,52474000.0,2498226000.0,,,,,8.104,-23400000.0,814445000.0,814445000.0,165700000.0,135700000.0,,0.164,0.0,,,0.0,0.0,11100000.0,107385000.0,0.014,0.14,216600000.0,227700000.0,0.511,227700000.0,216600000.0,216400000.0,0.51,0.49,0.51,2145878000.0,,2145878000.0,9107881284.0,12.0,11.156,151500000.0,0.572,1.0,280300000.0,0.628,669122000.0,200000.0,1014659000.0,,0.0,504420000.0,,,352348000.0,,,10041172284.0,-118800000.0,0.0,-108600000.0,0.0,-37000000.0,-143600000.0,-150100000.0,-91600000.0,174900000.0,0.0,135700000.0,135700000.0,135700000.0,0.0,0.0,0.304,87400000.0,192900000.0,97136000.0,0.275,4.679,20.646,20.549,238843000.0,0.0,37.81,6.024,6.006,182944000.0,1861782000.0,446000000.0,446000000.0,0.0,,,,,14700000.0,41400000.0,1.0,265569222.0,264800000.0,279700000.0,1.684,1829104000.0,0.0,80700000.0,0.0,6.907,
61,TROW,MRQ,2006-03-31,2006-03-31,2006-03-31,2021-07-29,55824000.0,2494324000.0,,,,,8.225,-21600000.0,933291000.0,933291000.0,160000000.0,116700000.0,,0.149,0.0,,,0.0,0.0,11100000.0,105429000.0,0.013,0.14,186200000.0,197300000.0,0.46,197300000.0,186200000.0,186100000.0,0.44,0.42,0.44,2171408000.0,,2171408000.0,9523216619.0,13.0,12.526,159600000.0,0.605,1.0,269300000.0,0.627,665692000.0,100000.0,895341000.0,,0.0,417309000.0,,,322916000.0,,,10326805619.0,129700000.0,0.0,33600000.0,0.0,-36900000.0,-1700000.0,-49800000.0,-25000000.0,181200000.0,0.0,116700000.0,116700000.0,116700000.0,0.0,0.0,0.272,90800000.0,178500000.0,65630000.0,0.318,4.756,22.776,22.604,226170000.0,0.0,39.105,6.518,6.516,189084000.0,1762903000.0,429300000.0,429300000.0,0.0,,,,,14800000.0,47600000.0,1.0,264078906.0,264000000.0,277900000.0,1.626,1828632000.0,0.0,69400000.0,50992000.0,6.927,
62,TROW,MRQ,2005-12-31,2005-12-31,2005-12-31,2021-07-29,48500000.0,2310500000.0,,,,,7.79,-13440000.0,803600000.0,803600000.0,133124000.0,117619000.0,,0.135,0.0,,,0.0,0.0,11231000.0,103800000.0,0.013,0.14,185105000.0,196336000.0,0.487,196336000.0,185105000.0,184991000.0,0.44,0.43,0.44,2036100000.0,,2036100000.0,8641263435.0,13.0,11.967,50100000.0,0.192,1.0,269756000.0,0.67,665700000.0,114000.0,841200000.0,,0.0,401500000.0,,,274400000.0,,,9413637435.0,31276000.0,0.0,19115000.0,0.0,-29923000.0,-7428000.0,-24836000.0,-12339000.0,63540000.0,0.0,117619000.0,117619000.0,117619000.0,0.0,0.0,0.292,97410000.0,172346000.0,62500000.0,0.318,4.623,21.841,21.827,214800000.0,0.0,36.015,6.225,6.225,175000000.0,1683300000.0,402880000.0,402880000.0,0.0,,,,,3200000.0,47681000.0,1.0,261381020.0,261381020.0,,1.541,1644800000.0,0.0,67372000.0,15600000.0,6.293,
63,TROW,MRQ,2005-09-30,2005-09-30,2005-09-30,2021-07-29,48252000.0,2237600000.0,,,,,7.348,-14166000.0,772374000.0,772374000.0,132011000.0,116335000.0,,0.171,0.0,,,0.0,0.0,10795000.0,100447000.0,0.014,0.115,184316000.0,195111000.0,0.502,195111000.0,184316000.0,184221000.0,0.45,0.43,0.45,1910656000.0,,1910656000.0,7850571986.0,12.0,11.461,171041000.0,0.658,1.0,256692000.0,0.66,665692000.0,95000.0,799534000.0,,0.0,368158000.0,,,326944000.0,,,8474605986.0,148340000.0,0.0,5451000.0,0.0,-29825000.0,-23069000.0,-13798000.0,1177000.0,185207000.0,0.0,116335000.0,116335000.0,116335000.0,0.0,0.0,0.299,76840000.0,179852000.0,48709000.0,0.256,4.435,20.647,20.599,210791000.0,0.0,32.65,5.825,5.836,167481000.0,1602595000.0,388703000.0,388703000.0,0.0,,,,,0.0,34040000.0,1.0,259559142.0,260012000.0,272865000.0,1.495,1571908000.0,0.0,67886000.0,16866000.0,6.046,
64,TROW,MRQ,2005-06-30,2005-06-30,2005-06-30,2021-07-29,41361000.0,2068276000.0,,,,,6.937,-10956000.0,624034000.0,624034000.0,130123000.0,102749000.0,,0.148,0.0,,,0.0,0.0,10502000.0,99142000.0,0.014,0.115,161043000.0,171545000.0,0.472,171545000.0,161043000.0,160947000.0,0.4,0.38,0.4,1801130000.0,,1801130000.0,7568766052.0,13.0,11.968,130316000.0,0.502,1.0,233423000.0,0.642,665692000.0,96000.0,778550000.0,,0.0,357133000.0,,,267146000.0,,,8151257052.0,41543000.0,0.0,-33962000.0,0.0,-29952000.0,-67436000.0,-32293000.0,-23903000.0,141272000.0,0.0,102749000.0,102749000.0,102749000.0,0.0,0.0,0.283,77902000.0,155521000.0,41236000.0,0.287,4.526,21.642,21.438,208283000.0,0.0,31.3,5.897,5.879,164594000.0,1516217000.0,363546000.0,363546000.0,0.0,,,,,0.0,36989000.0,1.0,260423548.0,259630000.0,271431000.0,1.4,1402584000.0,0.0,58198000.0,7097000.0,5.402,
65,TROW,MRQ,2005-03-31,2005-03-31,2005-03-31,2021-07-29,38268000.0,2003706000.0,,,,,6.734,-13738000.0,582491000.0,582491000.0,127142000.0,94297000.0,,0.142,0.0,,,0.0,0.0,9772000.0,102664000.0,0.014,0.115,149336000.0,159108000.0,0.446,159108000.0,149336000.0,149241000.0,0.36,0.345,0.36,1754325000.0,,1754325000.0,7236446880.0,13.0,12.067,135743000.0,0.521,1.0,229929000.0,0.644,665692000.0,95000.0,755523000.0,,0.0,330818000.0,,,249381000.0,,,7736196880.0,82741000.0,0.0,-18504000.0,0.0,-29800000.0,-46067000.0,-20673000.0,-6935000.0,149481000.0,0.0,94297000.0,94297000.0,94297000.0,0.0,0.0,0.264,82648000.0,147281000.0,47406000.0,0.319,4.41,21.844,21.593,207677000.0,0.0,29.69,5.824,5.823,165278000.0,1443293000.0,357071000.0,357071000.0,0.0,,,,,0.0,41790000.0,1.0,260565742.0,260532000.0,273484000.0,1.371,1338014000.0,0.0,54944000.0,16501000.0,5.136,
66,TROW,MRQ,2004-12-31,2004-12-31,2004-12-31,2021-07-29,41666000.0,1928825000.0,,,,,6.622,-8222000.0,499750000.0,499750000.0,117081000.0,97072000.0,,0.136,0.0,,,0.0,0.0,9946000.0,100427000.0,0.013,0.115,149300000.0,159246000.0,0.461,159246000.0,149300000.0,149193000.0,0.375,0.36,0.375,1697300000.0,,1697300000.0,7480689926.0,14.0,13.017,22480000.0,0.088,1.0,228368000.0,0.661,665692000.0,107000.0,763383000.0,,0.0,329234000.0,,,231525000.0,,,7970750926.0,9672000.0,0.0,29927000.0,0.0,-24307000.0,9238000.0,-30268000.0,-22046000.0,30702000.0,0.0,97072000.0,97072000.0,97072000.0,0.0,0.0,0.281,84957000.0,143411000.0,54172000.0,0.307,4.696,23.638,23.561,203807000.0,0.0,31.1,6.242,6.242,158342000.0,1378948000.0,345449000.0,345449000.0,0.0,,,,,0.0,41421000.0,1.0,256294242.0,256294242.0,,1.348,1263133000.0,0.0,52121000.0,9327000.0,4.928,
67,TROW,MRQ,2004-09-30,2004-09-30,2004-09-30,2021-07-29,31553000.0,1843342000.0,,,,,6.146,-13289000.0,490061000.0,490061000.0,117955000.0,82525000.0,,0.177,0.0,,,0.0,0.0,10083000.0,96858000.0,0.015,0.095,132433000.0,142516000.0,0.451,142516000.0,132433000.0,132340000.0,0.325,0.31,0.325,1566470000.0,,1566470000.0,6087224435.0,12.0,11.324,119457000.0,0.469,1.0,198273000.0,0.627,665692000.0,93000.0,687589000.0,,0.0,289931000.0,,,276872000.0,,,6482466435.0,94819000.0,0.0,-1489000.0,0.0,-24172000.0,-19963000.0,-17964000.0,-4675000.0,132746000.0,0.0,82525000.0,82525000.0,82525000.0,0.0,0.0,0.261,67359000.0,130914000.0,46644000.0,0.292,4.138,20.994,20.877,205682000.0,0.0,25.47,5.346,5.353,140361000.0,1311616000.0,316228000.0,316228000.0,0.0,,,,,0.0,29920000.0,1.0,254513798.0,254858000.0,266610000.0,1.241,1177650000.0,0.0,49815000.0,0.0,4.621,
68,TROW,MRQ,2004-06-30,2004-06-30,2004-06-30,2021-07-29,30381000.0,1728136000.0,,,,,5.899,-12875000.0,395242000.0,395242000.0,113084000.0,80264000.0,,0.154,0.0,,,0.0,0.0,9843000.0,91160000.0,0.015,0.095,128953000.0,138796000.0,0.448,138796000.0,128953000.0,128485000.0,0.315,0.3,0.315,1498062000.0,,1498062000.0,6078194202.0,13.0,11.862,107254000.0,0.422,1.0,196588000.0,0.635,665692000.0,468000.0,667202000.0,,0.0,283530000.0,,,230074000.0,,,6385113202.0,88323000.0,0.0,18009000.0,0.0,-23997000.0,-10906000.0,-20900000.0,-8025000.0,120129000.0,0.0,80264000.0,80264000.0,80264000.0,0.0,0.0,0.259,68574000.0,128014000.0,42276000.0,0.302,4.262,21.826,21.724,202475000.0,0.0,25.2,5.53,5.542,135960000.0,1253347000.0,309672000.0,309672000.0,0.0,,,,,0.0,32642000.0,1.0,253377508.0,253952000.0,267026000.0,1.219,1062444000.0,0.0,48221000.0,0.0,4.184,
69,TROW,MRQ,2004-03-31,2004-03-31,2004-03-31,2021-07-29,32240000.0,1634023000.0,,,,,5.63,-8714000.0,306919000.0,306919000.0,109780000.0,77339000.0,,0.151,0.0,,,0.0,0.0,10128000.0,96078000.0,0.013,0.095,124014000.0,134142000.0,0.439,134142000.0,124014000.0,123682000.0,0.305,0.29,0.305,1419952000.0,,1419952000.0,6538439152.0,15.0,13.853,82009000.0,0.325,1.0,195871000.0,0.641,665692000.0,332000.0,661412000.0,,0.0,277316000.0,,,214071000.0,,,6774972152.0,70386000.0,0.0,10353000.0,0.0,-23724000.0,-13569000.0,-6768000.0,1946000.0,90723000.0,0.0,77339000.0,77339000.0,77339000.0,0.0,0.0,0.253,73010000.0,122861000.0,46254000.0,0.311,4.771,25.465,25.272,199423000.0,0.0,26.915,6.259,6.27,132905000.0,1197255000.0,305651000.0,305651000.0,0.0,,,,,0.0,36717000.0,1.0,251717338.0,252192000.0,267554000.0,1.212,968331000.0,0.0,46343000.0,0.0,3.84,
70,TROW,MRQ,2003-12-31,2003-12-31,2003-12-31,2021-07-29,28755000.0,1546577000.0,,,,,5.337,-10111000.0,236533000.0,236533000.0,99025000.0,68647000.0,,0.164,0.0,,,0.0,0.0,10446000.0,96276000.0,0.015,0.095,111634000.0,122080000.0,0.434,122080000.0,111634000.0,111247000.0,0.275,0.26,0.275,1329080000.0,,1329080000.0,5690010793.0,15.0,13.794,50821000.0,0.204,1.0,182094000.0,0.648,665692000.0,387000.0,644352000.0,,0.0,273245000.0,,,217497000.0,,,5903520793.0,10027000.0,0.0,6636000.0,-13168000.0,-21151000.0,-26464000.0,-24441000.0,-14330000.0,60932000.0,0.0,68647000.0,68647000.0,68647000.0,0.0,0.0,0.244,71844000.0,110250000.0,47699000.0,0.345,4.442,25.951,25.766,201094000.0,0.0,23.705,5.93,5.93,121295000.0,1143913000.0,281119000.0,281119000.0,0.0,,,,,0.0,36130000.0,1.0,249041164.0,249041164.0,,1.129,880885000.0,0.0,42600000.0,12890000.0,3.537,
71,TROW,MRQ,2003-09-30,2003-09-30,2003-09-30,2021-07-29,20403000.0,1512439000.0,,,,,5.101,-8087000.0,226506000.0,226506000.0,97441000.0,66291000.0,,0.195,12996000.0,,,12996000.0,0.0,11287000.0,95057000.0,0.016,0.085,106118000.0,117405000.0,0.455,117405000.0,106118000.0,105786000.0,0.265,0.255,0.265,1265135000.0,,1265135000.0,4971247374.0,15.0,13.307,97721000.0,0.394,1.0,160827000.0,0.623,665692000.0,332000.0,633237000.0,,0.0,243895000.0,,,247304000.0,,,5098271374.0,82363000.0,0.0,11424000.0,-5000000.0,-20912000.0,-8048000.0,-15397000.0,-7310000.0,105808000.0,0.0,66291000.0,66291000.0,66291000.0,0.0,0.0,0.257,55297000.0,105530000.0,35173000.0,0.321,4.03,24.869,24.719,202057000.0,0.0,20.64,5.458,5.48,114648000.0,1098991000.0,258268000.0,258268000.0,0.0,,,,,0.0,25170000.0,1.0,247009272.0,248026000.0,260144000.0,1.041,846747000.0,0.0,39495000.0,0.0,3.414,
72,TROW,MRQ,2003-06-30,2003-06-30,2003-06-30,2021-07-29,18104000.0,1412390000.0,,,,,4.862,-8257000.0,144143000.0,144143000.0,94343000.0,53775000.0,,0.186,17119000.0,,,17119000.0,0.0,11705000.0,88617000.0,0.018,0.085,86664000.0,98369000.0,0.414,98369000.0,86664000.0,86184000.0,0.22,0.21,0.22,1191284000.0,,1191284000.0,4523528387.0,16.0,13.312,43572000.0,0.178,1.0,143119000.0,0.603,665692000.0,480000.0,619674000.0,,0.0,232352000.0,,,221106000.0,,,4611435387.0,11271000.0,0.0,7749000.0,-27531000.0,-20764000.0,-38160000.0,-2398000.0,5859000.0,51829000.0,0.0,53775000.0,53775000.0,53775000.0,0.0,0.0,0.226,58303000.0,84816000.0,38295000.0,0.386,3.871,25.348,25.349,205294000.0,0.0,18.885,5.139,5.156,106818000.0,1053851000.0,237462000.0,237462000.0,0.0,,,,,0.0,27377000.0,1.0,244185088.0,245014000.0,253688000.0,0.969,746698000.0,0.0,32409000.0,0.0,3.048,
73,TROW,MRQ,2003-03-31,2003-03-31,2003-03-31,2021-07-29,8942000.0,1383880000.0,,,,,4.63,-5287000.0,132872000.0,132872000.0,92147000.0,38774000.0,,0.22,44965000.0,,,44965000.0,0.0,11851000.0,86231000.0,0.024,0.085,62799000.0,74650000.0,0.341,74650000.0,62799000.0,62299000.0,0.16,0.155,0.16,1133910000.0,,1133910000.0,3261320569.0,11.0,9.629,73099000.0,0.299,1.0,126571000.0,0.579,665692000.0,500000.0,630281000.0,,0.0,220626000.0,,,249970000.0,,,3316839569.0,21454000.0,0.0,-18603000.0,-11000000.0,-20845000.0,-45509000.0,-11423000.0,-6136000.0,78386000.0,0.0,38774000.0,38774000.0,38774000.0,0.0,0.0,0.177,62127000.0,64444000.0,65258000.0,0.531,2.925,18.426,18.449,208735000.0,0.0,13.56,3.685,3.689,96211000.0,1020988000.0,218718000.0,218718000.0,0.0,,,,,0.0,32866000.0,1.0,244604688.0,244884000.0,251038000.0,0.893,718188000.0,0.0,23525000.0,0.0,2.933,
74,TROW,MRQ,2002-12-31,2002-12-31,2002-12-31,2021-07-29,8641000.0,1370433000.0,,,,,4.632,-6528000.0,111418000.0,111418000.0,83886000.0,46166000.0,,0.209,55899000.0,,,55899000.0,0.0,12124000.0,81292000.0,0.024,0.085,71035000.0,83159000.0,0.379,83159000.0,71035000.0,70476000.0,0.19,0.185,0.19,1133840000.0,,1133840000.0,3271645375.0,10.0,9.017,6800000.0,0.028,1.0,135752000.0,0.618,665692000.0,559000.0,649222000.0,,0.0,216080000.0,,,236593000.0,,,3338500375.0,-11998000.0,0.0,-409000.0,-1000000.0,-19572000.0,-15036000.0,-10290000.0,-3762000.0,13328000.0,0.0,46166000.0,46166000.0,46166000.0,0.0,0.0,0.21,63272000.0,72480000.0,42317000.0,0.447,2.944,17.186,17.266,215590000.0,0.0,13.64,3.615,3.615,96787000.0,1019925000.0,219638000.0,219638000.0,0.0,,,,,0.0,31731000.0,1.0,244758092.0,244758092.0,,0.897,704741000.0,0.0,24310000.0,1585000.0,2.879,
75,TROW,MRQ,2002-09-30,2002-09-30,2002-09-30,2021-07-29,3133000.0,1375938000.0,,,,,4.495,-7008000.0,123416000.0,123416000.0,88620000.0,43210000.0,,0.251,56561000.0,,,56561000.0,0.0,12712000.0,75347000.0,0.026,0.08,70907000.0,83619000.0,0.377,83619000.0,70907000.0,70330000.0,0.175,0.17,0.175,1100308000.0,,1100308000.0,3017605845.0,9.0,8.015,62469000.0,0.255,1.0,132956000.0,0.6,665692000.0,577000.0,643391000.0,,0.0,204571000.0,,,275630000.0,,,3056401845.0,25840000.0,0.0,-12738000.0,-2000000.0,-19596000.0,-24865000.0,-18772000.0,-11764000.0,69477000.0,0.0,43210000.0,43210000.0,43210000.0,0.0,0.0,0.195,60009000.0,72947000.0,38254000.0,0.457,2.778,15.829,16.0,221093000.0,0.0,12.48,3.347,3.346,97861000.0,996253000.0,221576000.0,221576000.0,0.0,,,,,0.0,25920000.0,1.0,244903994.0,244792000.0,252102000.0,0.905,710246000.0,0.0,27120000.0,0.0,2.901,
76,TROW,MRQ,2002-06-30,2002-06-30,2002-06-30,2021-07-29,9157000.0,1356401000.0,,,,,4.441,-7010000.0,97576000.0,97576000.0,90707000.0,51854000.0,,0.24,58780000.0,,,58780000.0,0.0,12991000.0,65878000.0,0.019,0.08,84294000.0,97285000.0,0.405,97285000.0,84294000.0,83592000.0,0.21,0.2,0.21,1093676000.0,,1093676000.0,4025207047.0,12.0,10.043,91691000.0,0.372,1.0,149573000.0,0.622,665692000.0,702000.0,651913000.0,,0.0,204179000.0,,,262725000.0,,,4068222047.0,-15870000.0,0.0,-73044000.0,-13000000.0,-19849000.0,-69385000.0,-45186000.0,-38176000.0,98701000.0,0.0,51854000.0,51854000.0,51854000.0,0.0,0.0,0.216,60639000.0,88934000.0,46688000.0,0.381,3.72,20.312,20.296,226936000.0,0.0,16.44,4.35,4.33,106027000.0,984482000.0,240280000.0,240280000.0,0.0,,,,,0.0,29475000.0,1.0,247458762.0,246272000.0,257360000.0,0.976,690709000.0,0.0,31738000.0,7619000.0,2.805,
77,TROW,MRQ,2002-03-31,2002-03-31,2002-03-31,2021-07-29,12747000.0,1361216000.0,,,,,4.589,-5501000.0,113446000.0,113446000.0,94373000.0,53024000.0,,0.201,70431000.0,,,70431000.0,0.0,12751000.0,29370000.0,0.016,0.08,86002000.0,98753000.0,0.408,98753000.0,86002000.0,85206000.0,0.215,0.205,0.215,1133754000.0,,1133754000.0,4837460519.0,14.0,11.663,82291000.0,0.333,1.0,147635000.0,0.61,665692000.0,796000.0,652509000.0,,0.0,170565000.0,,,227462000.0,,,4813312519.0,33705000.0,0.0,15738000.0,-33366000.0,-19684000.0,-33364000.0,-20723000.0,-15222000.0,87792000.0,0.0,53024000.0,53024000.0,53024000.0,0.0,0.0,0.219,61485000.0,86150000.0,39432000.0,0.372,4.245,24.117,24.031,233328000.0,0.0,19.465,5.03,5.025,113306000.0,1006647000.0,242008000.0,242008000.0,0.0,,,,,0.0,32718000.0,1.0,247280376.0,247062000.0,260376000.0,0.98,695524000.0,0.0,32182000.0,25797000.0,2.815,
78,TROW,MRQ,2001-12-31,2001-12-31,2001-12-31,2021-07-29,11770000.0,1313115000.0,,,,,4.365,-4227000.0,79741000.0,79741000.0,92883000.0,45006000.0,,0.218,103889000.0,,,103889000.0,0.0,20358000.0,25422000.0,0.018,0.08,76472000.0,96830000.0,0.463,96830000.0,76472000.0,76047000.0,0.18,0.175,0.18,1077825000.0,,1077825000.0,4247035462.0,12.0,10.038,-26201000.0,-0.106,1.0,116333000.0,0.556,665692000.0,425000.0,671571000.0,,0.0,154208000.0,,,235290000.0,,,4287684462.0,-101385000.0,0.0,-22370000.0,-35000000.0,-18549000.0,-73340000.0,-6071000.0,-1844000.0,-21974000.0,0.0,45006000.0,45006000.0,45006000.0,0.0,0.0,0.215,70900000.0,45433000.0,42782000.0,0.444,3.978,21.891,21.843,241825000.0,0.0,17.365,4.307,4.307,104001000.0,973472000.0,209216000.0,209216000.0,0.0,,,,,0.0,-5607000.0,1.0,246915316.0,246915316.0,,0.847,647423000.0,0.0,31041000.0,0.0,2.622,
79,TROW,MRQ,2001-09-30,2001-09-30,2001-09-30,2021-07-29,6753000.0,1422294000.0,,,,,4.328,-4590000.0,181126000.0,181126000.0,91219000.0,50398000.0,,0.333,140477000.0,,,140477000.0,0.0,20220000.0,22843000.0,0.02,0.075,87694000.0,107914000.0,0.443,107914000.0,87694000.0,85256000.0,0.205,0.195,0.205,1067221000.0,,1067221000.0,3697699221.0,10.0,8.331,128947000.0,0.523,1.0,152399000.0,0.626,672922000.0,2438000.0,708723000.0,,0.0,191238000.0,,,355073000.0,,,3608129221.0,55589000.0,0.0,4228000.0,-75000000.0,-18471000.0,-85858000.0,7910000.0,12500000.0,133537000.0,0.0,50398000.0,50398000.0,50398000.0,0.0,0.0,0.207,64705000.0,87694000.0,41623000.0,0.366,3.381,17.487,17.44,249685000.0,0.0,14.65,3.539,3.543,103718000.0,948164000.0,243618000.0,243618000.0,0.0,,,,,0.0,38267000.0,1.0,246288684.0,246566000.0,258568000.0,0.988,749372000.0,0.0,34858000.0,44411000.0,3.039,
80,TROW,MRQ,2001-06-30,2001-06-30,2001-06-30,2021-07-29,16941000.0,1417737000.0,,,,,4.234,-9465000.0,125537000.0,125537000.0,96214000.0,51156000.0,,0.36,215107000.0,,,215107000.0,0.0,20524000.0,19458000.0,0.016,0.075,90734000.0,111258000.0,0.424,111258000.0,90734000.0,86838000.0,0.21,0.2,0.21,1042161000.0,,1042161000.0,4739729393.0,12.0,10.169,60475000.0,0.246,1.0,165916000.0,0.633,680224000.0,3896000.0,827083000.0,,0.0,217879000.0,,,375576000.0,,,4599588393.0,-24741000.0,0.0,827000.0,-75000000.0,-18452000.0,-87352000.0,-7329000.0,2136000.0,69940000.0,0.0,51156000.0,51156000.0,51156000.0,0.0,0.0,0.195,75182000.0,90734000.0,40436000.0,0.357,4.414,20.432,20.321,258258000.0,0.0,18.695,4.261,4.263,115886000.0,916316000.0,262130000.0,262130000.0,0.0,,,,,0.0,46304000.0,1.0,246033078.0,246164000.0,258116000.0,1.065,737513000.0,0.0,35682000.0,16514000.0,2.996,
81,TROW,MRQ,2001-03-31,2001-03-31,2001-03-31,2021-07-29,13936000.0,1458445000.0,,,,,4.093,-23093000.0,150278000.0,150278000.0,104643000.0,49308000.0,,0.451,290419000.0,,,290419000.0,0.0,19386000.0,14185000.0,0.018,0.075,87727000.0,107113000.0,0.382,107113000.0,87727000.0,82805000.0,0.2,0.19,0.2,1004933000.0,,1004933000.0,4082273555.0,10.0,8.501,85758000.0,0.349,1.0,175839000.0,0.627,687755000.0,4922000.0,910831000.0,,0.0,208198000.0,,,453512000.0,,,3850522555.0,69752000.0,0.0,-506000.0,-20000000.0,-18366000.0,-35619000.0,-3480000.0,19613000.0,108851000.0,0.0,49308000.0,49308000.0,49308000.0,0.0,0.0,0.176,88469000.0,87370000.0,56565000.0,0.375,3.832,15.826,15.734,262044000.0,0.0,15.655,3.444,3.438,127121000.0,883631000.0,280482000.0,280482000.0,0.0,,,,,0.0,52285000.0,1.0,245961198.0,245502000.0,258952000.0,1.142,770690000.0,0.0,33497000.0,29751000.0,3.139,
82,TROW,MRQ,2000-12-31,2000-12-31,2000-12-31,2021-07-29,32947000.0,1469459000.0,,,,,4.029,-19068000.0,80526000.0,80526000.0,96092000.0,55473000.0,,0.483,312277000.0,,,312277000.0,0.0,19077000.0,10932000.0,0.013,0.075,98478000.0,117555000.0,0.504,117555000.0,98478000.0,92696000.0,0.225,0.215,0.225,991065000.0,,991065000.0,,,,10585000.0,0.043,1.0,137091000.0,0.588,694985000.0,5782000.0,1006225000.0,,0.0,206804000.0,,,478394000.0,,,5198389920.0,-31158000.0,0.0,6986000.0,-5000000.0,-15815000.0,-3776000.0,-57035000.0,-37967000.0,29653000.0,0.0,55473000.0,55473000.0,55473000.0,0.0,0.0,0.238,97136000.0,39955000.0,57243000.0,0.333,5.245,19.323,19.041,255660000.0,0.0,21.135,4.505,4.505,131041000.0,852775000.0,233183000.0,233183000.0,0.0,,,,,0.0,14708000.0,1.0,245961198.0,245961198.0,,0.948,774474000.0,0.0,37223000.0,13220000.0,3.149,
83,TROW,MRQ,2000-09-30,2000-09-30,2000-09-30,2021-07-29,,,,,,,,-25866000.0,,,98912000.0,69183000.0,,,,,,,,14591000.0,,0.011,0.065,115591000.0,130182000.0,0.429,130182000.0,115591000.0,111983000.0,0.285,0.265,0.285,,,,,,,100572000.0,0.414,1.0,204792000.0,0.674,,3608000.0,,,,,,,,,,,-394208000.0,-783194000.0,3497000.0,300000000.0,-15765000.0,288757000.0,-809403000.0,-343000.0,126438000.0,0.0,69183000.0,69183000.0,69183000.0,0.0,0.0,0.228,86672000.0,118120000.0,,0.228,,,,,0.0,23.47,,,,,303704000.0,303704000.0,0.0,,,,,0.0,42625000.0,1.0,,242850000.0,261000000.0,1.251,,,42800000.0,,,
84,TROW,MRQ,2000-06-30,2000-06-30,2000-06-30,2021-07-29,,,,,,,,-22638000.0,,,92665000.0,69339000.0,,,,,,,,10364000.0,,0.012,0.065,114991000.0,125355000.0,0.417,125355000.0,114991000.0,114930000.0,0.285,0.27,0.285,,,,,,,39311000.0,0.163,1.0,208017000.0,0.692,,61000.0,,,,,,,,,,,67457000.0,0.0,4768000.0,0.0,-15686000.0,-12990000.0,18498000.0,41136000.0,61949000.0,0.0,69339000.0,69339000.0,69339000.0,0.0,0.0,0.231,87458000.0,120559000.0,,0.228,,,,,0.0,21.25,,,,,300682000.0,300682000.0,0.0,,,,,0.0,48511000.0,1.0,,241860000.0,258670000.0,1.243,,,45591000.0,,,
85,TROW,MRQ,2000-03-31,2000-03-31,2000-03-31,2021-07-29,,,,,,,,-18040000.0,,,92967000.0,75034000.0,,,,,,,,9660000.0,,0.012,0.065,124299000.0,133959000.0,0.423,133959000.0,124299000.0,124238000.0,0.31,0.29,0.31,,,,,,,86655000.0,0.36,1.0,223364000.0,0.706,,61000.0,,,,,,,,,,,79963000.0,0.0,4028000.0,0.0,-15614000.0,-11586000.0,-13146000.0,4894000.0,104695000.0,0.0,75034000.0,75034000.0,75034000.0,0.0,0.0,0.237,92512000.0,130852000.0,,0.21,,,,,0.0,19.75,,,,,316331000.0,316331000.0,0.0,,,,,0.0,51016000.0,1.0,,240838000.0,256798000.0,1.313,,,49204000.0,,,
86,TROW,MRQ,1999-12-31,1999-12-31,1999-12-31,2021-07-29,48727000.0,998039000.0,,,,,,,358472000.0,358472000.0,,,,0.296,17716000.0,,,17716000.0,0.0,,0.0,0.012,0.065,,,,,,,,,,770184000.0,,770184000.0,,,,,,1.0,,,2474000.0,,654809000.0,,0.0,278910000.0,,,227855000.0,,,,,,,,,,,,,,,,,,,,,,37712000.0,,,,18.563,210302000.0,,18.47,,,121637000.0,649378000.0,,,,,,,,,,1.0,,,,,995565000.0,0.0,,31819000.0,,
0,TROW,MRT,2021-06-30,2021-06-30,2021-06-30,2021-07-29,-28700000.0,11279200000.0,10709300000.0,,,0.662,34.793,-231100000.0,3514900000.0,3514900000.0,2709100000.0,3235700000.0,,0.317,138500000.0,,,138500000.0,0.0,194700000.0,0.0,0.035,6.96,3919800000.0,4114500000.0,0.581,4114500000.0,3919800000.0,3919800000.0,12.8,12.68,12.8,7893000000.0,7684175000.0,7893000000.0,42226498183.0,11.0,10.263,1849100000.0,8.151,1.0,4375700000.0,0.618,665700000.0,0.0,7237100000.0,7515850000.0,0.0,5141800000.0,,,2505800000.0,,,44910598183.0,1388100000.0,-88900000.0,-511600000.0,0.0,-925200000.0,-667900000.0,-33000000.0,231000000.0,2080200000.0,8800000.0,2991700000.0,2991700000.0,2991700000.0,0.0,244000000.0,0.422,1039600000.0,3336100000.0,246200000.0,0.544,5.69,15.012,15.466,818400000.0,0.0,197.97,6.339,6.339,918200000.0,7202600000.0,7084800000.0,7084800000.0,0.0,0.279,0.389,0.522,0.553,248500000.0,416300000.0,1.0,226855575.0,226855575.0,,31.23,10613500000.0,0.0,928100000.0,102400000.0,46.785,
1,TROW,MRT,2021-03-31,2021-03-31,2021-03-31,2021-07-29,-30500000.0,10764400000.0,10258825000.0,,,0.641,35.132,-227400000.0,2830100000.0,2830100000.0,2623600000.0,3121500000.0,,0.218,146000000.0,,,146000000.0,0.0,192500000.0,0.0,0.022,3.78,3688100000.0,3880600000.0,0.591,3880600000.0,3688100000.0,3688100000.0,11.88,11.77,11.88,8008200000.0,7398600000.0,8008200000.0,37117947500.0,10.0,9.565,1898500000.0,8.329,1.0,3947300000.0,0.601,665700000.0,0.0,7414600000.0,7436550000.0,0.0,5350400000.0,,,1743300000.0,,,39115547500.0,1233700000.0,-80400000.0,-583100000.0,0.0,-882900000.0,-801500000.0,-94700000.0,155500000.0,2125900000.0,4000000.0,2779000000.0,2779000000.0,2779000000.0,0.0,342500000.0,0.423,1015600000.0,2931700000.0,228900000.0,0.318,4.884,14.075,14.444,814100000.0,0.0,171.6,5.953,5.953,885900000.0,7338700000.0,6570900000.0,6570900000.0,0.0,0.271,0.376,0.496,0.561,245400000.0,404000000.0,1.0,227946081.0,227946081.0,,28.827,10098700000.0,0.0,909100000.0,284000000.0,44.303,
2,TROW,MRT,2020-12-31,2020-12-31,2020-12-31,2021-07-29,-23000000.0,10659000000.0,9726950000.0,,,0.638,34.037,-214600000.0,2151700000.0,2151700000.0,2460900000.0,2523300000.0,,0.18,154100000.0,,,154100000.0,0.0,189600000.0,0.0,0.024,3.6,3091600000.0,3281200000.0,0.529,3281200000.0,3091600000.0,3091600000.0,10.08,9.98,10.08,7707000000.0,7005050000.0,7707000000.0,32226762652.0,10.0,9.822,1704300000.0,7.527,1.0,3745800000.0,0.604,665700000.0,0.0,7995700000.0,7228250000.0,0.0,5946300000.0,,,1390300000.0,,,34279662652.0,398200000.0,-53900000.0,-1198000000.0,0.0,-845800000.0,-1486300000.0,-36300000.0,181700000.0,1918900000.0,1900000.0,2372700000.0,2372700000.0,2372700000.0,0.0,150600000.0,0.382,1000100000.0,2745700000.0,187700000.0,0.357,4.448,14.448,15.019,813000000.0,0.0,151.39,5.523,5.523,863100000.0,7029800000.0,6206700000.0,6206700000.0,0.0,0.244,0.339,0.428,0.498,246200000.0,399800000.0,1.0,226432807.0,226432807.0,,27.411,9993300000.0,0.0,718900000.0,85000000.0,44.134,
3,TROW,MRT,2020-09-30,2020-09-30,2020-09-30,2021-07-29,-42700000.0,10134600000.0,9394800000.0,,,0.633,31.405,-211100000.0,2228200000.0,2228200000.0,2338600000.0,2187600000.0,,0.234,175300000.0,,,175300000.0,0.0,203100000.0,0.0,0.027,3.46,2793500000.0,2996600000.0,0.504,2996600000.0,2793500000.0,2793500000.0,9.03,8.92,9.03,7128500000.0,6853825000.0,7128500000.0,27212397607.0,10.0,9.081,1727800000.0,7.612,1.0,3603900000.0,0.606,665700000.0,0.0,7416000000.0,6986625000.0,0.0,5473100000.0,,,1665900000.0,,,29104097607.0,12100000.0,-59200000.0,-1245100000.0,0.0,-819200000.0,-1629000000.0,-300900000.0,-43700000.0,1938900000.0,3100000.0,2134600000.0,2134600000.0,2134600000.0,0.0,53000000.0,0.359,1033800000.0,2570100000.0,186900000.0,0.383,4.083,13.634,14.199,821100000.0,0.0,128.22,4.898,4.898,714800000.0,6471300000.0,5942500000.0,5942500000.0,0.0,0.227,0.311,0.4,0.47,235000000.0,428100000.0,1.0,226985631.0,226985631.0,,26.18,9468900000.0,0.0,658900000.0,66700000.0,41.716,
4,TROW,MRT,2020-06-30,2020-06-30,2020-06-30,2021-07-29,-52200000.0,9477300000.0,9210600000.0,,,0.627,29.667,-215400000.0,2058100000.0,2058100000.0,2243600000.0,2034100000.0,,0.242,166400000.0,,,166400000.0,0.0,199100000.0,0.0,0.027,3.32,2631300000.0,2830400000.0,0.49,2830400000.0,2631300000.0,2631300000.0,8.54,8.42,8.54,6750700000.0,6781650000.0,6750700000.0,26712487050.0,10.0,9.438,1999200000.0,8.786,1.0,3529800000.0,0.611,665700000.0,0.0,6919900000.0,6798950000.0,0.0,5061500000.0,,,1636500000.0,,,28102287050.0,269800000.0,-22500000.0,-1271600000.0,0.0,-791800000.0,-1642300000.0,-293000000.0,-66400000.0,2214600000.0,-9500000.0,2037300000.0,2037300000.0,2037300000.0,0.0,-3200000.0,0.353,1029500000.0,2500300000.0,194300000.0,0.389,4.163,13.794,14.461,816900000.0,0.0,123.5,4.868,4.868,655700000.0,6102900000.0,5773400000.0,5773400000.0,0.0,0.221,0.3,0.387,0.456,227500000.0,431700000.0,1.0,227548883.0,227548883.0,,25.372,8811600000.0,0.0,594000000.0,259300000.0,38.724,
5,TROW,MRT,2020-03-31,2020-03-31,2020-03-31,2021-07-29,-49100000.0,8636900000.0,9069350000.0,,,0.634,27.258,-202900000.0,1562400000.0,1562400000.0,2180200000.0,1861500000.0,,0.191,172600000.0,,,172600000.0,0.0,195000000.0,0.0,0.033,3.18,2499200000.0,2694200000.0,0.468,2694200000.0,2499200000.0,2499200000.0,8.14,8.02,8.14,6434000000.0,6738750000.0,6434000000.0,21413907556.0,9.0,7.948,1528800000.0,6.477,1.0,3573000000.0,0.621,665700000.0,0.0,6581400000.0,6718750000.0,0.0,4755600000.0,,,1231900000.0,,,23049407556.0,-53400000.0,-15800000.0,-1288300000.0,0.0,-764500000.0,-1519000000.0,-263100000.0,-52200000.0,1731700000.0,-3000000.0,1961800000.0,1961800000.0,1961800000.0,0.0,-100300000.0,0.341,1011300000.0,2561700000.0,198500000.0,0.391,3.582,11.749,11.996,812800000.0,0.0,97.65,4.006,4.006,585300000.0,5782900000.0,5753200000.0,5753200000.0,0.0,0.216,0.291,0.372,0.434,221400000.0,426100000.0,1.0,236041040.0,236041040.0,,24.374,7971200000.0,0.0,537400000.0,58300000.0,33.77,
6,TROW,MRT,2019-12-31,2019-12-31,2019-12-31,2021-07-29,-43000000.0,9330400000.0,9024850000.0,,,0.622,30.393,-204600000.0,1781800000.0,1781800000.0,2231700000.0,2248900000.0,,0.156,146300000.0,,,146300000.0,0.0,190800000.0,0.0,0.025,3.04,2809700000.0,3000500000.0,0.534,3000500000.0,2809700000.0,2809700000.0,8.82,8.7,8.82,7102100000.0,6708000000.0,7102100000.0,26404446375.0,9.0,8.8,1318100000.0,5.641,1.0,3386200000.0,0.603,665700000.0,0.0,7029200000.0,6647825000.0,0.0,5216700000.0,,,1107300000.0,,,28471246375.0,363000000.0,-18400000.0,-622500000.0,0.0,-733900000.0,-832700000.0,-324500000.0,-108300000.0,1522700000.0,-2500000.0,2131300000.0,2131300000.0,2131300000.0,0.0,117600000.0,0.379,999200000.0,2387000000.0,214500000.0,0.345,4.009,13.359,13.814,785200000.0,0.0,121.84,5.068,5.068,646600000.0,6443500000.0,5617900000.0,5617900000.0,0.0,0.236,0.318,0.423,0.5,206600000.0,418700000.0,1.0,233677334.0,233677334.0,,24.041,8664700000.0,0.0,678400000.0,31800000.0,37.08,
7,TROW,MRT,2019-09-30,2019-09-30,2019-09-30,2021-07-29,-48700000.0,9397800000.0,8614575000.0,,,0.633,29.036,-195900000.0,2213200000.0,2213200000.0,2161100000.0,1927000000.0,,0.213,146400000.0,,,146400000.0,0.0,176300000.0,0.0,0.026,2.98,2578300000.0,2754600000.0,0.505,2754600000.0,2578300000.0,2578300000.0,7.99,7.89,7.99,6839800000.0,6463550000.0,6839800000.0,25265804563.0,10.0,9.172,1438300000.0,6.106,1.0,3293100000.0,0.604,665700000.0,0.0,6665300000.0,6290125000.0,0.0,4853300000.0,,,1455100000.0,,,26913304563.0,97800000.0,-9600000.0,-1048300000.0,0.0,-722400000.0,-1399400000.0,-121800000.0,80500000.0,1634200000.0,-15200000.0,1937900000.0,1937900000.0,1937900000.0,0.0,-10900000.0,0.355,944100000.0,2349000000.0,203300000.0,0.373,3.935,13.888,14.299,790100000.0,0.0,114.25,4.934,4.934,620600000.0,6187000000.0,5454200000.0,5454200000.0,0.0,0.225,0.3,0.41,0.473,197900000.0,394100000.0,1.0,235565029.0,235565029.0,,23.154,8732100000.0,0.0,640400000.0,49200000.0,37.069,
8,TROW,MRT,2019-06-30,2019-06-30,2019-06-30,2021-07-29,-38500000.0,8912300000.0,8397775000.0,,,0.646,27.821,-184400000.0,1802400000.0,1802400000.0,2156000000.0,1963500000.0,,0.201,154900000.0,,,154900000.0,0.0,170800000.0,0.0,0.027,2.92,2642300000.0,2813100000.0,0.519,2813100000.0,2642300000.0,2642300000.0,8.07,7.96,8.07,6579100000.0,6368725000.0,6579100000.0,24448217999.0,9.0,8.691,1455000000.0,6.153,1.0,3266100000.0,0.602,665700000.0,0.0,6599100000.0,6067375000.0,0.0,4778600000.0,,,1320900000.0,,,25943717999.0,316800000.0,-7200000.0,-982100000.0,0.0,-713400000.0,-1352800000.0,39400000.0,148200000.0,1639400000.0,-9200000.0,1975000000.0,1975000000.0,1975000000.0,0.0,-11500000.0,0.364,935600000.0,2330500000.0,193000000.0,0.362,3.943,13.136,13.595,792100000.0,0.0,109.71,4.785,4.785,619800000.0,5915900000.0,5422100000.0,5422100000.0,0.0,0.235,0.31,0.435,0.487,197000000.0,395700000.0,1.0,236475417.0,236475417.0,,22.929,8246600000.0,0.0,667300000.0,52400000.0,34.873,
9,TROW,MRT,2019-03-31,2019-03-31,2019-03-31,2021-07-29,-41600000.0,8458900000.0,8140250000.0,,,0.66,26.712,-179500000.0,1657400000.0,1657400000.0,2136000000.0,1867200000.0,,0.2,161900000.0,,,161900000.0,0.0,164500000.0,0.0,0.029,2.86,2549200000.0,2713700000.0,0.505,2713700000.0,2549200000.0,2549200000.0,7.7,7.58,7.7,6311000000.0,6252600000.0,6311000000.0,22229513735.0,9.0,8.192,1498100000.0,6.341,1.0,3235900000.0,0.602,665700000.0,0.0,6297700000.0,5850625000.0,0.0,4483000000.0,,,1261200000.0,,,23654713735.0,-32700000.0,-5700000.0,-957900000.0,0.0,-704100000.0,-1303400000.0,-389500000.0,-290300000.0,1677600000.0,-17400000.0,1896400000.0,1896400000.0,1896400000.0,0.0,-29200000.0,0.353,925800000.0,2310100000.0,210000000.0,0.371,3.748,12.473,13.003,794400000.0,0.0,100.12,4.403,4.403,604600000.0,5650800000.0,5371900000.0,5371900000.0,0.0,0.233,0.303,0.436,0.475,195000000.0,393900000.0,1.0,236263621.0,236263621.0,,22.737,7793200000.0,0.0,652800000.0,197500000.0,32.985,
10,TROW,MRT,2018-12-31,2018-12-31,2018-12-31,2021-07-29,-42000000.0,7689300000.0,7869100000.0,,,0.683,25.448,-168500000.0,1425200000.0,1425200000.0,2089800000.0,1768700000.0,,0.135,0.0,,,0.0,0.0,159500000.0,0.0,0.03,2.8,2453400000.0,2612900000.0,0.486,2612900000.0,2453400000.0,2453400000.0,7.41,7.27,7.41,6124300000.0,6150325000.0,6124300000.0,20126641719.0,8.0,7.703,1451400000.0,6.031,1.0,3282800000.0,0.611,665700000.0,0.0,5598400000.0,5533000000.0,0.0,4133800000.0,,,824700000.0,,,22217241719.0,-510500000.0,-23800000.0,-1015600000.0,0.0,-694300000.0,-1239500000.0,-875500000.0,-771600000.0,1619900000.0,-15400000.0,1837500000.0,1837500000.0,1837500000.0,0.0,-68800000.0,0.342,921400000.0,2361400000.0,228500000.0,0.378,3.628,12.091,12.459,661300000.0,0.0,92.32,4.135,4.135,549600000.0,5464100000.0,5372600000.0,5372600000.0,0.0,0.234,0.299,0.443,0.457,197100000.0,395600000.0,1.0,240654698.0,240654698.0,,22.325,7023600000.0,0.0,615900000.0,54200000.0,29.185,
11,TROW,MRT,2018-09-30,2018-09-30,2018-09-30,2021-07-29,-31000000.0,8530600000.0,7830625000.0,,,0.685,26.566,-178500000.0,2090600000.0,2090600000.0,2081900000.0,1883300000.0,,0.187,0.0,,,0.0,0.0,151600000.0,0.0,0.024,2.67,2576600000.0,2728200000.0,0.508,2728200000.0,2576600000.0,2576600000.0,7.36,7.21,7.36,6460500000.0,6075350000.0,6460500000.0,25067160954.0,10.0,9.188,1184600000.0,4.871,1.0,3283300000.0,0.612,665700000.0,0.0,5774300000.0,5375150000.0,0.0,4332200000.0,,,1209500000.0,,,26551560954.0,220100000.0,-40700000.0,-370100000.0,0.0,-664600000.0,-272200000.0,-866800000.0,-735200000.0,1363100000.0,-4000000.0,1832700000.0,1832700000.0,1832700000.0,0.0,50600000.0,0.342,933200000.0,2350100000.0,249900000.0,0.363,4.11,14.488,14.834,657000000.0,0.0,109.18,4.949,4.949,583100000.0,5788500000.0,5365200000.0,5365200000.0,0.0,0.234,0.302,0.479,0.48,176700000.0,401400000.0,1.0,243190703.0,243190703.0,,22.062,7864900000.0,0.0,743900000.0,80300000.0,32.34,
12,TROW,MRT,2018-06-30,2018-06-30,2018-06-30,2021-07-29,-23700000.0,7882200000.0,7542875000.0,,,0.691,25.253,-182100000.0,1484400000.0,1484400000.0,2041000000.0,1705900000.0,,0.168,0.0,,,0.0,0.0,146400000.0,0.0,0.022,2.54,2412200000.0,2558600000.0,0.491,2558600000.0,2412200000.0,2412200000.0,6.61,6.47,6.61,6114600000.0,5842225000.0,6114600000.0,26428341562.0,11.0,10.329,837500000.0,3.459,1.0,3168300000.0,0.608,665700000.0,0.0,5732100000.0,5142700000.0,0.0,4316500000.0,,,1028400000.0,,,28109741562.0,-19600000.0,-40000000.0,-242000000.0,0.0,-631400000.0,8500000.0,-1042600000.0,-825500000.0,1019600000.0,-5100000.0,1640600000.0,1640600000.0,1640600000.0,0.0,65300000.0,0.315,910300000.0,2258000000.0,220000000.0,0.384,4.597,17.134,17.563,655200000.0,0.0,116.09,5.396,5.396,564400000.0,5435100000.0,5209300000.0,5209300000.0,0.0,0.218,0.281,0.469,0.463,168600000.0,388700000.0,1.0,242137493.0,242137493.0,,21.514,7216500000.0,0.0,771600000.0,56400000.0,29.803,
13,TROW,MRT,2018-03-31,2018-03-31,2018-03-31,2021-07-29,-6400000.0,7374300000.0,7205475000.0,,,0.701,24.144,-175900000.0,1681400000.0,1681400000.0,1982000000.0,1636300000.0,,0.157,0.0,,,0.0,0.0,144900000.0,0.0,0.022,2.41,2397600000.0,2542500000.0,0.503,2542500000.0,2397600000.0,2397600000.0,6.32,6.2,6.32,5901900000.0,5605725000.0,5901900000.0,24489974716.0,10.0,9.632,386100000.0,1.579,1.0,3068300000.0,0.608,665700000.0,0.0,5027200000.0,4790850000.0,0.0,3605900000.0,,,925900000.0,,,26392674716.0,135200000.0,-39200000.0,-237900000.0,0.0,-597000000.0,73400000.0,-510200000.0,-289800000.0,562000000.0,10000000.0,1565600000.0,1565600000.0,1565600000.0,0.0,70700000.0,0.31,897400000.0,2170900000.0,241300000.0,0.381,4.472,16.858,17.084,650200000.0,0.0,107.97,5.226,5.226,593600000.0,5205000000.0,5050300000.0,5050300000.0,0.0,0.217,0.279,0.5,0.475,160800000.0,386100000.0,1.0,244444519.0,244444519.0,,20.66,6708600000.0,0.0,832000000.0,159800000.0,27.444,
14,TROW,MRT,2017-12-31,2017-12-31,2017-12-31,2021-07-29,-3600000.0,7535400000.0,6930800000.0,,,0.7,24.037,-186100000.0,1902700000.0,1902700000.0,1927500000.0,1581200000.0,,0.123,0.0,,,0.0,0.0,143600000.0,0.0,0.022,2.28,2421700000.0,2565300000.0,0.528,2565300000.0,2421700000.0,2421700000.0,6.07,5.97,6.07,5824400000.0,5380300000.0,5824400000.0,23556192077.0,10.0,9.183,43400000.0,0.179,1.0,2927400000.0,0.603,665700000.0,0.0,4967000000.0,4541325000.0,0.0,3525700000.0,,,718200000.0,,,25425592077.0,735300000.0,-64200000.0,-257000000.0,0.0,-563100000.0,461500000.0,39000000.0,296700000.0,229500000.0,5300000.0,1497800000.0,1497800000.0,1497800000.0,0.0,83400000.0,0.309,818600000.0,2108800000.0,216200000.0,0.376,4.365,16.975,17.287,652000000.0,0.0,104.93,5.237,5.237,565300000.0,4932900000.0,4854900000.0,4854900000.0,0.0,0.216,0.278,0.533,0.499,152000000.0,372100000.0,1.0,242310036.0,242310036.0,,20.036,6869700000.0,0.0,923900000.0,68300000.0,28.351,
15,TROW,MRT,2017-09-30,2017-09-30,2017-09-30,2021-07-29,-500000.0,7379600000.0,6603200000.0,,,0.713,22.999,-164900000.0,1869400000.0,1869400000.0,1919400000.0,1561400000.0,,0.162,0.0,,,0.0,0.0,140300000.0,0.0,0.025,2.25,2416700000.0,2557000000.0,0.543,2557000000.0,2416700000.0,2416700000.0,6.2,6.1,6.2,5528000000.0,5176350000.0,5528000000.0,20246249165.0,8.0,7.918,90200000.0,0.375,1.0,2791000000.0,0.593,665700000.0,0.0,4844500000.0,4388175000.0,0.0,1359300000.0,,,897800000.0,,,21788449165.0,488900000.0,-4600000.0,-427600000.0,0.0,-555000000.0,139500000.0,71300000.0,332200000.0,255100000.0,23000000.0,1530500000.0,1530500000.0,1530500000.0,0.0,30900000.0,0.325,649900000.0,2141100000.0,193500000.0,0.363,3.941,14.236,14.621,635000000.0,0.0,90.65,4.626,4.626,507900000.0,4728200000.0,4710400000.0,4710400000.0,0.0,0.232,0.296,0.551,0.513,154300000.0,371400000.0,1.0,240357961.0,240357961.0,,19.597,6713900000.0,0.0,886200000.0,16800000.0,27.933,
16,TROW,MRT,2017-06-30,2017-06-30,2017-06-30,2021-07-29,-11600000.0,6532600000.0,6439175000.0,,,0.709,21.423,-151700000.0,1542200000.0,1542200000.0,1857500000.0,1519900000.0,,0.142,0.0,,,0.0,0.0,139300000.0,0.0,0.03,2.22,2343300000.0,2482600000.0,0.544,2482600000.0,2343300000.0,2343300000.0,5.91,5.82,5.91,5168600000.0,5002775000.0,5168600000.0,16323721211.0,7.0,6.575,172200000.0,0.714,1.0,2707100000.0,0.593,665700000.0,0.0,4324700000.0,4341250000.0,0.0,1333700000.0,,,736400000.0,,,17904521211.0,233300000.0,-4500000.0,-738500000.0,0.0,-549600000.0,-195400000.0,81800000.0,332600000.0,323900000.0,23000000.0,1467400000.0,1467400000.0,1467400000.0,0.0,52500000.0,0.321,638800000.0,2068300000.0,185800000.0,0.376,3.464,12.202,12.557,624300000.0,0.0,74.21,3.922,3.922,488700000.0,4477600000.0,4564600000.0,4564600000.0,0.0,0.228,0.293,0.54,0.513,160200000.0,350200000.0,1.0,241268309.0,241268309.0,,18.919,5866900000.0,0.0,875900000.0,16000000.0,24.317,
17,TROW,MRT,2017-03-31,2017-03-31,2017-03-31,2021-07-29,-5400000.0,6275600000.0,6451450000.0,,,0.686,20.542,-160000000.0,1580800000.0,1580800000.0,1795500000.0,1341100000.0,,0.163,0.0,,,0.0,0.0,136800000.0,0.0,0.032,2.19,2056900000.0,2193700000.0,0.496,2193700000.0,2056900000.0,2056900000.0,5.2,5.11,5.2,5000200000.0,4925850000.0,5000200000.0,15383852695.0,7.0,7.013,126500000.0,0.52,1.0,2627800000.0,0.594,665700000.0,0.0,4029100000.0,4420275000.0,0.0,1299500000.0,,,816300000.0,,,16588752695.0,230600000.0,-5100000.0,-629100000.0,0.0,-545800000.0,20400000.0,-72200000.0,98900000.0,286500000.0,-4100000.0,1296800000.0,1296800000.0,1296800000.0,0.0,44300000.0,0.293,783600000.0,1844200000.0,185800000.0,0.421,3.318,12.792,13.106,625200000.0,0.0,68.15,3.75,3.75,482500000.0,4302700000.0,4423300000.0,4423300000.0,0.0,0.201,0.263,0.465,0.465,161600000.0,316100000.0,1.0,243415300.0,243415300.0,,18.172,5609900000.0,0.0,760100000.0,261400000.0,23.047,
18,TROW,MRT,2016-12-31,2016-12-31,2016-12-31,2021-07-29,11500000.0,6225000000.0,6433525000.0,,,0.666,20.575,-148300000.0,1204900000.0,1204900000.0,1727400000.0,1254000000.0,,0.106,0.0,,,0.0,0.0,133400000.0,0.0,0.029,2.16,1921500000.0,2054900000.0,0.48,2054900000.0,1921500000.0,1921500000.0,4.85,4.75,4.85,5008600000.0,4866750000.0,5008600000.0,16919778944.0,9.0,8.234,22200000.0,0.091,1.0,2557400000.0,0.597,665700000.0,0.0,4354400000.0,4466825000.0,0.0,2938000000.0,,,529200000.0,,,18320778944.0,98200000.0,41400000.0,-550600000.0,0.0,-540800000.0,-176400000.0,106200000.0,218800000.0,170500000.0,-2100000.0,1215000000.0,1215000000.0,1215000000.0,0.0,39000000.0,0.284,824000000.0,1733400000.0,180800000.0,0.445,3.658,15.079,15.518,615100000.0,0.0,75.26,4.276,4.276,455100000.0,4293600000.0,4284800000.0,4284800000.0,0.0,0.189,0.25,0.43,0.448,161600000.0,298300000.0,1.0,243433151.0,243433151.0,,17.602,5559300000.0,0.0,706500000.0,39300000.0,22.837,
19,TROW,MRT,2016-09-30,2016-09-30,2016-09-30,2021-07-29,33300000.0,6723500000.0,6154000000.0,,,0.68,19.447,-149200000.0,1401000000.0,1401000000.0,1612700000.0,1190400000.0,,0.161,0.0,,,0.0,0.0,131900000.0,0.0,0.032,2.14,1831400000.0,1963300000.0,0.469,1963300000.0,1831400000.0,1831400000.0,4.52,4.43,4.52,4833700000.0,4805100000.0,4833700000.0,15253517776.0,8.0,7.769,255900000.0,1.03,1.0,2571200000.0,0.615,665700000.0,0.0,4656800000.0,4195450000.0,0.0,1214900000.0,,,775900000.0,,,16528717776.0,322900000.0,0.0,-591700000.0,0.0,-538400000.0,-331900000.0,267900000.0,340700000.0,405100000.0,-18200000.0,1138400000.0,1138400000.0,1138400000.0,0.0,52000000.0,0.272,946100000.0,1625100000.0,205000000.0,0.473,3.419,14.519,14.712,615600000.0,0.0,66.5,3.951,3.951,446900000.0,4096900000.0,4183900000.0,4183900000.0,0.0,0.185,0.237,0.437,0.438,159500000.0,247900000.0,1.0,248552147.0,248552147.0,,16.833,6057800000.0,0.0,693000000.0,40400000.0,24.372,
20,TROW,MRT,2016-06-30,2016-06-30,2016-06-30,2021-07-29,26300000.0,6581700000.0,5789775000.0,,,0.715,19.584,-150600000.0,1275200000.0,1275200000.0,1607300000.0,1104800000.0,,0.126,0.0,,,0.0,0.0,131000000.0,0.0,0.029,2.12,1760900000.0,1891900000.0,0.457,1891900000.0,1760900000.0,1760900000.0,4.3,4.21,4.3,4860900000.0,4765075000.0,4860900000.0,16788483126.0,10.0,8.874,479000000.0,1.93,1.0,2532700000.0,0.612,665700000.0,0.0,4640800000.0,3890375000.0,0.0,1122200000.0,,,610400000.0,,,18111383126.0,113400000.0,0.0,-787100000.0,0.0,-536100000.0,-799800000.0,304900000.0,378000000.0,629600000.0,-21300000.0,1087700000.0,1087700000.0,1087700000.0,0.0,17100000.0,0.263,925000000.0,1607700000.0,180600000.0,0.493,3.726,16.651,16.97,620800000.0,0.0,72.97,4.375,4.375,427400000.0,4081200000.0,4140000000.0,4140000000.0,0.0,0.188,0.228,0.453,0.425,158000000.0,241400000.0,1.0,248203140.0,248203140.0,,16.68,5916000000.0,0.0,673200000.0,8900000.0,23.835,
21,TROW,MRT,2016-03-31,2016-03-31,2016-03-31,2021-07-29,29100000.0,6203900000.0,5498225000.0,,,0.758,19.195,-145200000.0,1322900000.0,1322900000.0,1600200000.0,1226800000.0,,0.129,0.0,,,0.0,0.0,129400000.0,0.0,0.056,4.1,1984600000.0,2114000000.0,0.507,2114000000.0,1984600000.0,1984600000.0,4.77,4.66,4.77,4763800000.0,4791625000.0,4763800000.0,17058945648.0,9.0,8.07,914000000.0,3.683,1.0,2567500000.0,0.616,665700000.0,0.0,4215300000.0,3600325000.0,0.0,1108000000.0,,,615000000.0,,,18231245648.0,-410000000.0,0.0,-1018900000.0,0.0,-1059500000.0,-1818700000.0,350900000.0,505500000.0,1059200000.0,-1400000.0,1217600000.0,1217600000.0,1217600000.0,0.0,9200000.0,0.292,735500000.0,1832000000.0,172000000.0,0.86,3.827,14.973,15.4,612700000.0,0.0,73.46,4.374,4.374,428100000.0,4021800000.0,4167700000.0,4167700000.0,0.0,0.221,0.254,0.551,0.476,154800000.0,239800000.0,1.0,248179222.0,248179222.0,,16.793,5538200000.0,0.0,767000000.0,168300000.0,22.315,
22,TROW,MRT,2015-12-31,2015-12-31,2015-12-31,2021-07-29,86600000.0,5106900000.0,5437750000.0,,,0.772,18.965,-151300000.0,1172300000.0,1172300000.0,1595100000.0,1223000000.0,,0.072,0.0,,,0.0,0.0,126300000.0,0.0,0.057,4.08,2002400000.0,2128700000.0,0.507,2128700000.0,2002400000.0,2002400000.0,4.74,4.63,4.74,4762000000.0,4851175000.0,4762000000.0,16786407787.0,8.0,7.886,1379200000.0,5.493,1.0,2605500000.0,0.62,665700000.0,0.0,3268900000.0,3417975000.0,0.0,1961200000.0,,,344900000.0,,,17950807787.0,-333800000.0,0.0,-914300000.0,0.0,-1059000000.0,-1973300000.0,109000000.0,269700000.0,1530500000.0,0.0,1223000000.0,1223000000.0,1223000000.0,0.0,0.0,0.291,706600000.0,1898900000.0,170600000.0,0.861,3.77,14.678,15.082,607100000.0,0.0,71.49,4.273,4.273,446000000.0,3970700000.0,4200600000.0,4200600000.0,0.0,0.225,0.252,0.586,0.477,149000000.0,238900000.0,1.0,251095367.0,251095367.0,,16.729,4441200000.0,0.0,779400000.0,21200000.0,17.687,
23,TROW,MRT,2015-09-30,2015-09-30,2015-09-30,2021-07-29,88900000.0,5266600000.0,5572125000.0,,,0.749,18.241,-158200000.0,1164400000.0,1164400000.0,1576000000.0,1235700000.0,,0.127,0.0,,,0.0,0.0,122700000.0,0.0,0.058,4.0,2022800000.0,2145500000.0,0.514,2145500000.0,2022800000.0,2022800000.0,4.73,4.61,4.73,4673600000.0,5009475000.0,4673600000.0,16524779863.0,8.0,7.702,1363200000.0,5.321,1.0,2594800000.0,0.622,665700000.0,0.0,3436500000.0,3468900000.0,0.0,2200600000.0,,,593000000.0,,,17793979863.0,-480100000.0,0.0,-858700000.0,0.0,-1042100000.0,-1925200000.0,-76300000.0,89100000.0,1521400000.0,0.0,1235700000.0,1235700000.0,1235700000.0,0.0,0.0,0.296,744300000.0,1850500000.0,172800000.0,0.846,3.807,14.4,14.683,603000000.0,0.0,69.45,4.266,4.266,431400000.0,3881200000.0,4170800000.0,4170800000.0,0.0,0.222,0.247,0.583,0.485,144900000.0,233900000.0,1.0,256212813.0,256212813.0,,16.279,4600900000.0,0.0,787100000.0,14700000.0,17.957,
24,TROW,MRT,2015-06-30,2015-06-30,2015-06-30,2021-07-29,125800000.0,5415500000.0,5697475000.0,,,0.727,19.061,-146400000.0,1269200000.0,1269200000.0,1542300000.0,1262200000.0,,0.09,0.0,,,0.0,0.0,117900000.0,0.0,0.05,3.92,2058100000.0,2176000000.0,0.525,2176000000.0,2058100000.0,2058100000.0,4.8,4.67,4.8,4967100000.0,5147950000.0,4967100000.0,18444861246.0,9.0,8.476,1358600000.0,5.214,1.0,2600300000.0,0.628,665700000.0,0.0,3480600000.0,3474225000.0,0.0,2271100000.0,,,448400000.0,,,20255261246.0,-435100000.0,0.0,-624700000.0,0.0,-1024900000.0,-1650600000.0,-289500000.0,-135900000.0,1505000000.0,0.0,1262200000.0,1262200000.0,1262200000.0,0.0,0.0,0.305,714200000.0,1886100000.0,168500000.0,0.817,4.078,16.048,16.194,607300000.0,0.0,77.73,4.89,4.89,449400000.0,4141900000.0,4142600000.0,4142600000.0,0.0,0.222,0.245,0.592,0.497,138200000.0,229000000.0,1.0,260584861.0,260584861.0,,15.897,4749800000.0,0.0,795900000.0,12000000.0,18.227,
25,TROW,MRT,2015-03-31,2015-03-31,2015-03-31,2021-07-29,138200000.0,5962000000.0,5760850000.0,,,0.704,19.185,-142100000.0,1810400000.0,1810400000.0,1504600000.0,1234800000.0,,0.192,0.0,,,0.0,0.0,113700000.0,0.0,0.023,1.84,2016500000.0,2130200000.0,0.525,2130200000.0,2016500000.0,2016500000.0,4.68,4.56,4.68,5002000000.0,5224575000.0,5002000000.0,19607560556.0,10.0,9.205,1258500000.0,4.827,1.0,2549900000.0,0.629,665700000.0,0.0,3485900000.0,3428825000.0,0.0,2308900000.0,,,960000000.0,,,21113660556.0,71100000.0,0.0,-402300000.0,0.0,-481700000.0,-881800000.0,-447700000.0,-297100000.0,1400600000.0,0.0,1234800000.0,1234800000.0,1234800000.0,0.0,0.0,0.305,672400000.0,1877500000.0,137900000.0,0.393,4.221,17.099,17.303,599000000.0,0.0,80.98,5.207,5.207,447300000.0,4099700000.0,4054500000.0,4054500000.0,0.0,0.214,0.236,0.588,0.497,135200000.0,225500000.0,1.0,260726853.0,260726853.0,,15.551,5296300000.0,0.0,781700000.0,156300000.0,20.314,
26,TROW,MRT,2014-12-31,2014-12-31,2014-12-31,2021-07-29,136400000.0,5644400000.0,5636075000.0,,,0.707,20.8,-126200000.0,1506100000.0,1506100000.0,1473200000.0,1229600000.0,,0.046,0.0,,,0.0,0.0,111700000.0,0.0,0.02,1.76,2003100000.0,2114800000.0,0.531,2114800000.0,2003100000.0,2003100000.0,4.68,4.55,4.68,5395200000.0,5233375000.0,5395200000.0,20626581241.0,10.0,9.753,1217700000.0,4.695,1.0,2508900000.0,0.63,665700000.0,0.0,3472600000.0,3321825000.0,0.0,2292300000.0,,,249200000.0,,,22271081241.0,108100000.0,0.0,-330300000.0,0.0,-462100000.0,-792400000.0,-443400000.0,-305300000.0,1343900000.0,0.0,1229600000.0,1229600000.0,1229600000.0,0.0,0.0,0.309,618000000.0,1890900000.0,143400000.0,0.376,4.128,18.112,18.346,586400000.0,0.0,85.86,5.593,5.593,442800000.0,4450100000.0,3982100000.0,3982100000.0,0.0,0.218,0.235,0.603,0.503,133400000.0,219900000.0,1.0,259388321.0,259388321.0,,15.352,4978700000.0,0.0,773500000.0,23600000.0,19.194,
27,TROW,MRT,2014-09-30,2014-09-30,2014-09-30,2021-07-29,166000000.0,5768000000.0,5483250000.0,,,0.709,19.872,-113800000.0,1644500000.0,1644500000.0,1428800000.0,1201400000.0,,0.103,0.0,,,0.0,0.0,108500000.0,0.0,0.022,1.7,1956100000.0,2064600000.0,0.531,2064600000.0,1956100000.0,1956100000.0,4.57,4.44,4.57,5227500000.0,5089100000.0,5227500000.0,18919099810.0,10.0,9.164,1177200000.0,4.475,1.0,2460700000.0,0.633,665700000.0,0.0,3457800000.0,3196025000.0,0.0,2354700000.0,,,540500000.0,,,20623399810.0,-48800000.0,0.0,-214100000.0,0.0,-446800000.0,-625200000.0,-714600000.0,-575900000.0,1291000000.0,0.0,1201400000.0,1201400000.0,1201400000.0,0.0,0.0,0.309,504600000.0,1956100000.0,150600000.0,0.372,3.945,17.166,17.155,572300000.0,0.0,78.4,5.302,5.302,423600000.0,4249100000.0,3889500000.0,3889500000.0,0.0,0.219,0.236,0.612,0.503,129200000.0,220100000.0,1.0,263053569.0,263053569.0,,14.786,5102300000.0,0.0,754700000.0,22600000.0,19.396,
28,TROW,MRT,2014-06-30,2014-06-30,2014-06-30,2021-07-29,202900000.0,5669000000.0,5322950000.0,,,0.705,20.072,-124000000.0,1704300000.0,1704300000.0,1366800000.0,1168100000.0,,0.075,0.0,,,0.0,0.0,102300000.0,0.0,0.019,1.64,1899700000.0,2002000000.0,0.533,2002000000.0,1899700000.0,1899700000.0,4.45,4.32,4.45,5273600000.0,4917375000.0,5273600000.0,20438057948.0,11.0,10.209,1106900000.0,4.213,1.0,2386300000.0,0.636,665700000.0,0.0,3299000000.0,3023525000.0,0.0,2203000000.0,,,395400000.0,,,22177357948.0,248400000.0,0.0,-4200000.0,0.0,-430700000.0,-414400000.0,-568100000.0,-422000000.0,1230900000.0,0.0,1168100000.0,1168100000.0,1168100000.0,0.0,0.0,0.311,486600000.0,1899700000.0,121200000.0,0.369,4.205,18.986,18.969,576200000.0,0.0,84.41,5.909,5.909,426000000.0,4061000000.0,3753100000.0,3753100000.0,0.0,0.219,0.238,0.628,0.506,124800000.0,219100000.0,1.0,262733775.0,262733775.0,,14.285,5003300000.0,0.0,731600000.0,30100000.0,19.043,
29,TROW,MRT,2014-03-31,2014-03-31,2014-03-31,2021-07-29,184000000.0,5462900000.0,5105425000.0,,,0.71,19.209,-108400000.0,1739300000.0,1739300000.0,1321400000.0,1110100000.0,,0.085,0.0,,,0.0,0.0,96200000.0,0.0,0.019,1.58,1800700000.0,1896900000.0,0.524,1896900000.0,1800700000.0,1800700000.0,4.24,4.11,4.24,5037200000.0,4676600000.0,5037200000.0,20196895785.0,11.0,10.647,1152500000.0,4.395,1.0,2301700000.0,0.635,665700000.0,0.0,3057900000.0,2868100000.0,0.0,1984200000.0,,,425700000.0,,,21594895785.0,453400000.0,0.0,24800000.0,0.0,-413800000.0,-371800000.0,-435700000.0,-312500000.0,1260900000.0,0.0,1110100000.0,1110100000.0,1110100000.0,0.0,0.0,0.306,501000000.0,1800700000.0,119400000.0,0.373,4.287,19.453,19.422,571800000.0,0.0,82.35,5.96,5.96,419700000.0,3871100000.0,3623100000.0,3623100000.0,0.0,0.217,0.237,0.628,0.497,120100000.0,222700000.0,1.0,262233100.0,262233100.0,,13.816,4797200000.0,0.0,690600000.0,173200000.0,18.294,
30,TROW,MRT,2013-12-31,2013-12-31,2013-12-31,2021-07-29,188300000.0,5033100000.0,4892350000.0,,,0.712,18.467,-105800000.0,1398000000.0,1398000000.0,1274100000.0,1047700000.0,,0.045,0.0,,,0.0,0.0,90600000.0,0.0,0.018,1.52,1700400000.0,1791000000.0,0.514,1791000000.0,1700400000.0,1700400000.0,4.02,3.9,4.02,4818100000.0,4444050000.0,4818100000.0,20162957212.0,12.0,11.258,1127400000.0,4.321,1.0,2210100000.0,0.634,665700000.0,0.0,2969400000.0,2768375000.0,0.0,1925500000.0,,,215000000.0,,,21856257212.0,518900000.0,0.0,104100000.0,0.0,-396700000.0,-276800000.0,-437500000.0,-320200000.0,1233200000.0,0.0,1047700000.0,1047700000.0,1047700000.0,0.0,0.0,0.301,509700000.0,1700400000.0,103900000.0,0.378,4.536,20.861,20.838,572900000.0,0.0,83.77,6.273,6.273,398800000.0,3682800000.0,3484200000.0,3484200000.0,0.0,0.214,0.236,0.614,0.488,114600000.0,222800000.0,1.0,260907929.0,260907929.0,,13.354,4367400000.0,0.0,652700000.0,38700000.0,16.739,
31,TROW,MRT,2013-09-30,2013-09-30,2013-09-30,2021-07-29,168900000.0,5126800000.0,4684775000.0,,,0.713,17.455,-95800000.0,1693300000.0,1693300000.0,1230900000.0,992000000.0,,0.129,0.0,,,0.0,0.0,86500000.0,132900000.0,0.034,2.48,1606700000.0,1693200000.0,0.507,1693200000.0,1606700000.0,1606700000.0,3.82,3.71,3.82,4540600000.0,4201050000.0,4540600000.0,17255636876.0,11.0,10.191,1104300000.0,4.245,1.0,2110800000.0,0.632,665700000.0,0.0,2767800000.0,2690525000.0,0.0,1746900000.0,,,586200000.0,,,18711536876.0,458300000.0,0.0,121400000.0,0.0,-640800000.0,-495300000.0,-246500000.0,-148800000.0,1200100000.0,0.0,992000000.0,992000000.0,992000000.0,0.0,0.0,0.297,504100000.0,1606700000.0,97300000.0,0.649,4.121,18.862,18.83,567500000.0,0.0,71.93,5.599,5.599,365600000.0,3494700000.0,3341700000.0,3341700000.0,0.0,0.212,0.236,0.597,0.481,108100000.0,217500000.0,1.0,260135366.0,260135366.0,,12.846,4461100000.0,0.0,614700000.0,43300000.0,17.149,
32,TROW,MRT,2013-06-30,2013-06-30,2013-06-30,2021-07-29,138400000.0,4798900000.0,4504475000.0,,,0.716,16.621,-81800000.0,1455900000.0,1455900000.0,1197300000.0,969000000.0,,0.113,0.0,,,0.0,0.0,85100000.0,144600000.0,0.033,2.44,1569500000.0,1654600000.0,0.513,1654600000.0,1569500000.0,1569500000.0,3.76,3.65,3.76,4310500000.0,4030625000.0,4310500000.0,17697680176.0,11.0,10.696,1054400000.0,4.066,1.0,2029700000.0,0.629,665700000.0,0.0,2677300000.0,2624800000.0,0.0,1641800000.0,,,488400000.0,,,18983580176.0,483600000.0,0.0,132400000.0,0.0,-628000000.0,-460000000.0,-192600000.0,-108000000.0,1136200000.0,0.0,969000000.0,969000000.0,969000000.0,0.0,0.0,0.3,460200000.0,1569500000.0,114400000.0,0.649,4.404,19.591,19.468,558700000.0,0.0,73.2,5.883,5.883,366500000.0,3323800000.0,3227000000.0,3227000000.0,0.0,0.215,0.24,0.598,0.486,105700000.0,218400000.0,1.0,259338527.0,259338527.0,,12.443,4133200000.0,0.0,600500000.0,17600000.0,15.937,
33,TROW,MRT,2013-03-31,2013-03-31,2013-03-31,2021-07-29,142000000.0,4610600000.0,4333975000.0,,,0.717,15.928,-81100000.0,1285900000.0,1285900000.0,1166100000.0,928000000.0,,0.123,0.0,,,0.0,0.0,83200000.0,149500000.0,0.032,2.4,1504700000.0,1587900000.0,0.511,1587900000.0,1504700000.0,1504700000.0,3.62,3.52,3.62,4107000000.0,3867450000.0,4107000000.0,18426215600.0,12.0,11.604,1015300000.0,3.938,1.0,1943400000.0,0.625,665700000.0,0.0,2659000000.0,2575200000.0,0.0,1621200000.0,,,503600000.0,,,19305315600.0,182400000.0,0.0,-2500000.0,0.0,-615300000.0,-581600000.0,-332400000.0,-242400000.0,1096400000.0,0.0,928000000.0,928000000.0,928000000.0,0.0,0.0,0.298,438700000.0,1504700000.0,97900000.0,0.663,4.701,20.803,20.682,563000000.0,0.0,74.87,6.208,6.208,364600000.0,3175000000.0,3109500000.0,3109500000.0,0.0,0.214,0.24,0.584,0.484,103700000.0,215400000.0,1.0,257851150.0,257851150.0,,12.059,3944900000.0,0.0,576700000.0,120400000.0,15.299,
34,TROW,MRT,2012-12-31,2012-12-31,2012-12-31,2021-07-29,131900000.0,4202800000.0,4200550000.0,,,0.72,15.091,-76900000.0,879100000.0,879100000.0,1143700000.0,883600000.0,,0.093,0.0,,,0.0,0.0,80900000.0,154700000.0,0.036,2.36,1435100000.0,1516000000.0,0.502,1516000000.0,1435100000.0,1435100000.0,3.47,3.36,3.47,3846100000.0,3748225000.0,3846100000.0,15361075422.0,11.0,10.133,825900000.0,3.241,1.0,1878800000.0,0.622,665700000.0,0.0,2658000000.0,2487375000.0,0.0,1580800000.0,,,356700000.0,,,16596075422.0,-18800000.0,0.0,-48600000.0,0.0,-603400000.0,-611500000.0,-310100000.0,-220000000.0,902800000.0,0.0,883600000.0,883600000.0,883600000.0,0.0,0.0,0.292,443700000.0,1435100000.0,89700000.0,0.68,4.315,18.782,18.766,561000000.0,0.0,65.117,5.491,5.491,353900000.0,3031800000.0,3022500000.0,3022500000.0,0.0,0.21,0.236,0.577,0.475,104100000.0,213200000.0,1.0,254865088.0,254865088.0,,11.859,3537100000.0,0.0,551500000.0,21500000.0,13.878,
35,TROW,MRT,2012-09-30,2012-09-30,2012-09-30,2021-07-29,120400000.0,4405600000.0,4092425000.0,,,0.71,15.203,-88500000.0,1235000000.0,1235000000.0,1103000000.0,840000000.0,,0.142,0.0,,,0.0,0.0,79000000.0,160700000.0,0.021,1.33,1363500000.0,1442500000.0,0.496,1442500000.0,1363500000.0,1363500000.0,3.3,3.2,3.3,3858900000.0,3641875000.0,3858900000.0,15095316367.0,11.0,10.465,780400000.0,3.074,1.0,1803800000.0,0.621,665700000.0,0.0,2504900000.0,2374550000.0,0.0,1472600000.0,,,546700000.0,,,16067616367.0,233600000.0,0.0,-91500000.0,0.0,-338300000.0,-400000000.0,-235300000.0,-136100000.0,868900000.0,0.0,840000000.0,840000000.0,840000000.0,0.0,0.0,0.289,440300000.0,1363500000.0,90700000.0,0.403,4.164,19.128,19.182,561000000.0,0.0,63.3,5.528,5.528,332200000.0,3143600000.0,2906800000.0,2906800000.0,0.0,0.205,0.231,0.574,0.469,102200000.0,210600000.0,1.0,253832802.0,253832802.0,,11.452,3739900000.0,0.0,523500000.0,20900000.0,14.734,
36,TROW,MRT,2012-06-30,2012-06-30,2012-06-30,2021-07-29,122200000.0,4116900000.0,3950925000.0,,,0.713,14.339,-85900000.0,972300000.0,972300000.0,1086900000.0,778200000.0,,0.126,0.0,,,0.0,0.0,76900000.0,165500000.0,0.021,1.3,1259700000.0,1336600000.0,0.475,1336600000.0,1259700000.0,1259700000.0,3.06,2.97,3.06,3657800000.0,3494550000.0,3657800000.0,14957265145.0,12.0,11.191,746500000.0,2.926,1.0,1729600000.0,0.614,665700000.0,0.0,2478900000.0,2291450000.0,0.0,1433500000.0,,,459100000.0,,,16060765145.0,-50400000.0,0.0,-320700000.0,0.0,-330300000.0,-609500000.0,-273300000.0,-175500000.0,832400000.0,0.0,778200000.0,778200000.0,778200000.0,0.0,0.0,0.276,469900000.0,1259700000.0,86200000.0,0.425,4.391,20.638,20.575,564400000.0,0.0,62.96,5.702,5.702,324200000.0,2983000000.0,2816500000.0,2816500000.0,0.0,0.197,0.223,0.55,0.447,102300000.0,210300000.0,1.0,255094745.0,255094745.0,,11.041,3451200000.0,0.0,481500000.0,15700000.0,13.529,
37,TROW,MRT,2012-03-31,2012-03-31,2012-03-31,2021-07-29,139100000.0,4076900000.0,3892300000.0,,,0.718,14.321,-89200000.0,1103500000.0,1103500000.0,1071700000.0,776100000.0,,0.123,0.0,,,0.0,0.0,74900000.0,171400000.0,0.019,1.27,1256500000.0,1331400000.0,0.477,1331400000.0,1256500000.0,1256500000.0,3.04,2.94,3.04,3630100000.0,3433300000.0,3630100000.0,15654602653.0,12.0,11.758,789000000.0,3.113,1.0,1721700000.0,0.616,665700000.0,0.0,2307700000.0,2220225000.0,0.0,1300300000.0,,,446800000.0,,,16552502653.0,38600000.0,0.0,-400200000.0,0.0,-324000000.0,-682300000.0,-157300000.0,-56800000.0,878200000.0,0.0,776100000.0,776100000.0,776100000.0,0.0,0.0,0.278,465200000.0,1256500000.0,82800000.0,0.418,4.56,21.328,21.48,564700000.0,0.0,65.3,5.926,5.926,322500000.0,2875900000.0,2793400000.0,2793400000.0,0.0,0.199,0.226,0.566,0.45,101400000.0,208600000.0,1.0,253483961.0,253483961.0,,11.02,3411200000.0,0.0,480400000.0,88700000.0,13.457,
38,TROW,MRT,2011-12-31,2011-12-31,2011-12-31,2021-07-29,102800000.0,3770300000.0,3844575000.0,,,0.715,13.54,-82300000.0,897900000.0,897900000.0,1044400000.0,773200000.0,,0.102,0.0,,,0.0,0.0,72400000.0,173500000.0,0.022,1.24,1250600000.0,1323000000.0,0.482,1323000000.0,1250600000.0,1250600000.0,3.01,2.92,3.01,3420700000.0,3389750000.0,3420700000.0,13386445779.0,11.0,10.118,866100000.0,3.428,1.0,1702700000.0,0.62,665700000.0,0.0,2206700000.0,2182150000.0,0.0,1169200000.0,,,349600000.0,,,14387845779.0,84800000.0,0.0,-429100000.0,0.0,-317900000.0,-698600000.0,-165000000.0,-75100000.0,948400000.0,0.0,773200000.0,773200000.0,773200000.0,0.0,0.0,0.281,452100000.0,1250600000.0,82900000.0,0.412,4.206,18.608,18.92,567400000.0,0.0,56.95,5.237,5.237,304500000.0,2765200000.0,2747100000.0,2747100000.0,0.0,0.201,0.228,0.573,0.455,98700000.0,205800000.0,1.0,252639961.0,252639961.0,,10.874,3104600000.0,0.0,477400000.0,30000000.0,12.289,
39,TROW,MRT,2011-09-30,2011-09-30,2011-09-30,2021-07-29,95100000.0,3839600000.0,3812500000.0,,,0.714,12.754,-66100000.0,1001400000.0,1001400000.0,1064300000.0,776400000.0,,0.174,0.0,,,0.0,0.0,69200000.0,173000000.0,0.025,1.2,1242300000.0,1311500000.0,0.482,1311500000.0,1242300000.0,1242300000.0,3.01,2.91,3.01,3269600000.0,3358700000.0,3269600000.0,11224036955.0,9.0,8.558,895700000.0,3.494,1.0,1658700000.0,0.609,665700000.0,0.0,2172500000.0,2171275000.0,0.0,1153200000.0,,,570000000.0,,,12246736955.0,191000000.0,0.0,-379600000.0,0.0,-309300000.0,-627100000.0,-143700000.0,-77300000.0,961800000.0,0.0,776400000.0,776400000.0,776400000.0,0.0,0.0,0.285,416400000.0,1242300000.0,100100000.0,0.399,3.746,15.774,15.87,555100000.0,0.0,47.77,4.498,4.498,295800000.0,2655400000.0,2723000000.0,2723000000.0,0.0,0.204,0.231,0.572,0.456,97000000.0,204800000.0,1.0,256368787.0,256368787.0,,10.621,3173900000.0,0.0,465900000.0,34200000.0,12.38,
40,TROW,MRT,2011-06-30,2011-06-30,2011-06-30,2021-07-29,156900000.0,3882400000.0,3743425000.0,,,0.702,13.139,-83000000.0,1022700000.0,1022700000.0,1006400000.0,760000000.0,,0.138,0.0,,,0.0,0.0,66600000.0,166900000.0,0.019,1.16,1216600000.0,1283200000.0,0.488,1283200000.0,1216600000.0,1216600000.0,2.94,2.84,2.94,3412800000.0,3307400000.0,3412800000.0,14608433585.0,12.0,11.384,808100000.0,3.111,1.0,1623300000.0,0.617,665700000.0,0.0,2194000000.0,2149950000.0,0.0,1208100000.0,,,469600000.0,,,15673333585.0,287600000.0,0.0,-235800000.0,0.0,-299800000.0,-483200000.0,-120300000.0,-38800000.0,891100000.0,0.0,760000000.0,760000000.0,760000000.0,0.0,0.0,0.289,406700000.0,1216600000.0,94400000.0,0.395,4.593,20.623,20.524,555700000.0,0.0,60.34,5.96,5.96,324000000.0,2744200000.0,2629700000.0,2629700000.0,0.0,0.203,0.23,0.566,0.463,92800000.0,203500000.0,1.0,259750308.0,259750308.0,,10.124,3216700000.0,0.0,456600000.0,29400000.0,12.384,
41,TROW,MRT,2011-03-31,2011-03-31,2011-03-31,2021-07-29,154400000.0,3886000000.0,3623575000.0,,,0.688,13.344,-104700000.0,1064900000.0,1064900000.0,951500000.0,713800000.0,,0.124,0.0,,,0.0,0.0,64200000.0,164800000.0,0.017,1.12,1141400000.0,1205600000.0,0.484,1205600000.0,1141400000.0,1141400000.0,2.76,2.67,2.76,3455900000.0,3194025000.0,3455900000.0,16389255111.0,14.0,13.594,707400000.0,2.731,1.0,1541900000.0,0.618,665700000.0,0.0,2155400000.0,2102000000.0,0.0,1173600000.0,,,430100000.0,,,17202355111.0,300800000.0,0.0,-159700000.0,0.0,-289600000.0,-391800000.0,-119500000.0,-15500000.0,812100000.0,0.0,713800000.0,713800000.0,713800000.0,0.0,0.0,0.286,400500000.0,1141400000.0,80700000.0,0.406,4.978,24.1,24.065,551800000.0,0.0,66.42,6.899,6.899,321400000.0,2713300000.0,2493400000.0,2493400000.0,0.0,0.197,0.223,0.543,0.458,90800000.0,199900000.0,1.0,258993603.0,258993603.0,,9.627,3220300000.0,0.0,427600000.0,88400000.0,12.434,
42,TROW,MRT,2010-12-31,2010-12-31,2010-12-31,2021-07-29,139100000.0,3642000000.0,3500175000.0,,,0.676,12.855,-118000000.0,813100000.0,813100000.0,903600000.0,672200000.0,,0.105,0.0,,,0.0,0.0,63000000.0,160400000.0,0.017,1.08,1070000000.0,1133000000.0,0.479,1133000000.0,1070000000.0,1070000000.0,2.6,2.53,2.6,3296500000.0,3081775000.0,3296500000.0,15739942975.0,15.0,13.892,614800000.0,2.397,1.0,1463600000.0,0.618,665700000.0,0.0,2163200000.0,2053800000.0,0.0,1142300000.0,,,345500000.0,,,16550342975.0,69800000.0,-143600000.0,-157000000.0,0.0,-278900000.0,-386100000.0,-276900000.0,-15300000.0,732800000.0,0.0,672200000.0,672200000.0,672200000.0,0.0,0.0,0.284,393600000.0,1070000000.0,79400000.0,0.415,5.021,24.621,24.823,560300000.0,0.0,64.54,6.992,6.992,307900000.0,2599400000.0,2367200000.0,2367200000.0,0.0,0.192,0.218,0.521,0.452,89500000.0,196000000.0,1.0,256435435.0,256435435.0,,9.231,2976300000.0,0.0,397800000.0,33800000.0,11.606,
43,TROW,MRT,2010-09-30,2010-09-30,2010-09-30,2021-07-29,117200000.0,3563300000.0,3392250000.0,,,0.667,11.954,-132300000.0,810400000.0,810400000.0,870000000.0,633100000.0,,0.163,0.0,,,0.0,0.0,62800000.0,163700000.0,0.021,1.06,1011800000.0,1074600000.0,0.475,1074600000.0,1011800000.0,1011800000.0,2.45,2.38,2.45,3064400000.0,2978200000.0,3064400000.0,12099017892.0,12.0,11.259,648200000.0,2.529,1.0,1392300000.0,0.615,665700000.0,0.0,2087200000.0,1963325000.0,0.0,1104500000.0,,,498900000.0,,,12834117892.0,71100000.0,-143600000.0,-182700000.0,0.0,-273500000.0,-419700000.0,-289700000.0,-13100000.0,780500000.0,0.0,633100000.0,633100000.0,633100000.0,0.0,0.0,0.28,380500000.0,1011800000.0,80600000.0,0.433,4.188,20.272,20.435,557400000.0,0.0,50.065,5.673,5.673,275200000.0,2477600000.0,2262300000.0,2262300000.0,0.0,0.187,0.213,0.515,0.447,87400000.0,192400000.0,1.0,256349104.0,256349104.0,,8.825,2897600000.0,0.0,378700000.0,42600000.0,11.303,
44,TROW,MRT,2010-06-30,2010-06-30,2010-06-30,2021-07-29,83300000.0,3403000000.0,3291675000.0,,,0.661,11.401,-136600000.0,735100000.0,735100000.0,852100000.0,596900000.0,,0.15,0.0,,,0.0,0.0,63300000.0,162900000.0,0.023,1.04,953500000.0,1016800000.0,0.468,1016800000.0,953500000.0,953500000.0,2.31,2.24,2.31,2959300000.0,2897025000.0,2959300000.0,10757817762.0,11.0,10.58,581400000.0,2.24,1.0,1322200000.0,0.608,665700000.0,0.0,2002200000.0,1880525000.0,0.0,1034500000.0,,,443700000.0,,,11521917762.0,67700000.0,-143600000.0,-94200000.0,0.0,-268700000.0,-325100000.0,-325200000.0,-42400000.0,718000000.0,0.0,596900000.0,596900000.0,596900000.0,0.0,0.0,0.275,368700000.0,953500000.0,101300000.0,0.45,3.893,19.303,19.216,543900000.0,0.0,44.39,5.299,5.299,257100000.0,2410800000.0,2174300000.0,2174300000.0,0.0,0.181,0.206,0.507,0.439,88200000.0,184500000.0,1.0,259561112.0,259561112.0,,8.377,2737300000.0,0.0,356600000.0,35500000.0,10.546,
45,TROW,MRT,2010-03-31,2010-03-31,2010-03-31,2021-07-29,113500000.0,3392400000.0,3180025000.0,,,0.641,11.61,-128100000.0,764100000.0,764100000.0,836700000.0,538400000.0,,0.128,0.0,,,0.0,0.0,64400000.0,160200000.0,0.019,1.02,858300000.0,922700000.0,0.453,922700000.0,858300000.0,858300000.0,2.09,2.03,2.09,3006900000.0,2802225000.0,3006900000.0,13493553016.0,16.0,14.624,524800000.0,2.026,1.0,1202400000.0,0.59,665700000.0,0.0,1962600000.0,1785800000.0,0.0,1075800000.0,,,385500000.0,,,14236853016.0,142300000.0,-143600000.0,19100000.0,0.0,-263000000.0,-216800000.0,-293800000.0,-22700000.0,652900000.0,0.0,538400000.0,538400000.0,538400000.0,0.0,0.0,0.264,344100000.0,858300000.0,77800000.0,0.488,4.735,26.443,26.301,518900000.0,0.0,54.97,6.982,6.982,259000000.0,2323100000.0,2039100000.0,2039100000.0,0.0,0.169,0.192,0.481,0.421,88600000.0,176700000.0,1.0,258993142.0,258993142.0,,7.873,2726700000.0,0.0,319900000.0,64600000.0,10.528,
46,TROW,MRT,2009-12-31,2009-12-31,2009-12-31,2021-07-29,101900000.0,3210300000.0,3030050000.0,,,0.616,11.193,-133900000.0,743300000.0,743300000.0,804400000.0,433600000.0,,0.114,0.0,,,0.0,0.0,65700000.0,161300000.0,0.019,1.0,688900000.0,754600000.0,0.404,754600000.0,688900000.0,688900000.0,1.69,1.65,1.69,2882200000.0,2665650000.0,2882200000.0,12972681447.0,19.0,17.191,401700000.0,1.56,1.0,1063000000.0,0.569,665700000.0,0.0,1801300000.0,1671400000.0,0.0,905800000.0,,,328100000.0,,,13711981447.0,124200000.0,0.0,-23300000.0,0.0,-256900000.0,-244700000.0,-166700000.0,-32800000.0,535600000.0,0.0,433600000.0,433600000.0,433600000.0,0.0,0.0,0.232,374100000.0,688900000.0,79900000.0,0.592,4.757,31.624,31.509,512800000.0,0.0,53.25,7.343,7.343,246200000.0,2240100000.0,1867400000.0,1867400000.0,0.0,0.143,0.163,0.412,0.369,89100000.0,175600000.0,1.0,257501999.0,257501999.0,,7.252,2544600000.0,0.0,255300000.0,33600000.0,9.882,
47,TROW,MRT,2009-09-30,2009-09-30,2009-09-30,2021-07-29,95800000.0,3161000000.0,2932325000.0,,,0.594,10.697,-150600000.0,739300000.0,739300000.0,750700000.0,305400000.0,,0.154,0.0,,,0.0,0.0,65900000.0,164100000.0,0.022,0.99,489800000.0,555700000.0,0.319,555700000.0,489800000.0,489800000.0,1.2,1.17,1.2,2739700000.0,2567300000.0,2739700000.0,11037418130.0,23.0,19.862,321400000.0,1.255,1.0,990000000.0,0.569,665700000.0,0.0,1756000000.0,1604725000.0,0.0,896000000.0,,,421300000.0,,,11704818130.0,-113400000.0,0.0,-182200000.0,0.0,-254200000.0,-374700000.0,-210700000.0,-36200000.0,472000000.0,0.0,305400000.0,305400000.0,305400000.0,0.0,0.0,0.175,500200000.0,489800000.0,78500000.0,0.825,4.272,38.326,38.083,501900000.0,0.0,45.7,6.724,6.724,223100000.0,2152000000.0,1740700000.0,1740700000.0,0.0,0.104,0.119,0.305,0.281,90900000.0,182000000.0,1.0,256122935.0,256122935.0,,6.796,2495300000.0,0.0,184400000.0,19800000.0,9.743,
48,TROW,MRT,2009-06-30,2009-06-30,2009-06-30,2021-07-29,50300000.0,2956400000.0,2922700000.0,,,0.615,10.099,-155900000.0,667400000.0,667400000.0,765300000.0,325300000.0,,0.146,0.0,,,0.0,0.0,64900000.0,168800000.0,0.024,0.98,521800000.0,586700000.0,0.326,586700000.0,521800000.0,521800000.0,1.27,1.23,1.27,2580100000.0,2546500000.0,2580100000.0,10023962343.0,19.0,17.085,402500000.0,1.575,1.0,1032100000.0,0.574,665700000.0,0.0,1623300000.0,1566100000.0,0.0,783100000.0,,,376300000.0,,,10645762343.0,-13800000.0,0.0,-271100000.0,0.0,-252100000.0,-425900000.0,-146300000.0,23300000.0,558400000.0,0.0,325300000.0,325300000.0,325300000.0,0.0,0.0,0.181,510300000.0,521800000.0,81100000.0,0.772,4.126,32.726,32.811,474300000.0,0.0,41.67,5.923,5.923,198000000.0,2083600000.0,1797400000.0,1797400000.0,0.0,0.111,0.128,0.333,0.29,90200000.0,185400000.0,1.0,255477858.0,255477858.0,,7.035,2290700000.0,0.0,196500000.0,20600000.0,8.966,
49,TROW,MRT,2009-03-31,2009-03-31,2009-03-31,2021-07-29,-2500000.0,2792500000.0,2946050000.0,,,0.659,9.634,-145000000.0,621800000.0,621800000.0,783600000.0,387500000.0,,0.135,0.0,,,0.0,0.0,63900000.0,175500000.0,0.034,0.97,626400000.0,690300000.0,0.356,690300000.0,626400000.0,626400000.0,1.5,1.44,1.5,2460600000.0,2564525000.0,2460600000.0,6769993044.0,11.0,9.807,477600000.0,1.87,1.0,1158100000.0,0.596,665700000.0,0.0,1505000000.0,1585300000.0,0.0,716200000.0,,,331900000.0,,,7389093044.0,11600000.0,0.0,-350400000.0,0.0,-250300000.0,-472800000.0,-138200000.0,7100000.0,622600000.0,0.0,387500000.0,387500000.0,387500000.0,0.0,0.0,0.2,531700000.0,626400000.0,83800000.0,0.647,3.003,19.069,19.24,454500000.0,0.0,28.86,3.805,3.796,167500000.0,2047700000.0,1941700000.0,1941700000.0,0.0,0.132,0.151,0.395,0.323,87700000.0,192400000.0,1.0,256032330.0,255400000.0,,7.603,2126800000.0,0.0,238900000.0,22500000.0,8.327,
50,TROW,MRT,2008-12-31,2008-12-31,2008-12-31,2021-07-29,-13100000.0,2819400000.0,2985275000.0,,,0.709,9.632,-144100000.0,619100000.0,619100000.0,815600000.0,490800000.0,,0.133,0.0,,,0.0,0.0,62300000.0,157800000.0,0.027,0.96,796200000.0,858500000.0,0.406,858500000.0,796200000.0,796200000.0,1.89,1.81,1.89,2488800000.0,2593950000.0,2488800000.0,8304851653.0,10.0,9.674,597700000.0,2.313,1.0,1300700000.0,0.615,665700000.0,0.0,1534600000.0,1626700000.0,0.0,721400000.0,,,330600000.0,,,9157551653.0,-166000000.0,0.0,-582500000.0,0.0,-312500000.0,-782800000.0,-125000000.0,19000000.0,741800000.0,0.0,490800000.0,490800000.0,490800000.0,0.0,0.0,0.232,504500000.0,796200000.0,86800000.0,0.508,3.68,18.658,18.751,440100000.0,0.0,35.44,4.327,4.327,177300000.0,2086800000.0,2116300000.0,2116300000.0,0.0,0.164,0.189,0.489,0.376,85500000.0,205900000.0,1.0,258395927.0,258395927.0,,8.19,2153700000.0,0.0,305400000.0,25300000.0,8.335,
51,TROW,MRT,2008-09-30,2008-09-30,2008-09-30,2021-07-29,-900000.0,3122500000.0,3074750000.0,,,0.747,10.269,-139300000.0,852700000.0,852700000.0,843500000.0,657200000.0,,0.175,0.0,,,0.0,0.0,60200000.0,127600000.0,0.018,0.96,1056900000.0,1117100000.0,0.486,1117100000.0,1056900000.0,1056900000.0,2.51,2.38,2.51,2656500000.0,2666025000.0,2656500000.0,13215988418.0,13.0,11.831,667900000.0,2.582,1.0,1454700000.0,0.633,668300000.0,0.0,1601500000.0,1674675000.0,0.0,817900000.0,,,466000000.0,,,13897188418.0,5000000.0,0.0,-557400000.0,0.0,-295500000.0,-675600000.0,-126600000.0,-16200000.0,807200000.0,0.0,657200000.0,657200000.0,657200000.0,0.0,0.0,0.286,397800000.0,1056900000.0,95600000.0,0.382,5.231,21.146,21.398,415000000.0,0.0,53.71,6.047,6.046,234500000.0,2245700000.0,2298200000.0,2298200000.0,0.0,0.214,0.247,0.631,0.46,85500000.0,208100000.0,1.0,258744897.0,258700000.0,,8.884,2454200000.0,0.0,399700000.0,18900000.0,9.487,
52,TROW,MRT,2008-06-30,2008-06-30,2008-06-30,2021-07-29,64500000.0,3049800000.0,3081175000.0,,,0.751,10.216,-140300000.0,681200000.0,681200000.0,841400000.0,679200000.0,,0.15,0.0,,,0.0,0.0,56900000.0,113000000.0,0.016,0.89,1094100000.0,1151000000.0,0.497,1151000000.0,1094100000.0,1094100000.0,2.58,2.45,2.58,2652200000.0,2670525000.0,2652200000.0,14055039461.0,13.0,12.211,649100000.0,2.5,1.0,1473000000.0,0.636,668500000.0,0.0,1700100000.0,1682200000.0,0.0,946000000.0,,,397600000.0,,,14665239461.0,-214000000.0,0.0,-615000000.0,0.0,-278400000.0,-757500000.0,-245900000.0,-118700000.0,789400000.0,0.0,679200000.0,679200000.0,679200000.0,0.0,0.0,0.293,378900000.0,1094100000.0,93200000.0,0.345,5.529,21.592,21.888,382700000.0,0.0,56.47,6.337,6.334,262100000.0,2203900000.0,2314400000.0,2314400000.0,0.0,0.22,0.254,0.65,0.473,82900000.0,208900000.0,1.0,259699654.0,259600000.0,,8.915,2381300000.0,0.0,414900000.0,33900000.0,9.173,
53,TROW,MRT,2008-03-31,2008-03-31,2008-03-31,2021-07-29,64000000.0,2949400000.0,3087850000.0,,,0.738,9.852,-148600000.0,610200000.0,610200000.0,820400000.0,679200000.0,,0.144,0.0,,,0.0,0.0,55400000.0,117600000.0,0.016,0.82,1090500000.0,1145900000.0,0.503,1145900000.0,1090500000.0,1090500000.0,2.57,2.44,2.57,2578300000.0,2667050000.0,2578300000.0,12402677100.0,11.0,10.824,626300000.0,2.393,1.0,1458600000.0,0.64,668600000.0,0.0,1670600000.0,1635225000.0,0.0,959300000.0,,,371100000.0,,,13187777100.0,-300900000.0,0.0,-595600000.0,0.0,-261300000.0,-757800000.0,-318000000.0,-172300000.0,774900000.0,0.0,679200000.0,679200000.0,679200000.0,0.0,0.0,0.298,368100000.0,1090500000.0,98700000.0,0.319,5.115,19.417,19.455,371200000.0,0.0,50.0,5.787,5.742,259100000.0,2157600000.0,2279000000.0,2279000000.0,0.0,0.22,0.255,0.667,0.478,81400000.0,208400000.0,1.0,263755542.0,261700000.0,,8.708,2280800000.0,0.0,411300000.0,68100000.0,8.715,
54,TROW,MRT,2007-12-31,2007-12-31,2007-12-31,2021-07-29,95000000.0,3177300000.0,3089850000.0,,,0.721,10.517,-145600000.0,785100000.0,785100000.0,797200000.0,670600000.0,,0.144,0.0,,,0.0,0.0,54000000.0,114300000.0,0.012,0.75,1076800000.0,1130800000.0,0.507,1130800000.0,1076800000.0,1076800000.0,2.53,2.4,2.53,2777100000.0,2659675000.0,2777100000.0,15227924384.0,14.0,13.467,612400000.0,2.319,1.0,1431100000.0,0.642,665700000.0,0.0,1726500000.0,1561825000.0,0.0,1002200000.0,,,400200000.0,,,16075624384.0,12100000.0,0.0,-315400000.0,0.0,-180300000.0,-401200000.0,-344700000.0,-199200000.0,758000000.0,0.0,670600000.0,670600000.0,670600000.0,0.0,0.0,0.301,354300000.0,1076800000.0,99500000.0,0.296,5.789,23.972,24.063,358300000.0,0.0,60.88,7.214,7.214,265300000.0,2333400000.0,2228300000.0,2228300000.0,0.0,0.217,0.252,0.689,0.483,79800000.0,200000000.0,1.0,264054277.0,264054277.0,,8.439,2511600000.0,0.0,406200000.0,41700000.0,9.512,
55,TROW,MRT,2007-09-30,2007-09-30,2007-09-30,2021-07-29,110600000.0,3148200000.0,2986850000.0,,,0.71,10.123,-128100000.0,847700000.0,847700000.0,753900000.0,628800000.0,,0.177,0.0,,,0.0,0.0,53800000.0,108900000.0,0.012,0.68,1013400000.0,1067200000.0,0.503,1067200000.0,1013400000.0,1013400000.0,2.38,2.25,2.38,2674500000.0,2572125000.0,2674500000.0,13869963823.0,14.0,12.997,628000000.0,2.377,1.0,1365700000.0,0.644,668900000.0,0.0,1631600000.0,1460925000.0,0.0,1000700000.0,,,473700000.0,,,14765163823.0,-28500000.0,0.0,-169200000.0,0.0,-172200000.0,-343700000.0,-440900000.0,-295500000.0,756100000.0,0.0,628800000.0,628800000.0,628800000.0,0.0,0.0,0.297,375600000.0,990100000.0,85600000.0,0.286,5.521,23.481,23.399,331400000.0,0.0,55.69,6.966,6.942,253000000.0,2248400000.0,2119600000.0,2119600000.0,0.0,0.211,0.244,0.694,0.478,72800000.0,193600000.0,1.0,265131331.0,264200000.0,,8.023,2479300000.0,0.0,384600000.0,19900000.0,9.384,
56,TROW,MRT,2007-06-30,2007-06-30,2007-06-30,2021-07-29,97100000.0,3076500000.0,2863726750.0,,,0.698,9.941,-108200000.0,895200000.0,895200000.0,713900000.0,582300000.0,,0.166,0.0,,,0.0,0.0,52700000.0,108000000.0,0.013,0.65,949300000.0,1002000000.0,0.501,1002000000.0,949300000.0,949300000.0,2.21,2.08,2.21,2638300000.0,2470121750.0,2638300000.0,12871909969.0,14.0,12.846,550700000.0,2.075,1.0,1285300000.0,0.643,669100000.0,0.0,1512200000.0,1330654750.0,0.0,898300000.0,,,438200000.0,,,13783009969.0,80700000.0,0.0,-51500000.0,0.0,-164000000.0,-214900000.0,-363300000.0,-288000000.0,658900000.0,0.0,582300000.0,582300000.0,582300000.0,0.0,0.0,0.291,376300000.0,909000000.0,98900000.0,0.294,5.224,23.67,23.48,298600000.0,0.0,51.89,6.894,6.889,248800000.0,2250800000.0,1999200000.0,1999200000.0,0.0,0.203,0.236,0.713,0.475,67700000.0,188600000.0,1.0,265619772.0,265400000.0,,7.533,2407400000.0,0.0,367000000.0,42200000.0,9.071,
57,TROW,MRT,2007-03-31,2007-03-31,2007-03-31,2021-07-29,75500000.0,2957400000.0,2719158250.0,,,0.697,9.604,-99700000.0,911100000.0,911100000.0,682600000.0,555800000.0,,0.16,0.0,,,0.0,0.0,49600000.0,113400000.0,0.013,0.62,903100000.0,952700000.0,0.503,952700000.0,903100000.0,902900000.0,2.11,1.99,2.11,2548800000.0,2347016250.0,2548800000.0,11746811187.0,13.0,12.33,554000000.0,2.087,1.0,1211500000.0,0.64,669300000.0,200000.0,1377000000.0,1206269500.0,0.0,805000000.0,,,408600000.0,,,12519811187.0,-22200000.0,0.0,-95900000.0,0.0,-155800000.0,-243700000.0,-432200000.0,-327400000.0,653700000.0,0.0,555800000.0,555800000.0,555800000.0,0.0,0.0,0.293,372400000.0,839100000.0,84800000.0,0.294,4.912,22.526,22.365,278600000.0,0.0,47.19,6.61,6.612,223200000.0,2154800000.0,1894100000.0,1894100000.0,0.0,0.204,0.237,0.749,0.477,63000000.0,185400000.0,1.0,265306446.0,265400000.0,,7.137,2288100000.0,0.0,347100000.0,93600000.0,8.621,
58,TROW,MRT,2006-12-31,2006-12-31,2006-12-31,2021-07-29,69300000.0,2765300000.0,2603389250.0,,,0.697,9.205,-94400000.0,773000000.0,773000000.0,658400000.0,529600000.0,,0.139,0.0,,,0.0,0.0,46900000.0,114700000.0,0.013,0.59,858600000.0,905500000.0,0.499,905500000.0,858600000.0,858300000.0,2.01,1.9,2.01,2426900000.0,2252668250.0,2426900000.0,10663177362.0,12.0,11.776,498800000.0,1.892,1.0,1156600000.0,0.637,669400000.0,300000.0,1322900000.0,1085854750.0,0.0,762400000.0,,,338400000.0,,,11539385362.0,-30600000.0,0.0,-65900000.0,0.0,-147600000.0,-202600000.0,-421200000.0,-322900000.0,593200000.0,0.0,529600000.0,529600000.0,529600000.0,0.0,0.0,0.292,369700000.0,786900000.0,77200000.0,0.294,4.755,21.789,21.776,264900000.0,0.0,43.77,6.358,6.358,223500000.0,2057100000.0,1815000000.0,1815000000.0,0.0,0.203,0.235,0.791,0.473,61000000.0,179800000.0,1.0,263636860.0,263636860.0,,6.884,2095900000.0,0.0,328700000.0,33900000.0,7.95,
59,TROW,MRT,2006-09-30,2006-09-30,2006-09-30,2021-07-29,56802000.0,2655707000.0,2489689250.0,,,0.694,8.641,-82540000.0,876208000.0,876208000.0,627624000.0,498319000.0,,0.172,0.0,,,0.0,0.0,44531000.0,111174000.0,0.012,0.56,805505000.0,850036000.0,0.492,850036000.0,805505000.0,805091000.0,1.88,1.8,1.88,2266487000.0,2154968250.0,2266487000.0,11706818064.0,15.0,13.772,505300000.0,1.926,1.0,1101156000.0,0.637,668980000.0,414000.0,1110519000.0,965429750.0,0.0,526944000.0,,,389220000.0,,,12521263064.0,103876000.0,0.0,-74385000.0,0.0,-140723000.0,-204328000.0,-279636000.0,-201739000.0,587840000.0,0.0,498319000.0,498319000.0,498319000.0,0.0,0.0,0.288,356810000.0,744346000.0,74093000.0,0.298,5.525,25.127,25.452,250969000.0,0.0,47.85,7.243,7.26,196863000.0,1953093000.0,1728780000.0,1728780000.0,0.0,0.2,0.231,0.834,0.466,48300000.0,174881000.0,1.0,261677389.0,262300000.0,,6.591,1986727000.0,0.0,306772000.0,0.0,7.574,
60,TROW,MRT,2006-06-30,2006-06-30,2006-06-30,2021-07-29,52474000.0,2498226000.0,2385162500.0,,,0.699,8.104,-72606000.0,814445000.0,814445000.0,590835000.0,486354000.0,,0.164,0.0,,,0.0,0.0,44226000.0,107385000.0,0.014,0.535,772221000.0,816447000.0,0.49,816447000.0,772221000.0,771712000.0,1.84,1.77,1.84,2145878000.0,2066010500.0,2145878000.0,9107881284.0,12.0,11.156,532241000.0,2.01,1.0,1076048000.0,0.646,669122000.0,509000.0,1014659000.0,887683500.0,0.0,504420000.0,,,352348000.0,,,10041172284.0,190516000.0,0.0,-50434000.0,0.0,-133648000.0,-175797000.0,-238534000.0,-127762000.0,604847000.0,0.0,486354000.0,486354000.0,486354000.0,0.0,0.0,0.292,352450000.0,723598000.0,97136000.0,0.291,4.679,20.646,20.549,238843000.0,0.0,37.81,6.024,6.006,182944000.0,1861782000.0,1666883000.0,1666883000.0,0.0,0.204,0.235,0.87,0.463,32700000.0,170721000.0,1.0,265569222.0,264800000.0,,6.295,1829104000.0,0.0,285358000.0,0.0,6.907,
61,TROW,MRT,2006-03-31,2006-03-31,2006-03-31,2021-07-29,55824000.0,2494324000.0,2277675000.0,,,0.696,8.225,-60162000.0,933291000.0,933291000.0,555258000.0,453403000.0,,0.149,0.0,,,0.0,0.0,43628000.0,105429000.0,0.013,0.51,716664000.0,760292000.0,0.48,760292000.0,716664000.0,716259000.0,1.73,1.66,1.73,2171408000.0,1979823500.0,2171408000.0,9523216619.0,13.0,12.526,511057000.0,1.936,1.0,1029171000.0,0.65,665692000.0,405000.0,895341000.0,828656250.0,0.0,417309000.0,,,322916000.0,,,10326805619.0,350859000.0,0.0,24204000.0,0.0,-126600000.0,-99633000.0,-120727000.0,-60065000.0,571219000.0,0.0,453403000.0,453403000.0,453403000.0,0.0,0.0,0.286,342952000.0,686219000.0,65630000.0,0.295,4.756,22.776,22.604,226170000.0,0.0,39.105,6.518,6.516,189084000.0,1762903000.0,1584429000.0,1584429000.0,0.0,0.199,0.229,0.865,0.452,18000000.0,166310000.0,1.0,264078906.0,264000000.0,,6.002,1828632000.0,0.0,262856000.0,50992000.0,6.927,
62,TROW,MRT,2005-12-31,2005-12-31,2005-12-31,2021-07-29,48500000.0,2310500000.0,2155020500.0,,,0.702,7.79,-52300000.0,803600000.0,803600000.0,522400000.0,431000000.0,,0.135,0.0,,,0.0,0.0,42300000.0,103800000.0,0.013,0.485,679800000.0,722100000.0,0.478,722100000.0,679800000.0,679400000.0,1.65,1.58,1.65,2036100000.0,1875552750.0,2036100000.0,8641263435.0,13.0,11.967,487200000.0,1.864,1.0,989800000.0,0.655,665700000.0,400000.0,841200000.0,793701750.0,0.0,401500000.0,,,274400000.0,,,9413637435.0,303900000.0,0.0,-27900000.0,0.0,-119500000.0,-144000000.0,-91600000.0,-42000000.0,539500000.0,0.0,431000000.0,431000000.0,431000000.0,0.0,0.0,0.285,334800000.0,655000000.0,62500000.0,0.294,4.623,21.841,21.827,214800000.0,0.0,36.015,6.225,6.225,175000000.0,1683300000.0,1512200000.0,1512200000.0,0.0,0.2,0.23,0.856,0.45,3200000.0,160500000.0,1.0,261381020.0,261381020.0,,5.785,1644800000.0,0.0,248400000.0,15600000.0,6.293,
63,TROW,MRT,2005-09-30,2005-09-30,2005-09-30,2021-07-29,48252000.0,2237600000.0,2059601750.0,,,0.706,7.348,-47082000.0,772374000.0,772374000.0,506357000.0,410453000.0,,0.171,0.0,,,0.0,0.0,41015000.0,100447000.0,0.014,0.46,643995000.0,685010000.0,0.471,685010000.0,643995000.0,643602000.0,1.585,1.515,1.585,1910656000.0,1790852750.0,1910656000.0,7850571986.0,12.0,11.461,459580000.0,1.768,1.0,948412000.0,0.652,665692000.0,393000.0,799534000.0,774247500.0,0.0,368158000.0,,,326944000.0,,,8474605986.0,282296000.0,0.0,-17088000.0,0.0,-113884000.0,-127334000.0,-97032000.0,-51707000.0,506662000.0,0.0,410453000.0,410453000.0,410453000.0,0.0,0.0,0.282,322347000.0,626065000.0,48709000.0,0.29,4.435,20.647,20.599,210791000.0,0.0,32.65,5.825,5.836,167481000.0,1602595000.0,1454769000.0,1454769000.0,0.0,0.199,0.229,0.832,0.443,0.0,154240000.0,1.0,259559142.0,260012000.0,,5.595,1571908000.0,0.0,233149000.0,16866000.0,6.046,
64,TROW,MRT,2005-06-30,2005-06-30,2005-06-30,2021-07-29,41361000.0,2068276000.0,1961037250.0,,,0.705,6.937,-46205000.0,624034000.0,624034000.0,492301000.0,376643000.0,,0.148,0.0,,,0.0,0.0,40303000.0,99142000.0,0.014,0.44,592112000.0,632415000.0,0.458,632415000.0,592112000.0,591721000.0,1.46,1.395,1.46,1801130000.0,1704806250.0,1801130000.0,7568766052.0,13.0,11.968,407996000.0,1.571,1.0,889993000.0,0.644,665692000.0,391000.0,778550000.0,746261250.0,0.0,357133000.0,,,267146000.0,,,8151257052.0,228775000.0,0.0,-24028000.0,0.0,-108231000.0,-124228000.0,-101198000.0,-57559000.0,454201000.0,0.0,376643000.0,376643000.0,376643000.0,0.0,0.0,0.272,312866000.0,577127000.0,41236000.0,0.301,4.526,21.642,21.438,208283000.0,0.0,31.3,5.897,5.879,164594000.0,1516217000.0,1382294000.0,1382294000.0,0.0,0.192,0.221,0.793,0.428,0.0,150120000.0,1.0,260423548.0,259630000.0,,5.324,1402584000.0,0.0,215078000.0,7097000.0,5.402,
65,TROW,MRT,2005-03-31,2005-03-31,2005-03-31,2021-07-29,38268000.0,2003706000.0,1876002250.0,,,0.708,6.734,-48124000.0,582491000.0,582491000.0,475262000.0,354158000.0,,0.142,0.0,,,0.0,0.0,39644000.0,102664000.0,0.014,0.42,560022000.0,599666000.0,0.451,599666000.0,560022000.0,559259000.0,1.375,1.315,1.375,1754325000.0,1629039250.0,1754325000.0,7236446880.0,13.0,12.067,384934000.0,1.477,1.0,853158000.0,0.642,665692000.0,763000.0,755523000.0,718424250.0,0.0,330818000.0,,,249381000.0,,,7736196880.0,275555000.0,0.0,27943000.0,0.0,-102276000.0,-67698000.0,-89805000.0,-41681000.0,433058000.0,0.0,354158000.0,354158000.0,354158000.0,0.0,0.0,0.267,303538000.0,549620000.0,47406000.0,0.305,4.41,21.844,21.593,207677000.0,0.0,29.69,5.824,5.823,165278000.0,1443293000.0,1328420000.0,1328420000.0,0.0,0.189,0.217,0.78,0.422,0.0,145773000.0,1.0,260565742.0,260532000.0,,5.099,1338014000.0,0.0,205101000.0,16501000.0,5.136,
66,TROW,MRT,2004-12-31,2004-12-31,2004-12-31,2021-07-29,41666000.0,1928825000.0,1783581500.0,,,0.716,6.622,-43100000.0,499750000.0,499750000.0,457900000.0,337200000.0,,0.136,0.0,,,0.0,0.0,40000000.0,100427000.0,0.013,0.4,534700000.0,574700000.0,0.45,574700000.0,534700000.0,533700000.0,1.32,1.26,1.32,1697300000.0,1545446000.0,1697300000.0,7480689926.0,14.0,13.017,331200000.0,1.292,1.0,819100000.0,0.641,665692000.0,1000000.0,763383000.0,694896500.0,0.0,329234000.0,,,231525000.0,,,7970750926.0,263200000.0,0.0,56800000.0,0.0,-96200000.0,-35200000.0,-75900000.0,-32800000.0,374300000.0,0.0,337200000.0,337200000.0,337200000.0,0.0,0.0,0.264,293900000.0,525200000.0,54172000.0,0.303,4.696,23.638,23.561,203807000.0,0.0,31.1,6.242,6.242,158342000.0,1378948000.0,1277000000.0,1277000000.0,0.0,0.189,0.218,0.769,0.419,0.0,140700000.0,1.0,256294242.0,256294242.0,,4.983,1263133000.0,0.0,196500000.0,9327000.0,4.928,
67,TROW,MRT,2004-09-30,2004-09-30,2004-09-30,2021-07-29,31553000.0,1843342000.0,1688019500.0,,,0.718,6.146,-44989000.0,490061000.0,490061000.0,439844000.0,308775000.0,,0.177,0.0,,,0.0,0.0,40500000.0,96858000.0,0.015,0.38,497034000.0,537534000.0,0.443,537534000.0,497034000.0,495754000.0,1.22,1.16,1.22,1566470000.0,1453391000.0,1566470000.0,6087224435.0,12.0,11.324,359541000.0,1.411,1.0,772826000.0,0.637,665692000.0,1280000.0,687589000.0,665138750.0,0.0,289931000.0,,,276872000.0,,,6482466435.0,263555000.0,0.0,33509000.0,-13168000.0,-93044000.0,-70902000.0,-70073000.0,-25084000.0,404530000.0,0.0,308775000.0,308775000.0,308775000.0,0.0,0.0,0.255,280787000.0,492039000.0,46644000.0,0.311,4.138,20.994,20.877,205682000.0,0.0,25.47,5.346,5.353,140361000.0,1311616000.0,1212670000.0,1212670000.0,0.0,0.183,0.212,0.747,0.41,0.0,135409000.0,1.0,254513798.0,254858000.0,,4.758,1177650000.0,0.0,186979000.0,0.0,4.621,
68,TROW,MRT,2004-06-30,2004-06-30,2004-06-30,2021-07-29,30381000.0,1728136000.0,1605293750.0,,,0.719,5.899,-39787000.0,395242000.0,395242000.0,419330000.0,292541000.0,,0.154,0.0,,,0.0,0.0,41704000.0,91160000.0,0.015,0.37,470719000.0,512423000.0,0.444,512423000.0,470719000.0,469200000.0,1.16,1.105,1.16,1498062000.0,1378057250.0,1498062000.0,6078194202.0,13.0,11.862,337805000.0,1.33,1.0,735380000.0,0.637,665692000.0,1519000.0,667202000.0,651550750.0,0.0,283530000.0,,,230074000.0,,,6385113202.0,251099000.0,0.0,46422000.0,-18168000.0,-89784000.0,-58987000.0,-67506000.0,-27719000.0,377592000.0,0.0,292541000.0,292541000.0,292541000.0,0.0,0.0,0.253,268725000.0,466655000.0,42276000.0,0.319,4.262,21.826,21.724,202475000.0,0.0,25.2,5.53,5.542,135960000.0,1253347000.0,1154710000.0,1154710000.0,0.0,0.182,0.212,0.722,0.408,0.0,130659000.0,1.0,253377508.0,253952000.0,,4.547,1062444000.0,0.0,176659000.0,0.0,4.184,
69,TROW,MRT,2004-03-31,2004-03-31,2004-03-31,2021-07-29,32240000.0,1634023000.0,1526357250.0,,,0.709,5.63,-35169000.0,306919000.0,306919000.0,400589000.0,266052000.0,,0.151,0.0,,,0.0,0.0,43566000.0,96078000.0,0.013,0.36,428430000.0,471996000.0,0.436,471996000.0,428430000.0,426899000.0,1.065,1.015,1.065,1419952000.0,1301362750.0,1419952000.0,6538439152.0,15.0,13.853,274123000.0,1.087,1.0,681911000.0,0.63,665692000.0,1531000.0,661412000.0,639668750.0,0.0,277316000.0,,,214071000.0,,,6774972152.0,174047000.0,0.0,36162000.0,-45699000.0,-86551000.0,-86241000.0,-49004000.0,-13835000.0,309292000.0,0.0,266052000.0,266052000.0,266052000.0,0.0,0.0,0.246,258454000.0,423457000.0,46254000.0,0.338,4.771,25.465,25.272,199423000.0,0.0,26.915,6.259,6.27,132905000.0,1197255000.0,1082500000.0,1082500000.0,0.0,0.174,0.204,0.67,0.396,0.0,125394000.0,1.0,251717338.0,252192000.0,,4.292,968331000.0,0.0,160847000.0,0.0,3.84,
70,TROW,MRT,2003-12-31,2003-12-31,2003-12-31,2021-07-29,28755000.0,1546577000.0,1463821500.0,,,0.68,5.337,-31742000.0,236533000.0,236533000.0,382956000.0,227487000.0,,0.164,0.0,,,0.0,0.0,45289000.0,96276000.0,0.015,0.35,367215000.0,412504000.0,0.414,412504000.0,367215000.0,365516000.0,0.92,0.885,0.92,1329080000.0,1229852250.0,1329080000.0,5690010793.0,15.0,13.794,265213000.0,1.065,1.0,612611000.0,0.615,665692000.0,1699000.0,644352000.0,631886000.0,0.0,273245000.0,,,217497000.0,,,5903520793.0,125115000.0,0.0,7206000.0,-56699000.0,-83672000.0,-118181000.0,-53659000.0,-21917000.0,296955000.0,0.0,227487000.0,227487000.0,227487000.0,0.0,0.0,0.228,247571000.0,365040000.0,47699000.0,0.38,4.442,25.951,25.766,201094000.0,0.0,23.705,5.93,5.93,121295000.0,1143913000.0,995567000.0,995567000.0,0.0,0.155,0.185,0.581,0.369,0.0,121543000.0,1.0,249041164.0,249041164.0,,3.998,880885000.0,0.0,138029000.0,12890000.0,3.537,
71,TROW,MRT,2003-09-30,2003-09-30,2003-09-30,2021-07-29,20403000.0,1512439000.0,1419785500.0,,,0.658,5.101,-28159000.0,226506000.0,226506000.0,367817000.0,205006000.0,,0.195,12996000.0,,,12996000.0,0.0,46967000.0,95057000.0,0.016,0.34,326616000.0,373583000.0,0.4,373583000.0,326616000.0,324745000.0,0.835,0.805,0.835,1265135000.0,1181042250.0,1265135000.0,4971247374.0,15.0,13.307,221192000.0,0.892,1.0,566269000.0,0.606,665692000.0,1871000.0,633237000.0,633103500.0,0.0,243895000.0,,,247304000.0,,,5098271374.0,103090000.0,0.0,161000.0,-44531000.0,-82093000.0,-106753000.0,-39508000.0,-11349000.0,249351000.0,0.0,205006000.0,205006000.0,205006000.0,0.0,0.0,0.219,238999000.0,327270000.0,35173000.0,0.407,4.03,24.869,24.719,202057000.0,0.0,20.64,5.458,5.48,114648000.0,1098991000.0,934086000.0,934086000.0,0.0,0.144,0.174,0.516,0.35,0.0,117144000.0,1.0,247009272.0,248026000.0,,3.766,846747000.0,0.0,119739000.0,0.0,3.414,
72,TROW,MRT,2003-06-30,2003-06-30,2003-06-30,2021-07-29,18104000.0,1412390000.0,1385660250.0,,,0.648,4.862,-27080000.0,144143000.0,144143000.0,358996000.0,181925000.0,,0.186,17119000.0,,,17119000.0,0.0,48392000.0,88617000.0,0.018,0.335,291405000.0,339797000.0,0.379,339797000.0,291405000.0,289289000.0,0.745,0.72,0.745,1191284000.0,1139835500.0,1191284000.0,4523528387.0,16.0,13.312,185940000.0,0.759,1.0,538398000.0,0.6,665692000.0,2116000.0,619674000.0,635642000.0,0.0,232352000.0,,,221106000.0,,,4611435387.0,46567000.0,0.0,-24001000.0,-41531000.0,-80777000.0,-123570000.0,-42883000.0,-15803000.0,213020000.0,0.0,181925000.0,181925000.0,181925000.0,0.0,0.0,0.203,243711000.0,294687000.0,38295000.0,0.45,3.871,25.348,25.349,205294000.0,0.0,18.885,5.139,5.156,106818000.0,1053851000.0,897394000.0,897394000.0,0.0,0.131,0.16,0.458,0.325,0.0,117894000.0,1.0,244185088.0,245014000.0,,3.663,746698000.0,0.0,107364000.0,0.0,3.048,
73,TROW,MRT,2003-03-31,2003-03-31,2003-03-31,2021-07-29,8942000.0,1383880000.0,1371663000.0,,,0.656,4.63,-25833000.0,132872000.0,132872000.0,355360000.0,180004000.0,,0.22,44965000.0,,,44965000.0,0.0,49678000.0,86231000.0,0.024,0.33,289035000.0,338713000.0,0.376,338713000.0,289035000.0,286697000.0,0.735,0.71,0.735,1133910000.0,1115433500.0,1133910000.0,3261320569.0,11.0,9.629,234059000.0,0.956,1.0,544852000.0,0.605,665692000.0,2338000.0,630281000.0,643701750.0,0.0,220626000.0,,,249970000.0,,,3316839569.0,19426000.0,0.0,-104794000.0,-27000000.0,-79862000.0,-154795000.0,-85671000.0,-59838000.0,259892000.0,0.0,180004000.0,180004000.0,180004000.0,0.0,0.0,0.2,246047000.0,298805000.0,65258000.0,0.449,2.925,18.426,18.449,208735000.0,0.0,13.56,3.685,3.689,96211000.0,1020988000.0,900212000.0,900212000.0,0.0,0.131,0.161,0.449,0.321,0.0,119992000.0,1.0,244604688.0,244884000.0,,3.676,718188000.0,0.0,106693000.0,0.0,2.933,
74,TROW,MRT,2002-12-31,2002-12-31,2002-12-31,2021-07-29,8641000.0,1370433000.0,1365997000.0,,,0.676,4.632,-26047000.0,111418000.0,111418000.0,357586000.0,194254000.0,,0.209,55899000.0,,,55899000.0,0.0,50578000.0,81292000.0,0.024,0.325,312238000.0,362816000.0,0.393,362816000.0,312238000.0,309604000.0,0.79,0.76,0.79,1133840000.0,1115394500.0,1133840000.0,3271645375.0,10.0,9.017,243251000.0,0.994,1.0,565916000.0,0.613,665692000.0,2634000.0,649222000.0,649258750.0,0.0,216080000.0,,,236593000.0,,,3338500375.0,31677000.0,0.0,-70453000.0,-49366000.0,-78701000.0,-142650000.0,-94971000.0,-68924000.0,269298000.0,0.0,194254000.0,194254000.0,194254000.0,0.0,0.0,0.21,245405000.0,320511000.0,42317000.0,0.411,2.944,17.186,17.266,215590000.0,0.0,13.64,3.615,3.615,96787000.0,1019925000.0,923502000.0,923502000.0,0.0,0.142,0.174,0.481,0.338,0.0,119844000.0,1.0,244758092.0,244758092.0,,3.773,704741000.0,0.0,115350000.0,1585000.0,2.879,
75,TROW,MRT,2002-09-30,2002-09-30,2002-09-30,2021-07-29,3133000.0,1375938000.0,1351667500.0,,,0.676,4.495,-23746000.0,123416000.0,123416000.0,366583000.0,193094000.0,,0.251,56561000.0,,,56561000.0,0.0,58812000.0,75347000.0,0.026,0.32,317675000.0,376487000.0,0.412,376487000.0,317675000.0,315175000.0,0.78,0.75,0.78,1100308000.0,1101390750.0,1100308000.0,3017605845.0,9.0,8.015,210250000.0,0.859,1.0,546497000.0,0.599,665692000.0,2500000.0,643391000.0,654846000.0,0.0,204571000.0,,,275630000.0,,,3056401845.0,-57710000.0,0.0,-92414000.0,-83366000.0,-77678000.0,-200954000.0,-90752000.0,-67006000.0,233996000.0,0.0,193094000.0,193094000.0,193094000.0,0.0,0.0,0.211,253033000.0,293464000.0,38254000.0,0.41,2.778,15.829,16.0,221093000.0,0.0,12.48,3.347,3.346,97861000.0,996253000.0,913080000.0,913080000.0,0.0,0.143,0.175,0.485,0.348,0.0,82506000.0,1.0,244903994.0,244792000.0,,3.73,710246000.0,0.0,122081000.0,0.0,2.901,
76,TROW,MRT,2002-06-30,2002-06-30,2002-06-30,2021-07-29,9157000.0,1356401000.0,1363256500.0,,,0.686,4.441,-21328000.0,97576000.0,97576000.0,369182000.0,200282000.0,,0.24,58780000.0,,,58780000.0,0.0,66320000.0,65878000.0,0.019,0.315,334462000.0,400782000.0,0.429,400782000.0,334462000.0,330101000.0,0.81,0.775,0.81,1093676000.0,1093119000.0,1093676000.0,4025207047.0,12.0,10.043,276728000.0,1.124,1.0,565940000.0,0.605,665692000.0,4361000.0,651913000.0,671179000.0,0.0,204179000.0,,,262725000.0,,,4068222047.0,-27961000.0,0.0,-75448000.0,-156366000.0,-76553000.0,-261947000.0,-64070000.0,-42742000.0,298056000.0,0.0,200282000.0,200282000.0,200282000.0,0.0,0.0,0.214,257729000.0,308211000.0,46688000.0,0.389,3.72,20.312,20.296,226936000.0,0.0,16.44,4.35,4.33,106027000.0,984482000.0,935122000.0,935122000.0,0.0,0.147,0.183,0.498,0.358,0.0,94853000.0,1.0,247458762.0,246272000.0,,3.797,690709000.0,0.0,129819000.0,7619000.0,2.805,
77,TROW,MRT,2002-03-31,2002-03-31,2002-03-31,2021-07-29,12747000.0,1361216000.0,1378590500.0,,,0.694,4.589,-23783000.0,113446000.0,113446000.0,374689000.0,199584000.0,,0.201,70431000.0,,,70431000.0,0.0,73853000.0,29370000.0,0.016,0.31,340902000.0,414755000.0,0.433,414755000.0,340902000.0,333347000.0,0.81,0.775,0.81,1133754000.0,1080240250.0,1133754000.0,4837460519.0,14.0,11.663,245512000.0,0.994,1.0,582283000.0,0.608,665692000.0,7555000.0,652509000.0,714971500.0,0.0,170565000.0,,,227462000.0,,,4813312519.0,-36832000.0,0.0,-1577000.0,-218366000.0,-75156000.0,-279914000.0,-26213000.0,-2430000.0,269295000.0,0.0,199584000.0,199584000.0,199584000.0,0.0,0.0,0.209,272272000.0,310011000.0,39432000.0,0.383,4.245,24.117,24.031,233328000.0,0.0,19.465,5.03,5.025,113306000.0,1006647000.0,956972000.0,956972000.0,0.0,0.145,0.185,0.477,0.356,0.0,111682000.0,1.0,247280376.0,247062000.0,,3.873,695524000.0,0.0,133763000.0,25797000.0,2.815,
78,TROW,MRT,2001-12-31,2001-12-31,2001-12-31,2021-07-29,11770000.0,1313115000.0,1402897750.0,,,0.71,4.365,-41375000.0,79741000.0,79741000.0,384959000.0,195868000.0,,0.218,103889000.0,,,103889000.0,0.0,80488000.0,25422000.0,0.018,0.305,342627000.0,423115000.0,0.425,423115000.0,342627000.0,330946000.0,0.795,0.76,0.795,1077825000.0,1048035000.0,1077825000.0,4247035462.0,12.0,10.038,248979000.0,1.008,1.0,610487000.0,0.613,665692000.0,11681000.0,671571000.0,779552000.0,0.0,154208000.0,,,235290000.0,,,4287684462.0,-785000.0,0.0,-17821000.0,-205000000.0,-73838000.0,-282169000.0,-8970000.0,32405000.0,290354000.0,0.0,195868000.0,195868000.0,195868000.0,0.0,0.0,0.197,299256000.0,311231000.0,42782000.0,0.384,3.978,21.891,21.843,241825000.0,0.0,17.365,4.307,4.307,104001000.0,973472000.0,995446000.0,995446000.0,0.0,0.14,0.187,0.44,0.344,0.0,131249000.0,1.0,246915316.0,246915316.0,,4.032,647423000.0,0.0,135078000.0,0.0,2.622,
79,TROW,MRT,2001-09-30,2001-09-30,2001-09-30,2021-07-29,6753000.0,1422294000.0,1441983750.0,,,0.707,4.328,-56216000.0,181126000.0,181126000.0,388168000.0,206335000.0,,0.333,140477000.0,,,140477000.0,0.0,79207000.0,22843000.0,0.02,0.3,364633000.0,443840000.0,0.435,443840000.0,364633000.0,347595000.0,0.84,0.8,0.84,1067221000.0,1026345000.0,1067221000.0,3697699221.0,10.0,8.331,285765000.0,1.159,1.0,631245000.0,0.619,672922000.0,17038000.0,708723000.0,863215500.0,0.0,191238000.0,,,355073000.0,,,3608129221.0,69442000.0,0.0,11535000.0,-175000000.0,-71104000.0,-212605000.0,-59934000.0,-3718000.0,341981000.0,0.0,206335000.0,206335000.0,206335000.0,0.0,0.0,0.202,325492000.0,305753000.0,41623000.0,0.357,3.381,17.487,17.44,249685000.0,0.0,14.65,3.539,3.543,103718000.0,948164000.0,1019413000.0,1019413000.0,0.0,0.143,0.201,0.422,0.358,0.0,151564000.0,1.0,246288684.0,246566000.0,,4.134,749372000.0,0.0,141260000.0,44411000.0,3.039,
80,TROW,MRT,2001-06-30,2001-06-30,2001-06-30,2021-07-29,16941000.0,1417737000.0,,,,,4.234,-77492000.0,125537000.0,125537000.0,395861000.0,225120000.0,,0.36,215107000.0,,,215107000.0,0.0,73578000.0,19458000.0,0.016,0.29,392530000.0,466108000.0,0.432,466108000.0,392530000.0,374322000.0,0.92,0.87,0.92,1042161000.0,,1042161000.0,4739729393.0,12.0,10.169,257390000.0,1.046,1.0,683638000.0,0.633,680224000.0,18208000.0,827083000.0,,0.0,217879000.0,,,375576000.0,,,4599588393.0,-380355000.0,-783194000.0,10804000.0,200000000.0,-68398000.0,162010000.0,-877247000.0,-16561000.0,334882000.0,0.0,225120000.0,225120000.0,225120000.0,0.0,0.0,0.209,347459000.0,336179000.0,40436000.0,0.315,4.414,20.432,20.321,258258000.0,0.0,18.695,4.261,4.263,115886000.0,916316000.0,1079499000.0,1079499000.0,0.0,,,,0.364,0.0,155922000.0,1.0,246033078.0,246164000.0,,4.385,737513000.0,0.0,149202000.0,16514000.0,2.996,
81,TROW,MRT,2001-03-31,2001-03-31,2001-03-31,2021-07-29,13936000.0,1458445000.0,,,,,4.093,-90665000.0,150278000.0,150278000.0,392312000.0,243303000.0,,0.451,290419000.0,,,290419000.0,0.0,63418000.0,14185000.0,0.018,0.28,416787000.0,480205000.0,0.43,480205000.0,416787000.0,402414000.0,0.995,0.94,0.995,1004933000.0,,1004933000.0,4082273555.0,10.0,8.501,236226000.0,0.962,1.0,725739000.0,0.649,687755000.0,14373000.0,910831000.0,,0.0,208198000.0,,,453512000.0,,,3850522555.0,-288157000.0,-783194000.0,14745000.0,275000000.0,-65632000.0,236372000.0,-851420000.0,22439000.0,326891000.0,0.0,243303000.0,243303000.0,243303000.0,0.0,0.0,0.218,359735000.0,366004000.0,56565000.0,0.281,3.832,15.826,15.734,262044000.0,0.0,15.655,3.444,3.438,127121000.0,883631000.0,1118051000.0,1118051000.0,0.0,,,,0.373,0.0,158129000.0,1.0,245961198.0,245502000.0,,4.554,770690000.0,0.0,159111000.0,29751000.0,3.139,
82,TROW,MRT,2000-12-31,2000-12-31,2000-12-31,2021-07-29,32947000.0,1469459000.0,1233749000.0,,,0.935,4.029,-85612000.0,80526000.0,80526000.0,380636000.0,269029000.0,,0.483,312277000.0,,,312277000.0,0.0,53692000.0,10932000.0,0.013,0.27,453359000.0,507051000.0,0.439,507051000.0,453359000.0,443847000.0,1.11,1.04,1.11,991065000.0,880624500.0,991065000.0,,,,237123000.0,0.964,1.0,773264000.0,0.67,694985000.0,9512000.0,1006225000.0,830517000.0,0.0,206804000.0,,,478394000.0,,,5198389920.0,-277946000.0,-783194000.0,19279000.0,295000000.0,-62880000.0,260405000.0,-861086000.0,7720000.0,322735000.0,0.0,269029000.0,269029000.0,269029000.0,0.0,0.0,0.233,363778000.0,409486000.0,57243000.0,0.243,5.245,19.323,19.041,255660000.0,0.0,21.135,4.505,4.505,131041000.0,852775000.0,1153900000.0,1153900000.0,0.0,0.218,0.305,0.546,0.393,0.0,156860000.0,1.0,245961198.0,245961198.0,,4.691,774474000.0,0.0,174818000.0,13220000.0,3.149,
83,TROW,MRT,2000-09-30,2000-09-30,2000-09-30,2021-07-29,,,,,,,,,,,,,,,,,,,,,,0.011,0.26,,,,,,,,,,,,,,,,,,1.0,,,,,,,,,,,,,,,,,,,,,,,,,,,,,,,,,,,,,,,,23.47,,,,,,,,,,,,,,1.0,,242850000.0,,,,,,,,
84,TROW,MRT,2000-06-30,2000-06-30,2000-06-30,2021-07-29,,,,,,,,,,,,,,,,,,,,,,0.012,0.245,,,,,,,,,,,,,,,,,,1.0,,,,,,,,,,,,,,,,,,,,,,,,,,,,,,,,,,,,,,,,21.25,,,,,,,,,,,,,,1.0,,241860000.0,,,,,,,,
85,TROW,MRT,2000-03-31,2000-03-31,2000-03-31,2021-07-29,,,,,,,,,,,,,,,,,,,,,,0.012,0.23,,,,,,,,,,,,,,,,,,1.0,,,,,,,,,,,,,,,,,,,,,,,,,,,,,,,,,,,,,,,,19.75,,,,,,,,,,,,,,1.0,,240838000.0,,,,,,,,
86,TROW,MRT,1999-12-31,1999-12-31,1999-12-31,2021-07-29,48727000.0,998039000.0,,,,,,-77417000.0,358472000.0,358472000.0,329385000.0,239404000.0,,0.296,17716000.0,,,17716000.0,0.0,33373000.0,0.0,0.012,0.215,394744000.0,428117000.0,0.413,428117000.0,394744000.0,394570000.0,0.995,0.925,0.995,770184000.0,,770184000.0,,,,219520000.0,,1.0,706994000.0,0.682,2474000.0,174000.0,654809000.0,,0.0,278910000.0,,,227855000.0,,,,74634000.0,0.0,-57451000.0,15019000.0,-48241000.0,-104152000.0,-118151000.0,-40734000.0,296937000.0,0.0,239404000.0,239404000.0,239404000.0,0.0,0.0,0.231,292050000.0,414944000.0,37712000.0,0.216,,,18.563,210302000.0,0.0,18.47,,,121637000.0,649378000.0,1036379000.0,1036379000.0,0.0,,,,0.381,0.0,168148000.0,1.0,,,,,995565000.0,0.0,155166000.0,31819000.0,,
87,TROW,MRT,1998-12-31,1998-12-31,1998-12-31,2021-07-29,,,,,,,,-56558000.0,,,304376000.0,174140000.0,,,,,,,,33360000.0,,0.01,0.178,292816000.0,326176000.0,0.368,326176000.0,292816000.0,292816000.0,0.73,0.67,0.73,,,,,,,175417000.0,,1.0,581766000.0,0.657,,0.0,,,,,,,,,,,83429000.0,0.0,-23523000.0,0.0,-40406000.0,-80973000.0,-67573000.0,-11015000.0,231975000.0,0.0,174140000.0,174140000.0,174140000.0,0.0,0.0,0.197,268952000.0,312814000.0,,0.244,,,23.329,,0.0,17.03,,,,,886142000.0,886142000.0,0.0,,,,0.33,0.0,156418000.0,1.0,,,,,,,118676000.0,,,
