None,ticker,dimension,calendardate,datekey,reportperiod,lastupdated,accoci,assets,assetsavg,assetsc,assetsnc,assetturnover,bvps,capex,cashneq,cashnequsd,cor,consolinc,currentratio,de,debt,debtc,debtnc,debtusd,deferredrev,depamor,deposits,divyield,dps,ebit,ebitda,ebitdamargin,ebitdausd,ebitusd,ebt,eps,epsdil,epsusd,equity,equityavg,equityusd,ev,evebit,evebitda,fcf,fcfps,fxusd,gp,grossmargin,intangibles,intexp,invcap,invcapavg,inventory,investments,investmentsc,investmentsnc,liabilities,liabilitiesc,liabilitiesnc,marketcap,ncf,ncfbus,ncfcommon,ncfdebt,ncfdiv,ncff,ncfi,ncfinv,ncfo,ncfx,netinc,netinccmn,netinccmnusd,netincdis,netincnci,netmargin,opex,opinc,payables,payoutratio,pb,pe,pe1,ppnenet,prefdivis,price,ps,ps1,receivables,retearn,revenue,revenueusd,rnd,roa,roe,roic,ros,sbcomp,sgna,sharefactor,sharesbas,shareswa,shareswadil,sps,tangibles,taxassets,taxexp,taxliabilities,tbvps,workingcapital
0,ESS,MRY,2020-12-31,2020-12-31,2020-12-31,2021-08-02,-14729000.0,12936177000.0,13241367750.0,,,0.113,91.674,-708267000.0,84041000.0,84041000.0,474973000.0,599332000.0,,1.12,6325572000.0,,,6325572000.0,0.0,525497000.0,0.0,0.035,8.31,789503000.0,1315000000.0,0.879,1315000000.0,789503000.0,568870000.0,8.69,8.69,8.69,6000410000.0,6119411500.0,6000410000.0,21596834830.0,27.0,16.423,94841000.0,1.449,1.0,1020775000.0,0.682,0.0,220633000.0,19177708000.0,19437807000.0,0.0,1360882000.0,,,6720746000.0,,,15480881830.0,2947000.0,0.0,-254746000.0,461994000.0,-536098000.0,-383261000.0,-416900000.0,-48617000.0,803108000.0,0.0,568870000.0,568870000.0,568870000.0,0.0,30462000.0,0.38,529334000.0,491441000.0,184272000.0,0.956,2.58,27.213,27.321,11443914000.0,0.0,237.42,10.35,10.39,0.0,-861193000.0,1495748000.0,1495748000.0,0.0,0.043,0.093,0.041,0.528,8157000.0,65388000.0,1.0,65204624.0,65454057,65564982.0,22.852,12936177000.0,0.0,0.0,0.0,197.638,
1,ESS,MRY,2019-12-31,2019-12-31,2019-12-31,2021-08-02,-13888000.0,12705405000.0,12738110750.0,,,0.115,94.477,-464043000.0,81094000.0,81094000.0,430594000.0,464448000.0,,1.007,5885613000.0,,,5885613000.0,0.0,483750000.0,0.0,0.026,7.8,656625000.0,1140375000.0,0.781,1140375000.0,656625000.0,439286000.0,6.67,6.66,6.67,6220427000.0,6197922750.0,6220427000.0,25915235821.0,39.0,22.725,455036000.0,6.911,1.0,1029561000.0,0.705,0.0,217339000.0,18509924000.0,18586515750.0,0.0,1613897000.0,,,6264491000.0,,,19881325821.0,-70301000.0,0.0,53017000.0,72268000.0,-507754000.0,-461689000.0,-527691000.0,-90601000.0,919079000.0,0.0,439286000.0,439286000.0,439286000.0,0.0,25162000.0,0.301,548449000.0,481112000.0,206929000.0,1.169,3.196,45.258,45.106,10969479000.0,0.0,300.86,13.616,13.566,0.0,-887619000.0,1460155000.0,1460155000.0,0.0,0.034,0.071,0.035,0.45,7010000.0,54262000.0,1.0,66081652.0,65840422,65939455.0,22.177,12705405000.0,0.0,0.0,0.0,192.973,
2,ESS,MRY,2018-12-31,2018-12-31,2018-12-31,2021-08-02,-13217000.0,12383596000.0,12525015000.0,,,0.112,94.897,-352767000.0,151395000.0,151395000.0,416396000.0,413599000.0,,0.95,5605942000.0,,,5605942000.0,0.0,479884000.0,0.0,0.03,7.44,610645000.0,1090529000.0,0.779,1090529000.0,610645000.0,390153000.0,5.91,5.9,5.91,6267073000.0,6326748000.0,6267073000.0,21658868435.0,35.0,19.861,473787000.0,7.174,1.0,983657000.0,0.703,0.0,220492000.0,17838143000.0,18026765500.0,0.0,1509685000.0,,,5954277000.0,,,16199822435.0,90269000.0,0.0,-45939000.0,-110625000.0,-484182000.0,-676392000.0,-59893000.0,-55707000.0,826554000.0,0.0,390153000.0,390153000.0,390153000.0,0.0,23446000.0,0.279,471668000.0,511989000.0,186431000.0,1.259,2.585,41.522,41.491,10611182000.0,0.0,245.21,11.571,11.567,71895000.0,-812796000.0,1400053000.0,1400053000.0,0.0,0.031,0.062,0.034,0.436,7135000.0,53451000.0,1.0,66065097.0,66041058,66085089.0,21.2,12383596000.0,0.0,0.0,0.0,187.514,
3,ESS,MRY,2017-12-31,2017-12-31,2017-12-31,2021-08-02,-18446000.0,12495706000.0,12495151750.0,,,0.109,95.359,-486667000.0,61126000.0,61126000.0,405542000.0,458043000.0,,0.965,5689126000.0,,,5689126000.0,0.0,468881000.0,0.0,0.029,7.0,655953000.0,1124834000.0,0.825,1124834000.0,655953000.0,433059000.0,6.58,6.57,6.58,6277406000.0,6280927000.0,6277406000.0,21491306690.0,33.0,19.106,282940000.0,4.298,1.0,958357000.0,0.703,0.0,222894000.0,18123706000.0,18031582500.0,0.0,1345988000.0,,,6059675000.0,,,15939357690.0,-109176000.0,0.0,115690000.0,89191000.0,-450625000.0,-310843000.0,-567940000.0,-214797000.0,769607000.0,0.0,433059000.0,433059000.0,433059000.0,0.0,24984000.0,0.318,485412000.0,472945000.0,179271000.0,1.064,2.539,36.806,36.682,10948511000.0,0.0,241.37,11.687,11.65,100926000.0,-833726000.0,1363899000.0,1363899000.0,0.0,0.035,0.069,0.036,0.481,8970000.0,41385000.0,1.0,66037029.0,65829155,65898255.0,20.719,12495706000.0,0.0,0.0,0.0,189.82,
4,ESS,MRY,2016-12-31,2016-12-31,2016-12-31,2021-08-02,-32098000.0,12217408000.0,12167194750.0,,,0.106,94.578,-539695000.0,170302000.0,170302000.0,388927000.0,438410000.0,,0.95,5563260000.0,,,5563260000.0,0.0,441682000.0,0.0,0.028,6.4,634633000.0,1076315000.0,0.832,1076315000.0,634633000.0,414979000.0,6.28,6.27,6.28,6192178000.0,6135233500.0,6192178000.0,20606434010.0,32.0,19.145,177097000.0,2.705,1.0,905074000.0,0.699,0.0,219654000.0,17610366000.0,17527649500.0,0.0,1300464000.0,,,5880487000.0,,,15232802010.0,47247000.0,0.0,17520000.0,247047000.0,-411134000.0,-256474000.0,-413071000.0,-116079000.0,716792000.0,0.0,414979000.0,411124000.0,411124000.0,0.0,23431000.0,0.318,484274000.0,420800000.0,174135000.0,1.019,2.46,37.052,37.022,10657222000.0,3855000.0,232.5,11.772,11.764,40970000.0,-805409000.0,1294001000.0,1294001000.0,0.0,0.034,0.067,0.036,0.49,9425000.0,40751000.0,1.0,65517428.0,65471540,65587816.0,19.764,12217408000.0,0.0,0.0,0.0,186.606,
5,ESS,MRY,2015-12-31,2015-12-31,2015-12-31,2021-08-02,-42011000.0,12008384000.0,12037816000.0,,,0.099,96.155,-830249000.0,123055000.0,123055000.0,363508000.0,248239000.0,,0.902,5318757000.0,,,5318757000.0,0.0,453423000.0,0.0,0.024,5.76,436947000.0,890370000.0,0.745,890370000.0,436947000.0,232120000.0,3.5,3.49,3.5,6237733000.0,6219883250.0,6237733000.0,21054586867.0,48.0,23.647,-212081000.0,-3.269,1.0,830899000.0,0.696,0.0,204827000.0,17204086000.0,17269270500.0,0.0,1173532000.0,,,5625909000.0,,,15809472867.0,4073000.0,0.0,358677000.0,148504000.0,-367257000.0,107456000.0,-725556000.0,-213053000.0,618168000.0,0.0,232120000.0,226865000.0,226865000.0,0.0,16119000.0,0.19,499725000.0,331174000.0,172368000.0,1.646,2.534,69.687,68.403,10650782000.0,5255000.0,239.41,13.236,13.003,19285000.0,-797329000.0,1194407000.0,1194407000.0,0.0,0.019,0.036,0.025,0.366,5303000.0,40090000.0,1.0,66035140.0,64871717,65061685.0,18.412,12008384000.0,0.0,0.0,0.0,185.11,
6,ESS,MRY,2014-12-31,2014-12-31,2014-12-31,2021-08-02,-51452000.0,11526732000.0,10293674750.0,,,0.094,106.507,-700606000.0,95749000.0,95749000.0,312546000.0,134438000.0,,0.891,5080689000.0,,,5080689000.0,0.0,360592000.0,0.0,0.025,5.11,286701000.0,647293000.0,0.667,647293000.0,286701000.0,122150000.0,2.07,2.06,2.07,6022672000.0,4972101500.0,6022672000.0,18348565959.0,64.0,28.347,-207294000.0,-3.666,1.0,658392000.0,0.678,0.0,164551000.0,16511672000.0,14805457750.0,0.0,1159663000.0,,,5367408000.0,,,13210440959.0,7119000.0,-415473000.0,542418000.0,279386000.0,-260574000.0,520610000.0,-1147156000.0,-30878000.0,493312000.0,0.0,122150000.0,116859000.0,116859000.0,0.0,12288000.0,0.12,456878000.0,201514000.0,166054000.0,2.469,2.193,113.046,99.807,10165271000.0,5291000.0,206.6,13.606,12.032,24923000.0,-650797000.0,970938000.0,970938000.0,0.0,0.011,0.024,0.019,0.295,8740000.0,40878000.0,1.0,63942115.0,56546959,56696525.0,17.17,11526732000.0,0.0,0.0,0.0,203.844,
7,ESS,MRY,2013-12-31,2013-12-31,2013-12-31,2021-08-02,-60472000.0,5186839000.0,5066974500.0,,,0.121,50.595,-470739000.0,53766000.0,53766000.0,197336000.0,172055000.0,,1.69,3033524000.0,,,3033524000.0,0.0,193518000.0,0.0,0.034,4.84,272807000.0,466325000.0,0.764,466325000.0,272807000.0,156283000.0,4.05,4.04,4.05,1884619000.0,1873359750.0,1884619000.0,8323468230.0,31.0,17.849,-165757000.0,-4.45,1.0,413254000.0,0.677,0.0,116524000.0,8166597000.0,7927638500.0,0.0,767217000.0,,,3184252000.0,,,5458706230.0,-115000.0,0.0,142707000.0,218161000.0,-180668000.0,148599000.0,-453696000.0,-39304000.0,304982000.0,0.0,156283000.0,150811000.0,150811000.0,-31173000.0,15772000.0,0.247,224549000.0,188705000.0,75230000.0,1.195,2.896,36.196,35.435,4239301000.0,5472000.0,143.51,8.94,8.755,68255000.0,-474426000.0,610590000.0,610590000.0,0.0,0.03,0.081,0.034,0.447,4508000.0,26684000.0,1.0,38037114.0,37248960,37335295.0,16.392,5186839000.0,0.0,0.0,0.0,139.248,
8,ESS,MRY,2012-12-31,2012-12-31,2012-12-31,2021-08-02,-69261000.0,4847223000.0,4443097250.0,,,0.12,50.376,-514982000.0,42126000.0,42126000.0,172167000.0,139590000.0,,1.679,2818683000.0,,,2818683000.0,0.0,170686000.0,0.0,0.03,4.4,237172000.0,407858000.0,0.762,407858000.0,237172000.0,125284000.0,3.42,3.41,3.42,1764804000.0,1620341000.0,1764804000.0,7925686290.0,33.0,19.432,-247483000.0,-7.064,1.0,362986000.0,0.678,0.0,111888000.0,7623780000.0,6970810750.0,0.0,664058000.0,,,2962758000.0,,,5356862290.0,5717000.0,0.0,360363000.0,374536000.0,-156250000.0,550356000.0,-812138000.0,-318887000.0,267499000.0,0.0,125284000.0,119812000.0,119812000.0,-11937000.0,14306000.0,0.224,195961000.0,167025000.0,70250000.0,1.287,3.035,44.711,42.88,4019006000.0,5472000.0,146.65,10.01,9.6,66163000.0,-444466000.0,535153000.0,535153000.0,0.0,0.027,0.074,0.034,0.443,4141000.0,24573000.0,1.0,36528212.0,35032491,35124921.0,15.276,4847223000.0,0.0,0.0,0.0,138.364,
9,ESS,MRY,2011-12-31,2011-12-31,2011-12-31,2021-08-02,-72771000.0,4036964000.0,3908667500.0,,,0.12,44.175,-231954000.0,35463000.0,35463000.0,162120000.0,57516000.0,,1.724,2360858000.0,,,2360858000.0,0.0,164016000.0,0.0,0.03,4.16,138764000.0,302780000.0,0.648,302780000.0,138764000.0,47070000.0,1.24,1.24,1.24,1437527000.0,1329265500.0,1437527000.0,7021965720.0,51.0,23.192,-15383000.0,-0.473,1.0,305320000.0,0.653,0.0,91694000.0,6362359000.0,6164577500.0,0.0,457687000.0,,,2478887000.0,,,4794768720.0,-864000.0,0.0,330917000.0,79549000.0,-138622000.0,208348000.0,-425783000.0,-215456000.0,216571000.0,0.0,47070000.0,40368000.0,40368000.0,-10558000.0,10446000.0,0.086,182177000.0,123143000.0,54829000.0,3.355,3.335,118.776,113.315,3437318000.0,6702000.0,140.51,10.258,9.782,66369000.0,-408066000.0,467440000.0,467440000.0,0.0,0.01,0.03,0.023,0.297,2927000.0,20694000.0,1.0,34124039.0,32541792,32628714.0,14.364,4036964000.0,0.0,0.0,0.0,124.055,
10,ESS,MRY,2010-12-31,2010-12-31,2010-12-31,2021-08-02,-77217000.0,3732887000.0,3467313250.0,,,0.118,38.762,-486220000.0,35694000.0,35694000.0,145871000.0,50782000.0,,2.064,2258745000.0,,,2258745000.0,0.0,134539000.0,0.0,0.036,4.13,118690000.0,253229000.0,0.617,253229000.0,118690000.0,35934000.0,1.14,1.14,1.14,1149946000.0,1063057250.0,1149946000.0,5604753536.0,47.0,22.133,-310690000.0,-10.473,1.0,264408000.0,0.644,0.0,82756000.0,5955938000.0,5461264500.0,0.0,200150000.0,,,2373524000.0,,,3578624536.0,-6907000.0,0.0,256220000.0,326174000.0,-123629000.0,328431000.0,-510868000.0,-20234000.0,175530000.0,0.0,35934000.0,33764000.0,33764000.0,-1620000.0,14848000.0,0.082,158606000.0,105802000.0,53773000.0,3.623,3.112,105.989,100.193,3406539000.0,2170000.0,114.22,8.722,8.259,49444000.0,-313308000.0,410279000.0,410279000.0,0.0,0.01,0.032,0.022,0.289,3251000.0,23255000.0,1.0,31330980.0,29667064,29734383.0,13.829,3732887000.0,0.0,0.0,0.0,125.826,
11,ESS,MRY,2009-12-31,2009-12-31,2009-12-31,2021-08-02,-24206000.0,3254637000.0,3230138750.0,,,0.127,38.618,-192443000.0,37934000.0,37934000.0,138704000.0,53739000.0,,1.877,1847442000.0,,,1847442000.0,0.0,123342000.0,0.0,0.049,4.12,118304000.0,241646000.0,0.591,241646000.0,118304000.0,37108000.0,3.01,2.91,3.01,1053096000.0,970666750.0,1053096000.0,4193415019.0,35.0,17.354,-18856000.0,-0.691,1.0,270177000.0,0.661,0.0,81196000.0,5064145000.0,4992594000.0,0.0,205627000.0,,,1976747000.0,,,2435695019.0,-21249000.0,0.0,179183000.0,92507000.0,-117102000.0,24112000.0,-218958000.0,-76688000.0,173587000.0,0.0,37108000.0,82200000.0,82200000.0,-9457000.0,16631000.0,0.201,163262000.0,106915000.0,48841000.0,1.369,2.313,29.631,27.791,2938431000.0,-45092000.0,83.65,5.957,5.579,36305000.0,-222952000.0,408881000.0,408881000.0,0.0,0.025,0.085,0.024,0.289,3412000.0,28062000.0,1.0,29117693.0,27269547,29746614.0,14.994,3254637000.0,0.0,0.0,0.0,119.351,
12,ESS,MRY,2008-12-31,2008-12-31,2008-12-31,2021-08-02,-75424000.0,3164823000.0,3097333500.0,,,0.132,33.811,-299390000.0,54719000.0,54719000.0,132417000.0,84395000.0,,2.268,1754388000.0,,,1754388000.0,0.0,113294000.0,0.0,0.053,4.08,147203000.0,260497000.0,0.638,260497000.0,147203000.0,62140000.0,2.1,2.09,2.1,852227000.0,808205750.0,852227000.0,3740707280.0,25.0,14.36,-118149000.0,-4.687,1.0,276017000.0,0.676,0.0,85063000.0,4864492000.0,4792057500.0,0.0,100232000.0,,,1932913000.0,,,2056537280.0,31953000.0,0.0,133912000.0,165144000.0,-109490000.0,135735000.0,-285023000.0,-23196000.0,181241000.0,0.0,62140000.0,52899000.0,52899000.0,-3744000.0,22255000.0,0.13,138035000.0,137982000.0,56828000.0,1.943,2.413,38.877,36.548,2912035000.0,9241000.0,76.75,5.035,4.736,47637000.0,-141336000.0,408434000.0,408434000.0,0.0,0.017,0.065,0.031,0.36,3940000.0,27684000.0,1.0,26795274.0,25205367,25346520.0,16.204,3164823000.0,0.0,0.0,0.0,125.561,
13,ESS,MRY,2007-12-31,2007-12-31,2007-12-31,2021-08-02,-8988000.0,2980323000.0,2826132250.0,,,0.133,32.195,-556706000.0,22483000.0,22483000.0,121475000.0,203061000.0,,2.23,1657691000.0,,,1657691000.0,0.0,102250000.0,0.0,0.038,3.72,197996000.0,300246000.0,0.801,300246000.0,197996000.0,112100000.0,4.19,4.1,4.19,790318000.0,773233750.0,790318000.0,4059026577.0,21.0,13.519,-365829000.0,-14.903,1.0,253274000.0,0.676,0.0,85896000.0,4615531000.0,4358445000.0,0.0,66208000.0,,,1762133000.0,,,2455117577.0,294000.0,0.0,185349000.0,188014000.0,-97639000.0,187287000.0,-377870000.0,-39700000.0,190877000.0,0.0,112100000.0,102926000.0,102926000.0,-146324000.0,90961000.0,0.275,124071000.0,129203000.0,50114000.0,0.888,3.106,23.853,23.267,2809217000.0,9174000.0,97.49,6.551,6.386,50536000.0,-82805000.0,374749000.0,374749000.0,0.0,0.036,0.133,0.045,0.528,0.0,26673000.0,1.0,25183276.0,24548003,25100974.0,15.266,2980323000.0,0.0,0.0,0.0,121.408,
14,ESS,MRY,2006-12-31,2006-12-31,2006-12-31,2021-08-02,-2273000.0,2485840000.0,2392586000.0,,,0.14,26.524,-322224000.0,23610000.0,23610000.0,110578000.0,62748000.0,,2.436,1411554000.0,,,1411554000.0,0.0,83036000.0,0.0,0.026,3.36,135545000.0,218581000.0,0.654,218581000.0,135545000.0,63273000.0,2.5,2.45,2.5,612209000.0,595744250.0,612209000.0,4375449476.0,32.0,20.018,-162289000.0,-7.031,1.0,223524000.0,0.669,0.0,72272000.0,3873784000.0,3774376250.0,0.0,57527000.0,,,1491598000.0,,,3018260476.0,-4675000.0,0.0,52560000.0,57263000.0,-80446000.0,148266000.0,-312876000.0,-33115000.0,159935000.0,0.0,62748000.0,57603000.0,57603000.0,-30010000.0,0.0,0.172,101134000.0,122390000.0,38613000.0,1.344,4.93,52.398,51.7,2353013000.0,5145000.0,129.25,9.034,8.929,18195000.0,-97457000.0,334102000.0,334102000.0,0.0,0.024,0.097,0.036,0.406,0.0,22234000.0,1.0,23352112.0,23081682,23551042.0,14.475,2485840000.0,0.0,525000.0,0.0,107.698,
15,ESS,MRY,2005-12-31,2005-12-31,2005-12-31,2021-08-02,660000.0,2239290000.0,2240739750.0,,,0.14,25.217,-153096000.0,28274000.0,28274000.0,104479000.0,79716000.0,,2.453,1354918000.0,,,1354918000.0,0.0,80075000.0,0.0,0.035,3.24,153038000.0,233113000.0,0.742,233113000.0,153038000.0,82254000.0,3.38,3.32,3.38,580967000.0,607646500.0,580967000.0,3387022957.0,22.0,14.53,-28487000.0,-1.236,1.0,209707000.0,0.667,0.0,70784000.0,3565934000.0,3531347500.0,0.0,28401000.0,,,1425109000.0,,,2107175957.0,3693000.0,0.0,-20511000.0,40733000.0,-76263000.0,-90073000.0,-30843000.0,46350000.0,124609000.0,0.0,79716000.0,77763000.0,77763000.0,-32343000.0,0.0,0.248,99824000.0,109883000.0,32982000.0,0.959,3.627,27.097,27.278,2139483000.0,1953000.0,92.2,6.707,6.761,5215000.0,-77341000.0,314186000.0,314186000.0,0.0,0.035,0.128,0.043,0.487,0.0,19148000.0,1.0,22854403.0,23038561,23388503.0,13.637,2239290000.0,0.0,2538000.0,0.0,97.197,
16,ESS,MRY,2004-12-31,2004-12-31,2004-12-31,2021-08-02,0.0,2217217000.0,2152360500.0,,,0.138,25.796,-144956000.0,31899000.0,31899000.0,96701000.0,79693000.0,,2.344,1316984000.0,,,1316984000.0,0.0,72923000.0,0.0,0.038,3.16,140659000.0,213582000.0,0.718,213582000.0,140659000.0,79950000.0,3.39,3.36,3.39,591277000.0,574702750.0,591277000.0,3150512949.0,22.0,14.751,-23256000.0,-1.015,1.0,200615000.0,0.675,0.0,60709000.0,3502302000.0,3369827750.0,0.0,51147000.0,,,1385810000.0,,,1923155949.0,-4124000.0,0.0,5483000.0,160511000.0,-72719000.0,-803000.0,-125021000.0,-1114000.0,121700000.0,0.0,79693000.0,77741000.0,77741000.0,-4918000.0,0.0,0.261,86651000.0,113964000.0,29997000.0,0.932,3.253,24.738,24.72,2094307000.0,1952000.0,83.8,6.468,6.46,9535000.0,-80469000.0,297316000.0,297316000.0,0.0,0.036,0.135,0.042,0.473,0.0,18042000.0,1.0,22949355.0,22921225,23156301.0,12.971,2217217000.0,0.0,257000.0,0.0,96.732,
17,ESS,MRY,2003-12-31,2003-12-31,2003-12-31,2021-08-02,0.0,1916811000.0,1710761500.0,,,0.149,27.082,-118163000.0,25943000.0,25943000.0,80737000.0,35090000.0,,1.793,989045000.0,,,989045000.0,0.0,57587000.0,0.0,0.049,3.12,87500000.0,145087000.0,0.569,145087000.0,87500000.0,35090000.0,1.58,1.57,1.58,581399000.0,515104000.0,581399000.0,2270310589.0,26.0,15.648,-10207000.0,-0.475,1.0,174096000.0,0.683,0.0,52410000.0,2879913000.0,2553588000.0,0.0,85305000.0,,,1042269000.0,,,1463486589.0,2692000.0,0.0,103937000.0,35009000.0,-63166000.0,40800000.0,-146064000.0,-31625000.0,107956000.0,0.0,35090000.0,33934000.0,33934000.0,-2640000.0,0.0,0.133,66284000.0,107812000.0,20834000.0,1.975,2.517,43.127,40.646,1773542000.0,1156000.0,64.22,5.743,5.41,6021000.0,-86246000.0,254833000.0,254833000.0,0.0,0.02,0.066,0.034,0.343,0.0,9637000.0,1.0,22788642.0,21468013,21678866.0,11.87,1916811000.0,0.0,0.0,0.0,89.287,
18,ESS,MRY,2002-12-31,2002-12-31,2002-12-31,2021-08-02,0.0,1619734000.0,1420806250.0,,,0.149,26.514,-81129000.0,17827000.0,17827000.0,39320000.0,48640000.0,,1.762,804063000.0,,,804063000.0,0.0,44100000.0,0.0,0.061,3.08,91826000.0,135926000.0,0.644,135926000.0,91826000.0,48640000.0,2.62,2.6,2.62,491314000.0,409583500.0,491314000.0,1599808478.0,17.0,11.77,13939000.0,0.752,1.0,171763000.0,0.814,0.0,43186000.0,2405970000.0,2100955250.0,0.0,85293000.0,,,865890000.0,,,928585478.0,116000.0,0.0,3376000.0,112380000.0,-55603000.0,6778000.0,-101730000.0,-28224000.0,95068000.0,0.0,48640000.0,48640000.0,48640000.0,-8357000.0,0.0,0.23,77904000.0,93859000.0,35791000.0,1.176,1.89,19.091,19.408,1467891000.0,0.0,50.85,4.399,4.464,31318000.0,-43813000.0,211083000.0,211083000.0,0.0,0.034,0.119,0.044,0.435,0.0,8636000.0,1.0,18261268.0,18530424,18725653.0,11.391,1619734000.0,0.0,0.0,0.0,87.409,
19,ESS,MRY,2001-12-31,2001-12-31,2001-12-31,2021-08-02,0.0,1329458000.0,1335353000.0,,,0.152,20.685,-72133000.0,23603000.0,23603000.0,33213000.0,48545000.0,,1.811,638660000.0,,,638660000.0,0.0,36295000.0,0.0,0.057,2.8,87291000.0,123586000.0,0.607,123586000.0,87291000.0,48545000.0,2.63,2.59,2.63,381674000.0,388862500.0,381674000.0,1552956316.0,18.0,12.566,23734000.0,1.286,1.0,170326000.0,0.837,0.0,38746000.0,1944515000.0,1946302000.0,0.0,151474000.0,,,691379000.0,,,909850316.0,-160000.0,21005000.0,256000.0,36981000.0,-49987000.0,-35223000.0,-60804000.0,-11478000.0,95867000.0,0.0,48545000.0,48545000.0,48545000.0,-633000.0,0.0,0.239,62477000.0,107849000.0,29577000.0,1.065,2.384,18.742,18.787,1112187000.0,0.0,49.41,4.47,4.479,29771000.0,-39920000.0,203539000.0,203539000.0,0.0,0.036,0.125,0.045,0.429,0.0,7498000.0,1.0,18414295.0,18451935,18768216.0,11.031,1329458000.0,0.0,0.0,0.0,72.05,
20,ESS,MRY,2000-12-31,2000-12-31,2000-12-31,2021-08-02,0.0,1281849000.0,1180065500.0,,,0.15,21.481,-87374000.0,25565000.0,25565000.0,29386000.0,44353000.0,,1.665,595535000.0,,,595535000.0,0.0,30765000.0,0.0,0.043,2.364,74397000.0,105162000.0,0.595,105162000.0,74397000.0,44353000.0,2.42,2.37,2.42,391675000.0,391500500.0,391675000.0,1541908583.0,21.0,14.662,5925000.0,0.325,1.0,147470000.0,0.834,0.0,30044000.0,1851819000.0,1648817500.0,0.0,142784000.0,,,652044000.0,,,1021372583.0,-5748000.0,0.0,2789000.0,148190000.0,-42424000.0,83688000.0,-182735000.0,-93612000.0,93299000.0,0.0,44353000.0,44107000.0,44107000.0,-558000.0,0.0,0.249,53209000.0,94261000.0,30430000.0,0.977,2.608,23.157,22.624,1075140000.0,246000.0,54.75,5.775,5.645,24062000.0,-36760000.0,176856000.0,176856000.0,0.0,0.037,0.113,0.045,0.421,0.0,6062000.0,1.0,18655207.0,18233752,18657636.0,9.699,1281849000.0,0.0,0.0,0.0,70.301,
21,ESS,MRY,1999-12-31,1999-12-31,1999-12-31,2021-08-02,0.0,1062313000.0,1041018750.0,,,0.14,22.127,-99492000.0,29564000.0,29564000.0,28025000.0,43564000.0,,1.125,384108000.0,,,384108000.0,0.0,26150000.0,0.0,0.063,2.15,64832000.0,90982000.0,0.623,90982000.0,64832000.0,43564000.0,2.41,2.36,2.41,387693000.0,385483250.0,387693000.0,1029367934.0,16.0,11.314,-15926000.0,-0.909,1.0,118020000.0,0.808,0.0,21268000.0,1416857000.0,1430873750.0,0.0,61646000.0,,,436331000.0,,,613864934.0,9800000.0,-30025000.0,-1170000.0,11379000.0,-38634000.0,47015000.0,-120781000.0,10420000.0,83566000.0,0.0,43564000.0,42231000.0,42231000.0,0.0,0.0,0.289,44094000.0,73926000.0,28379000.0,0.892,1.583,14.536,14.108,952885000.0,1333000.0,34.0,4.203,4.079,9001000.0,-37399000.0,146045000.0,146045000.0,0.0,0.041,0.11,0.045,0.444,0.0,4263000.0,1.0,18054851.0,17521185,18491242.0,8.335,1062313000.0,0.0,0.0,0.0,60.63,
22,ESS,MRY,1998-12-31,1998-12-31,1998-12-31,2021-08-02,0.0,931796000.0,900340000.0,,,0.139,23.438,-169921000.0,18080000.0,18080000.0,25890000.0,26328000.0,,1.056,361515000.0,,,361515000.0,0.0,21948000.0,0.0,0.066,1.95,45702000.0,67650000.0,0.54,67650000.0,45702000.0,26328000.0,1.37,1.36,1.37,389800000.0,395061000.0,389800000.0,837168351.0,18.0,12.375,-110887000.0,-6.668,1.0,99369000.0,0.793,0.0,19374000.0,1275231000.0,1225022000.0,0.0,21040000.0,,,411564000.0,,,494936351.0,-1734000.0,1255000.0,474000.0,66475000.0,-35074000.0,119133000.0,-179901000.0,-1186000.0,59034000.0,0.0,26328000.0,22828000.0,22828000.0,0.0,0.0,0.182,38686000.0,60683000.0,28601000.0,1.423,1.27,21.681,21.715,865388000.0,3500000.0,29.75,3.951,3.95,18809000.0,-41481000.0,125259000.0,125259000.0,0.0,0.025,0.058,0.037,0.365,0.0,3765000.0,1.0,16636516.0,16630954,16808943.0,7.532,931796000.0,0.0,0.0,0.0,56.028,
23,ESS,MRY,1997-12-31,1997-12-31,1997-12-31,2021-08-02,0.0,738835000.0,578004500.0,,,0.146,29.235,-259838000.0,10375000.0,10375000.0,18228000.0,29316000.0,,0.78,276597000.0,,,276597000.0,0.0,13992000.0,0.0,0.051,1.77,41975000.0,55967000.0,0.662,55967000.0,41975000.0,29316000.0,1.96,1.92,1.96,398915000.0,310861000.0,398915000.0,,,,-212940000.0,-15.606,1.0,66341000.0,0.784,0.0,12659000.0,1005057000.0,764268500.0,0.0,18799000.0,,,311331000.0,,,581889350.0,-38423000.0,620000.0,174698000.0,40351000.0,-25046000.0,184630000.0,-269951000.0,-28761000.0,46898000.0,0.0,29316000.0,26635000.0,26635000.0,0.0,0.0,0.315,24141000.0,42200000.0,21337000.0,0.903,1.459,21.847,17.857,693181000.0,2681000.0,35.0,6.881,5.647,8602000.0,-31892000.0,84569000.0,84569000.0,0.0,0.046,0.086,0.055,0.496,0.0,2413000.0,1.0,16625410.0,13644906,15285288.0,6.198,738835000.0,0.0,0.0,0.0,54.147,
24,ESS,MRY,1996-12-31,1996-12-31,1996-12-31,2021-08-02,0.0,417174000.0,,,,,30.592,-101429000.0,46899000.0,46899000.0,11306000.0,8881000.0,,0.759,153205000.0,,,153205000.0,0.0,8855000.0,0.0,0.059,1.72,20323000.0,29178000.0,0.576,29178000.0,20323000.0,8881000.0,1.13,1.12,1.13,222807000.0,,222807000.0,,,,-81294000.0,-11.162,1.0,39387000.0,0.777,0.0,11442000.0,523480000.0,,0.0,10899000.0,,,169086000.0,,,,38722000.0,665000.0,144037000.0,-19052000.0,-12009000.0,107777000.0,-89190000.0,2418000.0,20135000.0,0.0,8881000.0,8246000.0,8246000.0,0.0,0.0,0.163,12336000.0,27051000.0,7346000.0,1.522,,,26.0,346178000.0,635000.0,29.38,,4.221,5293000.0,-33301000.0,50693000.0,50693000.0,0.0,,,,0.401,0.0,1717000.0,1.0,,7283124,7347528.0,6.96,417174000.0,0.0,0.0,0.0,57.28,
25,ESS,MRY,1995-12-31,1995-12-31,1995-12-31,2021-08-02,,,,,,,,-9516000.0,,,10156000.0,10604000.0,,,,,,,,8007000.0,,0.088,1.685,21532000.0,29539000.0,0.672,29539000.0,21532000.0,10604000.0,1.69,1.69,1.69,,,,,,,7079000.0,1.128,1.0,33784000.0,0.769,,10928000.0,,,,,,,,,,,1572000.0,-7426000.0,0.0,4505000.0,-10513000.0,-10061000.0,-4962000.0,-167000.0,16595000.0,0.0,10604000.0,10604000.0,10604000.0,0.0,0.0,0.241,7257000.0,26527000.0,,0.997,,,11.391,,0.0,19.25,,2.749,,,43940000.0,43940000.0,0.0,,,,0.49,0.0,1527000.0,1.0,,6275000,6275000.0,7.002,,,0.0,,,
0,ESS,MRQ,2021-06-30,2021-06-30,2021-06-30,2021-08-02,-9768000.0,12747199000.0,,,,,91.589,-75257000.0,58176000.0,58176000.0,116598000.0,69615000.0,,1.104,6202511000.0,,,6202511000.0,0.0,128736000.0,0.0,0.028,2.09,115817000.0,244553000.0,0.697,244553000.0,115817000.0,64846000.0,1.0,1.0,1.0,5953455000.0,,5953455000.0,25556872989.0,41.0,22.537,157548000.0,2.424,1.0,234380000.0,0.668,0.0,50971000.0,18891534000.0,,0.0,1451907000.0,,,6575470000.0,,,19500322989.0,-55184000.0,0.0,490000.0,16022000.0,-135873000.0,-135485000.0,-152504000.0,-76283000.0,232805000.0,0.0,64846000.0,64846000.0,64846000.0,0.0,4769000.0,0.185,140999000.0,93381000.0,192081000.0,2.09,3.275,48.424,48.467,11183632000.0,0.0,300.01,13.551,13.552,0.0,-899663000.0,350978000.0,350978000.0,0.0,,,,,2390000.0,12222000.0,1.0,64998910.0,65001677,65080746.0,5.4,12747199000.0,0.0,0.0,0.0,196.106,
1,ESS,MRQ,2021-03-31,2021-03-31,2021-03-31,2021-08-02,-10390000.0,12790204000.0,,,,,92.71,-46826000.0,113360000.0,113360000.0,119426000.0,176949000.0,,1.086,6169910000.0,,,6169910000.0,0.0,128587000.0,0.0,0.031,2.09,220093000.0,348680000.0,0.982,348680000.0,220093000.0,168444000.0,2.59,2.59,2.59,6025176000.0,,6025176000.0,23909636696.0,37.0,20.577,148440000.0,2.284,1.0,235699000.0,0.664,0.0,51649000.0,18846754000.0,,0.0,1394786000.0,,,6542951000.0,,,17668105696.0,29319000.0,0.0,-7471000.0,-155586000.0,-135064000.0,-312816000.0,146869000.0,-49783000.0,195266000.0,0.0,168444000.0,168444000.0,168444000.0,0.0,8505000.0,0.474,138414000.0,97285000.0,193525000.0,0.807,2.932,41.837,41.951,11194614000.0,0.0,271.84,12.114,12.113,0.0,-828625000.0,355125000.0,355125000.0,0.0,,,,,-4059000.0,9812000.0,1.0,64994503.0,64989620,65114933.0,5.464,12790204000.0,0.0,0.0,0.0,196.804,
2,ESS,MRQ,2020-12-31,2020-12-31,2020-12-31,2021-08-02,-14729000.0,12936177000.0,,,,,92.129,-52778000.0,84041000.0,84041000.0,119275000.0,101649000.0,,1.12,6325572000.0,,,6325572000.0,0.0,130127000.0,0.0,0.035,2.078,151354000.0,281481000.0,0.777,281481000.0,151354000.0,95745000.0,1.47,1.48,1.47,6000410000.0,,6000410000.0,21596834830.0,27.0,16.423,96893000.0,1.488,1.0,242798000.0,0.671,0.0,55609000.0,19177708000.0,,0.0,1360882000.0,,,6720746000.0,,,15480881830.0,-485034000.0,0.0,-46393000.0,-329152000.0,-135535000.0,-519793000.0,-114912000.0,-121164000.0,149671000.0,0.0,95745000.0,95745000.0,95745000.0,0.0,5904000.0,0.264,91616000.0,151182000.0,184272000.0,1.414,2.58,27.213,27.321,11443914000.0,0.0,237.42,10.35,10.39,0.0,-861193000.0,362073000.0,362073000.0,0.0,,,,,8898000.0,23144000.0,1.0,65204624.0,65130768,65231649.0,5.559,12936177000.0,0.0,0.0,0.0,198.619,
3,ESS,MRQ,2020-09-30,2020-09-30,2020-09-30,2021-08-02,-16800000.0,13401042000.0,,,,,93.251,-69414000.0,569075000.0,569075000.0,121014000.0,78842000.0,,1.168,6685028000.0,,,6685028000.0,0.0,130202000.0,0.0,0.041,2.078,129091000.0,259293000.0,0.699,259293000.0,129091000.0,73661000.0,1.13,1.13,1.13,6082997000.0,,6082997000.0,19232068057.0,23.0,14.353,157913000.0,2.421,1.0,249797000.0,0.674,0.0,55430000.0,19516995000.0,,0.0,1228638000.0,,,7102841000.0,,,13093505057.0,312600000.0,0.0,-26681000.0,277286000.0,-135726000.0,99458000.0,-14185000.0,5874000.0,227327000.0,0.0,73661000.0,73661000.0,73661000.0,0.0,5181000.0,0.199,143514000.0,106283000.0,235812000.0,1.839,2.152,21.752,21.968,11556645000.0,0.0,200.79,8.677,8.68,0.0,-821841000.0,370811000.0,370811000.0,0.0,,,,,880000.0,13310000.0,1.0,65209946.0,65232837,65241428.0,5.684,13401042000.0,0.0,0.0,0.0,205.434,
4,ESS,MRQ,2020-06-30,2020-06-30,2020-06-30,2021-08-02,-18710000.0,13177411000.0,,,,,94.265,-66645000.0,256475000.0,256475000.0,118782000.0,90076000.0,,1.101,6395038000.0,,,6395038000.0,0.0,133609000.0,0.0,0.035,2.078,138905000.0,272514000.0,0.736,272514000.0,138905000.0,84458000.0,1.29,1.29,1.29,6166074000.0,,6166074000.0,21281405245.0,25.0,15.698,92539000.0,1.415,1.0,251715000.0,0.679,0.0,54447000.0,19315974000.0,,0.0,1207939000.0,,,6791289000.0,,,14991695245.0,-25872000.0,0.0,-19620000.0,-176717000.0,-135958000.0,-342890000.0,157834000.0,-6567000.0,159184000.0,0.0,84458000.0,84458000.0,84458000.0,0.0,5618000.0,0.228,148576000.0,103139000.0,213149000.0,1.611,2.431,23.887,24.072,11660103000.0,0.0,229.17,9.96,9.959,0.0,-760028000.0,370497000.0,370497000.0,0.0,,,,,2638000.0,14952000.0,1.0,65417355.0,65412407,65427935.0,5.664,13177411000.0,0.0,0.0,0.0,201.451,
5,ESS,MRQ,2020-03-31,2020-03-31,2020-03-31,2021-08-02,-22668000.0,13450841000.0,,,,,94.304,-519430000.0,282347000.0,282347000.0,115902000.0,328765000.0,,1.124,6572057000.0,,,6572057000.0,0.0,131559000.0,0.0,0.036,2.078,370153000.0,501712000.0,1.279,501712000.0,370153000.0,315006000.0,4.77,4.76,4.77,6228165000.0,,6228165000.0,20378257899.0,24.0,15.106,-252504000.0,-3.823,1.0,276465000.0,0.705,0.0,55147000.0,19740551000.0,,0.0,1180143000.0,,,7000249000.0,,,14573738899.0,201253000.0,0.0,-162052000.0,690577000.0,-128879000.0,379964000.0,-445637000.0,73240000.0,266926000.0,0.0,315006000.0,315006000.0,315006000.0,0.0,13759000.0,0.803,145628000.0,130837000.0,244102000.0,0.436,2.34,22.935,22.87,11938411000.0,0.0,220.24,9.74,9.721,0.0,-708697000.0,392367000.0,392367000.0,0.0,,,,,-4259000.0,13982000.0,1.0,66172080.0,66043831,66195415.0,5.941,13450841000.0,0.0,0.0,0.0,203.665,
6,ESS,MRQ,2019-12-31,2019-12-31,2019-12-31,2021-08-02,-13888000.0,12705405000.0,,,,,94.123,-115686000.0,81094000.0,81094000.0,109740000.0,135182000.0,,1.007,5885613000.0,,,5885613000.0,0.0,122908000.0,0.0,0.026,1.95,183506000.0,306414000.0,0.816,306414000.0,183506000.0,128818000.0,1.95,1.95,1.95,6220427000.0,,6220427000.0,25915235821.0,39.0,22.725,96466000.0,1.46,1.0,265625000.0,0.708,0.0,54688000.0,18509924000.0,,0.0,1613897000.0,,,6264491000.0,,,19881325821.0,-10632000.0,0.0,1035000.0,-239748000.0,-128896000.0,-399346000.0,176562000.0,269219000.0,212152000.0,0.0,128818000.0,128818000.0,128818000.0,0.0,6364000.0,0.343,148807000.0,116818000.0,206929000.0,1.0,3.196,45.258,45.106,10969479000.0,0.0,300.86,13.616,13.566,0.0,-887619000.0,375365000.0,375365000.0,0.0,,,,,3777000.0,15531000.0,1.0,66081652.0,66087946,66184840.0,5.68,12705405000.0,0.0,0.0,0.0,192.25,
7,ESS,MRQ,2019-09-30,2019-09-30,2019-09-30,2021-08-02,-19028000.0,12997892000.0,,,,,94.534,-141933000.0,91726000.0,91726000.0,110726000.0,105700000.0,,1.051,6125636000.0,,,6125636000.0,0.0,120809000.0,0.0,0.024,1.95,154231000.0,275040000.0,0.75,275040000.0,154231000.0,99335000.0,1.51,1.51,1.51,6225100000.0,,6225100000.0,27334494483.0,42.0,24.264,135161000.0,2.053,1.0,256206000.0,0.698,0.0,54896000.0,19031802000.0,,0.0,1630755000.0,,,6543811000.0,,,21469988483.0,36755000.0,0.0,100310000.0,170310000.0,-128172000.0,132447000.0,-372786000.0,-231827000.0,277094000.0,0.0,99335000.0,99335000.0,99335000.0,0.0,6365000.0,0.271,132167000.0,124039000.0,246555000.0,1.291,3.449,50.13,50.177,11017334000.0,0.0,326.65,14.931,14.959,216541000.0,-887521000.0,366932000.0,366932000.0,0.0,,,,,1427000.0,11345000.0,1.0,65727808.0,65850524,65973085.0,5.572,12997892000.0,0.0,0.0,0.0,197.385,
8,ESS,MRQ,2019-06-30,2019-06-30,2019-06-30,2021-08-02,-18992000.0,12671145000.0,,,,,93.655,-90902000.0,54971000.0,54971000.0,103659000.0,98061000.0,,1.022,5919477000.0,,,5919477000.0,0.0,119465000.0,0.0,0.026,1.95,146387000.0,265852000.0,0.735,265852000.0,146387000.0,92275000.0,1.4,1.4,1.4,6154907000.0,,6154907000.0,24875317442.0,40.0,22.44,83172000.0,1.266,1.0,257976000.0,0.713,0.0,54112000.0,18535651000.0,,0.0,1539515000.0,,,6289199000.0,,,19184632442.0,-69155000.0,0.0,1982000.0,4447000.0,-128161000.0,-131010000.0,-112219000.0,-22679000.0,174074000.0,0.0,92275000.0,92275000.0,92275000.0,0.0,5786000.0,0.255,133416000.0,124560000.0,199908000.0,1.393,3.117,46.8,46.859,10956710000.0,0.0,291.93,13.492,13.492,74416000.0,-857994000.0,361635000.0,361635000.0,0.0,,,,,-262000.0,13927000.0,1.0,65716550.0,65718806,65821815.0,5.503,12671145000.0,0.0,0.0,0.0,192.809,
9,ESS,MRQ,2019-03-31,2019-03-31,2019-03-31,2021-08-02,-14817000.0,12578001000.0,,,,,94.231,-115522000.0,124126000.0,124126000.0,106469000.0,125505000.0,,1.005,5814811000.0,,,5814811000.0,0.0,120568000.0,0.0,0.026,1.95,172501000.0,293069000.0,0.823,293069000.0,172501000.0,118858000.0,1.81,1.81,1.81,6191257000.0,,6191257000.0,24455332029.0,38.0,21.86,140237000.0,2.134,1.0,249754000.0,0.701,0.0,53643000.0,18268686000.0,,0.0,1518591000.0,,,6223637000.0,,,19000785029.0,-27269000.0,0.0,-50310000.0,137259000.0,-122525000.0,-63780000.0,-219248000.0,-105314000.0,255759000.0,0.0,118858000.0,118858000.0,118858000.0,0.0,6647000.0,0.334,134059000.0,115695000.0,240658000.0,1.077,3.069,45.446,45.55,10817247000.0,0.0,289.24,13.485,13.487,71154000.0,-822087000.0,356223000.0,356223000.0,0.0,,,,,2068000.0,13459000.0,1.0,65692107.0,65702788,65783869.0,5.422,12578001000.0,0.0,0.0,0.0,191.438,
10,ESS,MRQ,2018-12-31,2018-12-31,2018-12-31,2021-08-02,-13217000.0,12383596000.0,,,,,94.927,-103547000.0,151395000.0,151395000.0,106199000.0,124440000.0,,0.95,5605942000.0,,,5605942000.0,0.0,120597000.0,0.0,0.03,1.86,171977000.0,292574000.0,0.828,292574000.0,171977000.0,117820000.0,1.79,1.78,1.79,6267073000.0,,6267073000.0,21658868435.0,35.0,19.861,41870000.0,0.634,1.0,246959000.0,0.699,0.0,54157000.0,17838143000.0,,0.0,1509685000.0,,,5954277000.0,,,16199822435.0,-23231000.0,0.0,-44433000.0,-68081000.0,-122872000.0,-244579000.0,75931000.0,-40940000.0,145417000.0,0.0,117820000.0,117820000.0,117820000.0,0.0,6620000.0,0.334,75686000.0,171273000.0,186431000.0,1.039,2.585,41.522,41.491,10611182000.0,0.0,245.21,11.571,11.567,71895000.0,-812796000.0,353158000.0,353158000.0,0.0,,,,,-74000.0,16912000.0,1.0,66065097.0,66020262,66061344.0,5.349,12383596000.0,0.0,0.0,0.0,187.573,
11,ESS,MRQ,2018-09-30,2018-09-30,2018-09-30,2021-08-02,-8548000.0,12518143000.0,,,,,95.636,-101000000.0,174626000.0,174626000.0,105536000.0,86110000.0,,0.957,5633672000.0,,,5633672000.0,0.0,120852000.0,0.0,0.03,1.86,136171000.0,257023000.0,0.732,257023000.0,136171000.0,80975000.0,1.23,1.22,1.23,6316961000.0,,6316961000.0,21808737418.0,36.0,20.285,156616000.0,2.371,1.0,245381000.0,0.699,0.0,55196000.0,17977189000.0,,0.0,1478189000.0,,,6045450000.0,,,16295220418.0,-2950000.0,0.0,757000.0,-54158000.0,-122856000.0,-183750000.0,-76816000.0,23883000.0,257616000.0,0.0,80975000.0,80975000.0,80975000.0,0.0,5135000.0,0.231,131484000.0,113897000.0,249331000.0,1.512,2.58,43.345,43.282,10745238000.0,0.0,246.71,11.707,11.707,69166000.0,-808085000.0,350917000.0,350917000.0,0.0,,,,,1303000.0,10601000.0,1.0,66050101.0,66052108,66103812.0,5.313,12518143000.0,0.0,0.0,0.0,189.519,
12,ESS,MRQ,2018-06-30,2018-06-30,2018-06-30,2021-08-02,-11438000.0,12555654000.0,,,,,96.206,-76304000.0,177576000.0,177576000.0,101928000.0,106410000.0,,0.951,5691093000.0,,,5691093000.0,0.0,119330000.0,0.0,0.03,1.86,156718000.0,276048000.0,0.792,276048000.0,156718000.0,100440000.0,1.52,1.52,1.52,6354185000.0,,6354185000.0,21369558707.0,36.0,19.949,78859000.0,1.194,1.0,246795000.0,0.708,0.0,56278000.0,18069171000.0,,0.0,1498511000.0,,,6044714000.0,,,15789666707.0,38498000.0,0.0,356000.0,-24411000.0,-122851000.0,-156646000.0,39981000.0,-10602000.0,155163000.0,0.0,100440000.0,100440000.0,100440000.0,0.0,5970000.0,0.288,130523000.0,116272000.0,191117000.0,1.224,2.485,42.14,42.09,10754843000.0,0.0,239.07,11.397,11.397,68386000.0,-766193000.0,348723000.0,348723000.0,0.0,,,,,3816000.0,11125000.0,1.0,66046207.0,66047751,66096349.0,5.28,12555654000.0,0.0,0.0,0.0,190.1,
13,ESS,MRQ,2018-03-31,2018-03-31,2018-03-31,2021-08-02,-14709000.0,12642667000.0,,,,,96.432,-71916000.0,139078000.0,139078000.0,102733000.0,96639000.0,,0.959,5718970000.0,,,5718970000.0,0.0,119105000.0,0.0,0.03,1.86,145779000.0,264884000.0,0.763,264884000.0,145779000.0,90918000.0,1.38,1.38,1.38,6368773000.0,,6368773000.0,21522580126.0,38.0,20.682,196442000.0,2.974,1.0,244522000.0,0.704,0.0,54861000.0,18222559000.0,,0.0,1488702000.0,,,6109349000.0,,,15894580126.0,77952000.0,0.0,-2619000.0,36025000.0,-115603000.0,-91417000.0,-98989000.0,-28048000.0,268358000.0,0.0,90918000.0,90918000.0,90918000.0,0.0,5721000.0,0.262,133975000.0,110547000.0,227864000.0,1.348,2.496,46.07,45.931,10884315000.0,0.0,240.68,11.553,11.554,70525000.0,-743773000.0,347255000.0,347255000.0,0.0,,,,,2090000.0,14813000.0,1.0,66040303.0,66044022,66082517.0,5.258,12642667000.0,0.0,0.0,0.0,191.428,
14,ESS,MRQ,2017-12-31,2017-12-31,2017-12-31,2021-08-02,-18446000.0,12495706000.0,,,,,95.057,-94326000.0,61126000.0,61126000.0,103627000.0,109662000.0,,0.965,5689126000.0,,,5689126000.0,0.0,117988000.0,0.0,0.029,1.75,159174000.0,277162000.0,0.803,277162000.0,159174000.0,103613000.0,1.57,1.57,1.57,6277406000.0,,6277406000.0,21491306690.0,33.0,19.106,51714000.0,0.783,1.0,241437000.0,0.7,0.0,55561000.0,18123706000.0,,0.0,1345988000.0,,,6059675000.0,,,15939357690.0,-2147000.0,0.0,11234000.0,73641000.0,-115515000.0,-65539000.0,-82648000.0,13435000.0,146040000.0,0.0,103613000.0,103613000.0,103613000.0,0.0,6049000.0,0.3,102639000.0,138798000.0,179271000.0,1.115,2.539,36.806,36.682,10948511000.0,0.0,241.37,11.687,11.65,100926000.0,-833726000.0,345064000.0,345064000.0,0.0,,,,,4076000.0,10659000.0,1.0,66037029.0,66038270,66082125.0,5.225,12495706000.0,0.0,0.0,0.0,189.219,
15,ESS,MRQ,2017-09-30,2017-09-30,2017-09-30,2021-08-02,-24632000.0,12512523000.0,,,,,94.939,-91094000.0,63273000.0,63273000.0,104137000.0,85035000.0,,0.972,5615222000.0,,,5615222000.0,0.0,117451000.0,0.0,0.027,1.75,135661000.0,253112000.0,0.735,253112000.0,135661000.0,79723000.0,1.21,1.21,1.21,6265508000.0,,6265508000.0,22226890620.0,30.0,18.369,159949000.0,2.424,1.0,240232000.0,0.698,0.0,55938000.0,18064472000.0,,0.0,1309151000.0,,,6088585000.0,,,16763371620.0,-136603000.0,0.0,1850000.0,-44778000.0,-115492000.0,-165993000.0,-221653000.0,-133708000.0,251043000.0,0.0,79723000.0,79723000.0,79723000.0,0.0,5312000.0,0.232,127563000.0,112669000.0,281889000.0,1.446,2.676,31.929,31.714,10967089000.0,0.0,254.03,12.437,12.438,121557000.0,-821732000.0,344369000.0,344369000.0,0.0,,,,,1533000.0,9788000.0,1.0,65989732.0,65994896,66078283.0,5.218,12512523000.0,0.0,0.0,0.0,189.598,
16,ESS,MRQ,2017-06-30,2017-06-30,2017-06-30,2021-08-02,-28341000.0,12524951000.0,,,,,96.103,-59748000.0,199876000.0,199876000.0,98265000.0,75795000.0,,0.956,5663395000.0,,,5663395000.0,0.0,117939000.0,0.0,0.026,1.75,127571000.0,245510000.0,0.724,245510000.0,127571000.0,70759000.0,1.08,1.08,1.08,6316773000.0,,6316773000.0,22378881945.0,30.0,18.812,89470000.0,1.361,1.0,240797000.0,0.71,0.0,56812000.0,17988470000.0,,0.0,1233079000.0,,,6041843000.0,,,16876626945.0,99624000.0,0.0,96877000.0,67115000.0,-114761000.0,34146000.0,-83740000.0,-23947000.0,149218000.0,0.0,70759000.0,70759000.0,70759000.0,0.0,5036000.0,0.209,128550000.0,112247000.0,186984000.0,1.62,2.672,33.036,32.983,10987356000.0,0.0,257.27,12.664,12.689,54660000.0,-785939000.0,339062000.0,339062000.0,0.0,,,,,2108000.0,10337000.0,1.0,65598892.0,65729074,65819694.0,5.158,12524951000.0,0.0,0.0,0.0,190.554,
17,ESS,MRQ,2017-03-31,2017-03-31,2017-03-31,2021-08-02,-29959000.0,12447427000.0,,,,,95.562,-241499000.0,100252000.0,100252000.0,99513000.0,187551000.0,,0.96,5602507000.0,,,5602507000.0,0.0,115503000.0,0.0,0.028,1.75,233547000.0,349050000.0,1.041,349050000.0,233547000.0,178964000.0,2.73,2.72,2.73,6264021000.0,,6264021000.0,20569626789.0,28.0,17.412,-18193000.0,-0.278,1.0,235891000.0,0.703,0.0,54583000.0,17949682000.0,,0.0,1210235000.0,,,6013009000.0,,,15176668789.0,-70050000.0,0.0,5729000.0,-6787000.0,-104857000.0,-113457000.0,-179899000.0,-70577000.0,223306000.0,0.0,178964000.0,178964000.0,178964000.0,0.0,8587000.0,0.534,126660000.0,109231000.0,220368000.0,0.641,2.423,29.636,29.607,11032369000.0,0.0,231.53,11.539,11.539,50855000.0,-741204000.0,335404000.0,335404000.0,0.0,,,,,1253000.0,10601000.0,1.0,65549470.0,65549484,65859490.0,5.117,12447427000.0,0.0,0.0,0.0,189.894,
18,ESS,MRQ,2016-12-31,2016-12-31,2016-12-31,2021-08-02,-32098000.0,12217408000.0,,,,,94.507,-253580000.0,170302000.0,170302000.0,98997000.0,204517000.0,,0.95,5563260000.0,,,5563260000.0,0.0,111835000.0,0.0,0.028,1.6,250496000.0,362331000.0,1.101,362331000.0,250496000.0,195569000.0,2.99,2.98,2.99,6192178000.0,,6192178000.0,20606434010.0,32.0,19.145,-117285000.0,-1.79,1.0,230041000.0,0.699,0.0,54927000.0,17610366000.0,,0.0,1300464000.0,,,5880487000.0,,,15232802010.0,-118237000.0,0.0,24000.0,6906000.0,-104850000.0,-106276000.0,-148256000.0,-20225000.0,136295000.0,0.0,195569000.0,195569000.0,195569000.0,0.0,8948000.0,0.594,124521000.0,105520000.0,174135000.0,0.535,2.46,37.052,37.022,10657222000.0,0.0,232.5,11.772,11.764,40970000.0,-805409000.0,329038000.0,329038000.0,0.0,,,,,4989000.0,12224000.0,1.0,65517428.0,65521148,65615281.0,5.022,12217408000.0,0.0,0.0,0.0,186.465,
19,ESS,MRQ,2016-09-30,2016-09-30,2016-09-30,2021-08-02,-40095000.0,12177196000.0,,,,,92.945,-66139000.0,211055000.0,211055000.0,99361000.0,70162000.0,,0.977,5584687000.0,,,5584687000.0,0.0,110467000.0,0.0,0.028,1.6,122254000.0,232721000.0,0.707,232721000.0,122254000.0,65561000.0,1.0,1.0,1.0,6088618000.0,,6088618000.0,19988612650.0,38.0,20.653,164005000.0,2.504,1.0,229810000.0,0.698,0.0,56693000.0,17550828000.0,,0.0,1276616000.0,,,5949185000.0,,,14585702650.0,12652000.0,0.0,6015000.0,-27302000.0,-104796000.0,-133809000.0,-83683000.0,-28547000.0,230144000.0,0.0,65561000.0,65561000.0,65561000.0,0.0,4601000.0,0.199,120398000.0,109412000.0,220103000.0,1.6,2.396,49.413,49.379,10614884000.0,0.0,222.7,11.433,11.436,22941000.0,-896120000.0,329171000.0,329171000.0,0.0,,,,,1238000.0,9647000.0,1.0,65494848.0,65507669,65617551.0,5.025,12177196000.0,0.0,0.0,0.0,185.89,
20,ESS,MRQ,2016-06-30,2016-06-30,2016-06-30,2021-08-02,-43007000.0,12206691000.0,,,,,93.477,-57172000.0,215376000.0,215376000.0,96079000.0,76824000.0,,0.972,5618286000.0,,,5618286000.0,0.0,109673000.0,0.0,0.027,1.6,127581000.0,237254000.0,0.738,237254000.0,127581000.0,72013000.0,1.1,1.1,1.1,6118146000.0,,6118146000.0,20196268684.0,41.0,21.369,92571000.0,1.414,1.0,225511000.0,0.701,0.0,55568000.0,17609601000.0,,0.0,1255535000.0,,,5947084000.0,,,14923949684.0,134351000.0,0.0,6383000.0,271451000.0,-106012000.0,84981000.0,-100373000.0,-41563000.0,149743000.0,0.0,72013000.0,72013000.0,72013000.0,0.0,4811000.0,0.224,119638000.0,105873000.0,183690000.0,1.455,2.439,54.879,54.829,10668226000.0,0.0,228.09,11.928,11.932,20448000.0,-856815000.0,321590000.0,321590000.0,0.0,,,,,1708000.0,9698000.0,1.0,65430092.0,65451110,65575378.0,4.913,12206691000.0,0.0,0.0,0.0,186.501,
21,ESS,MRQ,2016-03-31,2016-03-31,2016-03-31,2021-08-02,-44149000.0,12067484000.0,,,,,93.906,-162804000.0,80483000.0,80483000.0,94490000.0,86907000.0,,0.941,5352802000.0,,,5352802000.0,0.0,109707000.0,0.0,0.025,1.6,134302000.0,244009000.0,0.777,244009000.0,134302000.0,81836000.0,1.19,1.19,1.19,6141992000.0,,6141992000.0,20489561333.0,44.0,22.289,37806000.0,0.578,1.0,219712000.0,0.699,0.0,52466000.0,17339803000.0,,0.0,1208281000.0,,,5780041000.0,,,15297152333.0,18481000.0,0.0,5098000.0,-4008000.0,-95476000.0,-101370000.0,-80759000.0,-25744000.0,200610000.0,0.0,81836000.0,77981000.0,77981000.0,0.0,5071000.0,0.248,119717000.0,99995000.0,207266000.0,1.345,2.491,62.315,62.197,10720586000.0,3855000.0,233.86,12.48,12.479,18198000.0,-824046000.0,314202000.0,314202000.0,0.0,,,,,1490000.0,9182000.0,1.0,65411581.0,65405654,65557639.0,4.804,12067484000.0,0.0,0.0,0.0,184.502,
22,ESS,MRQ,2015-12-31,2015-12-31,2015-12-31,2021-08-02,-42011000.0,12008384000.0,,,,,95.463,-254757000.0,123055000.0,123055000.0,92141000.0,85762000.0,,0.902,5318757000.0,,,5318757000.0,0.0,116477000.0,0.0,0.024,1.44,137364000.0,253841000.0,0.817,253841000.0,137364000.0,80938000.0,1.22,1.22,1.22,6237733000.0,,6237733000.0,21054586867.0,48.0,23.647,-124497000.0,-1.905,1.0,218605000.0,0.703,0.0,56426000.0,17204086000.0,,0.0,1173532000.0,,,5625909000.0,,,15809472867.0,-5985000.0,0.0,28669000.0,5316000.0,-95257000.0,-71010000.0,-65235000.0,-7418000.0,130260000.0,0.0,80938000.0,79624000.0,79624000.0,0.0,4824000.0,0.256,126401000.0,92204000.0,172368000.0,1.18,2.534,69.687,68.403,10650782000.0,1314000.0,239.41,13.236,13.003,19285000.0,-797329000.0,310746000.0,310746000.0,0.0,,,,,-208000.0,8867000.0,1.0,66035140.0,65341886,65568430.0,4.756,12008384000.0,0.0,0.0,0.0,183.778,
23,ESS,MRQ,2015-09-30,2015-09-30,2015-09-30,2021-08-02,-50357000.0,12012717000.0,,,,,95.504,-71756000.0,72306000.0,72306000.0,94119000.0,47182000.0,,0.909,5317420000.0,,,5317420000.0,0.0,116308000.0,0.0,0.025,1.44,93690000.0,209998000.0,0.689,209998000.0,93690000.0,43637000.0,0.65,0.65,0.65,6221041000.0,,6221041000.0,19992776092.0,51.0,24.023,129104000.0,1.982,1.0,210507000.0,0.691,0.0,50053000.0,17257831000.0,,0.0,1169101000.0,,,5656305000.0,,,14688597092.0,5426000.0,0.0,38998000.0,-49531000.0,-94981000.0,-110267000.0,-85167000.0,-2194000.0,200860000.0,0.0,43637000.0,42323000.0,42323000.0,0.0,3545000.0,0.139,127818000.0,82689000.0,204218000.0,2.215,2.361,78.375,76.253,10697866000.0,1314000.0,223.42,12.631,12.514,22668000.0,-782801000.0,304626000.0,304626000.0,0.0,,,,,2054000.0,11129000.0,1.0,65744325.0,65138868,65297550.0,4.677,12012717000.0,0.0,0.0,0.0,184.417,
24,ESS,MRQ,2015-06-30,2015-06-30,2015-06-30,2021-08-02,-50152000.0,12045004000.0,,,,,96.189,-178285000.0,65152000.0,65152000.0,90077000.0,50542000.0,,0.911,5369331000.0,,,5369331000.0,0.0,113731000.0,0.0,0.026,1.44,97670000.0,211401000.0,0.714,211401000.0,97670000.0,46868000.0,0.7,0.7,0.7,6234052000.0,,6234052000.0,19068154025.0,48.0,23.107,-53786000.0,-0.83,1.0,206085000.0,0.696,0.0,50802000.0,17349183000.0,,0.0,1165452000.0,,,5676534000.0,,,13887331025.0,-188958000.0,0.0,100805000.0,-27013000.0,-93356000.0,-27357000.0,-288298000.0,-119624000.0,124499000.0,0.0,46868000.0,45555000.0,45555000.0,0.0,3674000.0,0.154,125119000.0,80966000.0,172847000.0,2.057,2.228,69.906,67.891,10731813000.0,1313000.0,212.5,12.299,12.197,25676000.0,-731181000.0,296162000.0,296162000.0,0.0,,,,,2087000.0,9549000.0,1.0,65352146.0,64810184,64972852.0,4.57,12045004000.0,0.0,0.0,0.0,185.85,
25,ESS,MRQ,2015-03-31,2015-03-31,2015-03-31,2021-08-02,-50868000.0,12085159000.0,,,,,96.388,-325451000.0,255230000.0,255230000.0,87171000.0,64753000.0,,0.931,5436053000.0,,,5436053000.0,0.0,106907000.0,0.0,0.023,1.44,108223000.0,215130000.0,0.761,215130000.0,108223000.0,60677000.0,0.92,0.92,0.92,6186707000.0,,6186707000.0,19986818650.0,58.0,26.306,-162902000.0,-2.538,1.0,195702000.0,0.692,0.0,47546000.0,17265982000.0,,0.0,1185800000.0,,,5759387000.0,,,14972421650.0,193590000.0,0.0,190205000.0,219732000.0,-83663000.0,316090000.0,-286856000.0,-83817000.0,162549000.0,0.0,60677000.0,59363000.0,59363000.0,0.0,4076000.0,0.21,120387000.0,75315000.0,190853000.0,1.565,2.42,97.028,93.837,10518423000.0,1314000.0,229.9,13.701,13.503,28954000.0,-684436000.0,282873000.0,282873000.0,0.0,,,,,1370000.0,10545000.0,1.0,65125801.0,64185455,64394680.0,4.407,12085159000.0,0.0,0.0,0.0,188.285,
26,ESS,MRQ,2014-12-31,2014-12-31,2014-12-31,2021-08-02,-51452000.0,11526732000.0,,,,,94.939,-76864000.0,95749000.0,95749000.0,88620000.0,44805000.0,,0.891,5080689000.0,,,5080689000.0,0.0,106702000.0,0.0,0.025,1.3,89018000.0,195720000.0,0.701,195720000.0,89018000.0,41488000.0,0.66,0.65,0.66,6022672000.0,,6022672000.0,18348565959.0,64.0,28.347,58287000.0,0.919,1.0,190649000.0,0.683,0.0,47530000.0,16511672000.0,,0.0,1159663000.0,,,5367408000.0,,,13210440959.0,7733000.0,0.0,86428000.0,-130096000.0,-83174000.0,-132597000.0,5179000.0,-7102000.0,135151000.0,0.0,41488000.0,40174000.0,40174000.0,0.0,3317000.0,0.144,127186000.0,63463000.0,166054000.0,1.97,2.193,113.046,99.807,10165271000.0,1314000.0,206.6,13.606,12.032,24923000.0,-650797000.0,279269000.0,279269000.0,0.0,,,,,3744000.0,12257000.0,1.0,63942115.0,63437524,63456419.0,4.402,11526732000.0,0.0,0.0,0.0,181.702,
27,ESS,MRQ,2014-09-30,2014-09-30,2014-09-30,2021-08-02,-51408000.0,11666562000.0,,,,,95.135,-410843000.0,88000000.0,88000000.0,88062000.0,58582000.0,,0.928,5226125000.0,,,5226125000.0,0.0,102286000.0,0.0,0.028,1.3,100692000.0,202978000.0,0.749,202978000.0,100692000.0,54862000.0,0.85,0.85,0.85,5983292000.0,,5983292000.0,16366468584.0,63.0,28.991,-241672000.0,-3.843,1.0,182811000.0,0.675,0.0,45830000.0,16804687000.0,,0.0,1151424000.0,,,5551677000.0,,,11348027584.0,-69000.0,0.0,172153000.0,165648000.0,-82439000.0,246958000.0,-416198000.0,-35847000.0,169171000.0,0.0,54862000.0,53566000.0,53566000.0,0.0,3720000.0,0.198,117673000.0,65138000.0,205613000.0,1.529,1.897,104.533,77.717,10274724000.0,1296000.0,178.75,13.344,13.219,22973000.0,-608498000.0,270873000.0,270873000.0,0.0,,,,,1371000.0,11479000.0,1.0,63485469.0,62892601,63069772.0,4.307,11666562000.0,0.0,0.0,0.0,185.5,
28,ESS,MRQ,2014-06-30,2014-06-30,2014-06-30,2021-08-02,-53794000.0,11348363000.0,,,,,94.667,-146177000.0,47538000.0,47538000.0,83558000.0,4646000.0,,0.914,5065979000.0,,,5065979000.0,0.0,101292000.0,0.0,0.027,1.3,44672000.0,145964000.0,0.562,145964000.0,44672000.0,2521000.0,0.02,0.02,0.02,5858448000.0,,5858448000.0,14465016701.0,56.0,28.731,-49081000.0,-0.793,1.0,176230000.0,0.678,0.0,42151000.0,16366804000.0,,0.0,1071328000.0,,,5352615000.0,,,11559390701.0,-1972000.0,-415473000.0,125065000.0,322639000.0,1427000.0,436126000.0,-675547000.0,22574000.0,97096000.0,0.0,2521000.0,1207000.0,1207000.0,0.0,2125000.0,0.005,137876000.0,38354000.0,167125000.0,65.0,1.973,93.386,56.204,10017731000.0,1314000.0,184.91,15.759,15.601,66522000.0,-575772000.0,259788000.0,259788000.0,0.0,,,,,2392000.0,9558000.0,1.0,62513605.0,61884963,62059762.0,4.198,11348363000.0,0.0,0.0,0.0,183.378,
29,ESS,MRQ,2014-03-31,2014-03-31,2014-03-31,2021-08-02,-56395000.0,6633042000.0,,,,,53.708,-66722000.0,48671000.0,48671000.0,52306000.0,26406000.0,,1.517,2954297000.0,,,2954297000.0,0.0,50312000.0,0.0,0.028,1.21,52321000.0,102633000.0,0.637,102633000.0,52321000.0,23280000.0,0.58,0.58,0.58,2023994000.0,,2023994000.0,9544828355.0,35.0,20.563,25172000.0,0.668,1.0,108703000.0,0.675,0.0,29041000.0,9538668000.0,,0.0,816791000.0,,,3071289000.0,,,6565070355.0,1427000.0,0.0,158772000.0,-78805000.0,-96388000.0,-29877000.0,-60590000.0,-10503000.0,91894000.0,0.0,23280000.0,21912000.0,21912000.0,0.0,3126000.0,0.136,74142000.0,34561000.0,91141000.0,2.086,3.244,44.503,43.16,5648254000.0,1368000.0,170.05,10.512,10.261,36105000.0,-498368000.0,161009000.0,161009000.0,0.0,,,,,1233000.0,7583000.0,1.0,38606706.0,37685073,37931454.0,4.272,6633042000.0,0.0,0.0,0.0,176.012,
30,ESS,MRQ,2013-12-31,2013-12-31,2013-12-31,2021-08-02,-60472000.0,5186839000.0,,,,,50.424,-176005000.0,53766000.0,53766000.0,52393000.0,36902000.0,,1.69,3033524000.0,,,3033524000.0,0.0,49856000.0,0.0,0.034,1.21,63105000.0,112961000.0,0.712,112961000.0,63105000.0,33242000.0,0.85,0.85,0.85,1884619000.0,,1884619000.0,8323468230.0,31.0,17.849,-96105000.0,-2.571,1.0,106368000.0,0.67,0.0,29863000.0,8166597000.0,,0.0,767217000.0,,,3184252000.0,,,5458706230.0,8982000.0,0.0,15046000.0,113195000.0,-46522000.0,73791000.0,-144709000.0,8615000.0,79900000.0,0.0,33242000.0,31874000.0,31874000.0,-16884000.0,3660000.0,0.201,61218000.0,45150000.0,75230000.0,1.424,2.896,36.196,35.435,4239301000.0,1368000.0,143.51,8.94,8.755,68255000.0,-474426000.0,158761000.0,158761000.0,0.0,,,,,1371000.0,6832000.0,1.0,38037114.0,37375155,37454107.0,4.248,5186839000.0,0.0,0.0,0.0,138.778,
31,ESS,MRQ,2013-09-30,2013-09-30,2013-09-30,2021-08-02,-62589000.0,5085602000.0,,,,,50.38,-68942000.0,55994000.0,55994000.0,50322000.0,75875000.0,,1.642,2920756000.0,,,2920756000.0,0.0,42555000.0,0.0,0.032,1.21,99348000.0,141903000.0,0.922,141903000.0,99348000.0,70156000.0,1.84,1.84,1.84,1880200000.0,,1880200000.0,8497641112.0,29.0,18.102,5554000.0,0.149,1.0,103626000.0,0.673,0.0,29192000.0,7950364000.0,,0.0,763974000.0,,,3087549000.0,,,5617409112.0,-10708000.0,0.0,566000.0,-4434000.0,-46548000.0,-57898000.0,-27306000.0,17021000.0,74496000.0,0.0,70156000.0,68788000.0,68788000.0,-13157000.0,5719000.0,0.447,54727000.0,48899000.0,90780000.0,0.658,2.988,34.52,33.416,4126624000.0,1368000.0,147.7,9.505,9.328,67628000.0,-461005000.0,153948000.0,153948000.0,0.0,,,,,1011000.0,6263000.0,1.0,38032560.0,37320562,37436983.0,4.125,5085602000.0,0.0,0.0,0.0,136.268,
32,ESS,MRQ,2013-06-30,2013-06-30,2013-06-30,2021-08-02,-62813000.0,5058998000.0,,,,,49.826,-32245000.0,45384000.0,45384000.0,48296000.0,29575000.0,,1.66,2925616000.0,,,2925616000.0,0.0,51033000.0,0.0,0.029,1.21,55641000.0,106674000.0,0.707,106674000.0,55641000.0,26314000.0,0.67,0.67,0.67,1858155000.0,,1858155000.0,8756563006.0,38.0,21.042,32649000.0,0.875,1.0,102519000.0,0.68,0.0,29327000.0,7939230000.0,,0.0,706993000.0,,,3084605000.0,,,6038659006.0,-10627000.0,0.0,2823000.0,153972000.0,-46446000.0,100423000.0,-175944000.0,-143699000.0,64894000.0,0.0,26314000.0,24946000.0,24946000.0,-590000.0,3261000.0,0.165,54430000.0,48089000.0,84141000.0,1.806,3.25,54.817,52.276,4145179000.0,1368000.0,158.92,10.509,10.314,110544000.0,-484615000.0,150815000.0,150815000.0,0.0,,,,,994000.0,6589000.0,1.0,37998106.0,37292720,37390987.0,4.044,5058998000.0,0.0,0.0,0.0,135.656,
33,ESS,MRQ,2013-03-31,2013-03-31,2013-03-31,2021-08-02,-68280000.0,4936459000.0,,,,,50.548,-193547000.0,55634000.0,55634000.0,48027000.0,29703000.0,,1.576,2773538000.0,,,2773538000.0,0.0,50074000.0,0.0,0.03,1.21,51782000.0,101856000.0,0.688,101856000.0,51782000.0,26571000.0,0.68,0.68,0.68,1870465000.0,,1870465000.0,8484638987.0,35.0,20.334,-107855000.0,-2.915,1.0,99978000.0,0.676,0.0,25211000.0,7654363000.0,,0.0,660086000.0,,,2947895000.0,,,5708081987.0,12238000.0,0.0,124272000.0,-44572000.0,-41152000.0,32283000.0,-105737000.0,78759000.0,85692000.0,0.0,26571000.0,25203000.0,25203000.0,-542000.0,3132000.0,0.17,56343000.0,43635000.0,95229000.0,1.779,3.052,46.675,43.773,4160267000.0,1368000.0,150.58,10.26,10.015,11359000.0,-464391000.0,148005000.0,148005000.0,0.0,,,,,1132000.0,6239000.0,1.0,37907305.0,37003925,37092062.0,4.0,4936459000.0,0.0,0.0,0.0,133.404,
34,ESS,MRQ,2012-12-31,2012-12-31,2012-12-31,2021-08-02,-69261000.0,4847223000.0,,,,,49.13,-277346000.0,42126000.0,42126000.0,40120000.0,49640000.0,,1.679,2818683000.0,,,2818683000.0,0.0,36336000.0,0.0,0.03,1.1,82669000.0,119005000.0,0.861,119005000.0,82669000.0,45161000.0,1.23,1.23,1.23,1764804000.0,,1764804000.0,7925686290.0,33.0,19.432,-229182000.0,-6.38,1.0,98079000.0,0.71,0.0,37508000.0,7623780000.0,,0.0,664058000.0,,,2962758000.0,,,5356862290.0,16663000.0,0.0,89336000.0,223540000.0,-40806000.0,262571000.0,-294072000.0,-10657000.0,48164000.0,0.0,45161000.0,43793000.0,43793000.0,-1409000.0,4479000.0,0.317,45703000.0,52376000.0,70250000.0,0.894,3.035,44.711,42.88,4019006000.0,1368000.0,146.65,10.01,9.6,66163000.0,-444466000.0,138199000.0,138199000.0,0.0,,,,,1261000.0,8133000.0,1.0,36528212.0,35921031,35997456.0,3.847,4847223000.0,0.0,0.0,0.0,134.941,
35,ESS,MRQ,2012-09-30,2012-09-30,2012-09-30,2021-08-02,-76449000.0,4534672000.0,,,,,46.788,-110498000.0,26877000.0,26877000.0,46715000.0,20222000.0,,1.651,2595701000.0,,,2595701000.0,0.0,45967000.0,0.0,0.029,1.1,42651000.0,88618000.0,0.644,88618000.0,42651000.0,17587000.0,0.46,0.45,0.46,1665693000.0,,1665693000.0,7857995500.0,40.0,21.132,-20555000.0,-0.577,1.0,90875000.0,0.66,0.0,25064000.0,7103496000.0,,0.0,619540000.0,,,2749232000.0,,,5398058500.0,-2189000.0,0.0,98683000.0,59569000.0,-40013000.0,109756000.0,-201888000.0,-91390000.0,89943000.0,0.0,17587000.0,16219000.0,16219000.0,-172000.0,2635000.0,0.118,51100000.0,39775000.0,81094000.0,2.391,3.241,60.008,56.58,3780021000.0,1368000.0,148.24,10.429,10.196,50316000.0,-448142000.0,137590000.0,137590000.0,0.0,,,,,955000.0,5276000.0,1.0,36414318.0,35600772,35699666.0,3.865,4534672000.0,0.0,0.0,0.0,127.376,
36,ESS,MRQ,2012-06-30,2012-06-30,2012-06-30,2021-08-02,-72915000.0,4339116000.0,,,,,46.086,-69334000.0,27810000.0,27810000.0,44028000.0,42490000.0,,1.647,2487747000.0,,,2487747000.0,0.0,44684000.0,0.0,0.028,1.1,63105000.0,107789000.0,0.813,107789000.0,63105000.0,38446000.0,1.07,1.07,1.07,1593225000.0,,1593225000.0,7725751378.0,42.0,21.722,-12102000.0,-0.35,1.0,88533000.0,0.668,0.0,24659000.0,6799053000.0,,0.0,550396000.0,,,2624412000.0,,,5420215378.0,-9612000.0,0.0,139821000.0,110017000.0,-38972000.0,205283000.0,-272127000.0,-213777000.0,57232000.0,0.0,38446000.0,37078000.0,37078000.0,0.0,4044000.0,0.28,50447000.0,38086000.0,66211000.0,1.028,3.402,66.569,64.402,3664605000.0,1368000.0,153.92,10.859,10.66,50895000.0,-425058000.0,132561000.0,132561000.0,0.0,,,,,939000.0,5764000.0,1.0,35214497.0,34570772,34708240.0,3.834,4339116000.0,0.0,0.0,0.0,125.514,
37,ESS,MRQ,2012-03-31,2012-03-31,2012-03-31,2021-08-02,-70565000.0,4051378000.0,,,,,42.837,-57804000.0,37347000.0,37347000.0,41804000.0,27241000.0,,1.697,2342883000.0,,,2342883000.0,0.0,43699000.0,0.0,0.028,1.1,48748000.0,92447000.0,0.723,92447000.0,48748000.0,24090000.0,0.67,0.67,0.67,1457642000.0,,1457642000.0,7599394466.0,48.0,23.416,14356000.0,0.422,1.0,86114000.0,0.673,0.0,24658000.0,6356914000.0,,0.0,481531000.0,,,2473579000.0,,,5273999466.0,855000.0,0.0,32523000.0,-18590000.0,-36459000.0,-27254000.0,-44051000.0,-3063000.0,72160000.0,0.0,24090000.0,22722000.0,22722000.0,-10037000.0,3151000.0,0.178,49005000.0,37109000.0,65429000.0,1.642,3.618,96.47,92.384,3434645000.0,1368000.0,151.51,10.921,10.676,48053000.0,-422919000.0,127918000.0,127918000.0,0.0,,,,,986000.0,5400000.0,1.0,34809580.0,34027890,34151475.0,3.759,4051378000.0,0.0,0.0,0.0,119.061,
38,ESS,MRQ,2011-12-31,2011-12-31,2011-12-31,2021-08-02,-72771000.0,4036964000.0,,,,,42.885,-55461000.0,35463000.0,35463000.0,39914000.0,17868000.0,,1.724,2360858000.0,,,2360858000.0,0.0,42620000.0,0.0,0.03,1.04,40386000.0,83006000.0,0.695,83006000.0,40386000.0,15304000.0,0.42,0.42,0.42,1437527000.0,,1437527000.0,7021965720.0,51.0,23.192,-9584000.0,-0.286,1.0,79601000.0,0.666,0.0,25082000.0,6362359000.0,,0.0,457687000.0,,,2478887000.0,,,4794768720.0,3869000.0,0.0,67195000.0,99242000.0,-35832000.0,125263000.0,-167271000.0,-118630000.0,45877000.0,0.0,15304000.0,13936000.0,13936000.0,-5285000.0,2564000.0,0.117,46238000.0,33363000.0,54829000.0,2.476,3.335,118.776,113.315,3437318000.0,1368000.0,140.51,10.258,9.782,66369000.0,-408066000.0,119515000.0,119515000.0,0.0,,,,,1309000.0,5068000.0,1.0,34124039.0,33520521,33600798.0,3.565,4036964000.0,0.0,0.0,0.0,120.433,
39,ESS,MRQ,2011-09-30,2011-09-30,2011-09-30,2021-08-02,-75237000.0,3905165000.0,,,,,41.915,-34809000.0,33017000.0,33017000.0,42014000.0,11085000.0,,1.725,2260214000.0,,,2260214000.0,0.0,41265000.0,0.0,0.035,1.04,31150000.0,72415000.0,0.608,72415000.0,31150000.0,9054000.0,0.23,0.23,0.23,1388310000.0,,1388310000.0,6281018204.0,50.0,21.815,31534000.0,0.952,1.0,77152000.0,0.647,0.0,22096000.0,6132362000.0,,0.0,351034000.0,,,2394593000.0,,,4059404204.0,211000.0,0.0,89147000.0,-3919000.0,-35299000.0,42261000.0,-108393000.0,-75629000.0,66343000.0,0.0,9054000.0,7687000.0,7687000.0,679000.0,2031000.0,0.065,45783000.0,31369000.0,73595000.0,4.522,2.924,130.076,121.253,3429799000.0,1367000.0,120.04,8.962,8.778,51599000.0,-386752000.0,119166000.0,119166000.0,0.0,,,,,562000.0,4966000.0,1.0,33817096.0,33121728,33209289.0,3.598,3905165000.0,0.0,0.0,0.0,117.903,
40,ESS,MRQ,2011-06-30,2011-06-30,2011-06-30,2021-08-02,-74918000.0,3825855000.0,,,,,41.412,-62952000.0,32847000.0,32847000.0,40844000.0,16053000.0,,1.79,2254461000.0,,,2254461000.0,0.0,40216000.0,0.0,0.031,1.04,36459000.0,76675000.0,0.659,76675000.0,36459000.0,13749000.0,0.32,0.32,0.32,1326864000.0,,1326864000.0,6658296990.0,55.0,24.204,-15908000.0,-0.496,1.0,75482000.0,0.649,0.0,22710000.0,6047469000.0,,0.0,273037000.0,,,2374754000.0,,,4408862990.0,-88874000.0,0.0,134778000.0,-128419000.0,-34496000.0,-69985000.0,-65933000.0,-14607000.0,47044000.0,0.0,13749000.0,10325000.0,10325000.0,-5551000.0,2304000.0,0.089,45371000.0,30111000.0,60641000.0,3.25,3.323,147.463,139.474,3428778000.0,3424000.0,135.29,10.064,9.895,49956000.0,-359662000.0,116326000.0,116326000.0,0.0,,,,,629000.0,5385000.0,1.0,32588240.0,32040904,32135064.0,3.631,3825855000.0,0.0,0.0,0.0,119.405,
41,ESS,MRQ,2011-03-31,2011-03-31,2011-03-31,2021-08-02,-77785000.0,3866686000.0,,,,,37.004,-78732000.0,120786000.0,120786000.0,39349000.0,12507000.0,,2.143,2370220000.0,,,2370220000.0,0.0,39915000.0,0.0,0.033,1.04,30772000.0,70687000.0,0.629,70687000.0,30772000.0,8961000.0,0.27,0.27,0.27,1164361000.0,,1164361000.0,6211874568.0,54.0,21.395,-21425000.0,-0.681,1.0,73083000.0,0.65,0.0,21811000.0,6116120000.0,,0.0,207940000.0,,,2494896000.0,,,3988823568.0,83930000.0,0.0,39797000.0,112645000.0,-32995000.0,110809000.0,-84186000.0,-6590000.0,57307000.0,0.0,8961000.0,8418000.0,8418000.0,-404000.0,3546000.0,0.075,44783000.0,28300000.0,64673000.0,3.852,3.426,137.285,127.835,3450327000.0,543000.0,124.0,9.453,9.247,49075000.0,-338273000.0,112432000.0,112432000.0,0.0,,,,,427000.0,5274000.0,1.0,32167932.0,31465817,31546953.0,3.573,3866686000.0,0.0,0.0,0.0,122.885,
42,ESS,MRQ,2010-12-31,2010-12-31,2010-12-31,2021-08-02,-77217000.0,3732887000.0,,,,,37.5,-344059000.0,35694000.0,35694000.0,39306000.0,8628000.0,,2.064,2258745000.0,,,2258745000.0,0.0,41154000.0,0.0,0.036,1.032,26991000.0,68145000.0,0.649,68145000.0,26991000.0,5320000.0,0.17,0.15,0.17,1149946000.0,,1149946000.0,5604753536.0,47.0,22.133,-316813000.0,-10.331,1.0,65711000.0,0.626,0.0,21671000.0,5955938000.0,,0.0,200150000.0,,,2373524000.0,,,3578624536.0,-915000.0,96596000.0,136471000.0,198783000.0,-31679000.0,231189000.0,-259350000.0,-10519000.0,27246000.0,0.0,5320000.0,4778000.0,4778000.0,-1142000.0,3308000.0,0.045,42977000.0,22734000.0,53773000.0,6.071,3.112,105.989,100.193,3406539000.0,542000.0,114.22,8.722,8.259,49444000.0,-313308000.0,105017000.0,105017000.0,0.0,,,,,891000.0,5267000.0,1.0,31330980.0,30665179,30741621.0,3.425,3732887000.0,0.0,0.0,0.0,121.73,
43,ESS,MRQ,2010-09-30,2010-09-30,2010-09-30,2021-08-02,-79732000.0,3503753000.0,,,,,34.981,-69751000.0,36322000.0,36322000.0,37706000.0,10426000.0,,2.171,2062451000.0,,,2062451000.0,0.0,31637000.0,0.0,0.038,1.032,27945000.0,59582000.0,0.571,59582000.0,27945000.0,6920000.0,0.21,0.21,0.21,1038631000.0,,1038631000.0,5198666543.0,44.0,15.573,-10881000.0,-0.366,1.0,66621000.0,0.639,0.0,21025000.0,5529882000.0,,0.0,204827000.0,,,2254429000.0,,,3319314543.0,6301000.0,-89839000.0,54534000.0,80286000.0,-31114000.0,75793000.0,-128362000.0,28541000.0,58870000.0,0.0,6920000.0,6377000.0,6377000.0,-166000.0,3506000.0,0.061,40498000.0,26123000.0,66887000.0,4.914,3.196,92.801,91.966,3169771000.0,543000.0,109.44,8.213,8.04,55605000.0,-285699000.0,104327000.0,104327000.0,0.0,,,,,621000.0,6175000.0,1.0,30329994.0,29690910,29762420.0,3.514,3503753000.0,0.0,0.0,0.0,118.008,
44,ESS,MRQ,2010-06-30,2010-06-30,2010-06-30,2021-08-02,-68791000.0,3324182000.0,,,,,34.763,-38056000.0,27796000.0,27796000.0,34817000.0,13869000.0,,2.047,1907148000.0,,,1907148000.0,0.0,61748000.0,0.0,0.042,1.032,30186000.0,91934000.0,0.918,91934000.0,30186000.0,10025000.0,0.32,0.32,0.32,1019574000.0,,1019574000.0,4783515426.0,44.0,16.216,-1617000.0,-0.055,1.0,65368000.0,0.652,0.0,20161000.0,5203534000.0,,0.0,230250000.0,,,2087060000.0,,,2936242426.0,-13945000.0,-6757000.0,46812000.0,6930000.0,-30811000.0,-4723000.0,-45661000.0,4125000.0,36439000.0,0.0,10025000.0,9482000.0,9482000.0,-165000.0,3844000.0,0.095,38218000.0,27150000.0,55544000.0,3.225,2.88,57.427,55.107,2971279000.0,543000.0,97.54,7.313,7.125,55209000.0,-260966000.0,100185000.0,100185000.0,0.0,,,,,1739000.0,6219000.0,1.0,30102957.0,29329273,29402635.0,3.416,3324182000.0,0.0,0.0,0.0,113.34,
45,ESS,MRQ,2010-03-31,2010-03-31,2010-03-31,2021-08-02,-34850000.0,3308431000.0,,,,,36.043,-34354000.0,40379000.0,40379000.0,34199000.0,17858000.0,,1.952,1887652000.0,,,1887652000.0,0.0,0.0,0.0,0.046,1.032,34505000.0,34505000.0,0.341,34505000.0,34505000.0,13669000.0,0.45,0.45,0.45,1044078000.0,,1044078000.0,4477683966.0,39.0,18.849,18621000.0,0.643,1.0,66985000.0,0.662,0.0,20836000.0,5155704000.0,,0.0,251749000.0,,,2037791000.0,,,2668175966.0,1652000.0,0.0,18403000.0,40175000.0,-30025000.0,26172000.0,-77495000.0,-42381000.0,52975000.0,0.0,13669000.0,13127000.0,13127000.0,0.0,4189000.0,0.13,36105000.0,30880000.0,60128000.0,2.293,2.556,50.283,47.846,2944378000.0,542000.0,89.95,6.589,6.434,35545000.0,-239904000.0,101184000.0,101184000.0,0.0,,,,,0.0,5618000.0,1.0,29662879.0,28967855,29018571.0,3.493,3308431000.0,0.0,0.0,0.0,114.21,
46,ESS,MRQ,2009-12-31,2009-12-31,2009-12-31,2021-08-02,-24206000.0,3254637000.0,,,,,37.061,-85596000.0,37934000.0,37934000.0,35638000.0,10601000.0,,1.877,1847442000.0,,,1847442000.0,0.0,123342000.0,0.0,0.049,1.03,24471000.0,147813000.0,1.501,147813000.0,24471000.0,6954000.0,0.21,0.22,0.21,1053096000.0,,1053096000.0,4193415019.0,35.0,17.354,-59671000.0,-2.1,1.0,62806000.0,0.638,0.0,17517000.0,5064145000.0,,0.0,205627000.0,,,1976747000.0,,,2435695019.0,-61282000.0,0.0,38763000.0,-10653000.0,-29837000.0,-11764000.0,-75453000.0,9670000.0,25925000.0,0.0,6954000.0,6782000.0,6782000.0,-3685000.0,3647000.0,0.069,40524000.0,22282000.0,48841000.0,4.905,2.313,29.631,27.791,2938431000.0,172000.0,83.65,5.957,5.579,36305000.0,-222952000.0,98444000.0,98444000.0,0.0,,,,,3412000.0,9927000.0,1.0,29117693.0,28415577,30904326.0,3.464,3254637000.0,0.0,0.0,0.0,114.537,
47,ESS,MRQ,2009-09-30,2009-09-30,2009-09-30,2021-08-02,-38551000.0,3265022000.0,,,,,37.071,-33171000.0,99070000.0,99070000.0,36109000.0,2349000.0,,1.969,1856790000.0,,,1856790000.0,0.0,0.0,0.0,0.052,1.03,20727000.0,20727000.0,0.204,20727000.0,20727000.0,-1239000.0,0.79,0.74,0.79,1022841000.0,,1022841000.0,3993324860.0,29.0,16.009,25257000.0,0.915,1.0,65585000.0,0.645,0.0,21966000.0,5022742000.0,,0.0,202112000.0,,,2014238000.0,,,2243727860.0,16507000.0,0.0,84317000.0,26874000.0,-29656000.0,6943000.0,-48864000.0,-18008000.0,58428000.0,0.0,-1239000.0,21739000.0,21739000.0,-2324000.0,3588000.0,0.214,47033000.0,18552000.0,61821000.0,1.304,2.194,24.03,22.544,2885645000.0,-22978000.0,79.58,5.408,5.292,45762000.0,-199600000.0,101694000.0,101694000.0,0.0,,,,,0.0,6086000.0,1.0,28194620.0,27591341,30070076.0,3.686,3265022000.0,0.0,0.0,0.0,118.335,
48,ESS,MRQ,2009-06-30,2009-06-30,2009-06-30,2021-08-02,-31755000.0,3238981000.0,,,,,35.283,-36434000.0,79826000.0,79826000.0,33833000.0,17452000.0,,2.078,1829423000.0,,,1829423000.0,0.0,0.0,0.0,0.066,1.03,34508000.0,34508000.0,0.333,34508000.0,34508000.0,12999000.0,0.43,0.43,0.43,946682000.0,,946682000.0,3441474973.0,23.0,13.057,-2263000.0,-0.084,1.0,69799000.0,0.674,0.0,21509000.0,4988578000.0,,0.0,186226000.0,,,1967556000.0,,,1708478973.0,223000.0,0.0,75931000.0,17117000.0,-28440000.0,57096000.0,-91044000.0,-68411000.0,34171000.0,0.0,12999000.0,11415000.0,11415000.0,-892000.0,4453000.0,0.11,34755000.0,35044000.0,57849000.0,2.395,1.805,20.57,19.508,2891071000.0,1584000.0,62.23,4.102,4.009,47635000.0,-168226000.0,103632000.0,103632000.0,0.0,,,,,0.0,5852000.0,1.0,27454266.0,26831307,26853693.0,3.862,3238981000.0,0.0,0.0,0.0,120.716,
49,ESS,MRQ,2009-03-31,2009-03-31,2009-03-31,2021-08-02,-58942000.0,3161915000.0,,,,,32.795,-37242000.0,78820000.0,78820000.0,33123000.0,23338000.0,,2.301,1811816000.0,,,1811816000.0,0.0,0.0,0.0,0.071,1.03,38599000.0,38599000.0,0.367,38599000.0,38599000.0,18396000.0,1.61,1.53,1.61,860048000.0,,860048000.0,3243724127.0,22.0,12.434,17821000.0,0.68,1.0,71988000.0,0.685,0.0,20203000.0,4894911000.0,,0.0,100746000.0,,,1978584000.0,,,1537796127.0,23303000.0,0.0,-19828000.0,59169000.0,-29169000.0,-28163000.0,-3597000.0,61000.0,55063000.0,0.0,18396000.0,42265000.0,42265000.0,-2555000.0,4942000.0,0.402,40950000.0,31038000.0,63896000.0,0.64,1.788,19.13,18.437,2902341000.0,-23869000.0,57.34,3.711,3.629,46141000.0,-151615000.0,105111000.0,105111000.0,0.0,,,,,0.0,6233000.0,1.0,26818907.0,26224946,28692959.0,4.008,3161915000.0,0.0,0.0,0.0,120.569,
50,ESS,MRQ,2008-12-31,2008-12-31,2008-12-31,2021-08-02,-75424000.0,3164823000.0,,,,,32.538,-60567000.0,54719000.0,54719000.0,33946000.0,25964000.0,,2.268,1754388000.0,,,1754388000.0,0.0,113294000.0,0.0,0.053,1.02,42310000.0,155604000.0,1.49,155604000.0,42310000.0,20264000.0,0.7,0.7,0.7,852227000.0,,852227000.0,3740707280.0,25.0,14.36,-22374000.0,-0.854,1.0,70509000.0,0.675,0.0,22046000.0,4864492000.0,,0.0,100232000.0,,,1932913000.0,,,2056537280.0,8505000.0,0.0,9140000.0,50533000.0,-28853000.0,11366000.0,-41054000.0,24139000.0,38193000.0,0.0,20264000.0,17954000.0,17954000.0,-4104000.0,5700000.0,0.172,36522000.0,33987000.0,56828000.0,1.457,2.413,38.877,36.548,2912035000.0,2310000.0,76.75,5.035,4.736,47637000.0,-141336000.0,104455000.0,104455000.0,0.0,,,,,3940000.0,8023000.0,1.0,26795274.0,26191635,25839759.0,3.988,3164823000.0,0.0,0.0,0.0,120.833,
51,ESS,MRQ,2008-09-30,2008-09-30,2008-09-30,2021-08-02,-15911000.0,3159326000.0,,,,,34.639,-134973000.0,45956000.0,45956000.0,34008000.0,19266000.0,,2.143,1730126000.0,,,1730126000.0,0.0,0.0,0.0,0.034,1.02,34853000.0,34853000.0,0.338,34853000.0,34853000.0,13731000.0,0.45,0.45,0.45,869801000.0,,869801000.0,4757326708.0,26.0,16.668,-81658000.0,-3.252,1.0,69245000.0,0.671,0.0,21122000.0,4843496000.0,,0.0,124977000.0,,,1863683000.0,,,3025181708.0,12409000.0,0.0,135633000.0,7103000.0,-27577000.0,107198000.0,-148104000.0,-54867000.0,53315000.0,0.0,13731000.0,11421000.0,11421000.0,243000.0,5535000.0,0.111,34236000.0,35009000.0,84848000.0,2.267,3.478,36.582,35.535,2906823000.0,2310000.0,118.33,7.561,7.427,46749000.0,-122044000.0,103253000.0,103253000.0,0.0,,,,,0.0,6524000.0,1.0,25565636.0,25110710,25474924.0,4.112,3159326000.0,0.0,0.0,0.0,125.816,
52,ESS,MRQ,2008-06-30,2008-06-30,2008-06-30,2021-08-02,-10887000.0,3063909000.0,,,,,30.394,-72552000.0,33077000.0,33077000.0,32961000.0,16318000.0,,2.503,1765222000.0,,,1765222000.0,0.0,0.0,0.0,0.037,1.02,31813000.0,31813000.0,0.313,31813000.0,31813000.0,11056000.0,0.35,0.35,0.35,752820000.0,,752820000.0,4381517052.0,24.0,15.519,-30054000.0,-1.213,1.0,68586000.0,0.675,0.0,20757000.0,4796054000.0,,0.0,69049000.0,,,1884184000.0,,,2718605052.0,10638000.0,0.0,2211000.0,79727000.0,-27589000.0,37989000.0,-69849000.0,2495000.0,42498000.0,0.0,11056000.0,8745000.0,8745000.0,228000.0,5262000.0,0.086,34076000.0,34510000.0,71433000.0,2.914,3.611,33.451,32.47,2884638000.0,2311000.0,106.5,6.915,6.71,44611000.0,-107983000.0,101547000.0,101547000.0,0.0,,,,,0.0,6512000.0,1.0,25526808.0,24768626,25153826.0,4.1,3063909000.0,0.0,0.0,0.0,123.701,
53,ESS,MRQ,2008-03-31,2008-03-31,2008-03-31,2021-08-02,-18932000.0,3001276000.0,,,,,30.628,-31298000.0,22571000.0,22571000.0,31750000.0,22849000.0,,2.4,1685483000.0,,,1685483000.0,0.0,0.0,0.0,0.033,1.02,38229000.0,38229000.0,0.382,38229000.0,38229000.0,17090000.0,0.6,0.59,0.6,757975000.0,,757975000.0,4544032196.0,25.0,16.046,15937000.0,0.644,1.0,68207000.0,0.682,0.0,21139000.0,4664188000.0,,0.0,67745000.0,,,1819024000.0,,,2908824196.0,401000.0,0.0,-13072000.0,27781000.0,-25471000.0,-20818000.0,-26016000.0,5037000.0,47235000.0,0.0,17090000.0,14780000.0,14780000.0,226000.0,5759000.0,0.148,33391000.0,34816000.0,86716000.0,1.7,3.838,35.3,34.228,2829643000.0,2310000.0,113.98,7.514,7.286,48235000.0,-92345000.0,99957000.0,99957000.0,0.0,,,,,0.0,6625000.0,1.0,25520479.0,24747925,24877626.0,4.039,3001276000.0,0.0,0.0,0.0,121.274,
54,ESS,MRQ,2007-12-31,2007-12-31,2007-12-31,2021-08-02,-8988000.0,2980323000.0,,,,,31.51,-199339000.0,22483000.0,22483000.0,31470000.0,141020000.0,,2.23,1657691000.0,,,1657691000.0,0.0,102250000.0,0.0,0.038,0.93,78267000.0,180517000.0,1.893,180517000.0,78267000.0,50059000.0,1.93,1.89,1.93,790318000.0,,790318000.0,4059026577.0,21.0,13.519,-166610000.0,-6.643,1.0,63870000.0,0.67,0.0,28208000.0,4615531000.0,,0.0,66208000.0,,,1762133000.0,,,2455117577.0,-283000.0,0.0,-30700000.0,16636000.0,-25759000.0,-40927000.0,7915000.0,-9303000.0,32729000.0,0.0,50059000.0,47749000.0,47749000.0,-121152000.0,90961000.0,0.501,36516000.0,27354000.0,50114000.0,0.482,3.106,23.853,23.267,2809217000.0,2310000.0,97.49,6.551,6.386,50536000.0,-82805000.0,95340000.0,95340000.0,0.0,,,,,0.0,8154000.0,1.0,25183276.0,25081460,25452601.0,3.801,2980323000.0,0.0,0.0,0.0,118.826,
55,ESS,MRQ,2007-09-30,2007-09-30,2007-09-30,2021-08-02,4751000.0,2954400000.0,,,,,32.759,-157412000.0,21943000.0,21943000.0,31134000.0,12308000.0,,2.096,1625852000.0,,,1625852000.0,0.0,0.0,0.0,0.031,0.93,31767000.0,31767000.0,0.33,31767000.0,31767000.0,12308000.0,0.4,0.39,0.4,824391000.0,,824391000.0,4398328429.0,28.0,18.486,-98916000.0,-3.931,1.0,65146000.0,0.677,0.0,19459000.0,4558309000.0,,0.0,77808000.0,,,1728067000.0,,,2958160429.0,-2348000.0,0.0,612000.0,141821000.0,-25701000.0,108730000.0,-169574000.0,-11871000.0,58496000.0,0.0,12308000.0,9997000.0,9997000.0,-265000.0,0.0,0.104,30584000.0,34562000.0,55332000.0,2.325,3.588,42.117,39.72,2781927000.0,2311000.0,117.57,8.21,8.211,35350000.0,-110912000.0,96280000.0,96280000.0,0.0,,,,,0.0,6415000.0,1.0,25160844.0,25165276,25555928.0,3.826,2954400000.0,0.0,0.0,0.0,117.4,
56,ESS,MRQ,2007-06-30,2007-06-30,2007-06-30,2021-08-02,14096000.0,2793475000.0,,,,,34.559,-184146000.0,23954000.0,23954000.0,30871000.0,12187000.0,,1.83,1464122000.0,,,1464122000.0,0.0,0.0,0.0,0.03,0.93,32678000.0,32678000.0,0.342,32678000.0,32678000.0,12187000.0,0.4,0.39,0.4,846474000.0,,846474000.0,4289548544.0,28.0,18.12,-144425000.0,-5.896,1.0,64677000.0,0.677,0.0,20491000.0,4233643000.0,,0.0,74685000.0,,,1549124000.0,,,2839582544.0,-2451000.0,0.0,214252000.0,-35029000.0,-24458000.0,148401000.0,-190573000.0,-3350000.0,39721000.0,0.0,12187000.0,9877000.0,9877000.0,-1058000.0,0.0,0.103,30638000.0,34039000.0,38493000.0,2.325,3.355,40.036,38.51,2621192000.0,2310000.0,116.3,8.05,8.075,26614000.0,-97500000.0,95548000.0,95548000.0,0.0,,,,,0.0,6008000.0,1.0,24416015.0,24493816,25104021.0,3.901,2793475000.0,0.0,0.0,0.0,114.048,
57,ESS,MRQ,2007-03-31,2007-03-31,2007-03-31,2021-08-02,268000.0,2576331000.0,,,,,26.961,-15809000.0,25815000.0,25815000.0,29594000.0,37546000.0,,2.483,1475781000.0,,,1475781000.0,0.0,0.0,0.0,0.027,0.93,55812000.0,55812000.0,0.615,55812000.0,55812000.0,37546000.0,1.51,1.46,1.51,631752000.0,,631752000.0,4522013486.0,28.0,18.41,44122000.0,1.883,1.0,61112000.0,0.674,0.0,18266000.0,4026297000.0,,0.0,70966000.0,,,1568408000.0,,,3134069486.0,5376000.0,0.0,1185000.0,64586000.0,-21721000.0,-28917000.0,-25638000.0,-15176000.0,59931000.0,0.0,37546000.0,35303000.0,35303000.0,-23772000.0,0.0,0.389,27252000.0,33860000.0,47529000.0,0.616,4.961,37.727,36.168,2416942000.0,2243000.0,129.48,9.171,8.878,26982000.0,-83985000.0,90706000.0,90706000.0,0.0,,,,,0.0,6096000.0,1.0,24205047.0,23432419,24214984.0,3.871,2576331000.0,0.0,0.0,0.0,109.947,
58,ESS,MRQ,2006-12-31,2006-12-31,2006-12-31,2021-08-02,-2273000.0,2485840000.0,,,,,26.205,-91966000.0,23610000.0,23610000.0,23544000.0,17437000.0,,2.436,1411554000.0,,,1411554000.0,0.0,83036000.0,0.0,0.026,0.84,34632000.0,117668000.0,1.513,117668000.0,34632000.0,17637000.0,0.65,0.63,0.65,612209000.0,,612209000.0,4375449476.0,32.0,20.018,-70571000.0,-3.021,1.0,54232000.0,0.697,0.0,16995000.0,3873784000.0,,0.0,57527000.0,,,1491598000.0,,,3018260476.0,-20480000.0,0.0,22199000.0,9380000.0,-21887000.0,6983000.0,-48858000.0,5807000.0,21395000.0,0.0,17437000.0,15060000.0,15060000.0,-9487000.0,0.0,0.194,25071000.0,29161000.0,38613000.0,1.292,4.93,52.398,51.7,2353013000.0,2377000.0,129.25,9.034,8.929,18195000.0,-97457000.0,77776000.0,77776000.0,0.0,,,,,0.0,7066000.0,1.0,23352112.0,23362479,24142795.0,3.329,2485840000.0,0.0,200000.0,0.0,106.403,
59,ESS,MRQ,2006-09-30,2006-09-30,2006-09-30,2021-08-02,-1510000.0,2459490000.0,,,,,25.61,-136854000.0,45141000.0,45141000.0,29797000.0,12477000.0,,2.519,1402330000.0,,,1402330000.0,0.0,0.0,0.0,0.027,0.84,30573000.0,30573000.0,0.345,30573000.0,30573000.0,12627000.0,0.46,0.45,0.46,592686000.0,,592686000.0,4207134728.0,34.0,20.799,-68827000.0,-2.974,1.0,58925000.0,0.664,0.0,17946000.0,3816679000.0,,0.0,55647000.0,,,1493131000.0,,,2809196728.0,21120000.0,0.0,13435000.0,-18516000.0,-19836000.0,113889000.0,-160796000.0,-22833000.0,68027000.0,0.0,12477000.0,10686000.0,10686000.0,-1345000.0,0.0,0.12,25187000.0,33738000.0,49414000.0,1.826,4.74,59.431,58.932,2309519000.0,1791000.0,121.4,8.735,8.736,17043000.0,-92849000.0,88722000.0,88722000.0,0.0,,,,,0.0,5289000.0,1.0,23140006.0,23142385,23677569.0,3.834,2459490000.0,0.0,150000.0,0.0,106.276,
60,ESS,MRQ,2006-06-30,2006-06-30,2006-06-30,2021-08-02,11704000.0,2328244000.0,,,,,26.178,-25581000.0,23057000.0,23057000.0,28407000.0,22512000.0,,2.493,1420995000.0,,,1420995000.0,0.0,0.0,0.0,0.03,0.84,41569000.0,41569000.0,0.492,41569000.0,41569000.0,22650000.0,0.96,0.95,0.96,600782000.0,,600782000.0,3940441968.0,33.0,19.683,1061000.0,0.046,1.0,56140000.0,0.664,0.0,18919000.0,3726182000.0,,0.0,38756000.0,,,1497768000.0,,,2556351968.0,-387000.0,0.0,15717000.0,13562000.0,-19718000.0,2460000.0,-29489000.0,-5176000.0,26642000.0,0.0,22512000.0,22023000.0,22023000.0,-15894000.0,0.0,0.26,25687000.0,30453000.0,37567000.0,0.875,4.255,57.009,56.969,2194576000.0,489000.0,111.66,8.081,8.101,29845000.0,-84066000.0,84547000.0,84547000.0,0.0,,,,,0.0,4980000.0,1.0,22894071.0,22950172,23226466.0,3.684,2328244000.0,0.0,138000.0,0.0,101.448,
61,ESS,MRQ,2006-03-31,2006-03-31,2006-03-31,2021-08-02,7056000.0,2296770000.0,,,,,25.241,-67823000.0,23504000.0,23504000.0,28830000.0,10322000.0,,2.578,1407594000.0,,,1407594000.0,0.0,0.0,0.0,0.03,0.84,28771000.0,28771000.0,0.346,28771000.0,28771000.0,10359000.0,0.43,0.43,0.43,577300000.0,,577300000.0,3814562651.0,28.0,17.598,-23952000.0,-1.047,1.0,54227000.0,0.653,0.0,18412000.0,3680860000.0,,0.0,30699000.0,,,1488470000.0,,,2487918651.0,-4928000.0,0.0,1209000.0,52837000.0,-19005000.0,24934000.0,-73733000.0,-10913000.0,43871000.0,0.0,10322000.0,9834000.0,9834000.0,-3284000.0,0.0,0.118,25189000.0,29038000.0,42295000.0,1.953,4.31,40.647,40.876,2189728000.0,488000.0,108.73,7.964,7.961,14833000.0,-86730000.0,83057000.0,83057000.0,0.0,,,,,0.0,4899000.0,1.0,22881621.0,22871800,23095493.0,3.631,2296770000.0,0.0,37000.0,0.0,100.419,
62,ESS,MRQ,2005-12-31,2005-12-31,2005-12-31,2021-08-02,660000.0,2239290000.0,,,,,25.333,-82663000.0,28274000.0,28274000.0,21795000.0,5213000.0,,2.453,1354918000.0,,,1354918000.0,0.0,80075000.0,0.0,0.035,0.81,21283000.0,101358000.0,1.553,101358000.0,21283000.0,5365000.0,0.21,0.19,0.21,580967000.0,,580967000.0,3387022957.0,22.0,14.53,-64706000.0,-2.821,1.0,43464000.0,0.666,0.0,15918000.0,3565934000.0,,0.0,28401000.0,,,1425109000.0,,,2107175957.0,-5028000.0,0.0,-24654000.0,42575000.0,-19231000.0,-11359000.0,-11626000.0,1362000.0,17957000.0,0.0,5213000.0,4725000.0,4725000.0,-3743000.0,0.0,0.072,23405000.0,20059000.0,32982000.0,3.857,3.627,27.097,27.278,2139483000.0,488000.0,92.2,6.707,6.761,5215000.0,-77341000.0,65259000.0,65259000.0,0.0,,,,,0.0,5574000.0,1.0,22854403.0,22933294,23461895.0,2.846,2239290000.0,0.0,152000.0,0.0,97.644,
63,ESS,MRQ,2005-09-30,2005-09-30,2005-09-30,2021-08-02,91000.0,2246325000.0,,,,,26.766,-31955000.0,34392000.0,34392000.0,28320000.0,8747000.0,,2.258,1314239000.0,,,1314239000.0,0.0,0.0,0.0,0.036,0.81,28498000.0,28498000.0,0.341,28498000.0,28498000.0,9932000.0,0.36,0.35,0.36,618470000.0,,618470000.0,3344325770.0,19.0,13.263,8068000.0,0.349,1.0,55162000.0,0.661,0.0,18566000.0,3526172000.0,,0.0,28839000.0,,,1396678000.0,,,2077816770.0,-13711000.0,0.0,2262000.0,1369000.0,-19195000.0,-22651000.0,-31083000.0,2290000.0,40023000.0,0.0,8747000.0,8259000.0,8259000.0,-108000.0,0.0,0.099,26283000.0,28879000.0,45024000.0,2.25,3.36,19.777,19.737,2143633000.0,488000.0,90.0,6.474,6.48,8069000.0,-63538000.0,83482000.0,83482000.0,0.0,,,,,0.0,4560000.0,1.0,23086853.0,23106569,23411959.0,3.613,2246325000.0,0.0,1185000.0,0.0,97.216,
64,ESS,MRQ,2005-06-30,2005-06-30,2005-06-30,2021-08-02,-1595000.0,2246356000.0,,,,,27.08,-18884000.0,46685000.0,46685000.0,27295000.0,38878000.0,,2.223,1313194000.0,,,1313194000.0,0.0,0.0,0.0,0.039,0.81,58131000.0,58131000.0,0.721,58131000.0,58131000.0,39978000.0,1.66,1.64,1.66,624714000.0,,624714000.0,3204882062.0,16.0,11.645,9263000.0,0.402,1.0,53298000.0,0.661,0.0,18153000.0,3512865000.0,,0.0,31979000.0,,,1388559000.0,,,1915451062.0,20559000.0,0.0,1227000.0,-4443000.0,-19367000.0,-30106000.0,22518000.0,39004000.0,28147000.0,0.0,38878000.0,38390000.0,38390000.0,-26441000.0,0.0,0.476,26116000.0,27182000.0,38158000.0,0.488,3.066,14.583,14.546,2130638000.0,488000.0,83.06,5.896,5.898,8149000.0,-53063000.0,80593000.0,80593000.0,0.0,,,,,0.0,4573000.0,1.0,23061053.0,23069620,23372873.0,3.493,2246356000.0,0.0,1100000.0,0.0,97.373,
65,ESS,MRQ,2005-03-31,2005-03-31,2005-03-31,2021-08-02,1165000.0,2230988000.0,,,,,26.316,-19594000.0,28524000.0,28524000.0,27069000.0,26878000.0,,2.296,1317955000.0,,,1317955000.0,0.0,0.0,0.0,0.046,0.81,45126000.0,45126000.0,0.532,45126000.0,45126000.0,26979000.0,1.15,1.13,1.15,606435000.0,,606435000.0,2877986561.0,17.0,12.098,18888000.0,0.82,1.0,57784000.0,0.681,0.0,18147000.0,3520419000.0,,0.0,67704000.0,,,1392415000.0,,,1592901561.0,1873000.0,0.0,654000.0,1232000.0,-18470000.0,-25957000.0,-10652000.0,3694000.0,38482000.0,0.0,26878000.0,26389000.0,26389000.0,0.0,0.0,0.311,24020000.0,33764000.0,35792000.0,0.704,2.627,16.226,16.145,2096552000.0,489000.0,69.1,5.053,5.051,7909000.0,-72758000.0,84853000.0,84853000.0,0.0,,,,,0.0,4441000.0,1.0,23052121.0,23044075,23330358.0,3.682,2230988000.0,0.0,101000.0,0.0,96.814,
66,ESS,MRQ,2004-12-31,2004-12-31,2004-12-31,2021-08-02,0.0,2217217000.0,,,,,25.715,-83974000.0,31899000.0,31899000.0,26386000.0,32513000.0,,2.344,1316984000.0,,,1316984000.0,0.0,72923000.0,0.0,0.038,0.79,47486000.0,120409000.0,1.672,120409000.0,47486000.0,32562000.0,1.39,1.39,1.39,591277000.0,,591277000.0,3150512949.0,22.0,14.751,-50141000.0,-2.181,1.0,45621000.0,0.634,0.0,14924000.0,3502302000.0,,0.0,51147000.0,,,1385810000.0,,,1923155949.0,-5580000.0,0.0,1461000.0,53860000.0,-17765000.0,29433000.0,-68846000.0,-14609000.0,33833000.0,0.0,32513000.0,32025000.0,32025000.0,-4023000.0,0.0,0.445,19238000.0,26383000.0,29997000.0,0.568,3.253,24.738,24.72,2094307000.0,488000.0,83.8,6.468,6.46,9535000.0,-80469000.0,72007000.0,72007000.0,0.0,,,,,0.0,4057000.0,1.0,22949355.0,22993417,23234760.0,3.132,2217217000.0,0.0,49000.0,0.0,96.428,
67,ESS,MRQ,2004-09-30,2004-09-30,2004-09-30,2021-08-02,0.0,2149125000.0,,,,,25.216,-39880000.0,36087000.0,36087000.0,24926000.0,35030000.0,,2.308,1263444000.0,,,1263444000.0,0.0,0.0,0.0,0.044,0.79,51546000.0,51546000.0,0.59,51546000.0,51546000.0,35152000.0,1.51,1.49,1.51,578459000.0,,578459000.0,2874199880.0,25.0,16.813,-11461000.0,-0.5,1.0,62508000.0,0.715,0.0,16394000.0,3376482000.0,,0.0,93613000.0,,,1334859000.0,,,1648242880.0,4598000.0,118614000.0,365000.0,-24402000.0,-18560000.0,-105544000.0,81723000.0,6668000.0,28419000.0,0.0,35030000.0,34542000.0,34542000.0,-586000.0,0.0,0.395,25700000.0,36808000.0,32484000.0,0.523,2.849,32.02,32.076,1973597000.0,488000.0,71.85,5.672,5.672,10076000.0,-94871000.0,87434000.0,87434000.0,0.0,,,,,0.0,7639000.0,1.0,22940054.0,22940419,23205958.0,3.811,2149125000.0,0.0,122000.0,0.0,93.683,
68,ESS,MRQ,2004-06-30,2004-06-30,2004-06-30,2021-08-02,0.0,2153304000.0,,,,,24.397,-6958000.0,27810000.0,27810000.0,23791000.0,5700000.0,,2.341,1253767000.0,,,1253767000.0,0.0,0.0,0.0,0.046,0.79,20804000.0,20804000.0,0.293,20804000.0,20804000.0,5723000.0,0.23,0.23,0.23,558881000.0,,558881000.0,2695607941.0,32.0,19.105,16534000.0,0.722,1.0,47162000.0,0.665,0.0,15081000.0,3379261000.0,,0.0,77382000.0,,,1308521000.0,,,1564137941.0,-6083000.0,-35543000.0,1995000.0,32639000.0,-18068000.0,2457000.0,-32032000.0,9340000.0,23492000.0,0.0,5700000.0,5212000.0,5212000.0,37000.0,0.0,0.073,21005000.0,26157000.0,20396000.0,3.435,2.799,60.935,59.956,2003179000.0,488000.0,68.35,5.878,5.884,4955000.0,-111288000.0,70953000.0,70953000.0,0.0,,,,,0.0,3479000.0,1.0,22884242.0,22907331,23128951.0,3.097,2153304000.0,0.0,23000.0,0.0,94.001,
69,ESS,MRQ,2004-03-31,2004-03-31,2004-03-31,2021-08-02,0.0,2089796000.0,,,,,24.961,-14144000.0,35022000.0,35022000.0,12935000.0,6450000.0,,2.158,1166492000.0,,,1166492000.0,0.0,0.0,0.0,0.048,0.79,20760000.0,20760000.0,0.313,20760000.0,20760000.0,6450000.0,0.26,0.26,0.26,570194000.0,,570194000.0,2313615807.0,27.0,16.179,21812000.0,0.955,1.0,53376000.0,0.805,0.0,14310000.0,3221266000.0,,0.0,88463000.0,,,1230256000.0,,,1496700807.0,2941000.0,-83071000.0,1662000.0,98414000.0,-18326000.0,72851000.0,-105866000.0,-2513000.0,35956000.0,0.0,6450000.0,5962000.0,5962000.0,-407000.0,0.0,0.09,30171000.0,23205000.0,29938000.0,3.038,2.625,49.471,47.464,1929234000.0,488000.0,65.5,5.746,5.744,6105000.0,-98360000.0,66311000.0,66311000.0,0.0,,,,,0.0,2930000.0,1.0,22850394.0,22843258,23104929.0,2.903,2089796000.0,0.0,0.0,0.0,91.484,
70,ESS,MRQ,2003-12-31,2003-12-31,2003-12-31,2021-08-02,0.0,1916811000.0,,,,,25.598,-84954000.0,25943000.0,25943000.0,43006000.0,6916000.0,,1.793,989045000.0,,,989045000.0,0.0,57587000.0,0.0,0.049,0.78,20256000.0,77843000.0,1.181,77843000.0,20256000.0,6916000.0,0.24,0.24,0.24,581399000.0,,581399000.0,2270310589.0,26.0,15.648,-50746000.0,-2.234,1.0,22899000.0,0.347,0.0,13340000.0,2879913000.0,,0.0,85305000.0,,,1042269000.0,,,1463486589.0,855000.0,0.0,98917000.0,11776000.0,-12982000.0,54158000.0,-87511000.0,-7088000.0,34208000.0,0.0,6916000.0,5760000.0,5760000.0,-2203000.0,0.0,0.087,-4917000.0,27816000.0,20834000.0,3.25,2.517,43.127,40.646,1773542000.0,1156000.0,64.22,5.743,5.41,6021000.0,-86246000.0,65905000.0,65905000.0,0.0,,,,,0.0,2675000.0,1.0,22788642.0,22712407,22920245.0,2.902,1916811000.0,0.0,0.0,0.0,84.395,
71,ESS,MRQ,2003-09-30,2003-09-30,2003-09-30,2021-08-02,0.0,1659081000.0,,,,,23.963,-11070000.0,20472000.0,20472000.0,13289000.0,8735000.0,,1.756,827296000.0,,,827296000.0,0.0,0.0,0.0,0.05,0.78,21684000.0,21684000.0,0.344,21684000.0,21684000.0,8735000.0,0.41,0.41,0.41,506248000.0,,506248000.0,2130441692.0,24.0,15.918,9807000.0,0.464,1.0,49656000.0,0.789,0.0,12949000.0,2465905000.0,,0.0,107451000.0,,,889150000.0,,,1320662692.0,-1153000.0,4400000.0,5020000.0,192000.0,-17183000.0,8292000.0,-30322000.0,-21690000.0,20877000.0,0.0,8735000.0,8735000.0,8735000.0,19000.0,0.0,0.139,24054000.0,25602000.0,32792000.0,1.902,2.609,39.366,38.71,1473253000.0,0.0,62.71,5.238,5.255,34873000.0,-63006000.0,62945000.0,62945000.0,0.0,,,,,0.0,2288000.0,1.0,21059842.0,21126229,21377735.0,2.979,1659081000.0,0.0,0.0,0.0,78.532,
72,ESS,MRQ,2003-06-30,2003-06-30,2003-06-30,2021-08-02,0.0,1638220000.0,,,,,23.016,-11942000.0,17933000.0,17933000.0,18010000.0,9797000.0,,1.838,827712000.0,,,827712000.0,0.0,0.0,0.0,0.054,0.78,22710000.0,22710000.0,0.348,22710000.0,22710000.0,9797000.0,0.47,0.46,0.47,484175000.0,,484175000.0,1994831864.0,23.0,15.182,10874000.0,0.517,1.0,47305000.0,0.724,0.0,12913000.0,2447999000.0,,0.0,94632000.0,,,889856000.0,,,1203230864.0,-10000.0,-3579000.0,0.0,15516000.0,-17665000.0,-7017000.0,-15809000.0,-2366000.0,22816000.0,0.0,9797000.0,9797000.0,9797000.0,-41000.0,0.0,0.15,17697000.0,29608000.0,33334000.0,1.66,2.485,33.964,31.983,1474722000.0,0.0,57.25,5.056,5.061,32921000.0,-55741000.0,65315000.0,65315000.0,0.0,,,,,0.0,2362000.0,1.0,21017133.0,21036074,23558314.0,3.105,1638220000.0,0.0,0.0,0.0,77.877,
73,ESS,MRQ,2003-03-31,2003-03-31,2003-03-31,2021-08-02,0.0,1628934000.0,,,,,23.271,-10197000.0,20295000.0,20295000.0,18971000.0,9645000.0,,1.792,811896000.0,,,811896000.0,0.0,0.0,0.0,0.059,0.78,22852000.0,22852000.0,0.369,22852000.0,22852000.0,9645000.0,0.46,0.45,0.46,488594000.0,,488594000.0,1883226840.0,20.0,13.578,19858000.0,0.946,1.0,42984000.0,0.694,0.0,13207000.0,2420535000.0,,0.0,88921000.0,,,875598000.0,,,1096990840.0,3000000.0,-821000.0,0.0,7525000.0,-15336000.0,-14633000.0,-12422000.0,-481000.0,30055000.0,0.0,9645000.0,9645000.0,9645000.0,0.0,0.0,0.156,17430000.0,25554000.0,35131000.0,1.696,2.245,23.346,21.154,1473958000.0,0.0,52.25,4.905,4.906,30254000.0,-49968000.0,61955000.0,61955000.0,0.0,,,,,0.0,2309000.0,1.0,20995040.0,20995908,21208098.0,2.951,1628934000.0,0.0,0.0,0.0,77.583,
74,ESS,MRQ,2002-12-31,2002-12-31,2002-12-31,2021-08-02,0.0,1619734000.0,,,,,26.305,-27120000.0,17827000.0,17827000.0,15430000.0,5371000.0,,1.762,804063000.0,,,804063000.0,0.0,44100000.0,0.0,0.061,0.77,22495000.0,66595000.0,1.076,66595000.0,22495000.0,5371000.0,0.28,0.28,0.28,491314000.0,,491314000.0,1599808478.0,17.0,11.77,56000.0,0.003,1.0,46465000.0,0.751,0.0,17124000.0,2405970000.0,,0.0,85293000.0,,,865890000.0,,,928585478.0,4409000.0,-7605000.0,378000.0,69181000.0,-14057000.0,41748000.0,-64515000.0,-28739000.0,27176000.0,0.0,5371000.0,5371000.0,5371000.0,-8357000.0,0.0,0.087,32406000.0,14059000.0,35791000.0,2.75,1.89,19.091,19.408,1467891000.0,0.0,50.85,4.399,4.464,31318000.0,-43813000.0,61895000.0,61895000.0,0.0,,,,,0.0,3889000.0,1.0,18261268.0,18677796,18980806.0,3.314,1619734000.0,0.0,0.0,0.0,86.72,
75,ESS,MRQ,2002-09-30,2002-09-30,2002-09-30,2021-08-02,0.0,1356665000.0,,,,,20.209,-14042000.0,10636000.0,10636000.0,8173000.0,10614000.0,,1.982,681859000.0,,,681859000.0,0.0,0.0,0.0,0.061,0.77,19235000.0,19235000.0,0.394,19235000.0,19235000.0,10614000.0,0.58,0.57,0.58,370753000.0,,370753000.0,1542153149.0,17.0,12.187,8491000.0,0.463,1.0,40622000.0,0.833,0.0,8621000.0,2027888000.0,,0.0,103057000.0,,,734671000.0,,,901013149.0,-6517000.0,-5018000.0,1111000.0,14180000.0,-14340000.0,-24602000.0,-4448000.0,5226000.0,22533000.0,0.0,10614000.0,10614000.0,10614000.0,0.0,0.0,0.218,15276000.0,25346000.0,28182000.0,1.328,2.43,16.582,16.816,1157676000.0,0.0,49.44,4.474,4.504,69423000.0,-39358000.0,48795000.0,48795000.0,0.0,,,,,0.0,1482000.0,1.0,18224376.0,18345664,18508907.0,2.66,1356665000.0,0.0,0.0,0.0,73.95,
76,ESS,MRQ,2002-06-30,2002-06-30,2002-06-30,2021-08-02,0.0,1366333000.0,,,,,21.088,-18926000.0,26539000.0,26539000.0,7728000.0,21358000.0,,1.841,667679000.0,,,667679000.0,0.0,0.0,0.0,0.054,0.77,30010000.0,30010000.0,0.589,30010000.0,30010000.0,21358000.0,1.15,1.14,1.15,392305000.0,,392305000.0,1639703245.0,17.0,12.401,-957000.0,-0.051,1.0,43255000.0,0.848,0.0,8652000.0,2007473000.0,,0.0,152347000.0,,,722359000.0,,,1017706245.0,1796000.0,6400000.0,1009000.0,20329000.0,-13034000.0,-293000.0,-15880000.0,-3964000.0,17969000.0,0.0,21358000.0,21358000.0,21358000.0,0.0,0.0,0.419,14946000.0,28309000.0,29873000.0,0.67,2.594,17.36,17.256,1123749000.0,0.0,54.7,4.993,4.993,28250000.0,-35911000.0,50983000.0,50983000.0,0.0,,,,,0.0,1565000.0,1.0,18605233.0,18603394,18793987.0,2.741,1366333000.0,0.0,0.0,0.0,73.445,
77,ESS,MRQ,2002-03-31,2002-03-31,2002-03-31,2021-08-02,0.0,1340493000.0,,,,,20.755,-21041000.0,25353000.0,25353000.0,7990000.0,11296000.0,,1.837,647350000.0,,,647350000.0,0.0,0.0,0.0,0.055,0.77,20085000.0,20085000.0,0.406,20085000.0,20085000.0,11296000.0,0.61,0.61,0.61,383962000.0,,383962000.0,1636489475.0,19.0,13.274,6349000.0,0.343,1.0,41422000.0,0.838,0.0,8789000.0,1962490000.0,,0.0,152852000.0,,,705433000.0,,,1021432475.0,428000.0,6223000.0,878000.0,8690000.0,-14172000.0,-10075000.0,-16887000.0,-747000.0,27390000.0,0.0,11296000.0,11296000.0,11296000.0,0.0,0.0,0.229,15277000.0,26145000.0,33302000.0,1.262,2.66,20.935,19.765,1123211000.0,0.0,52.18,5.023,4.747,27164000.0,-42936000.0,49412000.0,49412000.0,0.0,,,,,0.0,1700000.0,1.0,19575172.0,18500117,18681096.0,2.671,1340493000.0,0.0,0.0,0.0,72.459,
78,ESS,MRQ,2001-12-31,2001-12-31,2001-12-31,2021-08-02,0.0,1329458000.0,,,,,20.715,-26683000.0,23603000.0,23603000.0,8599000.0,11069000.0,,1.811,638660000.0,,,638660000.0,0.0,36295000.0,0.0,0.057,0.7,20919000.0,57214000.0,1.096,57214000.0,20919000.0,11069000.0,0.6,0.59,0.6,381674000.0,,381674000.0,1552956316.0,18.0,12.566,-12187000.0,-0.661,1.0,43587000.0,0.835,0.0,9850000.0,1944515000.0,,0.0,151474000.0,,,691379000.0,,,909850316.0,-5901000.0,27495000.0,108000.0,-34245000.0,-12958000.0,-57341000.0,36944000.0,51824000.0,14496000.0,0.0,11069000.0,11069000.0,11069000.0,-189000.0,0.0,0.212,16653000.0,26934000.0,29577000.0,1.167,2.384,18.742,18.787,1112187000.0,0.0,49.41,4.47,4.479,29771000.0,-39920000.0,52186000.0,52186000.0,0.0,,,,,0.0,1932000.0,1.0,18414295.0,18425370,18768216.0,2.832,1329458000.0,0.0,0.0,0.0,72.154,
79,ESS,MRQ,2001-09-30,2001-09-30,2001-09-30,2021-08-02,0.0,1373999000.0,,,,,21.256,-20355000.0,29799000.0,29799000.0,8172000.0,14899000.0,,1.857,672905000.0,,,672905000.0,0.0,0.0,0.0,0.055,0.7,24915000.0,24915000.0,0.486,24915000.0,24915000.0,14899000.0,0.81,0.79,0.81,393048000.0,,393048000.0,1539071037.0,18.0,13.073,10711000.0,0.579,1.0,43064000.0,0.841,0.0,10016000.0,2017105000.0,,0.0,194978000.0,,,729923000.0,,,907085037.0,-325000.0,-408000.0,1176000.0,11723000.0,-12928000.0,-6188000.0,-25203000.0,-3512000.0,31066000.0,0.0,14899000.0,14899000.0,14899000.0,-141000.0,0.0,0.291,15513000.0,27551000.0,33964000.0,0.864,2.308,18.681,18.669,1103353000.0,0.0,49.1,4.549,4.553,33085000.0,-38090000.0,51236000.0,51236000.0,0.0,,,,,0.0,1838000.0,1.0,18474237.0,18491144,21093631.0,2.771,1373999000.0,0.0,0.0,0.0,74.306,
80,ESS,MRQ,2001-06-30,2001-06-30,2001-06-30,2021-08-02,0.0,1358922000.0,,,,,21.121,-10509000.0,29196000.0,29196000.0,8239000.0,11527000.0,,1.842,661182000.0,,,661182000.0,0.0,0.0,0.0,0.053,0.7,21074000.0,21074000.0,0.417,21074000.0,21074000.0,11527000.0,0.62,0.61,0.62,389932000.0,,389932000.0,1468183472.0,18.0,13.178,16919000.0,0.916,1.0,42280000.0,0.837,0.0,9547000.0,1990908000.0,,0.0,195349000.0,,,718194000.0,,,914536472.0,839000.0,-6082000.0,189000.0,71134000.0,-12867000.0,52421000.0,-79010000.0,-64319000.0,27428000.0,0.0,11527000.0,11527000.0,11527000.0,-156000.0,0.0,0.228,15164000.0,27116000.0,29040000.0,1.129,2.345,20.829,20.819,1091691000.0,0.0,49.55,4.677,4.678,29050000.0,-40030000.0,50519000.0,50519000.0,0.0,,,,,0.0,1854000.0,1.0,18456841.0,18462237,18777636.0,2.736,1358922000.0,0.0,0.0,0.0,73.605,
81,ESS,MRQ,2001-03-31,2001-03-31,2001-03-31,2021-08-02,0.0,1279033000.0,,,,,21.207,-14586000.0,30257000.0,30257000.0,8311000.0,11049000.0,,1.634,583904000.0,,,583904000.0,0.0,0.0,0.0,0.052,0.7,20473000.0,20473000.0,0.409,20473000.0,20473000.0,11049000.0,0.6,0.59,0.6,390796000.0,,390796000.0,1468553675.0,19.0,13.715,8291000.0,0.45,1.0,41799000.0,0.834,0.0,9424000.0,1832680000.0,,0.0,136722000.0,,,638649000.0,,,898583675.0,5227000.0,0.0,-1217000.0,-11631000.0,-11234000.0,-24115000.0,6465000.0,4529000.0,22877000.0,0.0,11049000.0,11049000.0,11049000.0,0.0,0.0,0.22,15295000.0,26504000.0,26873000.0,1.167,2.299,21.132,20.711,1072437000.0,0.0,48.05,4.794,4.724,26487000.0,-38629000.0,50110000.0,50110000.0,0.0,,,,,0.0,1874000.0,1.0,18701013.0,18427644,18810140.0,2.719,1279033000.0,0.0,0.0,0.0,69.408,
82,ESS,MRQ,2000-12-31,2000-12-31,2000-12-31,2021-08-02,0.0,1281849000.0,,,,,21.257,-16157000.0,25565000.0,25565000.0,7753000.0,11081000.0,,1.665,595535000.0,,,595535000.0,0.0,30765000.0,0.0,0.043,0.594,20505000.0,51270000.0,1.078,51270000.0,20505000.0,11081000.0,0.6,0.58,0.6,391675000.0,,391675000.0,1541908583.0,21.0,14.662,9641000.0,0.523,1.0,39797000.0,0.837,0.0,9424000.0,1851819000.0,,0.0,142784000.0,,,652044000.0,,,1021372583.0,-124000.0,4241000.0,78000.0,41085000.0,-11227000.0,23633000.0,-49555000.0,-36527000.0,25798000.0,0.0,11081000.0,11081000.0,11081000.0,-558000.0,0.0,0.233,13721000.0,26076000.0,30430000.0,0.99,2.608,23.157,22.624,1075140000.0,0.0,54.75,5.775,5.645,24062000.0,-36760000.0,47550000.0,47550000.0,0.0,,,,,0.0,1552000.0,1.0,18655207.0,18426043,18798765.0,2.581,1281849000.0,0.0,0.0,0.0,69.567,
83,ESS,MRQ,2000-09-30,2000-09-30,2000-09-30,2021-08-02,0.0,1229175000.0,,,,,21.359,-55954000.0,24577000.0,24577000.0,7584000.0,10249000.0,,1.53,545113000.0,,,545113000.0,0.0,0.0,0.0,0.042,0.61,18594000.0,18594000.0,0.393,18594000.0,18594000.0,10249000.0,0.56,0.55,0.56,391541000.0,,391541000.0,1469894588.0,20.0,14.888,-24848000.0,-1.355,1.0,39774000.0,0.84,0.0,8345000.0,1749711000.0,,0.0,77626000.0,,,599183000.0,,,1017141588.0,1487000.0,-1960000.0,1018000.0,70031000.0,-11209000.0,53572000.0,-83191000.0,-24516000.0,31106000.0,0.0,10249000.0,10249000.0,10249000.0,0.0,0.0,0.216,15323000.0,24451000.0,28086000.0,1.089,2.598,22.078,21.718,1064567000.0,0.0,55.38,6.025,6.014,50357000.0,-36480000.0,47358000.0,47358000.0,0.0,,,,,0.0,2215000.0,1.0,18366587.0,18331631,18719115.0,2.583,1229175000.0,0.0,0.0,0.0,67.052,
84,ESS,MRQ,2000-06-30,2000-06-30,2000-06-30,2021-08-02,0.0,1152876000.0,,,,,21.609,-31491000.0,22329000.0,22329000.0,7244000.0,10273000.0,,1.336,475082000.0,,,475082000.0,0.0,0.0,0.0,0.054,0.61,16740000.0,16740000.0,0.395,16740000.0,16740000.0,10273000.0,0.56,0.55,0.56,391330000.0,,391330000.0,1092133928.0,15.0,11.058,-17128000.0,-0.946,1.0,35168000.0,0.829,0.0,6467000.0,1605629000.0,,0.0,97842000.0,,,522836000.0,,,760384928.0,-17849000.0,-1676000.0,777000.0,48265000.0,-9944000.0,32570000.0,-64782000.0,-32605000.0,14363000.0,0.0,10273000.0,10144000.0,10144000.0,0.0,0.0,0.239,12323000.0,22845000.0,22007000.0,1.089,1.943,15.599,15.506,1015869000.0,129000.0,42.02,4.776,4.78,6073000.0,-35619000.0,42412000.0,42412000.0,0.0,,,,,0.0,1170000.0,1.0,18095786.0,18109640,18612905.0,2.342,1152876000.0,0.0,0.0,0.0,63.661,
85,ESS,MRQ,2000-03-31,2000-03-31,2000-03-31,2021-08-02,0.0,1056362000.0,,,,,21.666,16228000.0,41168000.0,41168000.0,6805000.0,12750000.0,,1.089,372917000.0,,,372917000.0,0.0,0.0,0.0,0.061,0.55,18558000.0,18558000.0,0.469,18558000.0,18558000.0,12750000.0,0.7,0.69,0.7,391456000.0,,391456000.0,1005815896.0,14.0,10.461,38260000.0,2.118,1.0,32731000.0,0.828,0.0,5808000.0,1388111000.0,,0.0,63818000.0,,,426355000.0,,,651271896.0,10738000.0,-605000.0,916000.0,-11191000.0,-10044000.0,-26087000.0,14793000.0,36000.0,22032000.0,0.0,12750000.0,12633000.0,12633000.0,0.0,0.0,0.32,11842000.0,20889000.0,29583000.0,0.786,1.664,13.786,13.585,934157000.0,117000.0,36.0,4.293,4.288,7796000.0,-34716000.0,39536000.0,39536000.0,0.0,,,,,0.0,1125000.0,1.0,18090886.0,18067694,18499759.0,2.188,1056362000.0,0.0,0.0,0.0,58.467,
86,ESS,MRQ,1999-12-31,1999-12-31,1999-12-31,2021-08-02,0.0,1062313000.0,,,,,22.127,69626000.0,29564000.0,29564000.0,7560000.0,13161000.0,,1.125,384108000.0,,,384108000.0,0.0,26150000.0,0.0,0.063,0.55,18685000.0,44835000.0,1.135,44835000.0,18685000.0,13161000.0,0.73,0.71,0.73,387693000.0,,387693000.0,1029367934.0,16.0,11.314,91864000.0,5.243,1.0,31952000.0,0.809,0.0,5524000.0,1416857000.0,,0.0,61646000.0,,,436331000.0,,,613864934.0,8010000.0,-27219000.0,-8000.0,-47969000.0,-9903000.0,-67411000.0,53183000.0,11170000.0,22238000.0,0.0,13161000.0,13044000.0,13044000.0,0.0,0.0,0.33,11636000.0,20316000.0,28379000.0,0.753,1.583,14.536,14.108,952885000.0,117000.0,34.0,4.203,4.079,9001000.0,-37399000.0,39512000.0,39512000.0,0.0,,,,,0.0,1045000.0,1.0,18054851.0,17521185,18491242.0,2.255,1062313000.0,0.0,0.0,0.0,60.63,
87,ESS,MRQ,1999-09-30,1999-09-30,1999-09-30,2021-08-02,0.0,1129526000.0,,,,,21.314,-98191000.0,21160000.0,21160000.0,7110000.0,13073000.0,,1.317,436663000.0,,,436663000.0,0.0,0.0,0.0,0.06,0.55,18633000.0,18633000.0,0.494,18633000.0,18633000.0,13073000.0,0.72,0.71,0.72,384416000.0,,384416000.0,1052051994.0,19.0,13.595,-74688000.0,-4.141,1.0,30635000.0,0.812,0.0,5560000.0,1545029000.0,,0.0,34546000.0,,,506127000.0,,,629962994.0,2543000.0,-3568000.0,-86000.0,-3822000.0,-10176000.0,85902000.0,-106862000.0,-4882000.0,23503000.0,0.0,13073000.0,12924000.0,12924000.0,0.0,0.0,0.342,11502000.0,19133000.0,44857000.0,0.764,1.639,19.39,18.585,1053555000.0,149000.0,34.94,4.512,4.514,11160000.0,-40796000.0,37745000.0,37745000.0,0.0,,,,,0.0,1096000.0,1.0,18029851.0,18036066,18471975.0,2.093,1129526000.0,0.0,0.0,0.0,62.626,
88,ESS,MRQ,1999-06-30,1999-06-30,1999-06-30,2021-08-02,0.0,1016825000.0,,,,,22.099,-41219000.0,18396000.0,18396000.0,6748000.0,8876000.0,,1.312,440485000.0,,,440485000.0,0.0,0.0,0.0,0.058,0.55,14126000.0,14126000.0,0.405,14126000.0,14126000.0,8876000.0,0.5,0.49,0.5,380969000.0,,380969000.0,974440746.0,20.0,13.787,-22256000.0,-1.291,1.0,28150000.0,0.807,0.0,5250000.0,1438914000.0,,0.0,26706000.0,,,499787000.0,,,607156746.0,-450000.0,435000.0,-915000.0,39907000.0,-9239000.0,18101000.0,-37514000.0,4622000.0,18963000.0,0.0,8876000.0,8640000.0,8640000.0,0.0,0.0,0.248,10427000.0,17723000.0,36181000.0,1.1,1.594,23.934,23.43,952882000.0,236000.0,35.38,4.513,4.534,10414000.0,-43683000.0,34898000.0,34898000.0,0.0,,,,,0.0,1111000.0,1.0,17161016.0,17238910,18447710.0,2.024,1016825000.0,0.0,0.0,0.0,58.984,
89,ESS,MRQ,1999-03-31,1999-03-31,1999-03-31,2021-08-02,0.0,955411000.0,,,,,23.235,-29708000.0,17494000.0,17494000.0,6607000.0,8454000.0,,1.122,384778000.0,,,384778000.0,0.0,0.0,0.0,0.077,0.5,13388000.0,13388000.0,0.395,13388000.0,13388000.0,8454000.0,0.46,0.45,0.46,388855000.0,,388855000.0,780919556.0,16.0,11.266,-10846000.0,-0.648,1.0,27283000.0,0.805,0.0,4934000.0,1322695000.0,,0.0,22027000.0,,,436319000.0,,,437484556.0,-303000.0,327000.0,-161000.0,23263000.0,-9316000.0,10423000.0,-29588000.0,-490000.0,18862000.0,0.0,8454000.0,7623000.0,7623000.0,0.0,0.0,0.225,10529000.0,16754000.0,29906000.0,1.087,1.125,18.695,18.532,887185000.0,831000.0,26.13,3.332,3.33,18738000.0,-42465000.0,33890000.0,33890000.0,0.0,,,,,0.0,1011000.0,1.0,16742616.0,16735640,16888989.0,2.025,955411000.0,0.0,0.0,0.0,57.088,
90,ESS,MRQ,1998-12-31,1998-12-31,1998-12-31,2021-08-02,0.0,931796000.0,,,,,23.438,-19597000.0,18080000.0,18080000.0,6906000.0,4177000.0,,1.056,361515000.0,,,361515000.0,0.0,21948000.0,0.0,0.066,0.5,9292000.0,31240000.0,0.944,31240000.0,9292000.0,4177000.0,0.2,0.2,0.2,389800000.0,,389800000.0,837168351.0,18.0,12.375,-9288000.0,-0.558,1.0,26182000.0,0.791,0.0,5115000.0,1275231000.0,,0.0,21040000.0,,,411564000.0,,,494936351.0,-523000.0,724000.0,81000.0,1007000.0,-9174000.0,9126000.0,-19958000.0,-148000.0,10309000.0,0.0,4177000.0,3302000.0,3302000.0,0.0,0.0,0.1,9969000.0,16213000.0,28601000.0,2.5,1.27,21.681,21.715,865388000.0,875000.0,29.75,3.951,3.95,18809000.0,-41481000.0,33088000.0,33088000.0,0.0,,,,,0.0,924000.0,1.0,16636516.0,16630954,16808943.0,1.99,931796000.0,0.0,0.0,0.0,56.028,
91,ESS,MRQ,1998-09-30,1998-09-30,1998-09-30,2021-08-02,0.0,920234000.0,,,,,23.729,-12705000.0,18276000.0,18276000.0,6230000.0,6678000.0,,1.062,360508000.0,,,360508000.0,0.0,0.0,0.0,0.061,0.5,11923000.0,11923000.0,0.365,11923000.0,11923000.0,6678000.0,0.35,0.34,0.35,394735000.0,,394735000.0,838301946.0,18.0,13.756,7797000.0,0.469,1.0,26421000.0,0.809,0.0,5245000.0,1262466000.0,,0.0,19712000.0,,,419387000.0,,,515714946.0,-1902000.0,70000.0,54000.0,17969000.0,-9304000.0,5788000.0,-28192000.0,511000.0,20502000.0,0.0,6678000.0,5803000.0,5803000.0,0.0,0.0,0.178,10966000.0,15455000.0,37648000.0,1.429,1.306,21.424,19.497,855764000.0,875000.0,31.0,4.422,4.421,10770000.0,-36465000.0,32651000.0,32651000.0,0.0,,,,,0.0,1007000.0,1.0,16635966.0,16635228,16821421.0,1.963,920234000.0,0.0,0.0,0.0,55.318,
92,ESS,MRQ,1998-06-30,1998-06-30,1998-06-30,2021-08-02,0.0,903815000.0,,,,,23.87,-35929000.0,19952000.0,19952000.0,6582000.0,7548000.0,,1.009,342539000.0,,,342539000.0,0.0,0.0,0.0,0.06,0.5,12765000.0,12765000.0,0.403,12765000.0,12765000.0,7548000.0,0.4,0.4,0.4,397013000.0,,397013000.0,806128930.0,16.0,12.775,-21389000.0,-1.286,1.0,25102000.0,0.792,0.0,5217000.0,1226402000.0,,0.0,20559000.0,,,400549000.0,,,515654930.0,-601000.0,300000.0,131000.0,13774000.0,-8250000.0,21599000.0,-36740000.0,-406000.0,14540000.0,0.0,7548000.0,6673000.0,6673000.0,0.0,0.0,0.211,9683000.0,15419000.0,36038000.0,1.25,1.299,17.638,15.736,835278000.0,875000.0,31.0,4.867,4.866,9927000.0,-34133000.0,31684000.0,31684000.0,0.0,,,,,0.0,1016000.0,1.0,16634030.0,16632561,16847830.0,1.905,903815000.0,0.0,0.0,0.0,54.34,
93,ESS,MRQ,1998-03-31,1998-03-31,1998-03-31,2021-08-02,0.0,845515000.0,,,,,23.992,-101690000.0,19848000.0,19848000.0,6172000.0,7925000.0,,0.903,310322000.0,,,310322000.0,0.0,0.0,0.0,0.052,0.45,11722000.0,11722000.0,0.421,11722000.0,11722000.0,7925000.0,0.42,0.42,0.42,398696000.0,,398696000.0,836639817.0,18.0,14.071,-88007000.0,-5.296,1.0,21664000.0,0.778,0.0,3797000.0,1135989000.0,,0.0,12401000.0,,,359938000.0,,,570417817.0,1292000.0,161000.0,208000.0,33725000.0,-8346000.0,82620000.0,-95011000.0,-1143000.0,13683000.0,0.0,7925000.0,7050000.0,7050000.0,0.0,0.0,0.253,8068000.0,13596000.0,30046000.0,1.071,1.431,19.794,17.155,793338000.0,875000.0,34.31,6.078,6.075,8923000.0,-32319000.0,27836000.0,27836000.0,0.0,,,,,0.0,818000.0,1.0,16625410.0,16618186,16848800.0,1.675,845515000.0,0.0,0.0,0.0,50.879,
94,ESS,MRQ,1997-12-31,1997-12-31,1997-12-31,2021-08-02,0.0,738835000.0,,,,,29.235,-129978000.0,10375000.0,10375000.0,5341000.0,7227000.0,,0.78,276597000.0,,,276597000.0,0.0,13992000.0,0.0,0.051,0.45,10538000.0,24530000.0,1.003,24530000.0,10538000.0,7227000.0,0.42,0.43,0.42,398915000.0,,398915000.0,,,,-113919000.0,-8.349,1.0,19122000.0,0.782,0.0,3311000.0,1005057000.0,,0.0,18799000.0,,,311331000.0,,,581889350.0,-14499000.0,249000.0,70241000.0,54767000.0,-7672000.0,107651000.0,-138209000.0,-27976000.0,16059000.0,0.0,7227000.0,4546000.0,4546000.0,0.0,0.0,0.186,12329000.0,6793000.0,21337000.0,1.071,1.459,21.847,17.857,693181000.0,2681000.0,35.0,6.881,5.647,8602000.0,-31892000.0,24463000.0,24463000.0,0.0,,,,,0.0,731000.0,1.0,16625410.0,13644906,15285288.0,1.793,738835000.0,0.0,0.0,0.0,54.147,
95,ESS,MRQ,1997-09-30,1997-09-30,1997-09-30,2021-08-02,,,,,,,,-39932000.0,,,4618000.0,10967000.0,,,,,,,,0.0,,0.05,0.45,14085000.0,14085000.0,0.641,14085000.0,14085000.0,10967000.0,0.73,0.69,0.73,,,,,,,-31946000.0,-2.296,1.0,17357000.0,0.79,,3118000.0,,,,,,,,,,,3148000.0,401000.0,46080000.0,-786000.0,-5481000.0,36161000.0,-40999000.0,0.0,7986000.0,0.0,10967000.0,10967000.0,10967000.0,0.0,0.0,0.499,1499000.0,15858000.0,,0.616,,,,,0.0,34.88,,,,,21975000.0,21975000.0,0.0,,,,,0.0,631000.0,1.0,,13915790,15961927.0,1.579,,,0.0,,,
96,ESS,MRQ,1997-06-30,1997-06-30,1997-06-30,2021-08-02,,,,,,,,-38896000.0,,,4215000.0,6254000.0,,,,,,,,0.0,,0.054,0.435,9121000.0,9121000.0,0.466,9121000.0,9121000.0,6254000.0,0.43,0.42,0.43,,,,,,,-28717000.0,-2.121,1.0,15365000.0,0.785,,2867000.0,,,,,,,,,,,6911000.0,34000.0,58278000.0,-47385000.0,-6411000.0,35594000.0,-38862000.0,0.0,10179000.0,0.0,6254000.0,6254000.0,6254000.0,0.0,0.0,0.319,5049000.0,10316000.0,,1.012,,,,,0.0,32.13,,,,,19580000.0,19580000.0,0.0,,,,,0.0,535000.0,1.0,,13538186,13728794.0,1.446,,,0.0,,,
97,ESS,MRQ,1997-03-31,1997-03-31,1997-03-31,2021-08-02,,,,,,,,-51032000.0,,,4054000.0,4868000.0,,,,,,,,0.0,,0.058,0.435,8231000.0,8231000.0,0.444,8231000.0,8231000.0,4868000.0,0.38,0.38,0.38,,,,,,,-38358000.0,-3.308,1.0,14497000.0,0.781,,3363000.0,,,,,,,,,,,-33983000.0,-64000.0,99000.0,33755000.0,-5482000.0,5224000.0,-51881000.0,-785000.0,12674000.0,0.0,4868000.0,4868000.0,4868000.0,0.0,0.0,0.262,5264000.0,9233000.0,,1.145,,,,,0.0,29.88,,,,,18551000.0,18551000.0,0.0,,,,,0.0,516000.0,1.0,,11594606,12699238.0,1.6,,,0.0,,,
98,ESS,MRQ,1996-12-31,1996-12-31,1996-12-31,2021-08-02,0.0,417174000.0,,,,,30.592,,46899000.0,46899000.0,,,,0.759,153205000.0,,,153205000.0,0.0,,0.0,0.059,0.435,,,,,,,,,,222807000.0,,222807000.0,,,,,,1.0,,,0.0,,523480000.0,,0.0,10899000.0,,,169086000.0,,,,,,,,,,,,,,,,,,,,,,7346000.0,,,,26.0,346178000.0,,29.38,,4.221,5293000.0,-33301000.0,,,,,,,,,,1.0,,7283124,,,417174000.0,0.0,,0.0,57.28,
0,ESS,MRT,2021-06-30,2021-06-30,2021-06-30,2021-08-02,-9768000.0,12747199000.0,12968655500.0,,,0.111,91.589,-244275000.0,58176000.0,58176000.0,476313000.0,427055000.0,,1.104,6202511000.0,,,6202511000.0,0.0,517652000.0,0.0,0.028,8.335,616355000.0,1134007000.0,0.788,1134007000.0,616355000.0,402696000.0,6.19,6.2,6.19,5953455000.0,6015509500.0,5953455000.0,25556872989.0,41.0,22.537,560794000.0,8.627,1.0,962674000.0,0.669,0.0,213659000.0,18891534000.0,19108247750.0,0.0,1451907000.0,,,6575470000.0,,,19500322989.0,-198299000.0,0.0,-80055000.0,-191430000.0,-542198000.0,-868636000.0,-134732000.0,-241356000.0,805069000.0,0.0,402696000.0,402696000.0,402696000.0,0.0,24359000.0,0.28,514543000.0,448131000.0,192081000.0,1.347,3.275,48.424,48.467,11183632000.0,0.0,300.01,13.551,13.552,0.0,-899663000.0,1438987000.0,1438987000.0,0.0,0.031,0.067,0.032,0.428,8109000.0,58488000.0,1.0,64998910.0,65001677,65080746.0,22.138,12747199000.0,0.0,0.0,0.0,196.106,
1,ESS,MRT,2021-03-31,2021-03-31,2021-03-31,2021-08-02,-10390000.0,12790204000.0,13076208500.0,,,0.112,92.71,-235663000.0,113360000.0,113360000.0,478497000.0,447516000.0,,1.086,6169910000.0,,,6169910000.0,0.0,522525000.0,0.0,0.031,8.323,639443000.0,1161968000.0,0.797,1161968000.0,639443000.0,422308000.0,6.48,6.49,6.48,6025176000.0,6068664250.0,6025176000.0,23909636696.0,37.0,20.577,495785000.0,7.629,1.0,980009000.0,0.672,0.0,217135000.0,18846754000.0,19214357750.0,0.0,1394786000.0,,,6542951000.0,,,17668105696.0,-168987000.0,0.0,-100165000.0,-384169000.0,-542283000.0,-1076041000.0,175606000.0,-171640000.0,731448000.0,0.0,422308000.0,422308000.0,422308000.0,0.0,25208000.0,0.29,522120000.0,457889000.0,193525000.0,1.284,2.932,41.837,41.951,11194614000.0,0.0,271.84,12.114,12.113,0.0,-828625000.0,1458506000.0,1458506000.0,0.0,0.032,0.07,0.033,0.438,8357000.0,61218000.0,1.0,64994503.0,64989620,65114933.0,22.442,12790204000.0,0.0,0.0,0.0,196.804,
2,ESS,MRT,2020-12-31,2020-12-31,2020-12-31,2021-08-02,-14729000.0,12936177000.0,13241367750.0,,,0.113,91.674,-708267000.0,84041000.0,84041000.0,474973000.0,599332000.0,,1.12,6325572000.0,,,6325572000.0,0.0,525497000.0,0.0,0.035,8.31,789503000.0,1315000000.0,0.879,1315000000.0,789503000.0,568870000.0,8.69,8.69,8.69,6000410000.0,6119411500.0,6000410000.0,21596834830.0,27.0,16.423,94841000.0,1.449,1.0,1020775000.0,0.682,0.0,220633000.0,19177708000.0,19437807000.0,0.0,1360882000.0,,,6720746000.0,,,15480881830.0,2947000.0,0.0,-254746000.0,461994000.0,-536098000.0,-383261000.0,-416900000.0,-48617000.0,803108000.0,0.0,568870000.0,568870000.0,568870000.0,0.0,30462000.0,0.38,529334000.0,491441000.0,184272000.0,0.956,2.58,27.213,27.321,11443914000.0,0.0,237.42,10.35,10.39,0.0,-861193000.0,1495748000.0,1495748000.0,0.0,0.043,0.093,0.041,0.528,8157000.0,65388000.0,1.0,65204624.0,65454057,65564982.0,22.852,12936177000.0,0.0,0.0,0.0,197.638,
3,ESS,MRT,2020-09-30,2020-09-30,2020-09-30,2021-08-02,-16800000.0,13401042000.0,13183674750.0,,,0.114,93.251,-771175000.0,569075000.0,569075000.0,465438000.0,632865000.0,,1.168,6685028000.0,,,6685028000.0,0.0,518278000.0,0.0,0.041,8.182,821655000.0,1339933000.0,0.888,1339933000.0,821655000.0,601943000.0,9.14,9.13,9.14,6082997000.0,6174415750.0,6082997000.0,19232068057.0,23.0,14.353,94414000.0,1.447,1.0,1043602000.0,0.692,0.0,219712000.0,19516995000.0,19270861000.0,0.0,1228638000.0,,,7102841000.0,,,13093505057.0,477349000.0,0.0,-207318000.0,551398000.0,-529459000.0,-262814000.0,-125426000.0,341766000.0,865589000.0,0.0,601943000.0,601943000.0,601943000.0,0.0,30922000.0,0.399,586525000.0,457077000.0,235812000.0,0.895,2.152,21.752,21.968,11556645000.0,0.0,200.79,8.677,8.68,0.0,-821841000.0,1509040000.0,1509040000.0,0.0,0.046,0.097,0.043,0.544,3036000.0,57775000.0,1.0,65209946.0,65232837,65241428.0,23.133,13401042000.0,0.0,0.0,0.0,205.434,
4,ESS,MRT,2020-06-30,2020-06-30,2020-06-30,2021-08-02,-18710000.0,13177411000.0,13082887250.0,,,0.115,94.265,-843694000.0,256475000.0,256475000.0,455150000.0,659723000.0,,1.101,6395038000.0,,,6395038000.0,0.0,508885000.0,0.0,0.035,8.055,846795000.0,1355680000.0,0.901,1355680000.0,846795000.0,627617000.0,9.52,9.51,9.52,6166074000.0,6209941500.0,6166074000.0,21281405245.0,25.0,15.698,71662000.0,1.096,1.0,1050011000.0,0.698,0.0,219178000.0,19315974000.0,19149562750.0,0.0,1207939000.0,,,6791289000.0,,,14991695245.0,201504000.0,0.0,-80327000.0,444422000.0,-521905000.0,-229825000.0,-484027000.0,104065000.0,915356000.0,0.0,627617000.0,627617000.0,627617000.0,0.0,32106000.0,0.417,575178000.0,474833000.0,213149000.0,0.846,2.431,23.887,24.072,11660103000.0,0.0,229.17,9.96,9.959,0.0,-760028000.0,1505161000.0,1505161000.0,0.0,0.048,0.101,0.044,0.563,3583000.0,55810000.0,1.0,65417355.0,65412407,65427935.0,23.01,13177411000.0,0.0,0.0,0.0,201.451,
5,ESS,MRT,2020-03-31,2020-03-31,2020-03-31,2021-08-02,-22668000.0,13450841000.0,12956320750.0,,,0.115,94.304,-867951000.0,282347000.0,282347000.0,440027000.0,667708000.0,,1.124,6572057000.0,,,6572057000.0,0.0,494741000.0,0.0,0.036,7.928,854277000.0,1349018000.0,0.902,1349018000.0,854277000.0,635434000.0,9.63,9.62,9.63,6228165000.0,6207149750.0,6228165000.0,20378257899.0,24.0,15.106,62295000.0,0.943,1.0,1056272000.0,0.706,0.0,218843000.0,19740551000.0,18954482000.0,0.0,1180143000.0,,,7000249000.0,,,14573738899.0,158221000.0,0.0,-58725000.0,625586000.0,-514108000.0,-17945000.0,-754080000.0,87953000.0,930246000.0,0.0,635434000.0,635434000.0,635434000.0,0.0,32274000.0,0.425,560018000.0,496254000.0,244102000.0,0.823,2.34,22.935,22.87,11938411000.0,0.0,220.24,9.74,9.721,0.0,-708697000.0,1496299000.0,1496299000.0,0.0,0.049,0.102,0.045,0.571,683000.0,54785000.0,1.0,66172080.0,66043831,66195415.0,22.656,13450841000.0,0.0,0.0,0.0,203.665,
6,ESS,MRT,2019-12-31,2019-12-31,2019-12-31,2021-08-02,-13888000.0,12705405000.0,12738110750.0,,,0.115,94.477,-464043000.0,81094000.0,81094000.0,430594000.0,464448000.0,,1.007,5885613000.0,,,5885613000.0,0.0,483750000.0,0.0,0.026,7.8,656625000.0,1140375000.0,0.781,1140375000.0,656625000.0,439286000.0,6.67,6.66,6.67,6220427000.0,6197922750.0,6220427000.0,25915235821.0,39.0,22.725,455036000.0,6.911,1.0,1029561000.0,0.705,0.0,217339000.0,18509924000.0,18586515750.0,0.0,1613897000.0,,,6264491000.0,,,19881325821.0,-70301000.0,0.0,53017000.0,72268000.0,-507754000.0,-461689000.0,-527691000.0,-90601000.0,919079000.0,0.0,439286000.0,439286000.0,439286000.0,0.0,25162000.0,0.301,548449000.0,481112000.0,206929000.0,1.169,3.196,45.258,45.106,10969479000.0,0.0,300.86,13.616,13.566,0.0,-887619000.0,1460155000.0,1460155000.0,0.0,0.034,0.071,0.035,0.45,7010000.0,54262000.0,1.0,66081652.0,65840422,65939455.0,22.177,12705405000.0,0.0,0.0,0.0,192.973,
7,ESS,MRT,2019-09-30,2019-09-30,2019-09-30,2021-08-02,-19028000.0,12997892000.0,12657658500.0,,,0.114,94.534,-451904000.0,91726000.0,91726000.0,427053000.0,453706000.0,,1.051,6125636000.0,,,6125636000.0,0.0,481439000.0,0.0,0.024,7.71,645096000.0,1126535000.0,0.783,1126535000.0,645096000.0,428288000.0,6.51,6.5,6.51,6225100000.0,6209584250.0,6225100000.0,27334494483.0,42.0,24.264,400440000.0,6.081,1.0,1010895000.0,0.703,0.0,216808000.0,19031802000.0,18418570500.0,0.0,1630755000.0,,,6543811000.0,,,21469988483.0,-82900000.0,0.0,7549000.0,243935000.0,-501730000.0,-306922000.0,-628322000.0,-400760000.0,852344000.0,0.0,428288000.0,428288000.0,428288000.0,0.0,25418000.0,0.298,475328000.0,535567000.0,246555000.0,1.184,3.449,50.13,50.177,11017334000.0,0.0,326.65,14.931,14.959,216541000.0,-887521000.0,1437948000.0,1437948000.0,0.0,0.034,0.069,0.035,0.449,3159000.0,55643000.0,1.0,65727808.0,65850524,65973085.0,21.837,12997892000.0,0.0,0.0,0.0,197.385,
8,ESS,MRT,2019-06-30,2019-06-30,2019-06-30,2021-08-02,-18992000.0,12671145000.0,12537721250.0,,,0.113,93.655,-410971000.0,54971000.0,54971000.0,421863000.0,434116000.0,,1.022,5919477000.0,,,5919477000.0,0.0,481482000.0,0.0,0.026,7.62,627036000.0,1108518000.0,0.78,1108518000.0,627036000.0,409928000.0,6.23,6.21,6.23,6154907000.0,6232549500.0,6154907000.0,24875317442.0,40.0,22.44,421895000.0,6.42,1.0,1000070000.0,0.703,0.0,217108000.0,18535651000.0,18154917250.0,0.0,1539515000.0,,,6289199000.0,,,19184632442.0,-122605000.0,0.0,-92004000.0,19467000.0,-496414000.0,-623119000.0,-332352000.0,-145050000.0,832866000.0,0.0,409928000.0,409928000.0,409928000.0,0.0,24188000.0,0.288,474645000.0,525425000.0,199908000.0,1.223,3.117,46.8,46.859,10956710000.0,0.0,291.93,13.492,13.492,74416000.0,-857994000.0,1421933000.0,1421933000.0,0.0,0.033,0.066,0.035,0.441,3035000.0,54899000.0,1.0,65716550.0,65718806,65821815.0,21.637,12671145000.0,0.0,0.0,0.0,192.809,
9,ESS,MRT,2019-03-31,2019-03-31,2019-03-31,2021-08-02,-14817000.0,12578001000.0,12508848500.0,,,0.113,94.231,-396373000.0,124126000.0,124126000.0,420132000.0,442465000.0,,1.005,5814811000.0,,,5814811000.0,0.0,481347000.0,0.0,0.026,7.53,637367000.0,1118714000.0,0.794,1118714000.0,637367000.0,418093000.0,6.35,6.33,6.35,6191257000.0,6282369000.0,6191257000.0,24455332029.0,38.0,21.86,417582000.0,6.356,1.0,988889000.0,0.702,0.0,219274000.0,18268686000.0,18038297250.0,0.0,1518591000.0,,,6223637000.0,,,19000785029.0,-14952000.0,0.0,-93630000.0,-9391000.0,-491104000.0,-648755000.0,-180152000.0,-132973000.0,813955000.0,0.0,418093000.0,418093000.0,418093000.0,0.0,24372000.0,0.297,471752000.0,517137000.0,240658000.0,1.186,3.069,45.446,45.55,10817247000.0,0.0,289.24,13.485,13.487,71154000.0,-822087000.0,1409021000.0,1409021000.0,0.0,0.033,0.067,0.035,0.452,7113000.0,52097000.0,1.0,65692107.0,65702788,65783869.0,21.445,12578001000.0,0.0,0.0,0.0,191.438,
10,ESS,MRT,2018-12-31,2018-12-31,2018-12-31,2021-08-02,-13217000.0,12383596000.0,12525015000.0,,,0.112,94.897,-352767000.0,151395000.0,151395000.0,416396000.0,413599000.0,,0.95,5605942000.0,,,5605942000.0,0.0,479884000.0,0.0,0.03,7.44,610645000.0,1090529000.0,0.779,1090529000.0,610645000.0,390153000.0,5.91,5.9,5.91,6267073000.0,6326748000.0,6267073000.0,21658868435.0,35.0,19.861,473787000.0,7.174,1.0,983657000.0,0.703,0.0,220492000.0,17838143000.0,18026765500.0,0.0,1509685000.0,,,5954277000.0,,,16199822435.0,90269000.0,0.0,-45939000.0,-110625000.0,-484182000.0,-676392000.0,-59893000.0,-55707000.0,826554000.0,0.0,390153000.0,390153000.0,390153000.0,0.0,23446000.0,0.279,471668000.0,511989000.0,186431000.0,1.259,2.585,41.522,41.491,10611182000.0,0.0,245.21,11.571,11.567,71895000.0,-812796000.0,1400053000.0,1400053000.0,0.0,0.031,0.062,0.034,0.436,7135000.0,53451000.0,1.0,66065097.0,66041058,66085089.0,21.2,12383596000.0,0.0,0.0,0.0,187.514,
11,ESS,MRT,2018-09-30,2018-09-30,2018-09-30,2021-08-02,-8548000.0,12518143000.0,12553042500.0,,,0.111,95.636,-343546000.0,174626000.0,174626000.0,413824000.0,398821000.0,,0.957,5633672000.0,,,5633672000.0,0.0,477275000.0,0.0,0.03,7.33,597842000.0,1075117000.0,0.772,1075117000.0,597842000.0,375946000.0,5.7,5.69,5.7,6316961000.0,6329331250.0,6316961000.0,21808737418.0,36.0,20.285,483631000.0,7.322,1.0,978135000.0,0.703,0.0,221896000.0,17977189000.0,18098156250.0,0.0,1478189000.0,,,6045450000.0,,,16295220418.0,111353000.0,0.0,9728000.0,31097000.0,-476825000.0,-497352000.0,-218472000.0,-1332000.0,827177000.0,0.0,375946000.0,375946000.0,375946000.0,0.0,22875000.0,0.27,498621000.0,479514000.0,249331000.0,1.286,2.58,43.345,43.282,10745238000.0,0.0,246.71,11.707,11.707,69166000.0,-808085000.0,1391959000.0,1391959000.0,0.0,0.03,0.059,0.033,0.429,11285000.0,47198000.0,1.0,66050101.0,66052108,66103812.0,21.074,12518143000.0,0.0,0.0,0.0,189.519,
12,ESS,MRT,2018-06-30,2018-06-30,2018-06-30,2021-08-02,-11438000.0,12555654000.0,12551637500.0,,,0.11,96.206,-333640000.0,177576000.0,177576000.0,412425000.0,397746000.0,,0.951,5691093000.0,,,5691093000.0,0.0,473874000.0,0.0,0.03,7.22,597332000.0,1071206000.0,0.773,1071206000.0,597332000.0,374694000.0,5.68,5.68,5.68,6354185000.0,6316468000.0,6354185000.0,21369558707.0,36.0,19.949,486964000.0,7.373,1.0,972986000.0,0.702,0.0,222638000.0,18069171000.0,18119977000.0,0.0,1498511000.0,,,6044714000.0,,,15789666707.0,-22300000.0,0.0,10821000.0,40477000.0,-469461000.0,-479595000.0,-363309000.0,-158923000.0,820604000.0,0.0,374694000.0,374694000.0,374694000.0,0.0,23052000.0,0.27,494700000.0,478286000.0,191117000.0,1.271,2.485,42.14,42.09,10754843000.0,0.0,239.07,11.397,11.397,68386000.0,-766193000.0,1385411000.0,1385411000.0,0.0,0.03,0.059,0.033,0.431,11515000.0,46385000.0,1.0,66046207.0,66047751,66096349.0,20.976,12555654000.0,0.0,0.0,0.0,190.1,
13,ESS,MRT,2018-03-31,2018-03-31,2018-03-31,2021-08-02,-14709000.0,12642667000.0,12543961750.0,,,0.11,96.432,-317084000.0,139078000.0,139078000.0,408762000.0,367131000.0,,0.959,5718970000.0,,,5718970000.0,0.0,472483000.0,0.0,0.03,7.11,568185000.0,1040668000.0,0.756,1040668000.0,568185000.0,345013000.0,5.24,5.24,5.24,6368773000.0,6307115000.0,6368773000.0,21522580126.0,38.0,20.682,497575000.0,7.534,1.0,966988000.0,0.703,0.0,223172000.0,18222559000.0,18099801750.0,0.0,1488702000.0,,,6109349000.0,,,15894580126.0,38826000.0,0.0,107342000.0,132003000.0,-461371000.0,-288803000.0,-487030000.0,-172268000.0,814659000.0,0.0,345013000.0,345013000.0,345013000.0,0.0,22118000.0,0.251,492727000.0,474261000.0,227864000.0,1.357,2.496,46.07,45.931,10884315000.0,0.0,240.68,11.553,11.554,70525000.0,-743773000.0,1375750000.0,1375750000.0,0.0,0.028,0.055,0.031,0.413,9807000.0,45597000.0,1.0,66040303.0,66044022,66082517.0,20.831,12642667000.0,0.0,0.0,0.0,191.428,
14,ESS,MRT,2017-12-31,2017-12-31,2017-12-31,2021-08-02,-18446000.0,12495706000.0,12495151750.0,,,0.109,95.359,-486667000.0,61126000.0,61126000.0,405542000.0,458043000.0,,0.965,5689126000.0,,,5689126000.0,0.0,468881000.0,0.0,0.029,7.0,655953000.0,1124834000.0,0.825,1124834000.0,655953000.0,433059000.0,6.58,6.57,6.58,6277406000.0,6280927000.0,6277406000.0,21491306690.0,33.0,19.106,282940000.0,4.298,1.0,958357000.0,0.703,0.0,222894000.0,18123706000.0,18031582500.0,0.0,1345988000.0,,,6059675000.0,,,15939357690.0,-109176000.0,0.0,115690000.0,89191000.0,-450625000.0,-310843000.0,-567940000.0,-214797000.0,769607000.0,0.0,433059000.0,433059000.0,433059000.0,0.0,24984000.0,0.318,485412000.0,472945000.0,179271000.0,1.064,2.539,36.806,36.682,10948511000.0,0.0,241.37,11.687,11.65,100926000.0,-833726000.0,1363899000.0,1363899000.0,0.0,0.035,0.069,0.036,0.481,8970000.0,41385000.0,1.0,66037029.0,65829155,65898255.0,20.719,12495706000.0,0.0,0.0,0.0,189.82,
15,ESS,MRT,2017-09-30,2017-09-30,2017-09-30,2021-08-02,-24632000.0,12512523000.0,12425577250.0,,,0.108,94.939,-645921000.0,63273000.0,63273000.0,400912000.0,552898000.0,,0.972,5615222000.0,,,5615222000.0,0.0,462728000.0,0.0,0.027,6.85,747275000.0,1210003000.0,0.898,1210003000.0,747275000.0,525015000.0,8.01,7.99,8.01,6265508000.0,6259620000.0,6265508000.0,22226890620.0,30.0,18.369,113941000.0,1.727,1.0,946961000.0,0.703,0.0,222260000.0,18064472000.0,17903247500.0,0.0,1309151000.0,,,6088585000.0,,,16763371620.0,-225266000.0,0.0,104480000.0,22456000.0,-439960000.0,-351580000.0,-633548000.0,-248457000.0,759862000.0,0.0,525015000.0,525015000.0,525015000.0,0.0,27883000.0,0.39,507294000.0,439667000.0,281889000.0,0.855,2.676,31.929,31.714,10967089000.0,0.0,254.03,12.437,12.438,121557000.0,-821732000.0,1347873000.0,1347873000.0,0.0,0.042,0.084,0.042,0.554,9883000.0,42950000.0,1.0,65989732.0,65994896,66078283.0,20.424,12512523000.0,0.0,0.0,0.0,189.598,
16,ESS,MRT,2017-06-30,2017-06-30,2017-06-30,2021-08-02,-28341000.0,12524951000.0,12341745500.0,,,0.108,96.103,-620966000.0,199876000.0,199876000.0,396136000.0,538025000.0,,0.956,5663395000.0,,,5663395000.0,0.0,455744000.0,0.0,0.026,6.7,733868000.0,1189612000.0,0.893,1189612000.0,733868000.0,510853000.0,7.8,7.78,7.8,6316773000.0,6215397500.0,6316773000.0,22378881945.0,30.0,18.812,117997000.0,1.795,1.0,936539000.0,0.703,0.0,223015000.0,17988470000.0,17774836500.0,0.0,1233079000.0,,,6041843000.0,,,16876626945.0,-76011000.0,0.0,108645000.0,39932000.0,-429264000.0,-319396000.0,-495578000.0,-143296000.0,738963000.0,0.0,510853000.0,510853000.0,510853000.0,0.0,27172000.0,0.383,500129000.0,436410000.0,186984000.0,0.859,2.672,33.036,32.983,10987356000.0,0.0,257.27,12.664,12.689,54660000.0,-785939000.0,1332675000.0,1332675000.0,0.0,0.041,0.082,0.041,0.551,9588000.0,42809000.0,1.0,65598892.0,65729074,65819694.0,20.275,12524951000.0,0.0,0.0,0.0,190.554,
17,ESS,MRT,2017-03-31,2017-03-31,2017-03-31,2021-08-02,-29959000.0,12447427000.0,12262180500.0,,,0.107,95.562,-618390000.0,100252000.0,100252000.0,393950000.0,539054000.0,,0.96,5602507000.0,,,5602507000.0,0.0,447478000.0,0.0,0.028,6.55,733878000.0,1181356000.0,0.898,1181356000.0,733878000.0,512107000.0,7.82,7.8,7.82,6264021000.0,6165740750.0,6264021000.0,20569626789.0,28.0,17.412,121098000.0,1.847,1.0,921253000.0,0.7,0.0,221771000.0,17949682000.0,17680119250.0,0.0,1210235000.0,,,6013009000.0,,,15176668789.0,-41284000.0,0.0,18151000.0,244268000.0,-420515000.0,-268561000.0,-512211000.0,-160912000.0,739488000.0,0.0,512107000.0,512107000.0,512107000.0,0.0,26947000.0,0.389,491217000.0,430036000.0,220368000.0,0.838,2.423,29.636,29.607,11032369000.0,0.0,231.53,11.539,11.539,50855000.0,-741204000.0,1315203000.0,1315203000.0,0.0,0.042,0.083,0.042,0.558,9188000.0,42170000.0,1.0,65549470.0,65549484,65859490.0,20.064,12447427000.0,0.0,0.0,0.0,189.894,
18,ESS,MRT,2016-12-31,2016-12-31,2016-12-31,2021-08-02,-32098000.0,12217408000.0,12167194750.0,,,0.106,94.578,-539695000.0,170302000.0,170302000.0,388927000.0,438410000.0,,0.95,5563260000.0,,,5563260000.0,0.0,441682000.0,0.0,0.028,6.4,634633000.0,1076315000.0,0.832,1076315000.0,634633000.0,414979000.0,6.28,6.27,6.28,6192178000.0,6135233500.0,6192178000.0,20606434010.0,32.0,19.145,177097000.0,2.705,1.0,905074000.0,0.699,0.0,219654000.0,17610366000.0,17527649500.0,0.0,1300464000.0,,,5880487000.0,,,15232802010.0,47247000.0,0.0,17520000.0,247047000.0,-411134000.0,-256474000.0,-413071000.0,-116079000.0,716792000.0,0.0,414979000.0,411124000.0,411124000.0,0.0,23431000.0,0.318,484274000.0,420800000.0,174135000.0,1.019,2.46,37.052,37.022,10657222000.0,3855000.0,232.5,11.772,11.764,40970000.0,-805409000.0,1294001000.0,1294001000.0,0.0,0.034,0.067,0.036,0.49,9425000.0,40751000.0,1.0,65517428.0,65471540,65587816.0,19.764,12217408000.0,0.0,0.0,0.0,186.606,
19,ESS,MRT,2016-09-30,2016-09-30,2016-09-30,2021-08-02,-40095000.0,12177196000.0,12114938750.0,,,0.105,92.945,-540872000.0,211055000.0,211055000.0,382071000.0,319655000.0,,0.977,5584687000.0,,,5584687000.0,0.0,446324000.0,0.0,0.028,6.24,521501000.0,967825000.0,0.759,967825000.0,521501000.0,300348000.0,4.51,4.51,4.51,6088618000.0,6146622250.0,6088618000.0,19988612650.0,38.0,20.653,169885000.0,2.593,1.0,893638000.0,0.701,0.0,221153000.0,17550828000.0,17426079500.0,0.0,1276616000.0,,,5949185000.0,,,14585702650.0,159499000.0,0.0,46165000.0,245457000.0,-401541000.0,-221208000.0,-330050000.0,-103272000.0,710757000.0,0.0,300348000.0,295179000.0,295179000.0,0.0,19307000.0,0.231,486154000.0,407484000.0,220103000.0,1.384,2.396,49.413,49.379,10614884000.0,5169000.0,222.7,11.433,11.436,22941000.0,-896120000.0,1275709000.0,1275709000.0,0.0,0.024,0.048,0.03,0.409,4228000.0,37394000.0,1.0,65494848.0,65507669,65617551.0,19.474,12177196000.0,0.0,0.0,0.0,185.89,
20,ESS,MRT,2016-06-30,2016-06-30,2016-06-30,2021-08-02,-43007000.0,12206691000.0,12073819000.0,,,0.104,93.477,-546489000.0,215376000.0,215376000.0,376829000.0,296675000.0,,0.972,5618286000.0,,,5618286000.0,0.0,452165000.0,0.0,0.027,6.08,492937000.0,945102000.0,0.755,945102000.0,492937000.0,278424000.0,4.16,4.16,4.16,6118146000.0,6179728000.0,6118146000.0,20196268684.0,41.0,21.369,134984000.0,2.062,1.0,874335000.0,0.699,0.0,214513000.0,17609601000.0,17352830250.0,0.0,1255535000.0,,,5947084000.0,,,14923949684.0,152273000.0,0.0,79148000.0,223228000.0,-391726000.0,-197666000.0,-331534000.0,-76919000.0,681473000.0,0.0,278424000.0,271941000.0,271941000.0,0.0,18251000.0,0.217,493574000.0,380761000.0,183690000.0,1.462,2.439,54.879,54.829,10668226000.0,6483000.0,228.09,11.928,11.932,20448000.0,-856815000.0,1251164000.0,1251164000.0,0.0,0.023,0.044,0.028,0.394,5044000.0,38876000.0,1.0,65430092.0,65451110,65575378.0,19.116,12206691000.0,0.0,0.0,0.0,186.501,
21,ESS,MRT,2016-03-31,2016-03-31,2016-03-31,2021-08-02,-44149000.0,12067484000.0,12033397250.0,,,0.102,93.906,-667602000.0,80483000.0,80483000.0,370827000.0,270393000.0,,0.941,5352802000.0,,,5352802000.0,0.0,456223000.0,0.0,0.025,5.92,463026000.0,919249000.0,0.75,919249000.0,463026000.0,253279000.0,3.76,3.76,3.76,6141992000.0,6208704500.0,6141992000.0,20489561333.0,44.0,22.289,-11373000.0,-0.174,1.0,854909000.0,0.697,0.0,209747000.0,17339803000.0,17287725750.0,0.0,1208281000.0,,,5780041000.0,,,15297152333.0,-171036000.0,0.0,173570000.0,-75236000.0,-379070000.0,-310004000.0,-519459000.0,-154980000.0,656229000.0,0.0,253279000.0,245483000.0,245483000.0,0.0,17114000.0,0.2,499055000.0,355854000.0,207266000.0,1.574,2.491,62.315,62.197,10720586000.0,7796000.0,233.86,12.48,12.479,18198000.0,-824046000.0,1225736000.0,1225736000.0,0.0,0.02,0.04,0.027,0.378,5423000.0,38727000.0,1.0,65411581.0,65405654,65557639.0,18.741,12067484000.0,0.0,0.0,0.0,184.502,
22,ESS,MRT,2015-12-31,2015-12-31,2015-12-31,2021-08-02,-42011000.0,12008384000.0,12037816000.0,,,0.099,96.155,-830249000.0,123055000.0,123055000.0,363508000.0,248239000.0,,0.902,5318757000.0,,,5318757000.0,0.0,453423000.0,0.0,0.024,5.76,436947000.0,890370000.0,0.745,890370000.0,436947000.0,232120000.0,3.5,3.49,3.5,6237733000.0,6219883250.0,6237733000.0,21054586867.0,48.0,23.647,-212081000.0,-3.269,1.0,830899000.0,0.696,0.0,204827000.0,17204086000.0,17269270500.0,0.0,1173532000.0,,,5625909000.0,,,15809472867.0,4073000.0,0.0,358677000.0,148504000.0,-367257000.0,107456000.0,-725556000.0,-213053000.0,618168000.0,0.0,232120000.0,226865000.0,226865000.0,0.0,16119000.0,0.19,499725000.0,331174000.0,172368000.0,1.646,2.534,69.687,68.403,10650782000.0,5255000.0,239.41,13.236,13.003,19285000.0,-797329000.0,1194407000.0,1194407000.0,0.0,0.019,0.036,0.025,0.366,5303000.0,40090000.0,1.0,66035140.0,64871717,65061685.0,18.412,12008384000.0,0.0,0.0,0.0,185.11,
23,ESS,MRT,2015-09-30,2015-09-30,2015-09-30,2021-08-02,-50357000.0,12012717000.0,11917403000.0,,,0.098,95.504,-652356000.0,72306000.0,72306000.0,359987000.0,207282000.0,,0.909,5317420000.0,,,5317420000.0,0.0,443648000.0,0.0,0.025,5.62,388601000.0,832249000.0,0.716,832249000.0,388601000.0,192670000.0,2.93,2.92,2.93,6221041000.0,6166118000.0,6221041000.0,19992776092.0,51.0,24.023,-29297000.0,-0.45,1.0,802943000.0,0.69,0.0,195931000.0,17257831000.0,17096167000.0,0.0,1169101000.0,,,5656305000.0,,,14688597092.0,17791000.0,0.0,416436000.0,13092000.0,-355174000.0,45869000.0,-655142000.0,-212737000.0,623059000.0,0.0,192670000.0,187415000.0,187415000.0,0.0,14612000.0,0.161,500510000.0,302433000.0,204218000.0,1.918,2.361,78.375,76.253,10697866000.0,5255000.0,223.42,12.631,12.514,22668000.0,-782801000.0,1162930000.0,1162930000.0,0.0,0.016,0.03,0.023,0.334,9255000.0,43480000.0,1.0,65744325.0,65138868,65297550.0,17.853,12012717000.0,0.0,0.0,0.0,184.417,
24,ESS,MRT,2015-06-30,2015-06-30,2015-06-30,2021-08-02,-50152000.0,12045004000.0,11830864250.0,,,0.095,96.189,-991443000.0,65152000.0,65152000.0,353930000.0,218682000.0,,0.911,5369331000.0,,,5369331000.0,0.0,429626000.0,0.0,0.026,5.48,395603000.0,825229000.0,0.731,825229000.0,395603000.0,203895000.0,3.13,3.12,3.13,6234052000.0,6106680750.0,6234052000.0,19068154025.0,48.0,23.107,-400073000.0,-6.173,1.0,775247000.0,0.687,0.0,191708000.0,17349183000.0,16982881000.0,0.0,1165452000.0,,,5676534000.0,,,13887331025.0,12296000.0,0.0,549591000.0,228271000.0,-342632000.0,403094000.0,-986173000.0,-246390000.0,591370000.0,0.0,203895000.0,198658000.0,198658000.0,0.0,14787000.0,0.176,490365000.0,284882000.0,172847000.0,1.751,2.228,69.906,67.891,10731813000.0,5237000.0,212.5,12.299,12.197,25676000.0,-731181000.0,1129177000.0,1129177000.0,0.0,0.017,0.033,0.023,0.35,8572000.0,43830000.0,1.0,65352146.0,64810184,64972852.0,17.423,12045004000.0,0.0,0.0,0.0,185.85,
25,ESS,MRT,2015-03-31,2015-03-31,2015-03-31,2021-08-02,-50868000.0,12085159000.0,11656704000.0,,,0.094,96.388,-959335000.0,255230000.0,255230000.0,347411000.0,172786000.0,,0.931,5436053000.0,,,5436053000.0,0.0,417187000.0,0.0,0.023,5.34,342605000.0,759792000.0,0.695,759792000.0,342605000.0,159548000.0,2.45,2.44,2.45,6186707000.0,6012779750.0,6186707000.0,19986818650.0,58.0,26.306,-395368000.0,-6.16,1.0,745392000.0,0.682,0.0,183057000.0,17265982000.0,16737286250.0,0.0,1185800000.0,,,5759387000.0,,,14972421650.0,199282000.0,-415473000.0,573851000.0,577923000.0,-247849000.0,866577000.0,-1373422000.0,-104192000.0,563967000.0,0.0,159548000.0,154310000.0,154310000.0,0.0,13238000.0,0.141,503122000.0,242270000.0,190853000.0,2.18,2.42,97.028,93.837,10518423000.0,5238000.0,229.9,13.701,13.503,28954000.0,-684436000.0,1092803000.0,1092803000.0,0.0,0.013,0.026,0.02,0.314,8877000.0,43839000.0,1.0,65125801.0,64185455,64394680.0,17.026,12085159000.0,0.0,0.0,0.0,188.285,
26,ESS,MRT,2014-12-31,2014-12-31,2014-12-31,2021-08-02,-51452000.0,11526732000.0,10293674750.0,,,0.094,106.507,-700606000.0,95749000.0,95749000.0,312546000.0,134438000.0,,0.891,5080689000.0,,,5080689000.0,0.0,360592000.0,0.0,0.025,5.11,286701000.0,647293000.0,0.667,647293000.0,286701000.0,122150000.0,2.07,2.06,2.07,6022672000.0,4972101500.0,6022672000.0,18348565959.0,64.0,28.347,-207294000.0,-3.666,1.0,658392000.0,0.678,0.0,164551000.0,16511672000.0,14805457750.0,0.0,1159663000.0,,,5367408000.0,,,13210440959.0,7119000.0,-415473000.0,542418000.0,279386000.0,-260574000.0,520610000.0,-1147156000.0,-30878000.0,493312000.0,0.0,122150000.0,116859000.0,116859000.0,0.0,12288000.0,0.12,456878000.0,201514000.0,166054000.0,2.469,2.193,113.046,99.807,10165271000.0,5291000.0,206.6,13.606,12.032,24923000.0,-650797000.0,970938000.0,970938000.0,0.0,0.011,0.024,0.019,0.295,8740000.0,40878000.0,1.0,63942115.0,56546959,56696525.0,17.17,11526732000.0,0.0,0.0,0.0,203.844,
27,ESS,MRT,2014-09-30,2014-09-30,2014-09-30,2021-08-02,-51408000.0,11666562000.0,8708701500.0,,,0.098,95.135,-799747000.0,88000000.0,88000000.0,276319000.0,126536000.0,,0.928,5226125000.0,,,5226125000.0,0.0,303746000.0,0.0,0.028,5.02,260790000.0,564536000.0,0.664,564536000.0,260790000.0,113905000.0,2.3,2.3,2.3,5983292000.0,3937588250.0,5983292000.0,16366468584.0,63.0,28.991,-361686000.0,-5.751,1.0,574112000.0,0.675,0.0,146885000.0,16804687000.0,12719189000.0,0.0,1151424000.0,,,5551677000.0,,,11348027584.0,8368000.0,-415473000.0,471036000.0,522677000.0,-223922000.0,726998000.0,-1297044000.0,-15161000.0,438061000.0,0.0,113905000.0,108559000.0,108559000.0,-16884000.0,12631000.0,0.128,390909000.0,183203000.0,205613000.0,2.183,1.897,104.533,77.717,10274724000.0,5346000.0,178.75,13.344,13.219,22973000.0,-608498000.0,850431000.0,850431000.0,0.0,0.012,0.028,0.021,0.307,6367000.0,35452000.0,1.0,63485469.0,62892601,63069772.0,13.522,11666562000.0,0.0,0.0,0.0,185.5,
28,ESS,MRT,2014-06-30,2014-06-30,2014-06-30,2021-08-02,-53794000.0,11348363000.0,7063461500.0,,,0.104,94.667,-457846000.0,47538000.0,47538000.0,238579000.0,143829000.0,,0.914,5065979000.0,,,5065979000.0,0.0,244015000.0,0.0,0.027,4.93,259446000.0,503461000.0,0.686,503461000.0,259446000.0,129199000.0,3.29,3.29,3.29,5858448000.0,2911815250.0,5858448000.0,14465016701.0,56.0,28.731,-114460000.0,-1.85,1.0,494927000.0,0.675,0.0,130247000.0,16366804000.0,10505608250.0,0.0,1071328000.0,,,5352615000.0,,,11559390701.0,-2271000.0,-415473000.0,299449000.0,352595000.0,-188031000.0,422142000.0,-908152000.0,37707000.0,343386000.0,0.0,129199000.0,123781000.0,123781000.0,-30041000.0,14630000.0,0.169,327963000.0,166964000.0,167125000.0,1.498,1.973,93.386,56.204,10017731000.0,5418000.0,184.91,15.759,15.601,66522000.0,-575772000.0,733506000.0,733506000.0,0.0,0.018,0.043,0.025,0.354,6007000.0,30236000.0,1.0,62513605.0,61884963,62059762.0,11.853,11348363000.0,0.0,0.0,0.0,183.378,
29,ESS,MRT,2014-03-31,2014-03-31,2014-03-31,2021-08-02,-56395000.0,6633042000.0,5491120250.0,,,0.114,53.708,-343914000.0,48671000.0,48671000.0,203317000.0,168758000.0,,1.517,2954297000.0,,,2954297000.0,0.0,193756000.0,0.0,0.028,4.84,270415000.0,464171000.0,0.743,464171000.0,270415000.0,152992000.0,3.94,3.94,3.94,2023994000.0,1911742000.0,2023994000.0,9544828355.0,35.0,20.563,-32730000.0,-0.869,1.0,421216000.0,0.674,0.0,117423000.0,9538668000.0,8398714750.0,0.0,816791000.0,,,3071289000.0,,,6565070355.0,-10926000.0,0.0,177207000.0,183928000.0,-235904000.0,86439000.0,-408549000.0,-128566000.0,311184000.0,0.0,152992000.0,147520000.0,147520000.0,-30631000.0,15766000.0,0.236,244517000.0,176699000.0,91141000.0,1.228,3.244,44.503,43.16,5648254000.0,5472000.0,170.05,10.512,10.261,36105000.0,-498368000.0,624533000.0,624533000.0,0.0,0.027,0.077,0.032,0.433,4609000.0,27267000.0,1.0,38606706.0,37685073,37931454.0,16.572,6633042000.0,0.0,0.0,0.0,176.012,
30,ESS,MRT,2013-12-31,2013-12-31,2013-12-31,2021-08-02,-60472000.0,5186839000.0,5066974500.0,,,0.121,50.595,-470739000.0,53766000.0,53766000.0,197336000.0,172055000.0,,1.69,3033524000.0,,,3033524000.0,0.0,193518000.0,0.0,0.034,4.84,272807000.0,466325000.0,0.764,466325000.0,272807000.0,156283000.0,4.05,4.04,4.05,1884619000.0,1873359750.0,1884619000.0,8323468230.0,31.0,17.849,-165757000.0,-4.45,1.0,413254000.0,0.677,0.0,116524000.0,8166597000.0,7927638500.0,0.0,767217000.0,,,3184252000.0,,,5458706230.0,-115000.0,0.0,142707000.0,218161000.0,-180668000.0,148599000.0,-453696000.0,-39304000.0,304982000.0,0.0,156283000.0,150811000.0,150811000.0,-31173000.0,15772000.0,0.247,224549000.0,188705000.0,75230000.0,1.195,2.896,36.196,35.435,4239301000.0,5472000.0,143.51,8.94,8.755,68255000.0,-474426000.0,610590000.0,610590000.0,0.0,0.03,0.081,0.034,0.447,4508000.0,26684000.0,1.0,38037114.0,37248960,37335295.0,16.392,5186839000.0,0.0,0.0,0.0,139.248,
31,ESS,MRT,2013-09-30,2013-09-30,2013-09-30,2021-08-02,-62589000.0,5085602000.0,4982070500.0,,,0.119,50.38,-572080000.0,55994000.0,55994000.0,186765000.0,184793000.0,,1.642,2920756000.0,,,2920756000.0,0.0,179998000.0,0.0,0.032,4.73,289440000.0,469438000.0,0.794,469438000.0,289440000.0,168202000.0,4.42,4.42,4.42,1880200000.0,1843406000.0,1880200000.0,8497641112.0,29.0,18.102,-298834000.0,-8.007,1.0,404202000.0,0.684,0.0,121238000.0,7950364000.0,7791934250.0,0.0,763974000.0,,,3087549000.0,,,5617409112.0,7566000.0,0.0,216997000.0,328506000.0,-174952000.0,337379000.0,-603059000.0,-58576000.0,273246000.0,0.0,168202000.0,162730000.0,162730000.0,-15698000.0,16591000.0,0.275,211203000.0,192999000.0,90780000.0,1.07,2.988,34.52,33.416,4126624000.0,5472000.0,147.7,9.505,9.328,67628000.0,-461005000.0,590967000.0,590967000.0,0.0,0.033,0.088,0.037,0.49,4398000.0,27224000.0,1.0,38032560.0,37320562,37436983.0,15.835,5085602000.0,0.0,0.0,0.0,136.268,
32,ESS,MRT,2013-06-30,2013-06-30,2013-06-30,2021-08-02,-62813000.0,5058998000.0,4844338000.0,,,0.119,49.826,-613636000.0,45384000.0,45384000.0,183158000.0,129140000.0,,1.66,2925616000.0,,,2925616000.0,0.0,183410000.0,0.0,0.029,4.62,232743000.0,416153000.0,0.724,416153000.0,232743000.0,115633000.0,3.04,3.03,3.04,1858155000.0,1789779250.0,1858155000.0,8756563006.0,38.0,21.042,-324943000.0,-8.713,1.0,391451000.0,0.681,0.0,117110000.0,7939230000.0,7580217250.0,0.0,706993000.0,,,3084605000.0,,,6038659006.0,16085000.0,0.0,315114000.0,392509000.0,-168417000.0,505033000.0,-777641000.0,-166987000.0,288693000.0,0.0,115633000.0,110161000.0,110161000.0,-2713000.0,13507000.0,0.192,207576000.0,183875000.0,84141000.0,1.52,3.25,54.817,52.276,4145179000.0,5472000.0,158.92,10.509,10.314,110544000.0,-484615000.0,574609000.0,574609000.0,0.0,0.023,0.062,0.031,0.405,4342000.0,26237000.0,1.0,37998106.0,37292720,37390987.0,15.408,5058998000.0,0.0,0.0,0.0,135.656,
33,ESS,MRT,2013-03-31,2013-03-31,2013-03-31,2021-08-02,-68280000.0,4936459000.0,4664367500.0,,,0.119,50.548,-650725000.0,55634000.0,55634000.0,178890000.0,142055000.0,,1.576,2773538000.0,,,2773538000.0,0.0,177061000.0,0.0,0.03,4.51,240207000.0,417268000.0,0.75,417268000.0,240207000.0,127765000.0,3.44,3.43,3.44,1870465000.0,1723546750.0,1870465000.0,8484638987.0,35.0,20.334,-369694000.0,-9.991,1.0,377465000.0,0.678,0.0,112442000.0,7654363000.0,7295173000.0,0.0,660086000.0,,,2947895000.0,,,5708081987.0,17100000.0,0.0,452112000.0,348554000.0,-160943000.0,609893000.0,-873824000.0,-237065000.0,281031000.0,0.0,127765000.0,122293000.0,122293000.0,-2123000.0,14290000.0,0.22,203593000.0,173872000.0,95229000.0,1.311,3.052,46.675,43.773,4160267000.0,5472000.0,150.58,10.26,10.015,11359000.0,-464391000.0,556355000.0,556355000.0,0.0,0.026,0.071,0.033,0.432,4287000.0,25412000.0,1.0,37907305.0,37003925,37092062.0,15.035,4936459000.0,0.0,0.0,0.0,133.404,
34,ESS,MRT,2012-12-31,2012-12-31,2012-12-31,2021-08-02,-69261000.0,4847223000.0,4443097250.0,,,0.12,50.376,-514982000.0,42126000.0,42126000.0,172167000.0,139590000.0,,1.679,2818683000.0,,,2818683000.0,0.0,170686000.0,0.0,0.03,4.4,237172000.0,407858000.0,0.762,407858000.0,237172000.0,125284000.0,3.42,3.41,3.42,1764804000.0,1620341000.0,1764804000.0,7925686290.0,33.0,19.432,-247483000.0,-7.064,1.0,362986000.0,0.678,0.0,111888000.0,7623780000.0,6970810750.0,0.0,664058000.0,,,2962758000.0,,,5356862290.0,5717000.0,0.0,360363000.0,374536000.0,-156250000.0,550356000.0,-812138000.0,-318887000.0,267499000.0,0.0,125284000.0,119812000.0,119812000.0,-11937000.0,14306000.0,0.224,195961000.0,167025000.0,70250000.0,1.287,3.035,44.711,42.88,4019006000.0,5472000.0,146.65,10.01,9.6,66163000.0,-444466000.0,535153000.0,535153000.0,0.0,0.027,0.074,0.034,0.443,4141000.0,24573000.0,1.0,36528212.0,35032491,35124921.0,15.276,4847223000.0,0.0,0.0,0.0,138.364,
35,ESS,MRT,2012-09-30,2012-09-30,2012-09-30,2021-08-02,-76449000.0,4534672000.0,4240532500.0,,,0.122,46.788,-293097000.0,26877000.0,26877000.0,172461000.0,107821000.0,,1.651,2595701000.0,,,2595701000.0,0.0,176970000.0,0.0,0.029,4.34,194890000.0,371860000.0,0.718,371860000.0,194890000.0,95427000.0,2.62,2.61,2.62,1665693000.0,1538521750.0,1665693000.0,7857995500.0,40.0,21.132,-27885000.0,-0.783,1.0,345123000.0,0.667,0.0,99463000.0,7103496000.0,6655455500.0,0.0,619540000.0,,,2749232000.0,,,5398058500.0,-7077000.0,0.0,338222000.0,250238000.0,-151276000.0,413048000.0,-685337000.0,-426860000.0,265212000.0,0.0,95427000.0,89955000.0,89955000.0,-15494000.0,12394000.0,0.174,196790000.0,148333000.0,81094000.0,1.656,3.241,60.008,56.58,3780021000.0,5472000.0,148.24,10.429,10.196,50316000.0,-448142000.0,517584000.0,517584000.0,0.0,0.021,0.058,0.029,0.377,4189000.0,21508000.0,1.0,36414318.0,35600772,35699666.0,14.539,4534672000.0,0.0,0.0,0.0,127.376,
36,ESS,MRT,2012-06-30,2012-06-30,2012-06-30,2021-08-02,-72915000.0,4339116000.0,4083155750.0,,,0.122,46.086,-217408000.0,27810000.0,27810000.0,167760000.0,98684000.0,,1.647,2487747000.0,,,2487747000.0,0.0,172268000.0,0.0,0.028,4.28,183389000.0,355657000.0,0.713,355657000.0,183389000.0,86894000.0,2.39,2.39,2.39,1593225000.0,1469176000.0,1593225000.0,7725751378.0,42.0,21.722,24204000.0,0.7,1.0,331400000.0,0.664,0.0,96495000.0,6799053000.0,6412672000.0,0.0,550396000.0,,,2624412000.0,,,5420215378.0,-4677000.0,0.0,328686000.0,186750000.0,-146562000.0,345553000.0,-591842000.0,-411099000.0,241612000.0,0.0,86894000.0,81423000.0,81423000.0,-14643000.0,11790000.0,0.163,191473000.0,139927000.0,66211000.0,1.791,3.402,66.569,64.402,3664605000.0,5471000.0,153.92,10.859,10.66,50895000.0,-425058000.0,499160000.0,499160000.0,0.0,0.02,0.055,0.029,0.367,3796000.0,21198000.0,1.0,35214497.0,34570772,34708240.0,14.439,4339116000.0,0.0,0.0,0.0,125.514,
37,ESS,MRT,2012-03-31,2012-03-31,2012-03-31,2021-08-02,-70565000.0,4051378000.0,3954840500.0,,,0.122,42.837,-211026000.0,37347000.0,37347000.0,164576000.0,72247000.0,,1.697,2342883000.0,,,2342883000.0,0.0,167800000.0,0.0,0.028,4.22,156743000.0,324543000.0,0.672,324543000.0,156743000.0,62197000.0,1.64,1.64,1.64,1457642000.0,1402585750.0,1457642000.0,7599394466.0,48.0,23.416,20398000.0,0.599,1.0,318349000.0,0.659,0.0,94546000.0,6356914000.0,6224776000.0,0.0,481531000.0,,,2473579000.0,,,5273999466.0,-83939000.0,0.0,323643000.0,-51686000.0,-142086000.0,70285000.0,-385648000.0,-211929000.0,231424000.0,0.0,62197000.0,54670000.0,54670000.0,-20194000.0,10050000.0,0.113,186397000.0,131952000.0,65429000.0,2.573,3.618,96.47,92.384,3434645000.0,7527000.0,151.51,10.921,10.676,48053000.0,-422919000.0,482925000.0,482925000.0,0.0,0.014,0.039,0.025,0.325,3486000.0,20819000.0,1.0,34809580.0,34027890,34151475.0,14.192,4051378000.0,0.0,0.0,0.0,119.061,
38,ESS,MRT,2011-12-31,2011-12-31,2011-12-31,2021-08-02,-72771000.0,4036964000.0,3908667500.0,,,0.12,44.175,-231954000.0,35463000.0,35463000.0,162120000.0,57516000.0,,1.724,2360858000.0,,,2360858000.0,0.0,164016000.0,0.0,0.03,4.16,138764000.0,302780000.0,0.648,302780000.0,138764000.0,47070000.0,1.24,1.24,1.24,1437527000.0,1329265500.0,1437527000.0,7021965720.0,51.0,23.192,-15383000.0,-0.473,1.0,305320000.0,0.653,0.0,91694000.0,6362359000.0,6164577500.0,0.0,457687000.0,,,2478887000.0,,,4794768720.0,-864000.0,0.0,330917000.0,79549000.0,-138622000.0,208348000.0,-425783000.0,-215456000.0,216571000.0,0.0,47070000.0,40368000.0,40368000.0,-10558000.0,10446000.0,0.086,182177000.0,123143000.0,54829000.0,3.355,3.335,118.776,113.315,3437318000.0,6702000.0,140.51,10.258,9.782,66369000.0,-408066000.0,467440000.0,467440000.0,0.0,0.01,0.03,0.023,0.297,2927000.0,20694000.0,1.0,34124039.0,32541792,32628714.0,14.364,4036964000.0,0.0,0.0,0.0,124.055,
39,ESS,MRT,2011-09-30,2011-09-30,2011-09-30,2021-08-02,-75237000.0,3905165000.0,3832648250.0,,,0.118,41.915,-520552000.0,33017000.0,33017000.0,161513000.0,48273000.0,,1.725,2260214000.0,,,2260214000.0,0.0,162550000.0,0.0,0.035,4.152,125372000.0,287922000.0,0.636,287922000.0,125372000.0,37084000.0,0.99,0.97,0.99,1388310000.0,1257370250.0,1388310000.0,6281018204.0,50.0,21.815,-322612000.0,-9.74,1.0,291428000.0,0.643,0.0,88288000.0,6132362000.0,6062972250.0,0.0,351034000.0,,,2394593000.0,,,4059404204.0,-5648000.0,96596000.0,400193000.0,179090000.0,-134469000.0,314274000.0,-517862000.0,-107345000.0,197940000.0,0.0,37084000.0,31208000.0,31208000.0,-6418000.0,11189000.0,0.069,178914000.0,112514000.0,73595000.0,4.194,2.924,130.076,121.253,3429799000.0,5876000.0,120.04,8.962,8.778,51599000.0,-386752000.0,452941000.0,452941000.0,0.0,0.008,0.025,0.021,0.277,2509000.0,20892000.0,1.0,33817096.0,33121728,33209289.0,13.675,3905165000.0,0.0,0.0,0.0,117.903,
40,ESS,MRT,2011-06-30,2011-06-30,2011-06-30,2021-08-02,-74918000.0,3825855000.0,3732295250.0,,,0.117,41.412,-555494000.0,32847000.0,32847000.0,157205000.0,47614000.0,,1.79,2254461000.0,,,2254461000.0,0.0,152922000.0,0.0,0.031,4.145,122167000.0,275089000.0,0.628,275089000.0,122167000.0,34950000.0,0.97,0.95,0.97,1326864000.0,1169950500.0,1326864000.0,6658296990.0,55.0,24.204,-365027000.0,-11.393,1.0,280897000.0,0.641,0.0,87217000.0,6047469000.0,5912352250.0,0.0,273037000.0,,,2374754000.0,,,4408862990.0,442000.0,6757000.0,365580000.0,263295000.0,-130284000.0,347806000.0,-537831000.0,-3175000.0,190467000.0,0.0,34950000.0,29898000.0,29898000.0,-7263000.0,12664000.0,0.068,173629000.0,107268000.0,60641000.0,4.273,3.323,147.463,139.474,3428778000.0,5052000.0,135.29,10.064,9.895,49956000.0,-359662000.0,438102000.0,438102000.0,0.0,0.008,0.026,0.021,0.279,2568000.0,22101000.0,1.0,32588240.0,32040904,32135064.0,13.673,3825855000.0,0.0,0.0,0.0,119.405,
41,ESS,MRT,2011-03-31,2011-03-31,2011-03-31,2021-08-02,-77785000.0,3866686000.0,3606877000.0,,,0.117,37.004,-530598000.0,120786000.0,120786000.0,151178000.0,45430000.0,,2.143,2370220000.0,,,2370220000.0,0.0,174454000.0,0.0,0.033,4.137,115894000.0,290348000.0,0.688,290348000.0,115894000.0,31226000.0,0.97,0.95,0.97,1164361000.0,1093128000.0,1164361000.0,6211874568.0,54.0,21.395,-350736000.0,-11.147,1.0,270783000.0,0.642,0.0,84668000.0,6116120000.0,5701368500.0,0.0,207940000.0,,,2494896000.0,,,3988823568.0,75371000.0,0.0,277614000.0,398644000.0,-126599000.0,413068000.0,-517559000.0,15557000.0,179862000.0,0.0,31226000.0,29055000.0,29055000.0,-1877000.0,14204000.0,0.069,166476000.0,104307000.0,64673000.0,4.265,3.426,137.285,127.835,3450327000.0,2171000.0,124.0,9.453,9.247,49075000.0,-338273000.0,421961000.0,421961000.0,0.0,0.008,0.027,0.02,0.275,3678000.0,22935000.0,1.0,32167932.0,31465817,31546953.0,13.41,3866686000.0,0.0,0.0,0.0,122.885,
42,ESS,MRT,2010-12-31,2010-12-31,2010-12-31,2021-08-02,-77217000.0,3732887000.0,3467313250.0,,,0.118,38.762,-486220000.0,35694000.0,35694000.0,145871000.0,50782000.0,,2.064,2258745000.0,,,2258745000.0,0.0,134539000.0,0.0,0.036,4.13,118690000.0,253229000.0,0.617,253229000.0,118690000.0,35934000.0,1.14,1.14,1.14,1149946000.0,1063057250.0,1149946000.0,5604753536.0,47.0,22.133,-310690000.0,-10.473,1.0,264408000.0,0.644,0.0,82756000.0,5955938000.0,5461264500.0,0.0,200150000.0,,,2373524000.0,,,3578624536.0,-6907000.0,0.0,256220000.0,326174000.0,-123629000.0,328431000.0,-510868000.0,-20234000.0,175530000.0,0.0,35934000.0,33764000.0,33764000.0,-1620000.0,14848000.0,0.082,158606000.0,105802000.0,53773000.0,3.623,3.112,105.989,100.193,3406539000.0,2170000.0,114.22,8.722,8.259,49444000.0,-313308000.0,410279000.0,410279000.0,0.0,0.01,0.032,0.022,0.289,3251000.0,23255000.0,1.0,31330980.0,29667064,29734383.0,13.829,3732887000.0,0.0,0.0,0.0,125.826,
43,ESS,MRT,2010-09-30,2010-09-30,2010-09-30,2021-08-02,-79732000.0,3503753000.0,3347750750.0,,,0.121,34.981,-227757000.0,36322000.0,36322000.0,142360000.0,52754000.0,,2.171,2062451000.0,,,2062451000.0,0.0,216727000.0,0.0,0.038,4.128,117107000.0,333834000.0,0.826,333834000.0,117107000.0,37568000.0,1.19,1.2,1.19,1038631000.0,1038844750.0,1038631000.0,5198666543.0,44.0,15.573,-53548000.0,-1.804,1.0,261780000.0,0.648,0.0,79539000.0,5529882000.0,5238316250.0,0.0,204827000.0,,,2254429000.0,,,3319314543.0,-67274000.0,-96596000.0,158512000.0,116738000.0,-121787000.0,85478000.0,-326971000.0,-45000.0,174209000.0,0.0,37568000.0,35768000.0,35768000.0,-4016000.0,15186000.0,0.089,155345000.0,106435000.0,66887000.0,3.469,3.196,92.801,91.966,3169771000.0,1800000.0,109.44,8.213,8.04,55605000.0,-285699000.0,404140000.0,404140000.0,0.0,0.011,0.034,0.022,0.29,5772000.0,27939000.0,1.0,30329994.0,29690910,29762420.0,13.612,3503753000.0,0.0,0.0,0.0,118.008,
44,ESS,MRT,2010-06-30,2010-06-30,2010-06-30,2021-08-02,-68791000.0,3324182000.0,3288068000.0,,,0.122,34.763,-191177000.0,27796000.0,27796000.0,140763000.0,44677000.0,,2.047,1907148000.0,,,1907148000.0,0.0,185090000.0,0.0,0.042,4.125,109889000.0,294979000.0,0.735,294979000.0,109889000.0,29409000.0,1.77,1.73,1.77,1019574000.0,1034897250.0,1019574000.0,4783515426.0,44.0,16.216,-17410000.0,-0.594,1.0,260744000.0,0.649,0.0,80480000.0,5203534000.0,5111531250.0,0.0,230250000.0,,,2087060000.0,,,2936242426.0,-57068000.0,-6757000.0,188295000.0,63326000.0,-120329000.0,16628000.0,-247473000.0,-46594000.0,173767000.0,0.0,29409000.0,51130000.0,51130000.0,-6174000.0,15268000.0,0.127,161880000.0,98864000.0,55544000.0,2.331,2.88,57.427,55.107,2971279000.0,-21721000.0,97.54,7.313,7.125,55209000.0,-260966000.0,401507000.0,401507000.0,0.0,0.016,0.049,0.021,0.274,5151000.0,27850000.0,1.0,30102957.0,29329273,29402635.0,13.69,3324182000.0,0.0,0.0,0.0,113.34,
45,ESS,MRT,2010-03-31,2010-03-31,2010-03-31,2021-08-02,-34850000.0,3308431000.0,3266767750.0,,,0.124,36.043,-189555000.0,40379000.0,40379000.0,139779000.0,48260000.0,,1.952,1887652000.0,,,1887652000.0,0.0,123342000.0,0.0,0.046,4.123,114211000.0,237553000.0,0.587,237553000.0,114211000.0,32383000.0,1.88,1.84,1.88,1044078000.0,1016674250.0,1044078000.0,4477683966.0,39.0,18.849,-18056000.0,-0.623,1.0,265175000.0,0.655,0.0,81828000.0,5155704000.0,5057792250.0,0.0,251749000.0,,,2037791000.0,,,2668175966.0,-42900000.0,0.0,217414000.0,73513000.0,-117958000.0,78447000.0,-292856000.0,-119130000.0,171499000.0,0.0,32383000.0,53063000.0,53063000.0,-6901000.0,15877000.0,0.131,158417000.0,106758000.0,60128000.0,2.193,2.556,50.283,47.846,2944378000.0,-20680000.0,89.95,6.589,6.434,35545000.0,-239904000.0,404954000.0,404954000.0,0.0,0.016,0.052,0.023,0.282,3412000.0,27483000.0,1.0,29662879.0,28967855,29018571.0,13.979,3308431000.0,0.0,0.0,0.0,114.21,
46,ESS,MRT,2009-12-31,2009-12-31,2009-12-31,2021-08-02,-24206000.0,3254637000.0,3230138750.0,,,0.127,38.618,-192443000.0,37934000.0,37934000.0,138704000.0,53739000.0,,1.877,1847442000.0,,,1847442000.0,0.0,123342000.0,0.0,0.049,4.12,118304000.0,241646000.0,0.591,241646000.0,118304000.0,37108000.0,3.01,2.91,3.01,1053096000.0,970666750.0,1053096000.0,4193415019.0,35.0,17.354,-18856000.0,-0.691,1.0,270177000.0,0.661,0.0,81196000.0,5064145000.0,4992594000.0,0.0,205627000.0,,,1976747000.0,,,2435695019.0,-21249000.0,0.0,179183000.0,92507000.0,-117102000.0,24112000.0,-218958000.0,-76688000.0,173587000.0,0.0,37108000.0,82200000.0,82200000.0,-9457000.0,16631000.0,0.201,163262000.0,106915000.0,48841000.0,1.369,2.313,29.631,27.791,2938431000.0,-45092000.0,83.65,5.957,5.579,36305000.0,-222952000.0,408881000.0,408881000.0,0.0,0.025,0.085,0.024,0.289,3412000.0,28062000.0,1.0,29117693.0,27269547,29746614.0,14.994,3254637000.0,0.0,0.0,0.0,119.351,
47,ESS,MRT,2009-09-30,2009-09-30,2009-09-30,2021-08-02,-38551000.0,3265022000.0,3207685250.0,,,0.129,37.071,-167414000.0,99070000.0,99070000.0,137011000.0,69103000.0,,1.969,1856790000.0,,,1856790000.0,0.0,113294000.0,0.0,0.052,4.11,136144000.0,249438000.0,0.601,249438000.0,136144000.0,50420000.0,3.53,3.4,3.53,1022841000.0,920449500.0,1022841000.0,3993324860.0,29.0,16.009,18441000.0,0.668,1.0,277881000.0,0.67,0.0,85724000.0,5022742000.0,4942680750.0,0.0,202112000.0,,,2014238000.0,,,2243727860.0,48538000.0,0.0,149560000.0,153693000.0,-116118000.0,47242000.0,-184559000.0,-62219000.0,185855000.0,0.0,50420000.0,93373000.0,93373000.0,-9875000.0,18683000.0,0.225,159260000.0,118621000.0,61821000.0,1.164,2.194,24.03,22.544,2885645000.0,-42953000.0,79.58,5.408,5.292,45762000.0,-199600000.0,414892000.0,414892000.0,0.0,0.029,0.101,0.028,0.328,3940000.0,26194000.0,1.0,28194620.0,27591341,30070076.0,15.037,3265022000.0,0.0,0.0,0.0,118.335,
48,ESS,MRT,2009-06-30,2009-06-30,2009-06-30,2021-08-02,-31755000.0,3238981000.0,3181261250.0,,,0.131,35.283,-269216000.0,79826000.0,79826000.0,134910000.0,86020000.0,,2.078,1829423000.0,,,1829423000.0,0.0,113294000.0,0.0,0.066,4.1,150270000.0,263564000.0,0.633,263564000.0,150270000.0,65390000.0,3.19,3.11,3.19,946682000.0,882189500.0,946682000.0,3441474973.0,23.0,13.057,-88474000.0,-3.297,1.0,281541000.0,0.676,0.0,84880000.0,4988578000.0,4897869250.0,0.0,186226000.0,,,1967556000.0,,,1708478973.0,44440000.0,0.0,200876000.0,133922000.0,-114039000.0,147497000.0,-283799000.0,-99078000.0,180742000.0,0.0,65390000.0,83055000.0,83055000.0,-7308000.0,20630000.0,0.199,146463000.0,135078000.0,57849000.0,1.285,1.805,20.57,19.508,2891071000.0,-17665000.0,62.23,4.102,4.009,47635000.0,-168226000.0,416451000.0,416451000.0,0.0,0.026,0.094,0.031,0.361,3940000.0,26632000.0,1.0,27454266.0,26831307,26853693.0,15.521,3238981000.0,0.0,0.0,0.0,120.716,
49,ESS,MRT,2009-03-31,2009-03-31,2009-03-31,2021-08-02,-58942000.0,3161915000.0,3137493250.0,,,0.132,32.795,-305334000.0,78820000.0,78820000.0,134038000.0,84886000.0,,2.301,1811816000.0,,,1811816000.0,0.0,113294000.0,0.0,0.071,4.09,147575000.0,260869000.0,0.63,260869000.0,147575000.0,63447000.0,3.11,3.03,3.11,860048000.0,833724000.0,860048000.0,3243724127.0,22.0,12.434,-116265000.0,-4.433,1.0,280328000.0,0.677,0.0,84128000.0,4894911000.0,4849738250.0,0.0,100746000.0,,,1978584000.0,,,1537796127.0,54855000.0,0.0,127156000.0,196532000.0,-113188000.0,128390000.0,-262604000.0,-28172000.0,189069000.0,0.0,63447000.0,80385000.0,80385000.0,-6188000.0,21439000.0,0.194,145784000.0,134544000.0,63896000.0,1.315,1.788,19.13,18.437,2902341000.0,-16938000.0,57.34,3.711,3.629,46141000.0,-151615000.0,414366000.0,414366000.0,0.0,0.026,0.096,0.03,0.356,3940000.0,27292000.0,1.0,26818907.0,26224946,28692959.0,15.8,3161915000.0,0.0,0.0,0.0,120.569,
50,ESS,MRT,2008-12-31,2008-12-31,2008-12-31,2021-08-02,-75424000.0,3164823000.0,3097333500.0,,,0.132,33.811,-299390000.0,54719000.0,54719000.0,132417000.0,84395000.0,,2.268,1754388000.0,,,1754388000.0,0.0,113294000.0,0.0,0.053,4.08,147203000.0,260497000.0,0.638,260497000.0,147203000.0,62140000.0,2.1,2.09,2.1,852227000.0,808205750.0,852227000.0,3740707280.0,25.0,14.36,-118149000.0,-4.687,1.0,276017000.0,0.676,0.0,85063000.0,4864492000.0,4792057500.0,0.0,100232000.0,,,1932913000.0,,,2056537280.0,31953000.0,0.0,133912000.0,165144000.0,-109490000.0,135735000.0,-285023000.0,-23196000.0,181241000.0,0.0,62140000.0,52899000.0,52899000.0,-3744000.0,22255000.0,0.13,138035000.0,137982000.0,56828000.0,1.943,2.413,38.877,36.548,2912035000.0,9241000.0,76.75,5.035,4.736,47637000.0,-141336000.0,408434000.0,408434000.0,0.0,0.017,0.065,0.031,0.36,3940000.0,27684000.0,1.0,26795274.0,25205367,25346520.0,16.204,3164823000.0,0.0,0.0,0.0,125.561,
51,ESS,MRT,2008-09-30,2008-09-30,2008-09-30,2021-08-02,-15911000.0,3159326000.0,3051208500.0,,,0.131,34.639,-438162000.0,45956000.0,45956000.0,130189000.0,199453000.0,,2.143,1730126000.0,,,1730126000.0,0.0,102250000.0,0.0,0.034,3.99,183162000.0,285412000.0,0.713,285412000.0,183162000.0,91936000.0,3.33,3.28,3.33,869801000.0,792728500.0,869801000.0,4757326708.0,26.0,16.668,-262385000.0,-10.449,1.0,269908000.0,0.675,0.0,91226000.0,4843496000.0,4729817250.0,0.0,124977000.0,,,1863683000.0,,,3025181708.0,23165000.0,0.0,94072000.0,131247000.0,-106396000.0,83442000.0,-236054000.0,-56638000.0,175777000.0,0.0,91936000.0,82695000.0,82695000.0,-120455000.0,107517000.0,0.207,138219000.0,131689000.0,84848000.0,1.198,3.478,36.582,35.535,2906823000.0,9241000.0,118.33,7.561,7.427,46749000.0,-122044000.0,400097000.0,400097000.0,0.0,0.027,0.104,0.039,0.458,0.0,27815000.0,1.0,25565636.0,25110710,25474924.0,15.933,3159326000.0,0.0,0.0,0.0,125.816,
52,ESS,MRT,2008-06-30,2008-06-30,2008-06-30,2021-08-02,-10887000.0,3063909000.0,2999977000.0,,,0.131,30.394,-460601000.0,33077000.0,33077000.0,127315000.0,192495000.0,,2.503,1765222000.0,,,1765222000.0,0.0,102250000.0,0.0,0.037,3.9,180076000.0,282326000.0,0.718,282326000.0,180076000.0,90513000.0,3.28,3.22,3.28,752820000.0,781376000.0,752820000.0,4381517052.0,24.0,15.519,-279643000.0,-11.29,1.0,265809000.0,0.676,0.0,89563000.0,4796054000.0,4658520500.0,0.0,69049000.0,,,1884184000.0,,,2718605052.0,8408000.0,0.0,-40949000.0,265965000.0,-104520000.0,84974000.0,-257524000.0,-13642000.0,180958000.0,0.0,90513000.0,81271000.0,81271000.0,-120963000.0,101982000.0,0.207,134567000.0,131242000.0,71433000.0,1.189,3.611,33.451,32.47,2884638000.0,9242000.0,106.5,6.915,6.71,44611000.0,-107983000.0,393124000.0,393124000.0,0.0,0.027,0.104,0.039,0.458,0.0,27706000.0,1.0,25526808.0,24768626,25153826.0,15.872,3063909000.0,0.0,0.0,0.0,123.701,
53,ESS,MRT,2008-03-31,2008-03-31,2008-03-31,2021-08-02,-18932000.0,3001276000.0,2932368500.0,,,0.132,30.628,-572195000.0,22571000.0,22571000.0,125225000.0,188364000.0,,2.4,1685483000.0,,,1685483000.0,0.0,102250000.0,0.0,0.033,3.81,180941000.0,283191000.0,0.732,283191000.0,180941000.0,91644000.0,3.33,3.26,3.33,757975000.0,804789500.0,757975000.0,4544032196.0,25.0,16.046,-394014000.0,-15.921,1.0,261900000.0,0.677,0.0,89297000.0,4664188000.0,4517917750.0,0.0,67745000.0,,,1819024000.0,,,2908824196.0,-4681000.0,0.0,171092000.0,151209000.0,-101389000.0,195386000.0,-378248000.0,-19487000.0,178181000.0,0.0,91644000.0,82403000.0,82403000.0,-122249000.0,96720000.0,0.213,131129000.0,130771000.0,86716000.0,1.144,3.838,35.3,34.228,2829643000.0,9241000.0,113.98,7.514,7.286,48235000.0,-92345000.0,387125000.0,387125000.0,0.0,0.028,0.102,0.04,0.467,0.0,27202000.0,1.0,25520479.0,24747925,24877626.0,15.643,3001276000.0,0.0,0.0,0.0,121.274,
54,ESS,MRT,2007-12-31,2007-12-31,2007-12-31,2021-08-02,-8988000.0,2980323000.0,2826132250.0,,,0.133,32.195,-556706000.0,22483000.0,22483000.0,121475000.0,203061000.0,,2.23,1657691000.0,,,1657691000.0,0.0,102250000.0,0.0,0.038,3.72,197996000.0,300246000.0,0.801,300246000.0,197996000.0,112100000.0,4.19,4.1,4.19,790318000.0,773233750.0,790318000.0,4059026577.0,21.0,13.519,-365829000.0,-14.903,1.0,253274000.0,0.676,0.0,85896000.0,4615531000.0,4358445000.0,0.0,66208000.0,,,1762133000.0,,,2455117577.0,294000.0,0.0,185349000.0,188014000.0,-97639000.0,187287000.0,-377870000.0,-39700000.0,190877000.0,0.0,112100000.0,102926000.0,102926000.0,-146324000.0,90961000.0,0.275,124071000.0,129203000.0,50114000.0,0.888,3.106,23.853,23.267,2809217000.0,9174000.0,97.49,6.551,6.386,50536000.0,-82805000.0,374749000.0,374749000.0,0.0,0.036,0.133,0.045,0.528,0.0,26673000.0,1.0,25183276.0,24548003,25100974.0,15.266,2980323000.0,0.0,0.0,0.0,121.408,
55,ESS,MRT,2007-09-30,2007-09-30,2007-09-30,2021-08-02,4751000.0,2954400000.0,2702511500.0,,,0.133,32.759,-449333000.0,21943000.0,21943000.0,115143000.0,79478000.0,,2.096,1625852000.0,,,1625852000.0,0.0,83036000.0,0.0,0.031,3.63,154889000.0,237925000.0,0.66,237925000.0,154889000.0,79678000.0,2.96,2.87,2.96,824391000.0,728706500.0,824391000.0,4398328429.0,28.0,18.486,-269790000.0,-10.721,1.0,245167000.0,0.68,0.0,75211000.0,4558309000.0,4173008250.0,0.0,77808000.0,,,1728067000.0,,,2958160429.0,-19903000.0,0.0,238248000.0,180758000.0,-93767000.0,235197000.0,-434643000.0,-24590000.0,179543000.0,0.0,79478000.0,70237000.0,70237000.0,-34582000.0,0.0,0.195,113545000.0,131622000.0,55332000.0,1.226,3.588,42.117,39.72,2781927000.0,9241000.0,117.57,8.21,8.211,35350000.0,-110912000.0,360310000.0,360310000.0,0.0,0.026,0.096,0.037,0.43,0.0,25585000.0,1.0,25160844.0,25165276,25555928.0,14.318,2954400000.0,0.0,200000.0,0.0,117.4,
56,ESS,MRT,2007-06-30,2007-06-30,2007-06-30,2021-08-02,14096000.0,2793475000.0,2578784000.0,,,0.137,34.559,-428775000.0,23954000.0,23954000.0,113806000.0,79647000.0,,1.83,1464122000.0,,,1464122000.0,0.0,83036000.0,0.0,0.03,3.54,153695000.0,236731000.0,0.671,236731000.0,153695000.0,79997000.0,3.02,2.93,3.02,846474000.0,670780250.0,846474000.0,4289548544.0,28.0,18.12,-239701000.0,-9.786,1.0,238946000.0,0.677,0.0,73698000.0,4233643000.0,3987600750.0,0.0,74685000.0,,,1549124000.0,,,2839582544.0,3565000.0,0.0,251071000.0,20421000.0,-87902000.0,240356000.0,-425865000.0,-35552000.0,189074000.0,0.0,79647000.0,70926000.0,70926000.0,-35662000.0,0.0,0.201,108148000.0,130798000.0,38493000.0,1.172,3.355,40.036,38.51,2621192000.0,8721000.0,116.3,8.05,8.075,26614000.0,-97500000.0,352752000.0,352752000.0,0.0,0.028,0.106,0.039,0.436,0.0,24459000.0,1.0,24416015.0,24493816,25104021.0,14.402,2793475000.0,0.0,350000.0,0.0,114.048,
57,ESS,MRT,2007-03-31,2007-03-31,2007-03-31,2021-08-02,268000.0,2576331000.0,2462476250.0,,,0.139,26.961,-270210000.0,25815000.0,25815000.0,111342000.0,89972000.0,,2.483,1475781000.0,,,1475781000.0,0.0,83036000.0,0.0,0.027,3.45,162586000.0,245622000.0,0.719,245622000.0,162586000.0,90460000.0,3.58,3.49,3.58,631752000.0,609357250.0,631752000.0,4522013486.0,28.0,18.41,-94215000.0,-4.021,1.0,230409000.0,0.674,0.0,72126000.0,4026297000.0,3860735500.0,0.0,70966000.0,,,1568408000.0,,,3134069486.0,5629000.0,0.0,52536000.0,69012000.0,-83162000.0,94415000.0,-264781000.0,-37378000.0,175995000.0,0.0,89972000.0,83072000.0,83072000.0,-50498000.0,0.0,0.243,103197000.0,127212000.0,47529000.0,0.964,4.961,37.727,36.168,2416942000.0,6900000.0,129.48,9.171,8.878,26982000.0,-83985000.0,341751000.0,341751000.0,0.0,0.034,0.136,0.042,0.476,0.0,23431000.0,1.0,24205047.0,23432419,24214984.0,14.585,2576331000.0,0.0,488000.0,0.0,109.947,
58,ESS,MRT,2006-12-31,2006-12-31,2006-12-31,2021-08-02,-2273000.0,2485840000.0,2392586000.0,,,0.14,26.524,-322224000.0,23610000.0,23610000.0,110578000.0,62748000.0,,2.436,1411554000.0,,,1411554000.0,0.0,83036000.0,0.0,0.026,3.36,135545000.0,218581000.0,0.654,218581000.0,135545000.0,63273000.0,2.5,2.45,2.5,612209000.0,595744250.0,612209000.0,4375449476.0,32.0,20.018,-162289000.0,-7.031,1.0,223524000.0,0.669,0.0,72272000.0,3873784000.0,3774376250.0,0.0,57527000.0,,,1491598000.0,,,3018260476.0,-4675000.0,0.0,52560000.0,57263000.0,-80446000.0,148266000.0,-312876000.0,-33115000.0,159935000.0,0.0,62748000.0,57603000.0,57603000.0,-30010000.0,0.0,0.172,101134000.0,122390000.0,38613000.0,1.344,4.93,52.398,51.7,2353013000.0,5145000.0,129.25,9.034,8.929,18195000.0,-97457000.0,334102000.0,334102000.0,0.0,0.024,0.097,0.036,0.406,0.0,22234000.0,1.0,23352112.0,23081682,23551042.0,14.475,2485840000.0,0.0,525000.0,0.0,107.698,
59,ESS,MRT,2006-09-30,2006-09-30,2006-09-30,2021-08-02,-1510000.0,2459490000.0,2330948500.0,,,0.138,25.61,-312921000.0,45141000.0,45141000.0,108829000.0,50524000.0,,2.519,1402330000.0,,,1402330000.0,0.0,80075000.0,0.0,0.027,3.33,122196000.0,202271000.0,0.629,202271000.0,122196000.0,51001000.0,2.06,2.02,2.06,592686000.0,587933750.0,592686000.0,4207134728.0,34.0,20.799,-156424000.0,-6.759,1.0,212756000.0,0.662,0.0,71195000.0,3816679000.0,3697413750.0,0.0,55647000.0,,,1493131000.0,,,2809196728.0,10777000.0,0.0,5707000.0,90458000.0,-77790000.0,129924000.0,-275644000.0,-37560000.0,156497000.0,0.0,50524000.0,47268000.0,47268000.0,-24266000.0,0.0,0.147,99468000.0,113288000.0,49414000.0,1.617,4.74,59.431,58.932,2309519000.0,3256000.0,121.4,8.735,8.736,17043000.0,-92849000.0,321585000.0,321585000.0,0.0,0.02,0.08,0.033,0.38,0.0,20742000.0,1.0,23140006.0,23142385,23677569.0,13.896,2459490000.0,0.0,477000.0,0.0,106.276,
60,ESS,MRT,2006-06-30,2006-06-30,2006-06-30,2021-08-02,11704000.0,2328244000.0,2277657250.0,,,0.139,26.178,-208022000.0,23057000.0,23057000.0,107352000.0,46794000.0,,2.493,1420995000.0,,,1420995000.0,0.0,80075000.0,0.0,0.03,3.3,120121000.0,200196000.0,0.633,200196000.0,120121000.0,48306000.0,1.96,1.92,1.96,600782000.0,594379750.0,600782000.0,3940441968.0,33.0,19.683,-79529000.0,-3.465,1.0,208993000.0,0.661,0.0,71815000.0,3726182000.0,3624787000.0,0.0,38756000.0,,,1497768000.0,,,2556351968.0,-24054000.0,0.0,-5466000.0,110343000.0,-77149000.0,-6616000.0,-145931000.0,-12437000.0,128493000.0,0.0,46794000.0,44841000.0,44841000.0,-23029000.0,0.0,0.142,100564000.0,108429000.0,37567000.0,1.684,4.255,57.009,56.969,2194576000.0,1953000.0,111.66,8.081,8.101,29845000.0,-84066000.0,316345000.0,316345000.0,0.0,0.02,0.075,0.033,0.38,0.0,20013000.0,1.0,22894071.0,22950172,23226466.0,13.784,2328244000.0,0.0,1512000.0,0.0,101.448,
61,ESS,MRT,2006-03-31,2006-03-31,2006-03-31,2021-08-02,7056000.0,2296770000.0,2257185250.0,,,0.138,25.241,-201325000.0,23504000.0,23504000.0,106240000.0,63160000.0,,2.578,1407594000.0,,,1407594000.0,0.0,80075000.0,0.0,0.03,3.27,136683000.0,216758000.0,0.694,216758000.0,136683000.0,65634000.0,2.66,2.61,2.66,577300000.0,600362750.0,577300000.0,3814562651.0,28.0,17.598,-71327000.0,-3.119,1.0,206151000.0,0.66,0.0,71049000.0,3680860000.0,3571457750.0,0.0,30699000.0,,,1488470000.0,,,2487918651.0,-3108000.0,0.0,-19956000.0,92338000.0,-76798000.0,-39182000.0,-93924000.0,31743000.0,129998000.0,0.0,63160000.0,61208000.0,61208000.0,-33576000.0,0.0,0.196,100993000.0,105158000.0,42295000.0,1.229,4.31,40.647,40.876,2189728000.0,1952000.0,108.73,7.964,7.961,14833000.0,-86730000.0,312391000.0,312391000.0,0.0,0.027,0.102,0.038,0.438,0.0,19606000.0,1.0,22881621.0,22871800,23095493.0,13.658,2296770000.0,0.0,2474000.0,0.0,100.419,
62,ESS,MRT,2005-12-31,2005-12-31,2005-12-31,2021-08-02,660000.0,2239290000.0,2240739750.0,,,0.14,25.217,-153096000.0,28274000.0,28274000.0,104479000.0,79716000.0,,2.453,1354918000.0,,,1354918000.0,0.0,80075000.0,0.0,0.035,3.24,153038000.0,233113000.0,0.742,233113000.0,153038000.0,82254000.0,3.38,3.32,3.38,580967000.0,607646500.0,580967000.0,3387022957.0,22.0,14.53,-28487000.0,-1.236,1.0,209707000.0,0.667,0.0,70784000.0,3565934000.0,3531347500.0,0.0,28401000.0,,,1425109000.0,,,2107175957.0,3693000.0,0.0,-20511000.0,40733000.0,-76263000.0,-90073000.0,-30843000.0,46350000.0,124609000.0,0.0,79716000.0,77763000.0,77763000.0,-32343000.0,0.0,0.248,99824000.0,109883000.0,32982000.0,0.959,3.627,27.097,27.278,2139483000.0,1953000.0,92.2,6.707,6.761,5215000.0,-77341000.0,314186000.0,314186000.0,0.0,0.035,0.128,0.043,0.487,0.0,19148000.0,1.0,22854403.0,23038561,23388503.0,13.637,2239290000.0,0.0,2538000.0,0.0,97.197,
63,ESS,MRT,2005-09-30,2005-09-30,2005-09-30,2021-08-02,91000.0,2246325000.0,2235221500.0,,,0.144,26.766,-154407000.0,34392000.0,34392000.0,109070000.0,107016000.0,,2.258,1314239000.0,,,1314239000.0,0.0,72923000.0,0.0,0.036,3.22,179241000.0,252164000.0,0.786,252164000.0,179241000.0,109451000.0,4.56,4.51,4.56,618470000.0,610224000.0,618470000.0,3344325770.0,19.0,13.263,-13922000.0,-0.603,1.0,211865000.0,0.66,0.0,69790000.0,3526172000.0,3515439500.0,0.0,28839000.0,,,1396678000.0,,,2077816770.0,3141000.0,0.0,5604000.0,52018000.0,-74797000.0,-49281000.0,-88063000.0,30379000.0,140485000.0,0.0,107016000.0,105063000.0,105063000.0,-30572000.0,0.0,0.327,95657000.0,116208000.0,45024000.0,0.706,3.36,19.777,19.737,2143633000.0,1953000.0,90.0,6.474,6.48,8069000.0,-63538000.0,320935000.0,320935000.0,0.0,0.047,0.172,0.051,0.558,0.0,17631000.0,1.0,23086853.0,23106569,23411959.0,13.889,2246325000.0,0.0,2435000.0,0.0,97.216,
64,ESS,MRT,2005-06-30,2005-06-30,2005-06-30,2021-08-02,-1595000.0,2246356000.0,2210921500.0,,,0.147,27.08,-162332000.0,46685000.0,46685000.0,105676000.0,133299000.0,,2.223,1313194000.0,,,1313194000.0,0.0,72923000.0,0.0,0.039,3.2,202289000.0,275212000.0,0.847,275212000.0,202289000.0,134671000.0,5.71,5.65,5.71,624714000.0,600221250.0,624714000.0,3204882062.0,16.0,11.645,-33451000.0,-1.45,1.0,219211000.0,0.675,0.0,67618000.0,3512865000.0,3478017000.0,0.0,31979000.0,,,1388559000.0,,,1915451062.0,21450000.0,118614000.0,3707000.0,26247000.0,-74162000.0,-132174000.0,24743000.0,34757000.0,128881000.0,0.0,133299000.0,131346000.0,131346000.0,-31050000.0,0.0,0.404,95074000.0,124137000.0,38158000.0,0.56,3.066,14.583,14.546,2130638000.0,1953000.0,83.06,5.896,5.898,8149000.0,-53063000.0,324887000.0,324887000.0,0.0,0.059,0.219,0.058,0.623,0.0,20710000.0,1.0,23061053.0,23069620,23372873.0,14.083,2246356000.0,0.0,1372000.0,0.0,97.373,
65,ESS,MRT,2005-03-31,2005-03-31,2005-03-31,2021-08-02,1165000.0,2230988000.0,2187658500.0,,,0.144,26.316,-150406000.0,28524000.0,28524000.0,102172000.0,100121000.0,,2.296,1317955000.0,,,1317955000.0,0.0,72923000.0,0.0,0.046,3.18,164962000.0,237885000.0,0.755,237885000.0,164962000.0,100416000.0,4.28,4.24,4.28,606435000.0,583763000.0,606435000.0,2877986561.0,17.0,12.098,-26180000.0,-1.136,1.0,213075000.0,0.676,0.0,64546000.0,3520419000.0,3444616000.0,0.0,67704000.0,,,1392415000.0,,,1592901561.0,-5192000.0,83071000.0,4475000.0,63329000.0,-72863000.0,-99611000.0,-29807000.0,5093000.0,124226000.0,0.0,100121000.0,98168000.0,98168000.0,-4572000.0,0.0,0.311,89963000.0,123112000.0,35792000.0,0.743,2.627,16.226,16.145,2096552000.0,1953000.0,69.1,5.053,5.051,7909000.0,-72758000.0,315247000.0,315247000.0,0.0,0.045,0.168,0.048,0.523,0.0,19616000.0,1.0,23052121.0,23044075,23330358.0,13.68,2230988000.0,0.0,295000.0,0.0,96.814,
66,ESS,MRT,2004-12-31,2004-12-31,2004-12-31,2021-08-02,0.0,2217217000.0,2152360500.0,,,0.138,25.796,-144956000.0,31899000.0,31899000.0,96701000.0,79693000.0,,2.344,1316984000.0,,,1316984000.0,0.0,72923000.0,0.0,0.038,3.16,140659000.0,213582000.0,0.718,213582000.0,140659000.0,79950000.0,3.39,3.36,3.39,591277000.0,574702750.0,591277000.0,3150512949.0,22.0,14.751,-23256000.0,-1.015,1.0,200615000.0,0.675,0.0,60709000.0,3502302000.0,3369827750.0,0.0,51147000.0,,,1385810000.0,,,1923155949.0,-4124000.0,0.0,5483000.0,160511000.0,-72719000.0,-803000.0,-125021000.0,-1114000.0,121700000.0,0.0,79693000.0,77741000.0,77741000.0,-4918000.0,0.0,0.261,86651000.0,113964000.0,29997000.0,0.932,3.253,24.738,24.72,2094307000.0,1952000.0,83.8,6.468,6.46,9535000.0,-80469000.0,297316000.0,297316000.0,0.0,0.036,0.135,0.042,0.473,0.0,18042000.0,1.0,22949355.0,22921225,23156301.0,12.971,2217217000.0,0.0,257000.0,0.0,96.732,
67,ESS,MRT,2004-09-30,2004-09-30,2004-09-30,2021-08-02,0.0,2149125000.0,2077259000.0,,,0.14,25.216,-145936000.0,36087000.0,36087000.0,104658000.0,54096000.0,,2.308,1263444000.0,,,1263444000.0,0.0,57587000.0,0.0,0.044,3.15,113366000.0,170953000.0,0.588,170953000.0,113366000.0,54241000.0,2.24,2.22,2.24,578459000.0,572233250.0,578459000.0,2874199880.0,25.0,16.813,-23861000.0,-1.04,1.0,185945000.0,0.64,0.0,59125000.0,3376482000.0,3214230500.0,0.0,93613000.0,,,1334859000.0,,,1648242880.0,2311000.0,0.0,102939000.0,118427000.0,-67936000.0,23922000.0,-143686000.0,6407000.0,122075000.0,0.0,54096000.0,51476000.0,51476000.0,-3159000.0,0.0,0.177,71959000.0,113986000.0,32484000.0,1.406,2.849,32.02,32.076,1973597000.0,2620000.0,71.85,5.672,5.672,10076000.0,-94871000.0,290603000.0,290603000.0,0.0,0.025,0.09,0.035,0.39,0.0,16723000.0,1.0,22940054.0,22940419,23205958.0,12.668,2149125000.0,0.0,145000.0,0.0,93.683,
68,ESS,MRT,2004-06-30,2004-06-30,2004-06-30,2021-08-02,0.0,2153304000.0,1954748000.0,,,0.136,24.397,-117126000.0,27810000.0,27810000.0,93021000.0,27801000.0,,2.341,1253767000.0,,,1253767000.0,0.0,57587000.0,0.0,0.046,3.14,83504000.0,141091000.0,0.53,141091000.0,83504000.0,27824000.0,1.14,1.14,1.14,558881000.0,554180500.0,558881000.0,2695607941.0,32.0,19.105,-2593000.0,-0.113,1.0,173093000.0,0.65,0.0,55680000.0,3379261000.0,2986586250.0,0.0,77382000.0,,,1308521000.0,,,1564137941.0,-3440000.0,-114214000.0,107594000.0,143021000.0,-66559000.0,137758000.0,-255731000.0,-21951000.0,114533000.0,0.0,27801000.0,25669000.0,25669000.0,-2554000.0,0.0,0.096,70313000.0,102780000.0,20396000.0,2.754,2.799,60.935,59.956,2003179000.0,2132000.0,68.35,5.878,5.884,4955000.0,-111288000.0,266114000.0,266114000.0,0.0,0.013,0.046,0.028,0.314,0.0,11372000.0,1.0,22884242.0,22907331,23128951.0,11.617,2153304000.0,0.0,23000.0,0.0,94.001,
69,ESS,MRT,2004-03-31,2004-03-31,2004-03-31,2021-08-02,0.0,2089796000.0,1825977000.0,,,0.143,24.961,-122110000.0,35022000.0,35022000.0,87240000.0,31898000.0,,2.158,1166492000.0,,,1166492000.0,0.0,57587000.0,0.0,0.048,3.13,85410000.0,142997000.0,0.549,142997000.0,85410000.0,31898000.0,1.38,1.37,1.38,570194000.0,535504000.0,570194000.0,2313615807.0,27.0,16.179,-8253000.0,-0.361,1.0,173236000.0,0.665,0.0,53512000.0,3221266000.0,2753770750.0,0.0,88463000.0,,,1230256000.0,,,1496700807.0,2633000.0,-82250000.0,105599000.0,125898000.0,-66156000.0,128284000.0,-239508000.0,-33657000.0,113857000.0,0.0,31898000.0,30254000.0,30254000.0,-2632000.0,0.0,0.116,67005000.0,106231000.0,29938000.0,2.268,2.625,49.471,47.464,1929234000.0,1644000.0,65.5,5.746,5.744,6105000.0,-98360000.0,260476000.0,260476000.0,0.0,0.017,0.056,0.031,0.328,0.0,10255000.0,1.0,22850394.0,22843258,23104929.0,11.403,2089796000.0,0.0,0.0,0.0,91.484,
70,ESS,MRT,2003-12-31,2003-12-31,2003-12-31,2021-08-02,0.0,1916811000.0,1710761500.0,,,0.149,27.082,-118163000.0,25943000.0,25943000.0,80737000.0,35090000.0,,1.793,989045000.0,,,989045000.0,0.0,57587000.0,0.0,0.049,3.12,87500000.0,145087000.0,0.569,145087000.0,87500000.0,35090000.0,1.58,1.57,1.58,581399000.0,515104000.0,581399000.0,2270310589.0,26.0,15.648,-10207000.0,-0.475,1.0,174096000.0,0.683,0.0,52410000.0,2879913000.0,2553588000.0,0.0,85305000.0,,,1042269000.0,,,1463486589.0,2692000.0,0.0,103937000.0,35009000.0,-63166000.0,40800000.0,-146064000.0,-31625000.0,107956000.0,0.0,35090000.0,33934000.0,33934000.0,-2640000.0,0.0,0.133,66284000.0,107812000.0,20834000.0,1.975,2.517,43.127,40.646,1773542000.0,1156000.0,64.22,5.743,5.41,6021000.0,-86246000.0,254833000.0,254833000.0,0.0,0.02,0.066,0.034,0.343,0.0,9637000.0,1.0,22788642.0,21468013,21678866.0,11.87,1916811000.0,0.0,0.0,0.0,89.287,
71,ESS,MRT,2003-09-30,2003-09-30,2003-09-30,2021-08-02,0.0,1659081000.0,1636492250.0,,,0.154,23.963,-60329000.0,20472000.0,20472000.0,65700000.0,33548000.0,,1.756,827296000.0,,,827296000.0,0.0,44100000.0,0.0,0.05,3.11,89741000.0,133841000.0,0.531,133841000.0,89741000.0,33548000.0,1.62,1.6,1.62,506248000.0,492582750.0,506248000.0,2130441692.0,24.0,15.918,40595000.0,1.922,1.0,186410000.0,0.739,0.0,56193000.0,2465905000.0,2435102250.0,0.0,107451000.0,,,889150000.0,,,1320662692.0,6246000.0,-7605000.0,5398000.0,92414000.0,-64241000.0,28390000.0,-123068000.0,-53276000.0,100924000.0,0.0,33548000.0,33548000.0,33548000.0,-8379000.0,0.0,0.133,91587000.0,94823000.0,32792000.0,1.92,2.609,39.366,38.71,1473253000.0,0.0,62.71,5.238,5.255,34873000.0,-63006000.0,252110000.0,252110000.0,0.0,0.02,0.068,0.037,0.356,0.0,10848000.0,1.0,21059842.0,21126229,21377735.0,11.934,1659081000.0,0.0,0.0,0.0,78.532,
72,ESS,MRT,2003-06-30,2003-06-30,2003-06-30,2021-08-02,0.0,1638220000.0,1560888250.0,,,0.152,23.016,-63301000.0,17933000.0,17933000.0,60584000.0,35427000.0,,1.838,827712000.0,,,827712000.0,0.0,44100000.0,0.0,0.054,3.1,87292000.0,131392000.0,0.552,131392000.0,87292000.0,35427000.0,1.79,1.76,1.79,484175000.0,458709000.0,484175000.0,1994831864.0,23.0,15.182,39279000.0,1.867,1.0,177376000.0,0.745,0.0,51865000.0,2447999000.0,2325598000.0,0.0,94632000.0,,,889856000.0,,,1203230864.0,882000.0,-17023000.0,1489000.0,106402000.0,-61398000.0,-4504000.0,-97194000.0,-26360000.0,102580000.0,0.0,35427000.0,35427000.0,35427000.0,-8398000.0,0.0,0.149,82809000.0,94567000.0,33334000.0,1.732,2.485,33.964,31.983,1474722000.0,0.0,57.25,5.056,5.061,32921000.0,-55741000.0,237960000.0,237960000.0,0.0,0.023,0.077,0.038,0.367,0.0,10042000.0,1.0,21017133.0,21036074,23558314.0,11.312,1638220000.0,0.0,0.0,0.0,77.877,
73,ESS,MRT,2003-03-31,2003-03-31,2003-03-31,2021-08-02,0.0,1628934000.0,1492916500.0,,,0.15,23.271,-70285000.0,20295000.0,20295000.0,50302000.0,46988000.0,,1.792,811896000.0,,,811896000.0,0.0,44100000.0,0.0,0.059,3.09,94592000.0,138692000.0,0.62,138692000.0,94592000.0,46988000.0,2.47,2.44,2.47,488594000.0,435741500.0,488594000.0,1883226840.0,20.0,13.578,27448000.0,1.307,1.0,173326000.0,0.775,0.0,47604000.0,2420535000.0,2215466500.0,0.0,88921000.0,,,875598000.0,,,1096990840.0,2688000.0,-7044000.0,2498000.0,111215000.0,-56767000.0,2220000.0,-97265000.0,-27958000.0,97733000.0,0.0,46988000.0,46988000.0,46988000.0,-8357000.0,0.0,0.21,80058000.0,93268000.0,35131000.0,1.251,2.245,23.346,21.154,1473958000.0,0.0,52.25,4.905,4.906,30254000.0,-49968000.0,223628000.0,223628000.0,0.0,0.031,0.108,0.043,0.423,0.0,9245000.0,1.0,20995040.0,20995908,21208098.0,10.651,1628934000.0,0.0,0.0,0.0,77.583,
74,ESS,MRT,2002-12-31,2002-12-31,2002-12-31,2021-08-02,0.0,1619734000.0,1420806250.0,,,0.149,26.514,-81129000.0,17827000.0,17827000.0,39320000.0,48640000.0,,1.762,804063000.0,,,804063000.0,0.0,44100000.0,0.0,0.061,3.08,91826000.0,135926000.0,0.644,135926000.0,91826000.0,48640000.0,2.62,2.6,2.62,491314000.0,409583500.0,491314000.0,1599808478.0,17.0,11.77,13939000.0,0.752,1.0,171763000.0,0.814,0.0,43186000.0,2405970000.0,2100955250.0,0.0,85293000.0,,,865890000.0,,,928585478.0,116000.0,0.0,3376000.0,112380000.0,-55603000.0,6778000.0,-101730000.0,-28224000.0,95068000.0,0.0,48640000.0,48640000.0,48640000.0,-8357000.0,0.0,0.23,77904000.0,93859000.0,35791000.0,1.176,1.89,19.091,19.408,1467891000.0,0.0,50.85,4.399,4.464,31318000.0,-43813000.0,211083000.0,211083000.0,0.0,0.034,0.119,0.044,0.435,0.0,8636000.0,1.0,18261268.0,18530424,18725653.0,11.391,1619734000.0,0.0,0.0,0.0,87.409,
75,ESS,MRT,2002-09-30,2002-09-30,2002-09-30,2021-08-02,0.0,1356665000.0,1348237250.0,,,0.149,20.209,-80692000.0,10636000.0,10636000.0,32490000.0,54337000.0,,1.982,681859000.0,,,681859000.0,0.0,36295000.0,0.0,0.061,3.01,90249000.0,126544000.0,0.628,126544000.0,90249000.0,54337000.0,2.94,2.91,2.94,370753000.0,382173500.0,370753000.0,1542153149.0,17.0,12.187,1696000.0,0.092,1.0,168886000.0,0.839,0.0,35912000.0,2027888000.0,1985591500.0,0.0,103057000.0,,,734671000.0,,,901013149.0,-10194000.0,35100000.0,3106000.0,8954000.0,-54504000.0,-92311000.0,-271000.0,52339000.0,82388000.0,0.0,54337000.0,54337000.0,54337000.0,-189000.0,0.0,0.27,62152000.0,106734000.0,28182000.0,1.024,2.43,16.582,16.816,1157676000.0,0.0,49.44,4.474,4.504,69423000.0,-39358000.0,201376000.0,201376000.0,0.0,0.04,0.142,0.045,0.448,0.0,6679000.0,1.0,18224376.0,18345664,18508907.0,10.977,1356665000.0,0.0,0.0,0.0,73.95,
76,ESS,MRT,2002-06-30,2002-06-30,2002-06-30,2021-08-02,0.0,1366333000.0,1352570750.0,,,0.151,21.088,-87005000.0,26539000.0,26539000.0,32489000.0,58622000.0,,1.841,667679000.0,,,667679000.0,0.0,36295000.0,0.0,0.054,2.94,95929000.0,132224000.0,0.649,132224000.0,95929000.0,58622000.0,3.17,3.13,3.17,392305000.0,387747250.0,392305000.0,1639703245.0,17.0,12.401,3916000.0,0.21,1.0,171328000.0,0.841,0.0,37307000.0,2007473000.0,1982895750.0,0.0,152347000.0,,,722359000.0,,,1017706245.0,-4002000.0,39710000.0,3171000.0,6497000.0,-53092000.0,-73897000.0,-21026000.0,43601000.0,90921000.0,0.0,58622000.0,58622000.0,58622000.0,-330000.0,0.0,0.288,62389000.0,108939000.0,29873000.0,0.927,2.594,17.36,17.256,1123749000.0,0.0,54.7,4.993,4.993,28250000.0,-35911000.0,203817000.0,203817000.0,0.0,0.043,0.151,0.048,0.471,0.0,7035000.0,1.0,18605233.0,18603394,18793987.0,10.956,1366333000.0,0.0,0.0,0.0,73.445,
77,ESS,MRT,2002-03-31,2002-03-31,2002-03-31,2021-08-02,0.0,1340493000.0,1350718000.0,,,0.151,20.755,-78588000.0,25353000.0,25353000.0,33000000.0,48791000.0,,1.837,647350000.0,,,647350000.0,0.0,36295000.0,0.0,0.055,2.87,86993000.0,123288000.0,0.606,123288000.0,86993000.0,48791000.0,2.64,2.6,2.64,383962000.0,387154000.0,383962000.0,1636489475.0,19.0,13.274,21792000.0,1.178,1.0,170353000.0,0.838,0.0,38202000.0,1962490000.0,1978754500.0,0.0,152852000.0,,,705433000.0,,,1021432475.0,-4959000.0,27228000.0,2351000.0,57302000.0,-52925000.0,-21183000.0,-84156000.0,-16754000.0,100380000.0,0.0,48791000.0,48791000.0,48791000.0,-486000.0,0.0,0.24,62607000.0,107746000.0,33302000.0,1.087,2.66,20.935,19.765,1123211000.0,0.0,52.18,5.023,4.747,27164000.0,-42936000.0,203353000.0,203353000.0,0.0,0.036,0.126,0.044,0.428,0.0,7324000.0,1.0,19575172.0,18500117,18681096.0,10.992,1340493000.0,0.0,0.0,0.0,72.459,
78,ESS,MRT,2001-12-31,2001-12-31,2001-12-31,2021-08-02,0.0,1329458000.0,1335353000.0,,,0.152,20.685,-72133000.0,23603000.0,23603000.0,33213000.0,48545000.0,,1.811,638660000.0,,,638660000.0,0.0,36295000.0,0.0,0.057,2.8,87291000.0,123586000.0,0.607,123586000.0,87291000.0,48545000.0,2.63,2.59,2.63,381674000.0,388862500.0,381674000.0,1552956316.0,18.0,12.566,23734000.0,1.286,1.0,170326000.0,0.837,0.0,38746000.0,1944515000.0,1946302000.0,0.0,151474000.0,,,691379000.0,,,909850316.0,-160000.0,21005000.0,256000.0,36981000.0,-49987000.0,-35223000.0,-60804000.0,-11478000.0,95867000.0,0.0,48545000.0,48545000.0,48545000.0,-633000.0,0.0,0.239,62477000.0,107849000.0,29577000.0,1.065,2.384,18.742,18.787,1112187000.0,0.0,49.41,4.47,4.479,29771000.0,-39920000.0,203539000.0,203539000.0,0.0,0.036,0.125,0.045,0.429,0.0,7498000.0,1.0,18414295.0,18451935,18768216.0,11.031,1329458000.0,0.0,0.0,0.0,72.05,
79,ESS,MRT,2001-09-30,2001-09-30,2001-09-30,2021-08-02,0.0,1373999000.0,1323450750.0,,,0.151,21.256,-61607000.0,29799000.0,29799000.0,32475000.0,48556000.0,,1.857,672905000.0,,,672905000.0,0.0,30765000.0,0.0,0.055,2.694,86967000.0,117732000.0,0.59,117732000.0,86967000.0,48556000.0,2.63,2.57,2.63,393048000.0,391362750.0,393048000.0,1539071037.0,18.0,13.073,45562000.0,2.464,1.0,166940000.0,0.837,0.0,38411000.0,2017105000.0,1923128000.0,0.0,194978000.0,,,729923000.0,,,907085037.0,5617000.0,-2249000.0,226000.0,112311000.0,-48256000.0,45751000.0,-147303000.0,-99829000.0,107169000.0,0.0,48556000.0,48556000.0,48556000.0,-855000.0,0.0,0.243,59693000.0,107247000.0,33964000.0,1.024,2.308,18.681,18.669,1103353000.0,0.0,49.1,4.549,4.553,33085000.0,-38090000.0,199415000.0,199415000.0,0.0,0.037,0.124,0.045,0.436,0.0,7118000.0,1.0,18474237.0,18491144,21093631.0,10.784,1373999000.0,0.0,0.0,0.0,74.306,
80,ESS,MRT,2001-06-30,2001-06-30,2001-06-30,2021-08-02,0.0,1358922000.0,1287244750.0,,,0.152,21.121,-97206000.0,29196000.0,29196000.0,31887000.0,43906000.0,,1.842,661182000.0,,,661182000.0,0.0,30765000.0,0.0,0.053,2.604,80646000.0,111411000.0,0.57,111411000.0,80646000.0,43906000.0,2.38,2.33,2.38,389932000.0,390986000.0,389932000.0,1468183472.0,18.0,13.178,10003000.0,0.542,1.0,163650000.0,0.837,0.0,36740000.0,1990908000.0,1856279500.0,0.0,195349000.0,,,718194000.0,,,914536472.0,7429000.0,-3801000.0,68000.0,170619000.0,-46537000.0,105511000.0,-205291000.0,-120833000.0,107209000.0,0.0,43906000.0,43906000.0,43906000.0,-714000.0,0.0,0.225,59503000.0,104147000.0,29040000.0,1.094,2.345,20.829,20.819,1091691000.0,0.0,49.55,4.677,4.678,29050000.0,-40030000.0,195537000.0,195537000.0,0.0,0.034,0.112,0.043,0.412,0.0,7495000.0,1.0,18456841.0,18462237,18777636.0,10.591,1358922000.0,0.0,0.0,0.0,73.605,
81,ESS,MRT,2001-03-31,2001-03-31,2001-03-31,2021-08-02,0.0,1279033000.0,1235733250.0,,,0.152,21.207,-118188000.0,30257000.0,30257000.0,30892000.0,42652000.0,,1.634,583904000.0,,,583904000.0,0.0,30765000.0,0.0,0.052,2.514,76312000.0,107077000.0,0.571,107077000.0,76312000.0,42652000.0,2.32,2.27,2.32,390796000.0,391335500.0,390796000.0,1468553675.0,19.0,13.715,-24044000.0,-1.305,1.0,156538000.0,0.835,0.0,33660000.0,1832680000.0,1759959750.0,0.0,136722000.0,,,638649000.0,,,898583675.0,-11259000.0,605000.0,656000.0,147750000.0,-43614000.0,85660000.0,-191063000.0,-89119000.0,94144000.0,0.0,42652000.0,42523000.0,42523000.0,-558000.0,0.0,0.227,56662000.0,99876000.0,26873000.0,1.084,2.299,21.132,20.711,1072437000.0,129000.0,48.05,4.794,4.724,26487000.0,-38629000.0,187430000.0,187430000.0,0.0,0.034,0.109,0.043,0.407,0.0,6811000.0,1.0,18701013.0,18427644,18810140.0,10.171,1279033000.0,0.0,0.0,0.0,69.408,
82,ESS,MRT,2000-12-31,2000-12-31,2000-12-31,2021-08-02,0.0,1281849000.0,1180065500.0,,,0.15,21.481,-87374000.0,25565000.0,25565000.0,29386000.0,44353000.0,,1.665,595535000.0,,,595535000.0,0.0,30765000.0,0.0,0.043,2.364,74397000.0,105162000.0,0.595,105162000.0,74397000.0,44353000.0,2.42,2.37,2.42,391675000.0,391500500.0,391675000.0,1541908583.0,21.0,14.662,5925000.0,0.325,1.0,147470000.0,0.834,0.0,30044000.0,1851819000.0,1648817500.0,0.0,142784000.0,,,652044000.0,,,1021372583.0,-5748000.0,0.0,2789000.0,148190000.0,-42424000.0,83688000.0,-182735000.0,-93612000.0,93299000.0,0.0,44353000.0,44107000.0,44107000.0,-558000.0,0.0,0.249,53209000.0,94261000.0,30430000.0,0.977,2.608,23.157,22.624,1075140000.0,246000.0,54.75,5.775,5.645,24062000.0,-36760000.0,176856000.0,176856000.0,0.0,0.037,0.113,0.045,0.421,0.0,6062000.0,1.0,18655207.0,18233752,18657636.0,9.699,1281849000.0,0.0,0.0,0.0,70.301,
83,ESS,MRT,2000-09-30,2000-09-30,2000-09-30,2021-08-02,0.0,1229175000.0,1125181500.0,,,0.15,21.359,-1591000.0,24577000.0,24577000.0,29193000.0,46433000.0,,1.53,545113000.0,,,545113000.0,0.0,26150000.0,0.0,0.042,2.32,72577000.0,98727000.0,0.585,98727000.0,72577000.0,46433000.0,2.55,2.5,2.55,391541000.0,390505000.0,391541000.0,1469894588.0,20.0,14.888,88148000.0,4.809,1.0,139625000.0,0.827,0.0,26144000.0,1749711000.0,1540077000.0,0.0,77626000.0,,,599183000.0,,,1017141588.0,2386000.0,-31460000.0,2703000.0,59136000.0,-41100000.0,-7356000.0,-79997000.0,-45915000.0,89739000.0,0.0,46433000.0,46070000.0,46070000.0,0.0,0.0,0.273,51124000.0,88501000.0,28086000.0,0.91,2.598,22.078,21.718,1064567000.0,363000.0,55.38,6.025,6.014,50357000.0,-36480000.0,168818000.0,168818000.0,0.0,0.041,0.118,0.047,0.43,0.0,5555000.0,1.0,18366587.0,18331631,18719115.0,9.209,1229175000.0,0.0,0.0,0.0,67.052,
84,ESS,MRT,2000-06-30,2000-06-30,2000-06-30,2021-08-02,0.0,1152876000.0,1100269250.0,,,0.145,21.609,-43828000.0,22329000.0,22329000.0,28719000.0,49257000.0,,1.336,475082000.0,,,475082000.0,0.0,26150000.0,0.0,0.054,2.26,72616000.0,98766000.0,0.62,98766000.0,72616000.0,49257000.0,2.71,2.66,2.71,391330000.0,388723750.0,391330000.0,1092133928.0,15.0,11.058,38308000.0,2.115,1.0,130486000.0,0.82,0.0,23359000.0,1605629000.0,1488906500.0,0.0,97842000.0,,,522836000.0,,,760384928.0,3442000.0,-33068000.0,1599000.0,-14717000.0,-40067000.0,24974000.0,-103668000.0,-26281000.0,82136000.0,0.0,49257000.0,48745000.0,48745000.0,0.0,0.0,0.306,47303000.0,83183000.0,22007000.0,0.834,1.943,15.599,15.506,1015869000.0,512000.0,42.02,4.776,4.78,6073000.0,-35619000.0,159205000.0,159205000.0,0.0,0.044,0.125,0.049,0.456,0.0,4436000.0,1.0,18095786.0,18109640,18612905.0,8.791,1152876000.0,0.0,0.0,0.0,63.661,
85,ESS,MRT,2000-03-31,2000-03-31,2000-03-31,2021-08-02,0.0,1056362000.0,1066256500.0,,,0.142,21.666,-53556000.0,41168000.0,41168000.0,28223000.0,47860000.0,,1.089,372917000.0,,,372917000.0,0.0,26150000.0,0.0,0.061,2.2,70002000.0,96152000.0,0.634,96152000.0,70002000.0,47860000.0,2.65,2.6,2.65,391456000.0,386133500.0,391456000.0,1005815896.0,14.0,10.461,33180000.0,1.836,1.0,123468000.0,0.814,0.0,22142000.0,1388111000.0,1447227750.0,0.0,63818000.0,,,426355000.0,,,651271896.0,20841000.0,-30957000.0,-93000.0,-23075000.0,-39362000.0,10505000.0,-76400000.0,10946000.0,86736000.0,0.0,47860000.0,47241000.0,47241000.0,0.0,0.0,0.311,45407000.0,78061000.0,29583000.0,0.83,1.664,13.786,13.585,934157000.0,619000.0,36.0,4.293,4.288,7796000.0,-34716000.0,151691000.0,151691000.0,0.0,0.044,0.122,0.048,0.461,0.0,4377000.0,1.0,18090886.0,18067694,18499759.0,8.396,1056362000.0,0.0,0.0,0.0,58.467,
86,ESS,MRT,1999-12-31,1999-12-31,1999-12-31,2021-08-02,0.0,1062313000.0,1041018750.0,,,0.14,22.127,-99492000.0,29564000.0,29564000.0,28025000.0,43564000.0,,1.125,384108000.0,,,384108000.0,0.0,26150000.0,0.0,0.063,2.15,64832000.0,90982000.0,0.623,90982000.0,64832000.0,43564000.0,2.41,2.36,2.41,387693000.0,385483250.0,387693000.0,1029367934.0,16.0,11.314,-15926000.0,-0.909,1.0,118020000.0,0.808,0.0,21268000.0,1416857000.0,1430873750.0,0.0,61646000.0,,,436331000.0,,,613864934.0,9800000.0,-30025000.0,-1170000.0,11379000.0,-38634000.0,47015000.0,-120781000.0,10420000.0,83566000.0,0.0,43564000.0,42231000.0,42231000.0,0.0,0.0,0.289,44094000.0,73926000.0,28379000.0,0.892,1.583,14.536,14.108,952885000.0,1333000.0,34.0,4.203,4.079,9001000.0,-37399000.0,146045000.0,146045000.0,0.0,0.041,0.11,0.045,0.444,0.0,4263000.0,1.0,18054851.0,17521185,18491242.0,8.335,1062313000.0,0.0,0.0,0.0,60.63,
87,ESS,MRT,1999-09-30,1999-09-30,1999-09-30,2021-08-02,0.0,1129526000.0,1008389500.0,,,0.138,21.314,-188715000.0,21160000.0,21160000.0,27371000.0,34580000.0,,1.317,436663000.0,,,436663000.0,0.0,21948000.0,0.0,0.06,2.1,55439000.0,77387000.0,0.554,77387000.0,55439000.0,34580000.0,1.88,1.85,1.88,384416000.0,386010000.0,384416000.0,1052051994.0,19.0,13.595,-117078000.0,-6.491,1.0,112250000.0,0.804,0.0,20859000.0,1545029000.0,1395467250.0,0.0,34546000.0,,,506127000.0,,,629962994.0,1267000.0,-2082000.0,-1081000.0,60355000.0,-37905000.0,123552000.0,-193922000.0,-898000.0,71637000.0,0.0,34580000.0,32489000.0,32489000.0,0.0,0.0,0.233,42427000.0,69823000.0,44857000.0,1.117,1.639,19.39,18.585,1053555000.0,2091000.0,34.94,4.512,4.514,11160000.0,-40796000.0,139621000.0,139621000.0,0.0,0.032,0.084,0.04,0.397,0.0,4142000.0,1.0,18029851.0,18036066,18471975.0,7.741,1129526000.0,0.0,0.0,0.0,62.626,
88,ESS,MRT,1999-06-30,1999-06-30,1999-06-30,2021-08-02,0.0,1016825000.0,956066500.0,,,0.141,22.099,-103229000.0,18396000.0,18396000.0,26491000.0,28185000.0,,1.312,440485000.0,,,440485000.0,0.0,21948000.0,0.0,0.058,2.05,48729000.0,70677000.0,0.525,70677000.0,48729000.0,28185000.0,1.51,1.48,1.51,380969000.0,388589750.0,380969000.0,974440746.0,20.0,13.787,-34593000.0,-2.007,1.0,108036000.0,0.803,0.0,20544000.0,1438914000.0,1324826500.0,0.0,26706000.0,,,499787000.0,,,607156746.0,-3178000.0,1556000.0,-941000.0,82146000.0,-37033000.0,43438000.0,-115252000.0,4495000.0,68636000.0,0.0,28185000.0,25368000.0,25368000.0,0.0,0.0,0.189,41891000.0,66145000.0,36181000.0,1.358,1.594,23.934,23.43,952882000.0,2817000.0,35.38,4.513,4.534,10414000.0,-43683000.0,134527000.0,134527000.0,0.0,0.027,0.065,0.037,0.362,0.0,4053000.0,1.0,17161016.0,17238910,18447710.0,7.804,1016825000.0,0.0,0.0,0.0,58.984,
89,ESS,MRT,1999-03-31,1999-03-31,1999-03-31,2021-08-02,0.0,955411000.0,927814000.0,,,0.142,23.235,-97939000.0,17494000.0,17494000.0,26325000.0,26857000.0,,1.122,384778000.0,,,384778000.0,0.0,21948000.0,0.0,0.077,2.0,47368000.0,69316000.0,0.528,69316000.0,47368000.0,26857000.0,1.41,1.39,1.41,388855000.0,392600750.0,388855000.0,780919556.0,16.0,11.266,-33726000.0,-2.015,1.0,104988000.0,0.8,0.0,20511000.0,1322695000.0,1271698500.0,0.0,22027000.0,,,436319000.0,,,437484556.0,-3329000.0,1421000.0,105000.0,56013000.0,-36044000.0,46936000.0,-114478000.0,-533000.0,64213000.0,0.0,26857000.0,23401000.0,23401000.0,0.0,0.0,0.178,41147000.0,63841000.0,29906000.0,1.418,1.125,18.695,18.532,887185000.0,3456000.0,26.13,3.332,3.33,18738000.0,-42465000.0,131313000.0,131313000.0,0.0,0.025,0.06,0.037,0.361,0.0,3958000.0,1.0,16742616.0,16735640,16888989.0,7.846,955411000.0,0.0,0.0,0.0,57.088,
90,ESS,MRT,1998-12-31,1998-12-31,1998-12-31,2021-08-02,0.0,931796000.0,900340000.0,,,0.139,23.438,-169921000.0,18080000.0,18080000.0,25890000.0,26328000.0,,1.056,361515000.0,,,361515000.0,0.0,21948000.0,0.0,0.066,1.95,45702000.0,67650000.0,0.54,67650000.0,45702000.0,26328000.0,1.37,1.36,1.37,389800000.0,395061000.0,389800000.0,837168351.0,18.0,12.375,-110887000.0,-6.668,1.0,99369000.0,0.793,0.0,19374000.0,1275231000.0,1225022000.0,0.0,21040000.0,,,411564000.0,,,494936351.0,-1734000.0,1255000.0,474000.0,66475000.0,-35074000.0,119133000.0,-179901000.0,-1186000.0,59034000.0,0.0,26328000.0,22828000.0,22828000.0,0.0,0.0,0.182,38686000.0,60683000.0,28601000.0,1.423,1.27,21.681,21.715,865388000.0,3500000.0,29.75,3.951,3.95,18809000.0,-41481000.0,125259000.0,125259000.0,0.0,0.025,0.058,0.037,0.365,0.0,3765000.0,1.0,16636516.0,16630954,16808943.0,7.532,931796000.0,0.0,0.0,0.0,56.028,
91,ESS,MRT,1998-09-30,1998-09-30,1998-09-30,2021-08-02,0.0,920234000.0,852099750.0,,,0.137,23.729,-280302000.0,18276000.0,18276000.0,24325000.0,29378000.0,,1.062,360508000.0,,,360508000.0,0.0,13992000.0,0.0,0.061,1.9,46948000.0,60940000.0,0.522,60940000.0,46948000.0,29378000.0,1.59,1.59,1.59,394735000.0,397339750.0,394735000.0,838301946.0,18.0,13.756,-215518000.0,-12.956,1.0,92309000.0,0.791,0.0,17570000.0,1262466000.0,1157478500.0,0.0,19712000.0,,,419387000.0,,,515714946.0,-15710000.0,780000.0,70634000.0,120235000.0,-33572000.0,217658000.0,-298152000.0,-29014000.0,64784000.0,0.0,29378000.0,24072000.0,24072000.0,0.0,0.0,0.206,41046000.0,51263000.0,37648000.0,1.195,1.306,21.424,19.497,855764000.0,5306000.0,31.0,4.422,4.421,10770000.0,-36465000.0,116634000.0,116634000.0,0.0,0.028,0.061,0.041,0.403,0.0,3572000.0,1.0,16635966.0,16635228,16821421.0,7.011,920234000.0,0.0,0.0,0.0,55.318,
92,ESS,MRT,1998-06-30,1998-06-30,1998-06-30,2021-08-02,0.0,903815000.0,,,,,23.87,-307529000.0,19952000.0,19952000.0,22713000.0,33667000.0,,1.009,342539000.0,,,342539000.0,0.0,13992000.0,0.0,0.06,1.85,49110000.0,63102000.0,0.596,63102000.0,49110000.0,33667000.0,1.97,1.94,1.97,397013000.0,,397013000.0,806128930.0,16.0,12.775,-255261000.0,-15.347,1.0,83245000.0,0.786,0.0,15443000.0,1226402000.0,,0.0,20559000.0,,,400549000.0,,,515654930.0,-10660000.0,1111000.0,116660000.0,101480000.0,-29749000.0,248031000.0,-310959000.0,-29525000.0,52268000.0,0.0,33667000.0,29236000.0,29236000.0,0.0,0.0,0.276,31579000.0,51666000.0,36038000.0,0.939,1.299,17.638,15.736,835278000.0,4431000.0,31.0,4.867,4.866,9927000.0,-34133000.0,105958000.0,105958000.0,0.0,,,,0.463,0.0,3196000.0,1.0,16634030.0,16632561,16847830.0,6.371,903815000.0,0.0,0.0,0.0,54.34,
93,ESS,MRT,1998-03-31,1998-03-31,1998-03-31,2021-08-02,0.0,845515000.0,,,,,23.992,-310496000.0,19848000.0,19848000.0,20346000.0,32373000.0,,0.903,310322000.0,,,310322000.0,0.0,13992000.0,0.0,0.052,1.785,45466000.0,59458000.0,0.634,59458000.0,45466000.0,32373000.0,2.0,1.96,2.0,398696000.0,,398696000.0,836639817.0,18.0,14.071,-262589000.0,-15.801,1.0,73508000.0,0.783,0.0,13093000.0,1135989000.0,,0.0,12401000.0,,,359938000.0,,,570417817.0,-3148000.0,845000.0,174807000.0,40321000.0,-27910000.0,262026000.0,-313081000.0,-29119000.0,47907000.0,0.0,32373000.0,28817000.0,28817000.0,0.0,0.0,0.307,26945000.0,46563000.0,30046000.0,0.892,1.431,19.794,17.155,793338000.0,3556000.0,34.31,6.078,6.075,8923000.0,-32319000.0,93854000.0,93854000.0,0.0,,,,0.484,0.0,2715000.0,1.0,16625410.0,16618186,16848800.0,5.648,845515000.0,0.0,0.0,0.0,50.879,
94,ESS,MRT,1997-12-31,1997-12-31,1997-12-31,2021-08-02,0.0,738835000.0,578004500.0,,,0.146,29.235,-259838000.0,10375000.0,10375000.0,18228000.0,29316000.0,,0.78,276597000.0,,,276597000.0,0.0,13992000.0,0.0,0.051,1.77,41975000.0,55967000.0,0.662,55967000.0,41975000.0,29316000.0,1.96,1.92,1.96,398915000.0,310861000.0,398915000.0,,,,-212940000.0,-15.606,1.0,66341000.0,0.784,0.0,12659000.0,1005057000.0,764268500.0,0.0,18799000.0,,,311331000.0,,,581889350.0,-38423000.0,620000.0,174698000.0,40351000.0,-25046000.0,184630000.0,-269951000.0,-28761000.0,46898000.0,0.0,29316000.0,26635000.0,26635000.0,0.0,0.0,0.315,24141000.0,42200000.0,21337000.0,0.903,1.459,21.847,17.857,693181000.0,2681000.0,35.0,6.881,5.647,8602000.0,-31892000.0,84569000.0,84569000.0,0.0,0.046,0.086,0.055,0.496,0.0,2413000.0,1.0,16625410.0,13644906,15285288.0,6.198,738835000.0,0.0,0.0,0.0,54.147,
95,ESS,MRT,1997-09-30,1997-09-30,1997-09-30,2021-08-02,,,,,,,,,,,,,,,,,,,,,,0.05,1.755,,,,,,,,,,,,,,,,,,1.0,,,,,,,,,,,,,,,,,,,,,,,,,,,,,,,,,,,,,,,,34.88,,,,,,,,,,,,,,1.0,,13915790,,,,,,,,
96,ESS,MRT,1997-06-30,1997-06-30,1997-06-30,2021-08-02,,,,,,,,,,,,,,,,,,,,,,0.054,1.74,,,,,,,,,,,,,,,,,,1.0,,,,,,,,,,,,,,,,,,,,,,,,,,,,,,,,,,,,,,,,32.13,,,,,,,,,,,,,,1.0,,13538186,,,,,,,,
97,ESS,MRT,1997-03-31,1997-03-31,1997-03-31,2021-08-02,,,,,,,,,,,,,,,,,,,,,,0.058,1.73,,,,,,,,,,,,,,,,,,1.0,,,,,,,,,,,,,,,,,,,,,,,,,,,,,,,,,,,,,,,,29.88,,,,,,,,,,,,,,1.0,,11594606,,,,,,,,
98,ESS,MRT,1996-12-31,1996-12-31,1996-12-31,2021-08-02,0.0,417174000.0,,,,,30.592,-101429000.0,46899000.0,46899000.0,11306000.0,8881000.0,,0.759,153205000.0,,,153205000.0,0.0,8855000.0,0.0,0.059,1.72,20323000.0,29178000.0,0.576,29178000.0,20323000.0,8881000.0,1.13,1.12,1.13,222807000.0,,222807000.0,,,,-81294000.0,-11.162,1.0,39387000.0,0.777,0.0,11442000.0,523480000.0,,0.0,10899000.0,,,169086000.0,,,,38722000.0,665000.0,144037000.0,-19052000.0,-12009000.0,107777000.0,-89190000.0,2418000.0,20135000.0,0.0,8881000.0,8246000.0,8246000.0,0.0,0.0,0.163,12336000.0,27051000.0,7346000.0,1.522,,,26.0,346178000.0,635000.0,29.38,,4.221,5293000.0,-33301000.0,50693000.0,50693000.0,0.0,,,,0.401,0.0,1717000.0,1.0,,7283124,7347528.0,6.96,417174000.0,0.0,0.0,0.0,57.28,
99,ESS,MRT,1995-12-31,1995-12-31,1995-12-31,2021-08-02,,,,,,,,-9516000.0,,,10156000.0,10604000.0,,,,,,,,8007000.0,,0.088,1.685,21532000.0,29539000.0,0.672,29539000.0,21532000.0,10604000.0,1.69,1.69,1.69,,,,,,,7079000.0,1.128,1.0,33784000.0,0.769,,10928000.0,,,,,,,,,,,1572000.0,-7426000.0,0.0,4505000.0,-10513000.0,-10061000.0,-4962000.0,-167000.0,16595000.0,0.0,10604000.0,10604000.0,10604000.0,0.0,0.0,0.241,7257000.0,26527000.0,,0.997,,,11.391,,0.0,19.25,,2.749,,,43940000.0,43940000.0,0.0,,,,0.49,0.0,1527000.0,1.0,,6275000,6275000.0,7.002,,,0.0,,,
