None,ticker,dimension,calendardate,datekey,reportperiod,lastupdated,accoci,assets,assetsavg,assetsc,assetsnc,assetturnover,bvps,capex,cashneq,cashnequsd,cor,consolinc,currentratio,de,debt,debtc,debtnc,debtusd,deferredrev,depamor,deposits,divyield,dps,ebit,ebitda,ebitdamargin,ebitdausd,ebitusd,ebt,eps,epsdil,epsusd,equity,equityavg,equityusd,ev,evebit,evebitda,fcf,fcfps,fxusd,gp,grossmargin,intangibles,intexp,invcap,invcapavg,inventory,investments,investmentsc,investmentsnc,liabilities,liabilitiesc,liabilitiesnc,marketcap,ncf,ncfbus,ncfcommon,ncfdebt,ncfdiv,ncff,ncfi,ncfinv,ncfo,ncfx,netinc,netinccmn,netinccmnusd,netincdis,netincnci,netmargin,opex,opinc,payables,payoutratio,pb,pe,pe1,ppnenet,prefdivis,price,ps,ps1,receivables,retearn,revenue,revenueusd,rnd,roa,roe,roic,ros,sbcomp,sgna,sharefactor,sharesbas,shareswa,shareswadil,sps,tangibles,taxassets,taxexp,taxliabilities,tbvps,workingcapital
0,JKHY,MRY,2021-12-31,2021-06-30,2021-06-30,2021-08-25,0.0,2336156000.0,2292360000.0,543737000.0,1792419000.0,0.767,17.463,-145144000.0,50992000.0,50992000.0,1063399000.0,311469000.0,1.044,0.771,100193000.0,110000.0,100083000.0,100193000.0,395600000.0,175748000.0,0.0,0.011,1.78,398869000.0,574617000.0,0.327,574617000.0,398869000.0,397725000.0,4.12,4.12,4.12,1319292000.0,1430916000.0,1319292000.0,12276119941.0,31.0,21.364,316985000.0,4.196,1.0,694826000.0,0.395,1163523000.0,1144000.0,700974000.0,697931000.0,0.0,0.0,0.0,0.0,1016864000.0,520860000.0,496004000.0,12145998941.0,-162353000.0,-2300000.0,-420597000.0,99886000.0,-133800000.0,-462232000.0,-162250000.0,-8300000.0,462129000.0,0.0,311469000.0,311469000.0,311469000.0,0.0,0.0,0.177,296107000.0,398719000.0,18485000.0,0.432,9.206,38.996,39.687,252481000.0,0.0,163.51,6.908,7.026,306564000.0,2412496000.0,1758225000.0,1758225000.0,109047000.0,0.136,0.218,0.572,0.227,20746000.0,187060000.0,1.0,74282912.0,75546000,75658000.0,23.274,1172633000.0,30243000.0,86256000.0,260758000.0,15.522,22877000.0
1,JKHY,MRY,2020-12-31,2020-06-30,2020-06-30,2021-08-25,0.0,2428474000.0,2267827500.0,669101000.0,1759373000.0,0.748,20.182,-159670000.0,213345000.0,213345000.0,1008464000.0,296668000.0,1.352,0.567,323000.0,115000.0,208000.0,323000.0,389622000.0,171805000.0,0.0,0.009,1.66,381764000.0,553569000.0,0.326,553569000.0,381764000.0,381076000.0,3.86,3.86,3.86,1549688000.0,1506739250.0,1549688000.0,14045271687.0,37.0,25.372,350862000.0,4.569,1.0,688603000.0,0.406,1151825000.0,688000.0,568782000.0,620234500.0,0.0,0.0,0.0,0.0,878786000.0,494845000.0,383941000.0,14099538687.0,119717000.0,-30376000.0,-61716000.0,-33000.0,-127421000.0,-192909000.0,-197906000.0,-1150000.0,510532000.0,0.0,296668000.0,296668000.0,296668000.0,0.0,0.0,0.175,307976000.0,380627000.0,9880000.0,0.43,9.098,47.526,47.676,273432000.0,0.0,184.03,8.308,8.327,300945000.0,2235320000.0,1697067000.0,1697067000.0,109988000.0,0.131,0.197,0.616,0.225,16883000.0,197988000.0,1.0,76615436.0,76787000,76934000.0,22.101,1276649000.0,21051000.0,84408000.0,243998000.0,16.626,174256000.0
2,JKHY,MRY,2019-12-31,2019-06-30,2019-06-30,2021-08-25,0.0,2184829000.0,2048146750.0,569448000.0,1615381000.0,0.758,18.52,-164585000.0,93628000.0,93628000.0,923030000.0,271885000.0,1.212,0.529,0.0,0.0,0.0,0.0,394306000.0,160633000.0,0.0,0.011,1.54,348161000.0,508794000.0,0.328,508794000.0,348161000.0,347235000.0,3.52,3.52,3.52,1429013000.0,1403883750.0,1429013000.0,10338714942.0,30.0,20.32,266543000.0,3.454,1.0,629661000.0,0.406,1118080000.0,926000.0,503159000.0,489318500.0,0.0,0.0,0.0,0.0,755816000.0,469962000.0,285854000.0,10339112942.0,62188000.0,-19981000.0,-45587000.0,0.0,-118745000.0,-178305000.0,-190635000.0,0.0,431128000.0,0.0,271885000.0,271885000.0,271885000.0,0.0,0.0,0.175,282376000.0,347285000.0,9850000.0,0.438,7.235,38.028,38.045,272474000.0,0.0,133.92,6.659,6.655,310080000.0,2066073000.0,1552691000.0,1552691000.0,96378000.0,0.133,0.194,0.712,0.224,12589000.0,185998000.0,1.0,77203651.0,77160000,77347000.0,20.123,1066749000.0,17817000.0,75350000.0,217010000.0,13.825,99486000.0
3,JKHY,MRY,2018-12-31,2018-06-30,2018-06-30,2021-08-25,0.0,2033058000.0,1912961750.0,470742000.0,1562316000.0,0.769,17.124,-136476000.0,31440000.0,31440000.0,853138000.0,365034000.0,1.051,0.537,0.0,0.0,0.0,0.0,369915000.0,151986000.0,0.0,0.01,1.36,358078000.0,510064000.0,0.347,510064000.0,358078000.0,356158000.0,4.73,4.7,4.73,1322844000.0,1189435500.0,1322844000.0,10123716451.0,28.0,19.848,275666000.0,3.568,1.0,617659000.0,0.42,1091602000.0,1920000.0,461961000.0,472476250.0,0.0,0.0,0.0,0.0,710214000.0,448055000.0,262159000.0,10076118451.0,-83325000.0,-137212000.0,-41287000.0,-50000000.0,-105021000.0,-203641000.0,-291826000.0,-5000000.0,412142000.0,0.0,365034000.0,365034000.0,365034000.0,0.0,0.0,0.248,262050000.0,355609000.0,30360000.0,0.288,7.617,27.603,27.56,285550000.0,0.0,130.36,6.851,6.847,297271000.0,1912933000.0,1470797000.0,1470797000.0,90340000.0,0.191,0.307,0.758,0.243,11758000.0,171710000.0,1.0,77294557.0,77252000,77585000.0,19.039,941456000.0,21671000.0,-8876000.0,208303000.0,12.187,22687000.0
4,JKHY,MRY,2017-12-31,2017-06-30,2017-06-30,2021-08-25,0.0,1908945000.0,1761568750.0,520031000.0,1388914000.0,0.788,13.256,-130610000.0,114765000.0,114765000.0,805855000.0,229561000.0,1.104,0.85,50000000.0,0.0,50000000.0,50000000.0,511384000.0,139786000.0,0.0,0.011,1.18,341965000.0,481751000.0,0.347,481751000.0,341965000.0,340969000.0,2.95,2.93,2.95,1032051000.0,997041000.0,1032051000.0,8072755069.0,24.0,16.757,226712000.0,2.912,1.0,582435000.0,0.42,926608000.0,996000.0,446380000.0,436223500.0,0.0,0.0,0.0,0.0,876894000.0,471192000.0,405702000.0,8065671069.0,44455000.0,5632000.0,-123894000.0,49800000.0,-91707000.0,-171281000.0,-141586000.0,0.0,357322000.0,0.0,229561000.0,229561000.0,229561000.0,0.0,0.0,0.165,243988000.0,338447000.0,6841000.0,0.4,7.815,35.135,35.21,282934000.0,0.0,103.87,5.81,5.825,276923000.0,1585278000.0,1388290000.0,1388290000.0,84753000.0,0.13,0.23,0.784,0.246,11129000.0,159235000.0,1.0,77651594.0,77856000,78255000.0,17.832,982337000.0,20135000.0,111408000.0,219541000.0,12.617,48839000.0
5,JKHY,MRY,2016-12-31,2016-06-30,2016-06-30,2021-08-25,0.0,1815512000.0,1735299000.0,431929000.0,1383583000.0,0.781,12.544,-161718000.0,70310000.0,70310000.0,773651000.0,248867000.0,0.973,0.822,200000.0,200000.0,0.0,200000.0,521054000.0,129648000.0,0.0,0.012,1.06,361966000.0,491614000.0,0.363,491614000.0,361966000.0,360536000.0,3.13,3.12,3.13,996210000.0,952958750.0,996210000.0,6930480642.0,19.0,14.097,204704000.0,2.578,1.0,580995000.0,0.429,914759000.0,1430000.0,386911000.0,431763250.0,0.0,0.0,0.0,0.0,819302000.0,443732000.0,375570000.0,6884268642.0,-78003000.0,25755000.0,-169254000.0,-52500000.0,-84118000.0,-308462000.0,-135963000.0,0.0,366422000.0,0.0,248867000.0,248867000.0,248867000.0,0.0,0.0,0.184,238827000.0,342168000.0,14596000.0,0.339,6.91,27.662,27.882,298564000.0,0.0,87.27,5.082,5.116,253923000.0,1431192000.0,1354646000.0,1354646000.0,81234000.0,0.143,0.261,0.838,0.267,10720000.0,157593000.0,1.0,78884710.0,79416000,79734000.0,17.058,900753000.0,15636000.0,111669000.0,188601000.0,11.342,-11803000.0
6,JKHY,MRY,2015-12-31,2015-06-30,2015-06-30,2021-08-25,0.0,1836835000.0,1658499750.0,493499000.0,1343336000.0,0.757,12.188,-145119000.0,148313000.0,148313000.0,720336000.0,211221000.0,1.112,0.853,52697000.0,2595000.0,50102000.0,52697000.0,531987000.0,118996000.0,0.0,0.015,0.94,318034000.0,437030000.0,0.348,437030000.0,318034000.0,316440000.0,2.6,2.59,2.6,991534000.0,970531250.0,991534000.0,5264873525.0,17.0,12.047,228671000.0,2.811,1.0,535854000.0,0.427,898149000.0,1594000.0,399459000.0,371266000.0,0.0,0.0,0.0,0.0,845301000.0,443611000.0,401690000.0,5240226525.0,77936000.0,8135000.0,-117168000.0,39217000.0,-76410000.0,-158870000.0,-136984000.0,0.0,373790000.0,0.0,211221000.0,211221000.0,211221000.0,0.0,0.0,0.168,224863000.0,310991000.0,9933000.0,0.362,5.285,24.809,24.885,296332000.0,0.0,64.7,4.172,4.19,245387000.0,1266443000.0,1256190000.0,1256190000.0,71495000.0,0.127,0.218,0.857,0.253,10112000.0,153368000.0,1.0,80992682.0,81353000,81601000.0,15.441,938686000.0,2753000.0,105219000.0,162800000.0,11.538,49888000.0
7,JKHY,MRY,2014-12-31,2014-06-30,2014-06-30,2021-08-25,0.0,1680703000.0,1598115250.0,390506000.0,1290197000.0,0.734,11.399,-103886000.0,70377000.0,70377000.0,679372000.0,186715000.0,0.874,0.737,9136000.0,5407000.0,3729000.0,9136000.0,492868000.0,107771000.0,0.0,0.014,0.84,288675000.0,396446000.0,0.338,396446000.0,288675000.0,287570000.0,2.2,2.19,2.2,967387000.0,1083038750.0,967387000.0,4988249406.0,17.0,12.582,237773000.0,2.802,1.0,493801000.0,0.421,875407000.0,1105000.0,297246000.0,305126500.0,0.0,0.0,0.0,0.0,713316000.0,446809000.0,266507000.0,5025039406.0,-57528000.0,-27894000.0,-170806000.0,-22158000.0,-71251000.0,-267407000.0,-131780000.0,0.0,341659000.0,0.0,186715000.0,186715000.0,186715000.0,0.0,0.0,0.159,205503000.0,288298000.0,10516000.0,0.382,5.194,26.913,27.014,291675000.0,0.0,59.43,4.283,4.299,224041000.0,1131632000.0,1173173000.0,1173173000.0,66748000.0,0.117,0.172,0.946,0.246,10091000.0,138755000.0,1.0,84553919.0,84866000,85396000.0,13.824,805296000.0,7937000.0,100855000.0,127814000.0,9.489,-56303000.0
8,JKHY,MRY,2013-12-31,2013-06-30,2013-06-30,2021-08-25,0.0,1672386000.0,1602004750.0,456119000.0,1216267000.0,0.691,11.806,-97058000.0,127905000.0,127905000.0,646130000.0,167610000.0,1.05,0.646,15295000.0,7929000.0,7366000.0,15295000.0,439596000.0,100341000.0,0.0,0.012,0.56,251397000.0,351738000.0,0.318,351738000.0,251397000.0,245060000.0,1.95,1.94,1.95,1015816000.0,1039558500.0,1015816000.0,4009057746.0,16.0,11.398,212116000.0,2.465,1.0,461394000.0,0.417,822450000.0,6337000.0,303124000.0,363427750.0,0.0,0.0,0.0,0.0,656570000.0,434202000.0,222368000.0,4058472746.0,-29408000.0,0.0,-47651000.0,-145180000.0,-48202000.0,-241338000.0,-97244000.0,0.0,309174000.0,0.0,167610000.0,167610000.0,167610000.0,0.0,0.0,0.151,210637000.0,250757000.0,11701000.0,0.287,3.995,24.214,24.169,300511000.0,0.0,47.13,3.664,3.661,231263000.0,1016168000.0,1107524000.0,1107524000.0,63202000.0,0.105,0.161,0.692,0.227,8615000.0,147435000.0,1.0,86112301.0,86040000,86619000.0,12.872,849936000.0,6107000.0,77450000.0,115864000.0,9.878,21917000.0
9,JKHY,MRY,2012-12-31,2012-06-30,2012-06-30,2021-08-25,0.0,1619492000.0,1502226750.0,468649000.0,1150843000.0,0.677,11.352,-76542000.0,157313000.0,157313000.0,598844000.0,152040000.0,1.165,0.647,131669000.0,25503000.0,106166000.0,131669000.0,296000000.0,94619000.0,0.0,0.013,0.44,232768000.0,327387000.0,0.322,327387000.0,232768000.0,227025000.0,1.76,1.74,1.76,983056000.0,953864250.0,983056000.0,3065193412.0,13.0,9.363,188008000.0,2.171,1.0,418823000.0,0.412,822246000.0,5743000.0,369359000.0,401496500.0,0.0,0.0,0.0,0.0,636436000.0,402243000.0,234193000.0,3013914412.0,94188000.0,0.0,-20045000.0,-35280000.0,-38128000.0,-94100000.0,-76262000.0,1000000.0,264550000.0,0.0,152040000.0,152040000.0,152040000.0,0.0,0.0,0.149,187231000.0,231592000.0,16317000.0,0.25,3.066,19.823,19.614,276730000.0,0.0,34.52,2.962,2.938,218305000.0,944078000.0,1017667000.0,1017667000.0,60876000.0,0.101,0.159,0.58,0.229,6950000.0,126355000.0,1.0,87309224.0,86599000,87287000.0,11.751,797246000.0,8476000.0,74985000.0,127188000.0,9.206,66406000.0
10,JKHY,MRY,2011-12-31,2011-06-30,2011-06-30,2021-08-25,0.0,1505797000.0,1425933500.0,353950000.0,1151847000.0,0.678,10.236,-59039000.0,63125000.0,63125000.0,567563000.0,137471000.0,0.93,0.712,154031000.0,26092000.0,127939000.0,154031000.0,295104000.0,90514000.0,0.0,0.013,0.4,216442000.0,306956000.0,0.317,306956000.0,216442000.0,207512000.0,1.6,1.59,1.6,879776000.0,831402250.0,879776000.0,2781032088.0,13.0,9.06,181093000.0,2.107,1.0,399334000.0,0.413,834086000.0,8930000.0,382106000.0,467221250.0,0.0,1000000.0,1000000.0,0.0,626021000.0,380511000.0,245510000.0,2590726088.0,-62393000.0,0.0,21832000.0,-229455000.0,-34391000.0,-243487000.0,-59038000.0,1000.0,240132000.0,0.0,137471000.0,137471000.0,137471000.0,0.0,0.0,0.142,183017000.0,216317000.0,12829000.0,0.25,2.945,18.846,18.756,270186000.0,0.0,30.01,2.679,2.668,207510000.0,827222000.0,966897000.0,966897000.0,63395000.0,0.096,0.165,0.463,0.224,4723000.0,119622000.0,1.0,86328760.0,85948000,86687000.0,11.25,671711000.0,17116000.0,70041000.0,104578000.0,7.815,-26561000.0
11,JKHY,MRY,2010-12-31,2010-06-30,2010-06-30,2021-08-25,0.0,1560560000.0,1156352750.0,393102000.0,1167458000.0,0.723,8.874,-79063000.0,125518000.0,125518000.0,491466000.0,117870000.0,0.885,1.08,378695000.0,105963000.0,272732000.0,378695000.0,275617000.0,71508000.0,0.0,0.015,0.36,182414000.0,253922000.0,0.304,253922000.0,182414000.0,180796000.0,1.39,1.38,1.39,750372000.0,703881250.0,750372000.0,2075673559.0,11.0,8.174,139635000.0,1.651,1.0,345120000.0,0.413,856310000.0,1618000.0,513042000.0,314905250.0,0.0,1000000.0,1000000.0,0.0,810188000.0,444385000.0,365803000.0,2037661559.0,7267000.0,-426653000.0,33157000.0,303160000.0,-30461000.0,294284000.0,-505715000.0,1000.0,218698000.0,0.0,117870000.0,117870000.0,117870000.0,0.0,0.0,0.141,162867000.0,182253000.0,13500000.0,0.259,2.716,17.287,17.18,274670000.0,0.0,23.88,2.436,2.414,208450000.0,724142000.0,836586000.0,836586000.0,50820000.0,0.102,0.167,0.579,0.218,3251000.0,112047000.0,1.0,85329211.0,84558000,85381000.0,9.894,704250000.0,6940000.0,62926000.0,87903000.0,8.329,-51283000.0
12,JKHY,MRY,2009-12-31,2009-06-30,2009-06-30,2021-08-25,0.0,1050700000.0,935215250.0,359646000.0,691054000.0,0.797,7.448,-56204000.0,118251000.0,118251000.0,446194000.0,103102000.0,1.044,0.677,63461000.0,63461000.0,0.0,63461000.0,245538000.0,64147000.0,0.0,0.015,0.32,158667000.0,222814000.0,0.299,222814000.0,158667000.0,157310000.0,1.23,1.22,1.23,626506000.0,602414750.0,626506000.0,1777046640.0,11.0,7.975,150384000.0,1.788,1.0,299399000.0,0.402,434528000.0,1357000.0,216975000.0,248498500.0,0.0,1000000.0,1000000.0,0.0,424194000.0,344407000.0,79787000.0,1738721640.0,52686000.0,-3027000.0,-53796000.0,-13489000.0,-26903000.0,-94675000.0,-59227000.0,4000.0,206588000.0,0.0,103102000.0,103102000.0,103102000.0,0.0,0.0,0.138,141513000.0,157886000.0,8206000.0,0.26,2.775,16.864,16.87,237778000.0,0.0,20.75,2.332,2.341,192733000.0,636733000.0,745593000.0,745593000.0,42901000.0,0.11,0.171,0.639,0.213,2272000.0,98612000.0,1.0,83793814.0,84118000,84830000.0,8.864,616172000.0,3574000.0,54208000.0,66231000.0,7.325,15239000.0
13,JKHY,MRY,2008-12-31,2008-06-30,2008-06-30,2021-08-25,0.0,1021044000.0,936574000.0,329757000.0,691287000.0,0.793,6.814,-52743000.0,65565000.0,65565000.0,435700000.0,104222000.0,0.967,0.698,70177000.0,70177000.0,0.0,70177000.0,223594000.0,62006000.0,0.0,0.013,0.28,165289000.0,227295000.0,0.306,227295000.0,165289000.0,163361000.0,1.18,1.16,1.18,601451000.0,614258750.0,601451000.0,1937775065.0,12.0,8.525,128258000.0,1.453,1.0,307226000.0,0.414,432134000.0,1928000.0,252347000.0,269182750.0,0.0,997000.0,997000.0,0.0,419593000.0,341175000.0,78418000.0,1893163065.0,-23052000.0,-49324000.0,-80602000.0,-429000.0,-24683000.0,-101905000.0,-102148000.0,25000.0,181001000.0,0.0,104222000.0,104222000.0,104222000.0,1065000.0,0.0,0.14,143017000.0,164209000.0,6946000.0,0.237,3.148,18.165,18.339,239005000.0,0.0,21.64,2.548,2.571,213947000.0,560534000.0,742926000.0,742926000.0,43326000.0,0.111,0.17,0.614,0.222,1444000.0,99691000.0,1.0,87484430.0,88270000,89702000.0,8.417,588910000.0,4590000.0,59139000.0,77391000.0,6.672,-11418000.0
14,JKHY,MRY,2007-12-31,2007-06-30,2007-06-30,2021-08-25,0.0,999340000.0,871354500.0,350385000.0,648955000.0,0.765,6.637,-54920000.0,88617000.0,88617000.0,379665000.0,104681000.0,1.06,0.67,70503000.0,70503000.0,0.0,70503000.0,212556000.0,50954000.0,0.0,0.009,0.24,162471000.0,213425000.0,0.32,213425000.0,162471000.0,160714000.0,1.16,1.14,1.16,598365000.0,586259500.0,598365000.0,2331673422.0,14.0,10.925,119327000.0,1.324,1.0,286802000.0,0.43,373310000.0,1757000.0,277439000.0,287786000.0,0.0,989000.0,989000.0,0.0,400975000.0,330477000.0,70498000.0,2308911422.0,14478000.0,-39307000.0,-69201000.0,19388000.0,-21685000.0,-66858000.0,-92911000.0,1207000.0,174247000.0,0.0,104681000.0,104681000.0,104681000.0,963000.0,0.0,0.157,126774000.0,160028000.0,11481000.0,0.207,3.859,22.057,22.198,249882000.0,0.0,25.75,3.464,3.483,209242000.0,484845000.0,666467000.0,666467000.0,35962000.0,0.12,0.179,0.565,0.244,1003000.0,90812000.0,1.0,89666463.0,90155000,92032000.0,7.392,626030000.0,3260000.0,56033000.0,71172000.0,6.944,19908000.0
15,JKHY,MRY,2006-12-31,2006-06-30,2006-06-30,2021-08-25,0.0,906067000.0,829953500.0,306410000.0,599657000.0,0.712,6.288,-57220000.0,74139000.0,74139000.0,333860000.0,89923000.0,1.163,0.575,50241000.0,50241000.0,0.0,50241000.0,185719000.0,43774000.0,0.0,0.01,0.2,141947000.0,185721000.0,0.314,185721000.0,141947000.0,140592000.0,0.98,0.96,0.98,575212000.0,565308750.0,575212000.0,1808253425.0,13.0,9.736,112218000.0,1.227,1.0,257017000.0,0.435,323549000.0,1355000.0,295128000.0,282348750.0,0.0,2181000.0,2181000.0,0.0,330855000.0,263492000.0,67363000.0,1822058425.0,62531000.0,-20745000.0,-21197000.0,5120000.0,-18383000.0,-29717000.0,-77190000.0,518000.0,169438000.0,0.0,89923000.0,89923000.0,89923000.0,940000.0,0.0,0.152,116196000.0,140821000.0,14525000.0,0.204,3.168,20.262,20.061,251632000.0,0.0,19.66,3.084,3.044,180295000.0,401849000.0,590877000.0,590877000.0,31874000.0,0.108,0.159,0.503,0.24,454000.0,84322000.0,1.0,92678455.0,91484000,93787000.0,6.459,582518000.0,3165000.0,50669000.0,50742000.0,6.367,42918000.0
16,JKHY,MRY,2005-12-31,2005-06-30,2005-06-30,2021-08-25,0.0,814153000.0,692283500.0,260293000.0,553860000.0,0.774,5.69,-65722000.0,11608000.0,11608000.0,313413000.0,75501000.0,1.056,0.574,45000000.0,45000000.0,0.0,45000000.0,170936000.0,38911000.0,0.0,0.009,0.17,120231000.0,159142000.0,0.297,159142000.0,120231000.0,119843000.0,0.83,0.81,0.83,517154000.0,490405750.0,517154000.0,1671163653.0,14.0,10.501,42553000.0,0.468,1.0,222450000.0,0.415,293388000.0,388000.0,307574000.0,250178250.0,0.0,993000.0,993000.0,0.0,296999000.0,246583000.0,50416000.0,1673115653.0,-42150000.0,-119501000.0,5093000.0,45000000.0,-15456000.0,34637000.0,-185062000.0,24000.0,108275000.0,0.0,75501000.0,75501000.0,75501000.0,0.0,0.0,0.141,103381000.0,119069000.0,15895000.0,0.205,3.235,22.16,22.06,243191000.0,0.0,18.31,3.122,3.106,209922000.0,330308000.0,535863000.0,535863000.0,27664000.0,0.109,0.154,0.481,0.224,0.0,75717000.0,1.0,91377152.0,90891000,92998000.0,5.896,520765000.0,2345000.0,44342000.0,40324000.0,5.73,13710000.0
17,JKHY,MRY,2004-12-31,2004-06-30,2004-06-30,2021-08-25,0.0,653614000.0,573248750.0,259058000.0,394556000.0,0.815,4.958,-52579000.0,53758000.0,53758000.0,279437000.0,62315000.0,1.495,0.476,0.0,0.0,0.0,0.0,144996000.0,33540000.0,0.0,0.007,0.15,99812000.0,133352000.0,0.285,133352000.0,99812000.0,99705000.0,0.7,0.68,0.7,442918000.0,414472500.0,442918000.0,1716115924.0,17.0,12.869,60230000.0,0.674,1.0,187978000.0,0.402,166907000.0,107000.0,259709000.0,228536750.0,0.0,998000.0,998000.0,0.0,210696000.0,173240000.0,37456000.0,1805020924.0,21744000.0,-48288000.0,22380000.0,0.0,-13408000.0,8972000.0,-100037000.0,642000.0,112809000.0,0.0,62315000.0,62315000.0,62315000.0,0.0,0.0,0.133,89172000.0,98806000.0,9171000.0,0.214,4.075,28.966,28.714,215100000.0,0.0,20.1,3.862,3.841,169873000.0,271433000.0,467415000.0,467415000.0,23674000.0,0.109,0.15,0.437,0.214,11787000.0,65498000.0,1.0,89802036.0,89325000,91859000.0,5.233,486707000.0,1320000.0,37390000.0,35020000.0,5.449,85818000.0
18,JKHY,MRY,2003-12-31,2003-06-30,2003-06-30,2021-08-25,0.0,548575000.0,481227750.0,217262000.0,331313000.0,0.841,4.157,-51082000.0,32014000.0,32014000.0,251291000.0,49397000.0,1.48,0.502,0.0,0.0,0.0,0.0,132224000.0,30194000.0,0.0,0.008,0.14,77901000.0,108095000.0,0.267,108095000.0,77901000.0,77791000.0,0.56,0.55,0.56,365223000.0,347642500.0,365223000.0,1529961819.0,20.0,14.154,47779000.0,0.544,1.0,153336000.0,0.379,120100000.0,110000.0,249681000.0,230216750.0,0.0,998000.0,998000.0,0.0,183352000.0,146780000.0,36572000.0,1563263819.0,14249000.0,-6537000.0,-13850000.0,0.0,-12290000.0,-26140000.0,-58472000.0,12000.0,98861000.0,0.0,49397000.0,49397000.0,49397000.0,0.0,0.0,0.122,76065000.0,77271000.0,9617000.0,0.25,4.28,31.647,31.768,196046000.0,0.0,17.79,3.863,3.863,150951000.0,233396000.0,404627000.0,404627000.0,15892000.0,0.103,0.142,0.338,0.193,0.0,60173000.0,1.0,87873177.0,87866000,89270000.0,4.605,428475000.0,1000000.0,28394000.0,24261000.0,4.876,70482000.0
19,JKHY,MRY,2002-12-31,2002-06-30,2002-06-30,2021-08-25,0.0,486142000.0,452681250.0,179977000.0,306165000.0,0.876,3.815,-51380000.0,17765000.0,17765000.0,235437000.0,57065000.0,1.598,0.427,0.0,0.0,0.0,0.0,108975000.0,27470000.0,0.0,0.008,0.13,88664000.0,116134000.0,0.293,116134000.0,88664000.0,88473000.0,0.64,0.62,0.64,340739000.0,332325500.0,340739000.0,1461763963.0,16.0,12.587,38561000.0,0.432,1.0,161220000.0,0.406,114663000.0,191000.0,241058000.0,214484250.0,0.0,997000.0,997000.0,0.0,145403000.0,112656000.0,32747000.0,1509571963.0,-824000.0,-11111000.0,-16596000.0,-315000.0,-11626000.0,-28537000.0,-62228000.0,13000.0,89941000.0,0.0,57065000.0,57065000.0,57065000.0,0.0,0.0,0.144,74574000.0,86646000.0,9051000.0,0.203,4.43,26.454,26.078,173775000.0,0.0,16.69,3.806,3.758,131431000.0,201162000.0,396657000.0,396657000.0,12526000.0,0.126,0.172,0.413,0.224,0.0,62048000.0,1.0,90447691.0,89316000,92367000.0,4.441,371479000.0,900000.0,31408000.0,16025000.0,4.159,67321000.0
20,JKHY,MRY,2001-12-31,2001-06-30,2001-06-30,2021-08-25,0.0,433121000.0,362150750.0,172050000.0,261071000.0,1.013,3.484,-59228000.0,18589000.0,18589000.0,215306000.0,55631000.0,1.608,0.432,315000.0,87000.0,228000.0,315000.0,95004000.0,21888000.0,0.0,0.004,0.11,87843000.0,109731000.0,0.299,109731000.0,87843000.0,86923000.0,0.64,0.61,0.64,302504000.0,258800250.0,302504000.0,2717632319.0,31.0,24.766,13594000.0,0.157,1.0,151597000.0,0.413,107195000.0,920000.0,200634000.0,150387750.0,0.0,985000.0,985000.0,0.0,130617000.0,107018000.0,23599000.0,2742441319.0,13403000.0,0.0,79648000.0,-70628000.0,-9604000.0,-584000.0,-58835000.0,18000.0,72822000.0,0.0,55631000.0,55631000.0,55631000.0,0.0,0.0,0.152,65857000.0,85740000.0,17846000.0,0.172,9.066,49.297,48.438,138439000.0,0.0,31.0,7.475,7.337,116573000.0,156405000.0,366903000.0,366903000.0,10871000.0,0.154,0.215,0.584,0.239,25225000.0,54986000.0,1.0,88465849.0,86834000,91344000.0,4.225,325926000.0,1287000.0,31292000.0,7857000.0,3.753,65032000.0
21,JKHY,MRY,2000-12-31,2000-06-30,2000-06-30,2021-08-25,0.0,321082000.0,246273250.0,103150000.0,217932000.0,0.974,1.89,-33494000.0,5186000.0,5186000.0,141725000.0,34018000.0,0.682,1.078,70943000.0,70623000.0,320000.0,70943000.0,71457000.0,15473000.0,0.0,0.004,0.09,53343000.0,68816000.0,0.287,68816000.0,53343000.0,51433000.0,0.42,0.4,0.42,154545000.0,134773000.0,154545000.0,2058228766.0,39.0,29.909,15366000.0,0.188,1.0,98116000.0,0.409,115095000.0,1910000.0,120604000.0,93232500.0,0.0,946000.0,946000.0,0.0,166537000.0,151140000.0,15397000.0,2041704766.0,1810000.0,-93280000.0,6887000.0,69805000.0,-7287000.0,69405000.0,-117419000.0,9361000.0,48860000.0,0.0,34018000.0,34018000.0,34018000.0,332000.0,0.0,0.142,47106000.0,51010000.0,9255000.0,0.214,13.211,60.018,59.679,93285000.0,0.0,25.065,8.513,8.545,73940000.0,110378000.0,239841000.0,239841000.0,8022000.0,0.138,0.252,0.572,0.222,2483000.0,39084000.0,1.0,81456404.0,81766000,85278000.0,2.933,205987000.0,4303000.0,17415000.0,5132000.0,2.519,-47990000.0
22,JKHY,MRY,1999-12-31,1999-06-30,1999-06-30,2021-08-25,0.0,177823000.0,158390000.0,78196000.0,99627000.0,1.222,1.435,-38884000.0,3376000.0,3376000.0,107243000.0,31968000.0,1.446,0.536,626000.0,415000.0,211000.0,626000.0,44664000.0,7901000.0,0.0,0.007,0.073,50948000.0,58849000.0,0.304,58849000.0,50948000.0,50855000.0,0.4,0.38,0.4,115798000.0,102983750.0,115798000.0,774020696.0,15.0,13.153,-1643000.0,-0.02,1.0,86284000.0,0.446,28196000.0,93000.0,92814000.0,61204750.0,0.0,6702000.0,6702000.0,0.0,62025000.0,54063000.0,7962000.0,788105696.0,-21357000.0,-5905000.0,3729000.0,-29000.0,-5688000.0,-1988000.0,-56610000.0,-3608000.0,37241000.0,0.0,31968000.0,31968000.0,31968000.0,758000.0,0.0,0.165,36560000.0,49724000.0,5036000.0,0.182,6.806,24.653,24.531,66192000.0,0.0,9.812,4.072,4.09,51602000.0,83383000.0,193527000.0,193527000.0,5183000.0,0.202,0.31,0.832,0.263,805000.0,31377000.0,1.0,80316504.0,80674000,85282000.0,2.399,149627000.0,1807000.0,18887000.0,3215000.0,1.855,24133000.0
23,JKHY,MRY,1998-12-31,1998-06-30,1998-06-30,2021-08-25,0.0,133830000.0,107949500.0,83393000.0,50437000.0,1.373,1.051,-9949000.0,24733000.0,24733000.0,81009000.0,23537000.0,1.751,0.601,654000.0,415000.0,239000.0,654000.0,33096000.0,6362000.0,0.0,0.007,0.06,37263000.0,43625000.0,0.294,43625000.0,37263000.0,37229000.0,0.295,0.285,0.295,83591000.0,68186500.0,83591000.0,630794266.0,17.0,14.459,15283000.0,0.192,1.0,67226000.0,0.454,18110000.0,34000.0,44006000.0,37096500.0,0.0,3229000.0,3229000.0,0.0,50239000.0,47635000.0,2604000.0,651054266.0,13498000.0,-1046000.0,1664000.0,129000.0,-4528000.0,-2735000.0,-8999000.0,2623000.0,25232000.0,0.0,23537000.0,23537000.0,23537000.0,668000.0,0.0,0.159,30962000.0,36264000.0,8130000.0,0.203,7.789,27.661,29.136,31492000.0,0.0,8.595,4.392,4.612,43348000.0,57122000.0,148235000.0,148235000.0,4163000.0,0.218,0.345,1.004,0.251,0.0,26799000.0,1.0,75748024.0,79540000,83186000.0,1.864,115720000.0,1000.0,13692000.0,2601000.0,1.455,35758000.0
24,JKHY,MRY,1997-12-31,1997-06-30,1997-06-30,2021-08-25,0.0,82069000.0,,42729000.0,39340000.0,,0.694,-13714000.0,7948000.0,7948000.0,73017000.0,18042000.0,1.569,0.555,0.0,0.0,0.0,0.0,20680000.0,5212000.0,0.0,0.008,0.05,28267000.0,33479000.0,0.265,33479000.0,28267000.0,28227000.0,0.235,0.225,0.235,52782000.0,,52782000.0,,,,5423000.0,0.071,1.0,53239000.0,0.422,16695000.0,40000.0,30187000.0,,0.0,5919000.0,5919000.0,0.0,29287000.0,27239000.0,2048000.0,,4693000.0,-282000.0,12389000.0,-3585000.0,-3631000.0,5173000.0,-19617000.0,-2885000.0,19137000.0,0.0,18042000.0,18042000.0,18042000.0,450000.0,0.0,0.143,25369000.0,27870000.0,2911000.0,0.213,,,25.798,21869000.0,0.0,6.062,,3.652,22703000.0,38146000.0,126256000.0,126256000.0,3012000.0,,,,0.224,0.0,22357000.0,1.0,,76050000,80428000.0,1.66,65374000.0,1982000.0,10185000.0,2048000.0,0.86,15490000.0
25,JKHY,MRY,1996-12-31,1996-06-30,1996-06-30,2021-08-25,,,,,,,,-5443000.0,,,33593000.0,9648000.0,,,,,,,,0.0,,0.008,0.043,16712000.0,16712000.0,0.247,16712000.0,16712000.0,17253000.0,0.138,0.128,0.138,,,,,,,9077000.0,0.129,1.0,33965000.0,0.503,,-541000.0,,,,,,,,,,,1529000.0,0.0,-222000.0,0.0,-3002000.0,-3224000.0,-9767000.0,2443000.0,14520000.0,0.0,9648000.0,9648000.0,9648000.0,2620000.0,0.0,0.143,14759000.0,19206000.0,,0.312,,,39.553,,0.0,5.458,,5.706,,,67558000.0,67558000.0,1775000.0,,,,0.247,0.0,12984000.0,1.0,,70624000,74904000.0,0.957,,,7605000.0,,,
0,JKHY,MRQ,2021-06-30,2021-06-30,2021-06-30,2021-08-25,0.0,2336156000.0,,543737000.0,1792419000.0,,17.8,-34237000.0,50992000.0,50992000.0,274918000.0,76862000.0,1.044,0.771,100193000.0,110000.0,100083000.0,100193000.0,395600000.0,43743000.0,0.0,0.011,0.46,96302000.0,140045000.0,0.311,140045000.0,96302000.0,95683000.0,1.03,1.04,1.03,1319292000.0,,1319292000.0,12276119941.0,31.0,21.364,161577000.0,2.18,1.0,175369000.0,0.389,1163523000.0,619000.0,700974000.0,,0.0,0.0,0.0,0.0,1016864000.0,520860000.0,496004000.0,12145998941.0,-19124000.0,-6187000.0,-44239000.0,-100028000.0,-34022000.0,-178828000.0,-36110000.0,5000000.0,195814000.0,0.0,76862000.0,76862000.0,76862000.0,0.0,0.0,0.171,79073000.0,96296000.0,18485000.0,0.447,9.206,38.996,39.687,252481000.0,0.0,163.51,6.908,7.026,306564000.0,2412496000.0,450287000.0,450287000.0,28814000.0,,,,,5787000.0,50259000.0,1.0,74282912.0,74118000,74209000.0,6.075,1172633000.0,30243000.0,18821000.0,260758000.0,15.821,22877000.0
1,JKHY,MRQ,2021-03-31,2021-03-31,2021-03-31,2021-08-25,0.0,2211499000.0,,442669000.0,1768830000.0,,17.456,-38560000.0,70116000.0,70116000.0,267770000.0,71409000.0,1.467,0.681,200237000.0,117000.0,200120000.0,200237000.0,212038000.0,44189000.0,0.0,0.012,0.46,91227000.0,135416000.0,0.312,135416000.0,91227000.0,90937000.0,0.95,0.95,0.95,1315443000.0,,1315443000.0,11394947253.0,30.0,20.521,33771000.0,0.448,1.0,166006000.0,0.383,1160915000.0,290000.0,878976000.0,,0.0,0.0,0.0,0.0,896056000.0,301729000.0,594327000.0,11542443253.0,-77646000.0,-2270000.0,-271597000.0,199971000.0,-34262000.0,-106381000.0,-43596000.0,-1200000.0,72331000.0,0.0,71409000.0,71409000.0,71409000.0,0.0,0.0,0.165,74803000.0,91203000.0,7833000.0,0.484,8.775,39.001,39.103,248041000.0,0.0,151.72,6.717,6.653,207736000.0,2369656000.0,433776000.0,433776000.0,27395000.0,,,,,5207000.0,47408000.0,1.0,76077269.0,75357000,75431000.0,5.756,1050584000.0,9511000.0,19528000.0,257203000.0,13.941,140940000.0
2,JKHY,MRQ,2020-12-31,2020-12-31,2020-12-31,2021-08-25,0.0,2286709000.0,,518484000.0,1768225000.0,,20.277,-42533000.0,147762000.0,147762000.0,257782000.0,71982000.0,1.477,0.48,266000.0,117000.0,149000.0,266000.0,262883000.0,44073000.0,0.0,0.011,0.43,93684000.0,137757000.0,0.326,137757000.0,93684000.0,93567000.0,0.94,0.94,0.94,1545179000.0,,1545179000.0,12167431378.0,32.0,21.894,36974000.0,0.485,1.0,164579000.0,0.39,1154461000.0,117000.0,633779000.0,,0.0,0.0,0.0,0.0,741530000.0,350973000.0,390557000.0,12362456378.0,-47558000.0,6157000.0,-41795000.0,-29000.0,-32701000.0,-75709000.0,-51356000.0,-12100000.0,79507000.0,0.0,71982000.0,71982000.0,71982000.0,0.0,0.0,0.17,70947000.0,93632000.0,11569000.0,0.457,8.001,41.429,41.643,257883000.0,0.0,161.99,7.212,7.201,212934000.0,2332509000.0,422361000.0,422361000.0,26780000.0,,,,,5127000.0,44167000.0,1.0,76316170.0,76202000,76280000.0,5.543,1132248000.0,8662000.0,21585000.0,252649000.0,14.859,167511000.0
3,JKHY,MRQ,2020-09-30,2020-09-30,2020-09-30,2021-08-25,0.0,2335076000.0,,574539000.0,1760537000.0,,20.178,-29814000.0,195320000.0,195320000.0,262929000.0,91216000.0,1.41,0.513,295000.0,126000.0,169000.0,295000.0,322509000.0,43743000.0,0.0,0.01,0.43,117656000.0,161399000.0,0.357,161399000.0,117656000.0,117539000.0,1.19,1.19,1.19,1543750000.0,,1543750000.0,12248173627.0,32.0,22.101,84663000.0,1.107,1.0,188871000.0,0.418,1154679000.0,117000.0,577995000.0,,0.0,0.0,0.0,0.0,791326000.0,407377000.0,383949000.0,12461195627.0,-18025000.0,0.0,-62966000.0,-28000.0,-32815000.0,-101314000.0,-31188000.0,0.0,114477000.0,0.0,91216000.0,91216000.0,91216000.0,0.0,0.0,0.202,71283000.0,117588000.0,6835000.0,0.361,8.072,41.744,41.797,263710000.0,0.0,162.59,7.284,7.271,223013000.0,2293228000.0,451800000.0,451800000.0,26057000.0,,,,,4625000.0,45226000.0,1.0,76641833.0,76507000,76713000.0,5.905,1180397000.0,0.0,26323000.0,247269000.0,15.429,167162000.0
4,JKHY,MRQ,2020-06-30,2020-06-30,2020-06-30,2021-08-25,0.0,2428474000.0,,669101000.0,1759373000.0,,20.227,-32823000.0,213345000.0,213345000.0,254835000.0,61345000.0,1.352,0.567,323000.0,115000.0,208000.0,323000.0,389622000.0,43833000.0,0.0,0.009,0.43,76884000.0,120717000.0,0.294,120717000.0,76884000.0,76673000.0,0.8,0.8,0.8,1549688000.0,,1549688000.0,14045271687.0,37.0,25.372,201256000.0,2.627,1.0,155702000.0,0.379,1151825000.0,211000.0,568782000.0,,0.0,0.0,0.0,0.0,878786000.0,494845000.0,383941000.0,14099538687.0,103831000.0,-11106000.0,2632000.0,-55027000.0,-32935000.0,-85742000.0,-44506000.0,0.0,234079000.0,0.0,61345000.0,61345000.0,61345000.0,0.0,0.0,0.149,78905000.0,76797000.0,9880000.0,0.537,9.098,47.526,47.676,273432000.0,0.0,184.03,8.308,8.327,300945000.0,2235320000.0,410537000.0,410537000.0,29902000.0,,,,,5195000.0,49003000.0,1.0,76615436.0,76613000,76850000.0,5.359,1276649000.0,21051000.0,15328000.0,243998000.0,16.664,174256000.0
5,JKHY,MRQ,2020-03-31,2020-03-31,2020-03-31,2021-08-25,0.0,2229419000.0,,479650000.0,1749769000.0,,19.742,-38203000.0,109514000.0,109514000.0,258571000.0,73855000.0,1.607,0.473,55247000.0,81000.0,55166000.0,55247000.0,226427000.0,43735000.0,0.0,0.01,0.43,92135000.0,135870000.0,0.316,135870000.0,92135000.0,91970000.0,0.96,0.96,0.96,1513863000.0,,1513863000.0,11837436928.0,31.0,21.377,23237000.0,0.303,1.0,170835000.0,0.398,1153178000.0,165000.0,723566000.0,,0.0,0.0,0.0,0.0,715556000.0,298408000.0,417148000.0,11909949928.0,37001000.0,10780000.0,-17741000.0,54994000.0,-32984000.0,3566000.0,-28005000.0,0.0,61440000.0,0.0,73855000.0,73855000.0,73855000.0,0.0,0.0,0.172,78897000.0,91938000.0,11673000.0,0.448,7.867,40.193,40.322,277091000.0,0.0,155.24,7.089,7.086,212060000.0,2206910000.0,429406000.0,429406000.0,28308000.0,,,,,4690000.0,50589000.0,1.0,76719595.0,76683000,76884000.0,5.6,1076241000.0,7063000.0,18115000.0,228685000.0,14.035,181242000.0
6,JKHY,MRQ,2019-12-31,2019-12-31,2019-12-31,2021-08-25,0.0,2187439000.0,,427731000.0,1759708000.0,,19.339,-47078000.0,72513000.0,72513000.0,249267000.0,72098000.0,1.246,0.471,0.0,0.0,0.0,0.0,277004000.0,42149000.0,0.0,0.011,0.4,94050000.0,136199000.0,0.325,136199000.0,94050000.0,93894000.0,0.94,0.94,0.94,1486746000.0,,1486746000.0,11110719806.0,30.0,20.76,44883000.0,0.584,1.0,169852000.0,0.405,1161145000.0,156000.0,610627000.0,,0.0,0.0,0.0,0.0,700693000.0,343154000.0,357539000.0,11207398806.0,-24166000.0,235000.0,-34874000.0,0.0,-30731000.0,-66157000.0,-49970000.0,0.0,91961000.0,0.0,72098000.0,72098000.0,72098000.0,0.0,0.0,0.172,76148000.0,93704000.0,10670000.0,0.426,7.538,39.783,39.801,278695000.0,0.0,145.67,6.872,6.866,204703000.0,2166039000.0,419119000.0,419119000.0,27187000.0,,,,,4145000.0,48961000.0,1.0,76936904.0,76879000,76935000.0,5.452,1026294000.0,0.0,21796000.0,224413000.0,13.349,84577000.0
7,JKHY,MRQ,2019-09-30,2019-09-30,2019-09-30,2021-08-25,0.0,2225978000.0,,484123000.0,1741855000.0,,19.184,-41566000.0,96679000.0,96679000.0,245791000.0,89370000.0,1.232,0.507,0.0,0.0,0.0,0.0,325554000.0,42088000.0,0.0,0.011,0.4,118695000.0,160783000.0,0.367,160783000.0,118695000.0,118539000.0,1.16,1.16,1.16,1476660000.0,,1476660000.0,11146106813.0,31.0,21.137,81486000.0,1.059,1.0,192214000.0,0.439,1158258000.0,156000.0,577963000.0,,0.0,0.0,0.0,0.0,749318000.0,393078000.0,356240000.0,11239734813.0,3051000.0,-30285000.0,-11733000.0,0.0,-30771000.0,-44576000.0,-75425000.0,-1150000.0,123052000.0,0.0,89370000.0,89370000.0,89370000.0,0.0,0.0,0.204,74027000.0,118187000.0,13621000.0,0.345,7.612,40.474,40.547,274531000.0,0.0,145.97,7.033,7.03,234362000.0,2124672000.0,438005000.0,438005000.0,24591000.0,,,,,2853000.0,49436000.0,1.0,77000307.0,76972000,77067000.0,5.69,1067720000.0,0.0,29169000.0,227836000.0,13.872,91045000.0
8,JKHY,MRQ,2019-06-30,2019-06-30,2019-06-30,2021-08-25,0.0,2184829000.0,,569448000.0,1615381000.0,,18.545,-40825000.0,93628000.0,93628000.0,240040000.0,60993000.0,1.212,0.529,0.0,0.0,0.0,0.0,394306000.0,41306000.0,0.0,0.011,0.4,79596000.0,120902000.0,0.307,120902000.0,79596000.0,79190000.0,0.79,0.8,0.79,1429013000.0,,1429013000.0,10338714942.0,30.0,20.32,156934000.0,2.037,1.0,153469000.0,0.39,1118080000.0,406000.0,503159000.0,,0.0,0.0,0.0,0.0,755816000.0,469962000.0,285854000.0,10339112942.0,58230000.0,0.0,-30971000.0,-35000000.0,-30775000.0,-96921000.0,-42608000.0,0.0,197759000.0,0.0,60993000.0,60993000.0,60993000.0,0.0,0.0,0.155,74052000.0,79417000.0,9850000.0,0.506,7.235,38.028,38.045,272474000.0,0.0,133.92,6.659,6.655,310080000.0,2066073000.0,393509000.0,393509000.0,24920000.0,,,,,3938000.0,49315000.0,1.0,77203651.0,77058000,77155000.0,5.107,1066749000.0,17817000.0,18197000.0,217010000.0,13.843,99486000.0
9,JKHY,MRQ,2019-03-31,2019-03-31,2019-03-31,2021-08-25,0.0,2002879000.0,,388556000.0,1614323000.0,,18.477,-36782000.0,35398000.0,35398000.0,235594000.0,59252000.0,1.174,0.405,35000000.0,35000000.0,0.0,35000000.0,207908000.0,40711000.0,0.0,0.011,0.4,76596000.0,117307000.0,0.308,117307000.0,76596000.0,76372000.0,0.77,0.77,0.77,1426003000.0,,1426003000.0,10681327010.0,30.0,20.833,4543000.0,0.059,1.0,144770000.0,0.381,1115531000.0,224000.0,556085000.0,,0.0,0.0,0.0,0.0,576876000.0,330865000.0,246011000.0,10707483010.0,9242000.0,0.0,2470000.0,35000000.0,-30866000.0,6291000.0,-38374000.0,0.0,41325000.0,0.0,59252000.0,59252000.0,59252000.0,0.0,0.0,0.156,68329000.0,76441000.0,10907000.0,0.519,7.509,38.416,38.432,279948000.0,0.0,138.74,6.964,6.965,190768000.0,2035855000.0,380364000.0,380364000.0,23442000.0,,,,,3505000.0,44682000.0,1.0,77176611.0,77177000,77286000.0,4.928,887348000.0,17215000.0,17120000.0,212608000.0,11.498,57691000.0
10,JKHY,MRQ,2018-12-31,2018-12-31,2018-12-31,2021-08-25,0.0,1971777000.0,,362639000.0,1609138000.0,,18.027,-36341000.0,26156000.0,26156000.0,227284000.0,68089000.0,1.066,0.417,0.0,0.0,0.0,0.0,255636000.0,39886000.0,0.0,0.012,0.37,88456000.0,128342000.0,0.332,128342000.0,88456000.0,88308000.0,0.88,0.88,0.88,1391955000.0,,1391955000.0,9664911193.0,26.0,18.403,8969000.0,0.116,1.0,158991000.0,0.412,1113794000.0,148000.0,491753000.0,,0.0,0.0,0.0,0.0,579822000.0,340074000.0,239748000.0,9779783193.0,-88716000.0,-19981000.0,-19304000.0,0.0,-57104000.0,-76636000.0,-57390000.0,0.0,45310000.0,0.0,68089000.0,68089000.0,68089000.0,0.0,0.0,0.176,70787000.0,88204000.0,6597000.0,0.42,7.026,33.892,33.92,283454000.0,0.0,126.52,6.387,6.381,184737000.0,2007469000.0,386275000.0,386275000.0,23990000.0,,,,,3375000.0,46797000.0,1.0,77298318.0,77216000,77409000.0,5.003,857983000.0,9488000.0,20219000.0,210489000.0,11.111,22565000.0
11,JKHY,MRQ,2018-09-30,2018-09-30,2018-09-30,2021-08-25,0.0,2033102000.0,,457839000.0,1575263000.0,,17.73,-50637000.0,114872000.0,114872000.0,220112000.0,83551000.0,1.09,0.486,0.0,0.0,0.0,0.0,317764000.0,38730000.0,0.0,0.009,0.37,103513000.0,142243000.0,0.362,142243000.0,103513000.0,103366000.0,1.08,1.08,1.08,1368564000.0,,1368564000.0,12323344385.0,34.0,23.752,96097000.0,1.245,1.0,172431000.0,0.439,1091727000.0,147000.0,406277000.0,,0.0,0.0,0.0,0.0,664538000.0,420226000.0,244312000.0,12354784385.0,83432000.0,0.0,2218000.0,0.0,0.0,-11039000.0,-52263000.0,0.0,146734000.0,0.0,83551000.0,83551000.0,83551000.0,0.0,0.0,0.213,69209000.0,103222000.0,10477000.0,0.343,9.028,32.367,32.405,286497000.0,0.0,160.08,8.225,8.226,198564000.0,1967921000.0,392543000.0,392543000.0,24026000.0,,,,,1771000.0,45183000.0,1.0,77178813.0,77188000,77537000.0,5.086,941375000.0,4142000.0,19815000.0,209033000.0,12.196,37613000.0
12,JKHY,MRQ,2018-06-30,2018-06-30,2018-06-30,2021-08-25,0.0,2033058000.0,,470742000.0,1562316000.0,,17.122,-39725000.0,31440000.0,31440000.0,223606000.0,67835000.0,1.051,0.537,0.0,0.0,0.0,0.0,369915000.0,39729000.0,0.0,0.01,0.37,85100000.0,124829000.0,0.33,124829000.0,85100000.0,84353000.0,0.88,0.87,0.88,1322844000.0,,1322844000.0,10123716451.0,28.0,19.848,137545000.0,1.78,1.0,154650000.0,0.409,1091602000.0,747000.0,461961000.0,,0.0,0.0,0.0,0.0,710214000.0,448055000.0,262159000.0,10076118451.0,-25962000.0,92000.0,-16815000.0,-105000000.0,-28592000.0,-150461000.0,-52771000.0,0.0,177270000.0,0.0,67835000.0,67835000.0,67835000.0,0.0,0.0,0.179,71595000.0,83055000.0,30360000.0,0.42,7.617,27.603,27.56,285550000.0,0.0,130.36,6.851,6.847,297271000.0,1912933000.0,378256000.0,378256000.0,24406000.0,,,,,3924000.0,45295000.0,1.0,77294557.0,77261000,77582000.0,4.896,941456000.0,21671000.0,16518000.0,208303000.0,12.185,22687000.0
13,JKHY,MRQ,2018-03-31,2018-03-31,2018-03-31,2021-08-25,0.0,1905368000.0,,362030000.0,1543338000.0,,15.833,-31746000.0,57402000.0,57402000.0,218517000.0,69086000.0,1.252,0.558,105000000.0,0.0,105000000.0,105000000.0,305536000.0,38944000.0,0.0,0.011,0.37,90837000.0,129781000.0,0.347,129781000.0,90837000.0,90103000.0,0.89,0.89,0.89,1223085000.0,,1223085000.0,9387060030.0,27.0,19.018,26218000.0,0.339,1.0,155531000.0,0.416,1088493000.0,734000.0,575235000.0,,0.0,0.0,0.0,0.0,682283000.0,289238000.0,393045000.0,9344779030.0,-317000.0,0.0,2185000.0,5000000.0,-28585000.0,-21535000.0,-36746000.0,-5000000.0,57964000.0,0.0,69086000.0,69086000.0,69086000.0,0.0,0.0,0.185,64824000.0,90707000.0,7332000.0,0.416,7.64,27.035,26.998,261220000.0,0.0,120.95,6.519,6.518,168934000.0,1800229000.0,374048000.0,374048000.0,22591000.0,,,,,3225000.0,42233000.0,1.0,77261505.0,77247000,77546000.0,4.842,816875000.0,13381000.0,21017000.0,169324000.0,10.575,72792000.0
14,JKHY,MRQ,2017-12-31,2017-12-31,2017-12-31,2021-08-25,0.0,1917076000.0,,369600000.0,1547476000.0,,15.204,-34975000.0,57719000.0,57719000.0,207100000.0,161243000.0,1.045,0.633,100000000.0,0.0,100000000.0,100000000.0,375688000.0,37038000.0,0.0,0.011,0.31,84936000.0,121974000.0,0.341,121974000.0,84936000.0,84686000.0,2.09,2.08,2.09,1174000000.0,,1174000000.0,8929303026.0,26.0,18.315,3211000.0,0.042,1.0,150109000.0,0.42,1090311000.0,250000.0,515292000.0,,0.0,0.0,0.0,0.0,743076000.0,353754000.0,389322000.0,9033343026.0,-46321000.0,-127049000.0,1568000.0,100000000.0,-23940000.0,77517000.0,-162024000.0,0.0,38186000.0,0.0,161243000.0,161243000.0,161243000.0,0.0,0.0,0.451,65319000.0,84790000.0,13135000.0,0.148,7.695,26.836,26.826,272086000.0,0.0,116.96,6.392,6.391,166827000.0,1756419000.0,357209000.0,357209000.0,22414000.0,,,,,3096000.0,43094000.0,1.0,77234465.0,77218000,77565000.0,4.626,826765000.0,23630000.0,-76557000.0,166789000.0,10.707,15846000.0
15,JKHY,MRQ,2017-09-30,2017-09-30,2017-09-30,2021-08-25,0.0,1796345000.0,,403871000.0,1392474000.0,,13.429,-30030000.0,104040000.0,104040000.0,203915000.0,66870000.0,0.974,0.731,0.0,0.0,0.0,0.0,439565000.0,36275000.0,0.0,0.012,0.31,97204000.0,133479000.0,0.369,133479000.0,97204000.0,97015000.0,0.87,0.86,0.87,1037813000.0,,1037813000.0,7895116418.0,23.0,16.127,108692000.0,1.406,1.0,157369000.0,0.436,940148000.0,189000.0,337417000.0,,0.0,0.0,0.0,0.0,758532000.0,414740000.0,343792000.0,7959881418.0,-10725000.0,-10255000.0,-28225000.0,-50000000.0,-23904000.0,-109162000.0,-40285000.0,0.0,138722000.0,0.0,66870000.0,66870000.0,66870000.0,0.0,0.0,0.185,60312000.0,97057000.0,8857000.0,0.356,7.67,33.989,33.924,273834000.0,0.0,102.79,5.667,5.656,172515000.0,1624785000.0,361284000.0,361284000.0,20929000.0,,,,,1513000.0,41088000.0,1.0,77438286.0,77283000,77646000.0,4.675,856197000.0,2942000.0,30145000.0,229582000.0,11.079,-10869000.0
16,JKHY,MRQ,2017-06-30,2017-06-30,2017-06-30,2021-08-25,0.0,1908945000.0,,520031000.0,1388914000.0,,13.299,-24825000.0,114765000.0,114765000.0,206219000.0,48459000.0,1.104,0.85,50000000.0,0.0,50000000.0,50000000.0,511384000.0,35350000.0,0.0,0.011,0.31,73001000.0,108351000.0,0.318,108351000.0,73001000.0,72609000.0,0.63,0.62,0.63,1032051000.0,,1032051000.0,8072755069.0,24.0,16.757,133630000.0,1.722,1.0,134722000.0,0.395,926608000.0,392000.0,446380000.0,,0.0,0.0,0.0,0.0,876894000.0,471192000.0,405702000.0,8065671069.0,71849000.0,3346000.0,-24416000.0,0.0,-24066000.0,-48519000.0,-38087000.0,0.0,158455000.0,0.0,48459000.0,48459000.0,48459000.0,0.0,0.0,0.142,65030000.0,69692000.0,6841000.0,0.492,7.815,35.135,35.21,282934000.0,0.0,103.87,5.81,5.825,276923000.0,1585278000.0,340941000.0,340941000.0,23340000.0,,,,,3767000.0,39440000.0,1.0,77651594.0,77601000,78063000.0,4.394,982337000.0,20135000.0,24150000.0,219541000.0,12.659,48839000.0
17,JKHY,MRQ,2017-03-31,2017-03-31,2017-03-31,2021-08-25,0.0,1686983000.0,,299154000.0,1387829000.0,,13.043,-36082000.0,42916000.0,42916000.0,206727000.0,60044000.0,1.108,0.667,50000000.0,0.0,50000000.0,50000000.0,338744000.0,34976000.0,0.0,0.012,0.31,88773000.0,123749000.0,0.35,123749000.0,88773000.0,88495000.0,0.77,0.77,0.77,1012112000.0,,1012112000.0,7213135115.0,19.0,13.753,-1082000.0,-0.014,1.0,147040000.0,0.416,926754000.0,278000.0,497437000.0,,0.0,0.0,0.0,0.0,674871000.0,269876000.0,404995000.0,7227323115.0,-21272000.0,2286000.0,1632000.0,0.0,-24059000.0,-22476000.0,-33796000.0,0.0,35000000.0,0.0,60044000.0,60044000.0,60044000.0,0.0,0.0,0.17,58309000.0,88731000.0,5255000.0,0.403,7.141,27.235,27.544,285018000.0,0.0,93.1,5.11,5.108,139503000.0,1544653000.0,353767000.0,353767000.0,20801000.0,,,,,3132000.0,39794000.0,1.0,77629679.0,77597000,77932000.0,4.559,760229000.0,8593000.0,28451000.0,203431000.0,9.797,29278000.0
18,JKHY,MRQ,2016-12-31,2016-12-31,2016-12-31,2021-08-25,0.0,1718095000.0,,323737000.0,1394358000.0,,12.484,-37802000.0,64188000.0,64188000.0,198146000.0,58814000.0,0.985,0.769,50000000.0,0.0,50000000.0,50000000.0,407441000.0,35324000.0,0.0,0.013,0.28,88666000.0,123990000.0,0.356,123990000.0,88666000.0,88482000.0,0.76,0.75,0.76,971412000.0,,971412000.0,6849387924.0,18.0,13.358,-7306000.0,-0.094,1.0,150407000.0,0.432,924158000.0,184000.0,451161000.0,,0.0,0.0,0.0,0.0,746683000.0,328588000.0,418095000.0,6933906924.0,-20331000.0,0.0,-41243000.0,50000000.0,-21725000.0,-13025000.0,-37802000.0,0.0,30496000.0,0.0,58814000.0,58814000.0,58814000.0,0.0,0.0,0.169,61801000.0,88606000.0,15863000.0,0.368,7.138,26.75,26.985,289273000.0,0.0,88.78,4.975,4.957,146256000.0,1508668000.0,348553000.0,348553000.0,20873000.0,,,,,3033000.0,40928000.0,1.0,78102128.0,77814000,78180000.0,4.479,793937000.0,9649000.0,29668000.0,197346000.0,10.203,-4851000.0
19,JKHY,MRQ,2016-09-30,2016-09-30,2016-09-30,2021-08-25,0.0,1732252000.0,,342900000.0,1389352000.0,,12.403,-31901000.0,84519000.0,84519000.0,194763000.0,62244000.0,0.904,0.781,0.0,0.0,0.0,0.0,469868000.0,34136000.0,0.0,0.013,0.28,91525000.0,125661000.0,0.364,125661000.0,91525000.0,91383000.0,0.79,0.79,0.79,972589000.0,,972589000.0,6648638726.0,18.0,13.155,101470000.0,1.294,1.0,150265000.0,0.436,918446000.0,142000.0,349916000.0,,0.0,0.0,0.0,0.0,759663000.0,379371000.0,380292000.0,6718748726.0,14209000.0,0.0,-59867000.0,-200000.0,-21857000.0,-87261000.0,-31901000.0,0.0,133371000.0,0.0,62244000.0,62244000.0,62244000.0,0.0,0.0,0.18,58848000.0,91417000.0,7092000.0,0.354,6.908,25.867,26.082,293237000.0,0.0,85.55,4.876,4.868,148428000.0,1471579000.0,345028000.0,345028000.0,19739000.0,,,,,1197000.0,39109000.0,1.0,78535929.0,78413000,78844000.0,4.4,813806000.0,2989000.0,29139000.0,202931000.0,10.378,-36471000.0
20,JKHY,MRQ,2016-06-30,2016-06-30,2016-06-30,2021-08-25,0.0,1815512000.0,,431929000.0,1383583000.0,,12.636,-36396000.0,70310000.0,70310000.0,205269000.0,84270000.0,0.973,0.822,200000.0,200000.0,0.0,200000.0,521054000.0,34529000.0,0.0,0.012,0.28,116553000.0,151082000.0,0.412,151082000.0,116553000.0,116106000.0,1.06,1.06,1.06,996210000.0,,996210000.0,6930480642.0,19.0,14.097,122655000.0,1.556,1.0,161700000.0,0.441,914759000.0,447000.0,386911000.0,,0.0,0.0,0.0,0.0,819302000.0,443732000.0,375570000.0,6884268642.0,16309000.0,34030000.0,-18250000.0,-100016000.0,-22081000.0,-140376000.0,-2366000.0,0.0,159051000.0,0.0,84270000.0,84270000.0,84270000.0,0.0,0.0,0.23,64687000.0,97013000.0,14596000.0,0.264,6.91,27.662,27.882,298564000.0,0.0,87.27,5.082,5.116,253923000.0,1431192000.0,366969000.0,366969000.0,23965000.0,,,,,2507000.0,40722000.0,1.0,78884710.0,78840000,79263000.0,4.655,900753000.0,15636000.0,31836000.0,188601000.0,11.425,-11803000.0
21,JKHY,MRQ,2016-03-31,2016-03-31,2016-03-31,2021-08-25,0.0,1702622000.0,,309970000.0,1392652000.0,,12.041,-40477000.0,54001000.0,54001000.0,194273000.0,53883000.0,1.11,0.794,100213000.0,213000.0,100000000.0,100213000.0,383171000.0,32134000.0,0.0,0.012,0.28,79884000.0,112018000.0,0.336,112018000.0,79884000.0,79398000.0,0.68,0.68,0.68,948867000.0,,948867000.0,6714531561.0,20.0,14.601,19614000.0,0.249,1.0,138913000.0,0.417,936968000.0,486000.0,532602000.0,,0.0,0.0,0.0,0.0,753755000.0,279264000.0,474491000.0,6669334561.0,-1125000.0,0.0,1496000.0,-110000.0,-22065000.0,-20739000.0,-40477000.0,0.0,60091000.0,0.0,53883000.0,53883000.0,53883000.0,0.0,0.0,0.162,59083000.0,79830000.0,7060000.0,0.412,7.029,29.623,29.989,298023000.0,0.0,84.57,5.047,5.044,137406000.0,1369003000.0,333186000.0,333186000.0,19854000.0,,,,,3101000.0,39229000.0,1.0,78861707.0,78805000,79167000.0,4.228,765654000.0,8236000.0,25515000.0,183881000.0,9.716,30706000.0
22,JKHY,MRQ,2015-12-31,2015-12-31,2015-12-31,2021-08-25,0.0,1708865000.0,,320017000.0,1388848000.0,,11.482,-44558000.0,55126000.0,55126000.0,190445000.0,59348000.0,0.959,0.873,100323000.0,323000.0,100000000.0,100323000.0,440145000.0,31781000.0,0.0,0.013,0.25,84878000.0,116659000.0,0.35,116659000.0,84878000.0,84602000.0,0.75,0.74,0.75,912474000.0,,912474000.0,6155889732.0,19.0,13.537,-24088000.0,-0.303,1.0,142427000.0,0.428,928117000.0,276000.0,492194000.0,,0.0,0.0,0.0,0.0,796391000.0,333751000.0,462640000.0,6239267732.0,-29359000.0,0.0,-84654000.0,99216000.0,-19772000.0,-5271000.0,-44558000.0,0.0,20470000.0,0.0,59348000.0,59348000.0,59348000.0,0.0,0.0,0.178,57640000.0,84787000.0,5653000.0,0.333,6.838,28.109,28.181,302091000.0,0.0,78.06,4.807,4.78,147091000.0,1337185000.0,332872000.0,332872000.0,18862000.0,,,,,3142000.0,38778000.0,1.0,79929128.0,79473000,79770000.0,4.188,780748000.0,3116000.0,25254000.0,165453000.0,9.824,-13734000.0
23,JKHY,MRQ,2015-09-30,2015-09-30,2015-09-30,2021-08-25,0.0,1714197000.0,,345425000.0,1368772000.0,,11.848,-40287000.0,84485000.0,84485000.0,183663000.0,51366000.0,0.87,0.796,1107000.0,1107000.0,0.0,1107000.0,493354000.0,31204000.0,0.0,0.014,0.25,80650000.0,111854000.0,0.348,111854000.0,80650000.0,80430000.0,0.64,0.64,0.64,954284000.0,,954284000.0,5488492701.0,17.0,12.258,86523000.0,1.074,1.0,137955000.0,0.429,918247000.0,220000.0,315346000.0,,0.0,0.0,0.0,0.0,759913000.0,397226000.0,362687000.0,5584108701.0,-63828000.0,-8275000.0,-67846000.0,-51590000.0,-20200000.0,-142076000.0,-48562000.0,0.0,126810000.0,0.0,51366000.0,51366000.0,51366000.0,0.0,0.0,0.16,57418000.0,80537000.0,8116000.0,0.391,5.852,25.792,25.974,295941000.0,0.0,69.61,4.375,4.393,147652000.0,1297609000.0,321618000.0,321618000.0,18554000.0,,,,,1970000.0,38864000.0,1.0,80219921.0,80545000,80735000.0,3.993,795950000.0,1802000.0,29064000.0,180950000.0,9.882,-51801000.0
24,JKHY,MRQ,2015-06-30,2015-06-30,2015-06-30,2021-08-25,0.0,1836835000.0,,493499000.0,1343336000.0,,12.255,-50787000.0,148313000.0,148313000.0,187298000.0,60542000.0,1.112,0.853,52697000.0,2595000.0,50102000.0,52697000.0,531987000.0,29910000.0,0.0,0.015,0.25,89426000.0,119336000.0,0.358,119336000.0,89426000.0,89105000.0,0.75,0.75,0.75,991534000.0,,991534000.0,5264873525.0,17.0,12.047,140516000.0,1.737,1.0,146415000.0,0.439,898149000.0,321000.0,399459000.0,,0.0,0.0,0.0,0.0,845301000.0,443611000.0,401690000.0,5240226525.0,95513000.0,8135000.0,-8345000.0,-24750000.0,-20227000.0,-53138000.0,-42652000.0,0.0,191303000.0,0.0,60542000.0,60542000.0,60542000.0,0.0,0.0,0.181,63914000.0,82501000.0,9933000.0,0.333,5.285,24.809,24.885,296332000.0,0.0,64.7,4.172,4.19,245387000.0,1266443000.0,333713000.0,333713000.0,19500000.0,,,,,2770000.0,44414000.0,1.0,80992682.0,80906000,81085000.0,4.125,938686000.0,2753000.0,28563000.0,162800000.0,11.602,49888000.0
25,JKHY,MRQ,2015-03-31,2015-03-31,2015-03-31,2021-08-25,0.0,1618139000.0,,294532000.0,1323607000.0,,11.828,-30933000.0,52800000.0,52800000.0,177894000.0,50712000.0,1.024,0.692,77447000.0,7247000.0,70200000.0,77447000.0,370470000.0,29670000.0,0.0,0.013,0.25,77235000.0,106905000.0,0.345,106905000.0,77235000.0,76566000.0,0.63,0.63,0.63,956610000.0,,956610000.0,5686902130.0,18.0,13.26,24656000.0,0.305,1.0,131815000.0,0.426,890766000.0,669000.0,464415000.0,,0.0,0.0,0.0,0.0,661529000.0,287605000.0,373924000.0,5715299130.0,3468000.0,0.0,1417000.0,-1364000.0,-20222000.0,-21188000.0,-30933000.0,0.0,55589000.0,0.0,50712000.0,50712000.0,50712000.0,0.0,0.0,0.164,54613000.0,77202000.0,6639000.0,0.397,5.975,28.125,28.181,290720000.0,0.0,69.89,4.618,4.567,137415000.0,1226128000.0,309709000.0,309709000.0,17522000.0,,,,,2759000.0,37091000.0,1.0,81775635.0,80880000,81094000.0,3.829,727373000.0,10000.0,25854000.0,132034000.0,8.993,6927000.0
26,JKHY,MRQ,2014-12-31,2014-12-31,2014-12-31,2021-08-25,0.0,1620971000.0,,306781000.0,1314190000.0,,11.323,-20518000.0,49332000.0,49332000.0,180259000.0,53882000.0,0.757,0.758,78811000.0,77888000.0,923000.0,78811000.0,413081000.0,29968000.0,0.0,0.014,0.22,79693000.0,109661000.0,0.352,109661000.0,79693000.0,79356000.0,0.66,0.66,0.66,922062000.0,,922062000.0,5053140959.0,17.0,12.206,13232000.0,0.162,1.0,131035000.0,0.421,883462000.0,337000.0,361729000.0,,0.0,0.0,0.0,0.0,698909000.0,405259000.0,293650000.0,5081537959.0,9930000.0,0.0,-51011000.0,65501000.0,-17919000.0,-3302000.0,-20518000.0,0.0,33750000.0,0.0,53882000.0,53882000.0,53882000.0,0.0,0.0,0.173,51370000.0,79665000.0,7889000.0,0.333,5.511,26.045,26.443,295483000.0,0.0,62.14,4.167,4.15,147890000.0,1195638000.0,311294000.0,311294000.0,17681000.0,,,,,2515000.0,33689000.0,1.0,81775635.0,81432000,81634000.0,3.823,737509000.0,2106000.0,25474000.0,123727000.0,9.057,-98478000.0
27,JKHY,MRQ,2014-09-30,2014-09-30,2014-09-30,2021-08-25,0.0,1558054000.0,,302119000.0,1255935000.0,,12.311,-42881000.0,39402000.0,39402000.0,174884000.0,46088000.0,0.776,0.54,11005000.0,9964000.0,1041000.0,11005000.0,269569000.0,29448000.0,0.0,0.015,0.22,71683000.0,101131000.0,0.335,101131000.0,71683000.0,71417000.0,0.56,0.56,0.56,1011919000.0,,1011919000.0,4529701999.0,15.0,11.185,50267000.0,0.612,1.0,126590000.0,0.42,881044000.0,266000.0,259461000.0,,0.0,0.0,0.0,0.0,546135000.0,389152000.0,156983000.0,4590942999.0,-30975000.0,0.0,-59229000.0,-170000.0,-18042000.0,-81242000.0,-42881000.0,0.0,93148000.0,0.0,46088000.0,46088000.0,46088000.0,0.0,0.0,0.153,54964000.0,71626000.0,8316000.0,0.393,4.537,24.216,24.628,301132000.0,0.0,55.66,3.836,3.822,159110000.0,1237126000.0,301474000.0,301474000.0,16791000.0,,,,,2068000.0,38173000.0,1.0,82481908.0,82195000,82589000.0,3.668,677010000.0,2618000.0,25329000.0,188858000.0,8.237,-87033000.0
28,JKHY,MRQ,2014-06-30,2014-06-30,2014-06-30,2021-08-25,0.0,1680703000.0,,390506000.0,1290197000.0,,11.553,-25705000.0,70377000.0,70377000.0,179047000.0,52527000.0,0.874,0.737,9136000.0,5407000.0,3729000.0,9136000.0,492868000.0,28254000.0,0.0,0.014,0.22,82920000.0,111174000.0,0.353,111174000.0,82920000.0,82623000.0,0.63,0.63,0.63,967387000.0,,967387000.0,4988249406.0,17.0,12.582,154517000.0,1.845,1.0,136119000.0,0.432,875407000.0,297000.0,297246000.0,,0.0,0.0,0.0,0.0,713316000.0,446809000.0,266507000.0,5025039406.0,18133000.0,0.0,-111300000.0,-6602000.0,-18481000.0,-136384000.0,-25705000.0,0.0,180222000.0,0.0,52527000.0,52527000.0,52527000.0,0.0,0.0,0.167,53232000.0,82887000.0,10516000.0,0.349,5.194,26.913,27.014,291675000.0,0.0,59.43,4.283,4.299,224041000.0,1131632000.0,315166000.0,315166000.0,17448000.0,,,,,2788000.0,35784000.0,1.0,84553919.0,83738000,84277000.0,3.764,805296000.0,7937000.0,30096000.0,127814000.0,9.617,-56303000.0
29,JKHY,MRQ,2014-03-31,2014-03-31,2014-03-31,2021-08-25,0.0,1514472000.0,,278985000.0,1235487000.0,,13.115,-23129000.0,52244000.0,52244000.0,174059000.0,42606000.0,1.096,0.359,15454000.0,11832000.0,3622000.0,15454000.0,153740000.0,27395000.0,0.0,0.015,0.22,64625000.0,92020000.0,0.316,92020000.0,64625000.0,64363000.0,0.5,0.5,0.5,1114540000.0,,1114540000.0,4620737016.0,18.0,12.515,6992000.0,0.082,1.0,117375000.0,0.403,868193000.0,262000.0,355041000.0,,0.0,0.0,0.0,0.0,399932000.0,254448000.0,145484000.0,4766560016.0,-103257000.0,-27894000.0,-61701000.0,-1926000.0,-18624000.0,-82355000.0,-51023000.0,0.0,30121000.0,0.0,42606000.0,42606000.0,42606000.0,0.0,0.0,0.146,52834000.0,64541000.0,7098000.0,0.44,4.277,27.581,27.468,299153000.0,0.0,55.76,4.202,4.178,140010000.0,1170278000.0,291434000.0,291434000.0,17485000.0,,,,,2762000.0,35349000.0,1.0,85483501.0,84981000,85467000.0,3.429,646279000.0,1061000.0,21757000.0,158819000.0,7.605,24537000.0
30,JKHY,MRQ,2013-12-31,2013-12-31,2013-12-31,2021-08-25,0.0,1582144000.0,,382711000.0,1199433000.0,,13.405,-33144000.0,155501000.0,155501000.0,165824000.0,48361000.0,1.322,0.381,9678000.0,3989000.0,5689000.0,9678000.0,200304000.0,26266000.0,0.0,0.012,0.2,74372000.0,100638000.0,0.348,100638000.0,74372000.0,74105000.0,0.57,0.56,0.57,1145447000.0,,1145447000.0,4903559818.0,18.0,13.281,482000.0,0.006,1.0,123020000.0,0.426,835044000.0,267000.0,311731000.0,,0.0,0.0,0.0,0.0,436697000.0,289546000.0,147151000.0,5067356818.0,-26286000.0,0.0,1014000.0,-10832000.0,-17092000.0,-26768000.0,-33144000.0,0.0,33626000.0,0.0,48361000.0,48361000.0,48361000.0,0.0,0.0,0.167,48777000.0,74243000.0,10731000.0,0.351,4.424,28.757,28.743,299016000.0,0.0,59.21,4.507,4.5,136369000.0,1142145000.0,288844000.0,288844000.0,16142000.0,,,,,2619000.0,32635000.0,1.0,85582787.0,85450000,85986000.0,3.38,747100000.0,1342000.0,25744000.0,158369000.0,8.743,93165000.0
31,JKHY,MRQ,2013-09-30,2013-09-30,2013-09-30,2021-08-25,0.0,1615142000.0,,430459000.0,1184683000.0,,12.953,-21908000.0,181787000.0,181787000.0,160441000.0,43221000.0,1.179,0.462,17990000.0,11447000.0,6543000.0,17990000.0,252432000.0,25856000.0,0.0,0.012,0.2,66759000.0,92615000.0,0.333,92615000.0,66759000.0,66479000.0,0.51,0.5,0.51,1104781000.0,,1104781000.0,4292364171.0,17.0,12.179,75782000.0,0.888,1.0,117289000.0,0.422,829614000.0,280000.0,256488000.0,,0.0,0.0,0.0,0.0,510361000.0,365243000.0,145118000.0,4404974171.0,53882000.0,0.0,1181000.0,-2798000.0,-17054000.0,-21900000.0,-21908000.0,0.0,97690000.0,0.0,43221000.0,43221000.0,43221000.0,0.0,0.0,0.156,50661000.0,66628000.0,13914000.0,0.392,3.987,26.165,26.357,295635000.0,0.0,51.66,3.953,3.954,152624000.0,1105255000.0,277730000.0,277730000.0,15673000.0,,,,,1922000.0,34988000.0,1.0,85268567.0,85294000,85854000.0,3.256,785528000.0,2691000.0,23258000.0,153141000.0,9.21,65216000.0
32,JKHY,MRQ,2013-06-30,2013-06-30,2013-06-30,2021-08-25,0.0,1672386000.0,,456119000.0,1216267000.0,,11.833,-31213000.0,127905000.0,127905000.0,167647000.0,38634000.0,1.05,0.646,15295000.0,7929000.0,7366000.0,15295000.0,439596000.0,25711000.0,0.0,0.012,0.2,58234000.0,83945000.0,0.304,83945000.0,58234000.0,55533000.0,0.45,0.45,0.45,1015816000.0,,1015816000.0,4009057746.0,16.0,11.398,125536000.0,1.462,1.0,108639000.0,0.393,822450000.0,2701000.0,303124000.0,,0.0,0.0,0.0,0.0,656570000.0,434202000.0,222368000.0,4058472746.0,-54146000.0,0.0,-40725000.0,-121856000.0,-17202000.0,-179682000.0,-31213000.0,0.0,156749000.0,0.0,38634000.0,38634000.0,38634000.0,0.0,0.0,0.14,50534000.0,58105000.0,11701000.0,0.444,3.995,24.214,24.169,300511000.0,0.0,47.13,3.664,3.661,231263000.0,1016168000.0,276286000.0,276286000.0,16869000.0,,,,,2494000.0,33665000.0,1.0,86112301.0,85848000,86526000.0,3.218,849936000.0,6107000.0,16899000.0,115864000.0,9.9,21917000.0
33,JKHY,MRQ,2013-03-31,2013-03-31,2013-03-31,2021-08-25,0.0,1563441000.0,,392764000.0,1170677000.0,,12.539,-23327000.0,182051000.0,182051000.0,166953000.0,45996000.0,1.506,0.448,132636000.0,37581000.0,95055000.0,132636000.0,142945000.0,26173000.0,0.0,0.01,0.13,65842000.0,92015000.0,0.327,92015000.0,65842000.0,64808000.0,0.53,0.53,0.53,1079840000.0,,1079840000.0,3918168954.0,16.0,11.217,9930000.0,0.115,1.0,114590000.0,0.407,822401000.0,1034000.0,430834000.0,,0.0,0.0,0.0,0.0,483601000.0,260791000.0,222810000.0,3981719954.0,-10803000.0,0.0,-3597000.0,-5988000.0,-11187000.0,-20733000.0,-23327000.0,0.0,33257000.0,0.0,45996000.0,45996000.0,45996000.0,0.0,0.0,0.163,48881000.0,65709000.0,11331000.0,0.245,3.687,23.511,23.577,291329000.0,0.0,46.21,3.658,3.656,126820000.0,1042054000.0,281543000.0,281543000.0,15996000.0,,,,,2012000.0,32885000.0,1.0,86165764.0,86120000,86705000.0,3.269,741040000.0,2771000.0,18812000.0,136030000.0,8.605,131973000.0
34,JKHY,MRQ,2012-12-31,2012-12-31,2012-12-31,2021-08-25,0.0,1569508000.0,,408936000.0,1160572000.0,,12.157,-24209000.0,192854000.0,192854000.0,156457000.0,40505000.0,1.364,0.5,129303000.0,30376000.0,98927000.0,129303000.0,196119000.0,24239000.0,0.0,0.012,0.115,59618000.0,83857000.0,0.301,83857000.0,59618000.0,58357000.0,0.47,0.47,0.47,1046563000.0,,1046563000.0,3288249419.0,14.0,9.759,-6890000.0,-0.08,1.0,122237000.0,0.439,821411000.0,1261000.0,384790000.0,,0.0,0.0,0.0,0.0,522945000.0,299756000.0,223189000.0,3379232419.0,-30834000.0,0.0,-2444000.0,-11610000.0,-9902000.0,-23944000.0,-24209000.0,0.0,17319000.0,0.0,40505000.0,40505000.0,40505000.0,0.0,0.0,0.145,62809000.0,59428000.0,11607000.0,0.245,3.229,21.118,21.222,286420000.0,0.0,39.26,3.178,3.179,129462000.0,1007246000.0,278694000.0,278694000.0,15691000.0,,,,,2375000.0,47118000.0,1.0,86073164.0,86084000,86639000.0,3.237,748097000.0,2688000.0,17852000.0,130121000.0,8.69,109180000.0
35,JKHY,MRQ,2012-09-30,2012-09-30,2012-09-30,2021-08-25,0.0,1602684000.0,,450729000.0,1151955000.0,,11.799,-18309000.0,223688000.0,223688000.0,155073000.0,42475000.0,1.268,0.577,132705000.0,31474000.0,101231000.0,132705000.0,247608000.0,24218000.0,0.0,0.012,0.115,67703000.0,91921000.0,0.339,91921000.0,67703000.0,66362000.0,0.49,0.49,0.49,1016015000.0,,1016015000.0,3235171766.0,13.0,9.58,83540000.0,0.97,1.0,115928000.0,0.428,821367000.0,1341000.0,334963000.0,,0.0,0.0,0.0,0.0,586669000.0,355371000.0,231298000.0,3260815766.0,66375000.0,0.0,-885000.0,-5726000.0,-9911000.0,-16979000.0,-18495000.0,0.0,101849000.0,0.0,42475000.0,42475000.0,42475000.0,0.0,0.0,0.157,48412000.0,67516000.0,10518000.0,0.235,3.209,20.633,20.683,279055000.0,0.0,37.85,3.134,3.133,136827000.0,976642000.0,271001000.0,271001000.0,14645000.0,,,,,1734000.0,33767000.0,1.0,86151011.0,86109000,86605000.0,3.147,781317000.0,1711000.0,23887000.0,141204000.0,9.074,95358000.0
36,JKHY,MRQ,2012-06-30,2012-06-30,2012-06-30,2021-08-25,0.0,1619492000.0,,468649000.0,1150843000.0,,11.352,-26904000.0,157313000.0,157313000.0,153563000.0,40383000.0,1.165,0.647,131669000.0,25503000.0,106166000.0,131669000.0,296000000.0,24154000.0,0.0,0.013,0.115,57365000.0,81519000.0,0.317,81519000.0,57365000.0,55990000.0,0.47,0.46,0.47,983056000.0,,983056000.0,3065193412.0,13.0,9.363,119629000.0,1.381,1.0,103604000.0,0.403,822246000.0,1375000.0,369359000.0,,0.0,0.0,0.0,0.0,636436000.0,402243000.0,234193000.0,3013914412.0,67542000.0,0.0,-31271000.0,-10965000.0,-9964000.0,-52087000.0,-26904000.0,0.0,146533000.0,0.0,40383000.0,40383000.0,40383000.0,0.0,0.0,0.157,47095000.0,56509000.0,16317000.0,0.245,3.066,19.823,19.614,276730000.0,0.0,34.52,2.962,2.938,218305000.0,944078000.0,257167000.0,257167000.0,15394000.0,,,,,2064000.0,31701000.0,1.0,87309224.0,86596000,87050000.0,2.97,797246000.0,8476000.0,15607000.0,127188000.0,9.206,66406000.0
37,JKHY,MRQ,2012-03-31,2012-03-31,2012-03-31,2021-08-25,0.0,1444035000.0,,292963000.0,1151072000.0,,11.273,-17671000.0,89771000.0,89771000.0,152921000.0,36657000.0,1.321,0.475,141050000.0,28567000.0,112483000.0,141050000.0,138267000.0,23052000.0,0.0,0.013,0.115,56582000.0,79634000.0,0.311,79634000.0,56582000.0,55118000.0,0.42,0.42,0.42,978791000.0,,978791000.0,3012522358.0,13.0,9.217,4085000.0,0.047,1.0,103383000.0,0.403,823511000.0,1464000.0,450096000.0,,0.0,0.0,0.0,0.0,465244000.0,221707000.0,243537000.0,2960703358.0,-5431000.0,0.0,5913000.0,-6268000.0,-9997000.0,-10466000.0,-16721000.0,1000000.0,21756000.0,0.0,36657000.0,36657000.0,36657000.0,0.0,0.0,0.143,46886000.0,56497000.0,10236000.0,0.274,3.025,19.974,19.953,273106000.0,0.0,34.12,2.932,2.934,118371000.0,910715000.0,256304000.0,256304000.0,15471000.0,,,,,1872000.0,31415000.0,1.0,86773252.0,86824000,87592000.0,2.952,620524000.0,7284000.0,18461000.0,114723000.0,7.147,71256000.0
38,JKHY,MRQ,2011-12-31,2011-12-31,2011-12-31,2021-08-25,0.0,1463602000.0,,308773000.0,1154829000.0,,10.909,-13798000.0,95202000.0,95202000.0,148449000.0,38525000.0,1.113,0.55,147021000.0,28914000.0,118107000.0,147021000.0,191320000.0,23719000.0,0.0,0.012,0.105,60894000.0,84613000.0,0.331,84613000.0,60894000.0,59446000.0,0.45,0.44,0.45,944447000.0,,944447000.0,2959167401.0,13.0,9.238,4000000.0,0.046,1.0,107409000.0,0.42,825114000.0,1448000.0,412946000.0,,0.0,1000000.0,1000000.0,0.0,519155000.0,277361000.0,241794000.0,2909913401.0,-12853000.0,0.0,3957000.0,-11707000.0,-9093000.0,-16852000.0,-13799000.0,-1000.0,17798000.0,0.0,38525000.0,38525000.0,38525000.0,0.0,0.0,0.151,46621000.0,60788000.0,7527000.0,0.233,3.081,20.116,20.126,278233000.0,0.0,33.61,2.929,2.928,126600000.0,884054000.0,255858000.0,255858000.0,15075000.0,,,,,1770000.0,31546000.0,1.0,86578798.0,86572000,87371000.0,2.955,638488000.0,6868000.0,20921000.0,114429000.0,7.375,31412000.0
39,JKHY,MRQ,2011-09-30,2011-09-30,2011-09-30,2021-08-25,0.0,1481778000.0,,322974000.0,1158804000.0,,10.522,-18169000.0,108055000.0,108055000.0,143912000.0,36475000.0,0.985,0.63,157309000.0,33161000.0,124148000.0,157309000.0,238518000.0,23694000.0,0.0,0.014,0.105,57926000.0,81620000.0,0.329,81620000.0,57926000.0,56470000.0,0.42,0.42,0.42,909163000.0,,909163000.0,2594691263.0,12.0,8.274,60294000.0,0.698,1.0,104426000.0,0.42,829648000.0,1456000.0,373585000.0,,0.0,1000000.0,1000000.0,0.0,572615000.0,327799000.0,244816000.0,2503785263.0,44930000.0,0.0,1356000.0,-6340000.0,-9074000.0,-14695000.0,-18838000.0,1000.0,78463000.0,0.0,36475000.0,36475000.0,36475000.0,0.0,0.0,0.147,46629000.0,57797000.0,10316000.0,0.25,2.754,17.611,17.671,279745000.0,0.0,28.98,2.554,2.554,134648000.0,854623000.0,248338000.0,248338000.0,14936000.0,,,,,1244000.0,31693000.0,1.0,86397007.0,86403000,87134000.0,2.874,652130000.0,5337000.0,19995000.0,112220000.0,7.548,-4825000.0
40,JKHY,MRQ,2011-06-30,2011-06-30,2011-06-30,2021-08-25,0.0,1505797000.0,,353950000.0,1151847000.0,,10.19,-15544000.0,63125000.0,63125000.0,145063000.0,36574000.0,0.93,0.712,154031000.0,26092000.0,127939000.0,154031000.0,295104000.0,22897000.0,0.0,0.013,0.105,58065000.0,80962000.0,0.325,80962000.0,58065000.0,56224000.0,0.42,0.42,0.42,879776000.0,,879776000.0,2781032088.0,13.0,9.06,109430000.0,1.268,1.0,104192000.0,0.418,834086000.0,1841000.0,382106000.0,,0.0,1000000.0,1000000.0,0.0,626021000.0,380511000.0,245510000.0,2590726088.0,8742000.0,0.0,1355000.0,-92933000.0,-9067000.0,-100688000.0,-15544000.0,0.0,124974000.0,0.0,36574000.0,36574000.0,36574000.0,0.0,0.0,0.147,46142000.0,58050000.0,12829000.0,0.25,2.945,18.846,18.756,270186000.0,0.0,30.01,2.679,2.668,207510000.0,827222000.0,249255000.0,249255000.0,16452000.0,,,,,1285000.0,29690000.0,1.0,86328760.0,86335000,87089000.0,2.887,671711000.0,17116000.0,19650000.0,104578000.0,7.78,-26561000.0
41,JKHY,MRQ,2011-03-31,2011-03-31,2011-03-31,2021-08-25,0.0,1384786000.0,,231754000.0,1153032000.0,,9.853,-15910000.0,54383000.0,54383000.0,144895000.0,33081000.0,1.119,0.63,244689000.0,20102000.0,224587000.0,244689000.0,137607000.0,22575000.0,0.0,0.012,0.105,50564000.0,73139000.0,0.305,73139000.0,50564000.0,48854000.0,0.38,0.38,0.38,849522000.0,,849522000.0,3117889636.0,15.0,10.574,13419000.0,0.156,1.0,95290000.0,0.397,839379000.0,1710000.0,528561000.0,,0.0,1000000.0,1000000.0,0.0,535264000.0,207152000.0,328112000.0,2919828636.0,7512000.0,0.0,5168000.0,-1628000.0,-9058000.0,-5908000.0,-15909000.0,1000.0,29329000.0,0.0,33081000.0,33081000.0,33081000.0,0.0,0.0,0.138,44787000.0,50503000.0,8754000.0,0.276,3.437,22.309,22.296,270124000.0,0.0,33.89,3.088,3.09,115529000.0,799715000.0,240185000.0,240185000.0,15716000.0,,,,,1232000.0,29071000.0,1.0,86156053.0,86218000,86972000.0,2.786,545407000.0,6170000.0,15773000.0,92494000.0,6.326,24602000.0
42,JKHY,MRQ,2010-12-31,2010-12-31,2010-12-31,2021-08-25,0.0,1397646000.0,,239063000.0,1158583000.0,,9.551,-11403000.0,46871000.0,46871000.0,139816000.0,36045000.0,0.959,0.706,244932000.0,15043000.0,229889000.0,244932000.0,190016000.0,22871000.0,0.0,0.013,0.095,55021000.0,77892000.0,0.321,77892000.0,55021000.0,52534000.0,0.42,0.42,0.42,819147000.0,,819147000.0,2695623180.0,13.0,9.499,-937000.0,-0.011,1.0,102819000.0,0.424,844284000.0,2487000.0,502165000.0,,0.0,1000000.0,1000000.0,0.0,578499000.0,249258000.0,329241000.0,2495924180.0,105000.0,0.0,12718000.0,-3040000.0,-8145000.0,1043000.0,-11404000.0,-1000.0,10466000.0,0.0,36045000.0,36045000.0,36045000.0,0.0,0.0,0.149,47830000.0,54989000.0,8026000.0,0.226,3.047,19.283,19.305,270984000.0,0.0,29.15,2.71,2.715,126827000.0,775690000.0,242635000.0,242635000.0,15837000.0,,,,,1273000.0,31993000.0,1.0,85623471.0,85770000,86523000.0,2.829,553362000.0,7852000.0,16489000.0,85236000.0,6.452,-10195000.0
43,JKHY,MRQ,2010-09-30,2010-09-30,2010-09-30,2021-08-25,0.0,1415505000.0,,248754000.0,1166751000.0,,9.093,-16182000.0,46766000.0,46766000.0,137789000.0,31771000.0,0.815,0.821,246465000.0,11043000.0,235422000.0,246465000.0,235338000.0,22171000.0,0.0,0.015,0.095,52792000.0,74963000.0,0.319,74963000.0,52792000.0,49900000.0,0.37,0.37,0.37,777164000.0,,777164000.0,2443784514.0,13.0,9.015,59181000.0,0.692,1.0,97033000.0,0.413,854111000.0,2892000.0,456053000.0,,0.0,1000000.0,1000000.0,0.0,638341000.0,305040000.0,333301000.0,2190607514.0,-78752000.0,0.0,2591000.0,-131854000.0,-8121000.0,-137934000.0,-16181000.0,1000.0,75363000.0,0.0,31771000.0,31771000.0,31771000.0,0.0,0.0,0.135,44258000.0,52775000.0,8633000.0,0.257,2.819,17.757,17.586,274471000.0,0.0,25.5,2.464,2.451,133499000.0,747791000.0,234822000.0,234822000.0,15390000.0,,,,,933000.0,28868000.0,1.0,85906177.0,85469000,86147000.0,2.747,561394000.0,6217000.0,18129000.0,101595000.0,6.568,-56286000.0
44,JKHY,MRQ,2010-06-30,2010-06-30,2010-06-30,2021-08-25,0.0,1560560000.0,,393102000.0,1167458000.0,,8.794,-23505000.0,125518000.0,125518000.0,132709000.0,29984000.0,0.885,1.08,378695000.0,105963000.0,272732000.0,378695000.0,275617000.0,19479000.0,0.0,0.015,0.095,49401000.0,68880000.0,0.302,68880000.0,49401000.0,48202000.0,0.35,0.35,0.35,750372000.0,,750372000.0,2075673559.0,11.0,8.174,103362000.0,1.211,1.0,95136000.0,0.418,856310000.0,1199000.0,513042000.0,,0.0,1000000.0,1000000.0,0.0,810188000.0,444385000.0,365803000.0,2037661559.0,89739000.0,-300789000.0,4029000.0,299150000.0,-8109000.0,287166000.0,-324294000.0,0.0,126867000.0,0.0,29984000.0,29984000.0,29984000.0,0.0,0.0,0.132,45842000.0,49294000.0,13500000.0,0.271,2.716,17.287,17.18,274670000.0,0.0,23.88,2.436,2.414,208450000.0,724142000.0,227845000.0,227845000.0,14332000.0,,,,,843000.0,31510000.0,1.0,85329211.0,85326000,85996000.0,2.67,704250000.0,6940000.0,18218000.0,87903000.0,8.254,-51283000.0
45,JKHY,MRQ,2010-03-31,2010-03-31,2010-03-31,2021-08-25,0.0,1048238000.0,,210138000.0,838100000.0,,8.544,-16793000.0,35779000.0,35779000.0,129036000.0,31635000.0,0.913,0.449,73791000.0,73791000.0,0.0,73791000.0,120576000.0,18374000.0,0.0,0.015,0.095,43668000.0,62042000.0,0.288,62042000.0,43668000.0,43482000.0,0.37,0.37,0.37,723588000.0,,723588000.0,2069869995.0,12.0,8.464,-818000.0,-0.01,1.0,86513000.0,0.401,556975000.0,186000.0,299001000.0,,0.0,1000000.0,1000000.0,0.0,324650000.0,230274000.0,94376000.0,2033080995.0,10836000.0,0.0,14259000.0,7203000.0,-8039000.0,11653000.0,-16792000.0,1000.0,15975000.0,0.0,31635000.0,31635000.0,31635000.0,0.0,0.0,0.147,42854000.0,43659000.0,7663000.0,0.257,2.81,17.573,17.435,256692000.0,0.0,24.06,2.539,2.545,122457000.0,702266000.0,215549000.0,215549000.0,14001000.0,,,,,912000.0,28853000.0,1.0,84500457.0,84694000,85480000.0,2.545,491263000.0,882000.0,11847000.0,73718000.0,5.8,-20136000.0
46,JKHY,MRQ,2009-12-31,2009-12-31,2009-12-31,2021-08-25,0.0,1036954000.0,,203592000.0,833362000.0,,8.12,-21466000.0,24943000.0,24943000.0,121781000.0,29977000.0,0.762,0.514,61732000.0,61732000.0,0.0,61732000.0,165238000.0,17826000.0,0.0,0.015,0.085,47367000.0,65193000.0,0.309,65193000.0,47367000.0,47224000.0,0.36,0.35,0.36,684811000.0,,684811000.0,1854647000.0,11.0,7.86,-11267000.0,-0.134,1.0,89080000.0,0.422,560024000.0,143000.0,246650000.0,,0.0,1000000.0,1000000.0,0.0,352143000.0,267069000.0,85074000.0,1959749000.0,-83075000.0,-125864000.0,4342000.0,57352000.0,-7170000.0,54056000.0,-147330000.0,0.0,10199000.0,0.0,29977000.0,29977000.0,29977000.0,0.0,0.0,0.142,41717000.0,47363000.0,11729000.0,0.236,2.862,18.003,17.664,250255000.0,0.0,23.14,2.56,2.55,117954000.0,678670000.0,210861000.0,210861000.0,12339000.0,,,,,856000.0,29378000.0,1.0,84690968.0,84341000,85224000.0,2.5,476930000.0,5007000.0,17247000.0,65627000.0,5.655,-63477000.0
47,JKHY,MRQ,2009-09-30,2009-09-30,2009-09-30,2021-08-25,0.0,979659000.0,,286090000.0,693569000.0,,7.831,-17299000.0,108018000.0,108018000.0,107940000.0,26274000.0,1.189,0.492,2916000.0,2916000.0,0.0,2916000.0,198485000.0,15829000.0,0.0,0.014,0.085,41978000.0,57807000.0,0.317,57807000.0,41978000.0,41888000.0,0.31,0.31,0.31,656754000.0,,656754000.0,1921267706.0,12.0,8.403,48358000.0,0.577,1.0,74391000.0,0.408,432920000.0,90000.0,200928000.0,,0.0,1000000.0,1000000.0,0.0,322905000.0,240709000.0,82196000.0,1976057706.0,-10233000.0,0.0,10527000.0,-60545000.0,-7143000.0,-58591000.0,-17299000.0,0.0,65657000.0,0.0,26274000.0,26274000.0,26274000.0,0.0,0.0,0.144,32454000.0,41937000.0,9170000.0,0.274,3.009,18.491,18.336,241411000.0,0.0,23.47,2.653,2.643,124633000.0,655865000.0,182331000.0,182331000.0,10148000.0,,,,,640000.0,22306000.0,1.0,84195045.0,83870000,84823000.0,2.174,546739000.0,882000.0,15614000.0,73394000.0,6.519,45381000.0
48,JKHY,MRQ,2009-06-30,2009-06-30,2009-06-30,2021-08-25,0.0,1050700000.0,,359646000.0,691054000.0,,7.499,-16737000.0,118251000.0,118251000.0,112624000.0,27806000.0,1.044,0.677,63461000.0,63461000.0,0.0,63461000.0,245538000.0,15888000.0,0.0,0.015,0.085,43622000.0,59510000.0,0.31,59510000.0,43622000.0,43457000.0,0.34,0.33,0.34,626506000.0,,626506000.0,1777046640.0,11.0,7.975,98658000.0,1.181,1.0,79259000.0,0.413,434528000.0,165000.0,216975000.0,,0.0,1000000.0,1000000.0,0.0,424194000.0,344407000.0,79787000.0,1738721640.0,91836000.0,0.0,1666000.0,-1305000.0,-7076000.0,-6822000.0,-16737000.0,0.0,115395000.0,0.0,27806000.0,27806000.0,27806000.0,0.0,0.0,0.145,35653000.0,43606000.0,8206000.0,0.25,2.775,16.864,16.87,237778000.0,0.0,20.75,2.332,2.341,192733000.0,636733000.0,191883000.0,191883000.0,10470000.0,,,,,703000.0,25183000.0,1.0,83793814.0,83542000,84260000.0,2.297,616172000.0,3574000.0,15651000.0,66231000.0,7.376,15239000.0
49,JKHY,MRQ,2009-03-31,2009-03-31,2009-03-31,2021-08-25,0.0,872718000.0,,182026000.0,690692000.0,,7.28,-12515000.0,26415000.0,26415000.0,110170000.0,24802000.0,0.961,0.447,64740000.0,64740000.0,0.0,64740000.0,100831000.0,16311000.0,0.0,0.019,0.085,37132000.0,53443000.0,0.296,53443000.0,37132000.0,36891000.0,0.3,0.3,0.3,603301000.0,,603301000.0,1393601786.0,9.0,6.39,2970000.0,0.036,1.0,70238000.0,0.389,435345000.0,241000.0,286228000.0,,0.0,1000000.0,1000000.0,0.0,269417000.0,189470000.0,79947000.0,1370475786.0,-14187000.0,-15000.0,-7344000.0,-2601000.0,-7139000.0,-17142000.0,-12530000.0,0.0,15485000.0,0.0,24802000.0,24802000.0,24802000.0,0.0,0.0,0.137,33162000.0,37076000.0,5380000.0,0.283,2.272,13.675,13.831,236169000.0,0.0,16.32,1.846,1.822,104524000.0,616001000.0,180408000.0,180408000.0,10694000.0,,,,,587000.0,22468000.0,1.0,83975232.0,82873000,83480000.0,2.177,437373000.0,4584000.0,12089000.0,65362000.0,5.278,-7444000.0
50,JKHY,MRQ,2008-12-31,2008-12-31,2008-12-31,2021-08-25,0.0,916551000.0,,220324000.0,696227000.0,,7.021,-16685000.0,40602000.0,40602000.0,112831000.0,27985000.0,0.912,0.548,63728000.0,63728000.0,0.0,63728000.0,147598000.0,16121000.0,0.0,0.015,0.075,41758000.0,57879000.0,0.304,57879000.0,41758000.0,41234000.0,0.33,0.33,0.33,591956000.0,,591956000.0,1635742812.0,10.0,7.322,-129000.0,-0.002,1.0,77373000.0,0.407,435668000.0,524000.0,262354000.0,,0.0,998000.0,998000.0,0.0,324595000.0,241655000.0,82940000.0,1640430812.0,15767000.0,0.0,-18222000.0,40456000.0,-6300000.0,15908000.0,-16697000.0,0.0,16556000.0,0.0,27985000.0,27985000.0,27985000.0,0.0,0.0,0.147,35761000.0,41612000.0,9333000.0,0.227,2.771,16.079,16.449,240832000.0,0.0,19.41,2.189,2.184,122666000.0,598338000.0,190204000.0,190204000.0,10191000.0,,,,,590000.0,25570000.0,1.0,84514725.0,84314000,84958000.0,2.256,480883000.0,4452000.0,13249000.0,67126000.0,5.703,-21331000.0
51,JKHY,MRQ,2008-09-30,2008-09-30,2008-09-30,2021-08-25,0.0,900892000.0,,210856000.0,690036000.0,,6.856,-10267000.0,24835000.0,24835000.0,110569000.0,22509000.0,0.907,0.532,20147000.0,20147000.0,0.0,20147000.0,188199000.0,15827000.0,0.0,0.014,0.075,36155000.0,51982000.0,0.284,51982000.0,36155000.0,35728000.0,0.26,0.26,0.26,587896000.0,,587896000.0,1754452954.0,11.0,7.709,48885000.0,0.57,1.0,72529000.0,0.396,435193000.0,427000.0,228437000.0,,0.0,996000.0,996000.0,0.0,312996000.0,232574000.0,80422000.0,1749840954.0,-40730000.0,-3012000.0,-29896000.0,-50039000.0,-6388000.0,-86619000.0,-13263000.0,4000.0,59152000.0,0.0,22509000.0,22509000.0,22509000.0,0.0,0.0,0.123,36937000.0,35592000.0,7098000.0,0.288,2.976,16.957,17.229,234179000.0,0.0,20.33,2.33,2.321,125958000.0,576654000.0,183098000.0,183098000.0,11546000.0,,,,,392000.0,25391000.0,1.0,86071862.0,85744000,86622000.0,2.135,465699000.0,4453000.0,13219000.0,63302000.0,5.431,-21718000.0
52,JKHY,MRQ,2008-06-30,2008-06-30,2008-06-30,2021-08-25,0.0,1021044000.0,,329757000.0,691287000.0,,6.921,-9550000.0,65565000.0,65565000.0,113038000.0,24920000.0,0.967,0.698,70177000.0,70177000.0,0.0,70177000.0,223594000.0,15761000.0,0.0,0.013,0.075,39028000.0,54789000.0,0.29,54789000.0,39028000.0,37870000.0,0.29,0.28,0.29,601451000.0,,601451000.0,1937775065.0,12.0,8.525,73981000.0,0.851,1.0,75663000.0,0.401,432134000.0,1158000.0,252347000.0,,0.0,997000.0,997000.0,0.0,419593000.0,341175000.0,78418000.0,1893163065.0,24987000.0,-298000.0,-27789000.0,-15370000.0,-6517000.0,-48695000.0,-9849000.0,-1000.0,83531000.0,0.0,24920000.0,24920000.0,24920000.0,376000.0,0.0,0.132,36449000.0,39214000.0,6946000.0,0.259,3.148,18.165,18.339,239005000.0,0.0,21.64,2.548,2.571,213947000.0,560534000.0,188701000.0,188701000.0,10623000.0,,,,,453000.0,25826000.0,1.0,87484430.0,86905000,88145000.0,2.171,588910000.0,4590000.0,12950000.0,77391000.0,6.776,-11418000.0
53,JKHY,MRQ,2008-03-31,2008-03-31,2008-03-31,2021-08-25,0.0,915595000.0,,215963000.0,699632000.0,,6.948,-12540000.0,40578000.0,40578000.0,110485000.0,26612000.0,0.966,0.504,85190000.0,85190000.0,0.0,85190000.0,109640000.0,16123000.0,0.0,0.011,0.075,42625000.0,58748000.0,0.313,58748000.0,42625000.0,42042000.0,0.3,0.3,0.3,608775000.0,,608775000.0,2150361258.0,12.0,9.244,1509000.0,0.017,1.0,76995000.0,0.411,431498000.0,583000.0,305250000.0,,0.0,995000.0,995000.0,0.0,306820000.0,223459000.0,83361000.0,2153279258.0,12442000.0,0.0,-42492000.0,59861000.0,-6549000.0,10960000.0,-12567000.0,7000.0,14049000.0,0.0,26612000.0,26612000.0,26612000.0,186000.0,0.0,0.142,34451000.0,42544000.0,7397000.0,0.25,3.537,19.864,20.388,246233000.0,0.0,24.67,2.934,2.945,125879000.0,542134000.0,187480000.0,187480000.0,11340000.0,,,,,512000.0,23111000.0,1.0,87283310.0,87615000,88907000.0,2.14,484097000.0,3260000.0,15430000.0,70434000.0,5.525,-7496000.0
54,JKHY,MRQ,2007-12-31,2007-12-31,2007-12-31,2021-08-25,0.0,907805000.0,,208610000.0,699195000.0,,7.05,-17397000.0,28136000.0,28136000.0,106903000.0,29151000.0,1.022,0.44,25218000.0,25218000.0,0.0,25218000.0,148168000.0,15717000.0,0.0,0.011,0.065,46356000.0,62073000.0,0.324,62073000.0,46356000.0,46252000.0,0.33,0.32,0.33,630203000.0,,630203000.0,2124610394.0,12.0,9.285,-3104000.0,-0.035,1.0,84966000.0,0.443,426910000.0,104000.0,273815000.0,,0.0,991000.0,991000.0,0.0,277602000.0,204162000.0,73440000.0,2178853394.0,-26391000.0,-31661000.0,-12368000.0,25005000.0,-5810000.0,8374000.0,-49058000.0,0.0,14293000.0,0.0,29151000.0,29151000.0,29151000.0,279000.0,0.0,0.152,38670000.0,46296000.0,5963000.0,0.197,3.457,20.143,20.283,250236000.0,0.0,24.34,3.046,3.042,128076000.0,522070000.0,191869000.0,191869000.0,11404000.0,,,,,368000.0,27266000.0,1.0,89517395.0,89393000,90922000.0,2.146,480895000.0,3260000.0,17101000.0,65187000.0,5.38,4448000.0
55,JKHY,MRQ,2007-09-30,2007-09-30,2007-09-30,2021-08-25,0.0,901852000.0,,237669000.0,664183000.0,,6.915,-13256000.0,54527000.0,54527000.0,105274000.0,23539000.0,1.131,0.463,284000.0,284000.0,0.0,284000.0,175553000.0,14405000.0,0.0,0.01,0.065,37280000.0,51685000.0,0.296,51685000.0,37280000.0,37197000.0,0.26,0.26,0.26,616606000.0,,616606000.0,2290786506.0,14.0,10.474,55872000.0,0.627,1.0,69602000.0,0.398,392101000.0,83000.0,245319000.0,,0.0,981000.0,981000.0,0.0,285246000.0,210189000.0,75057000.0,2308900506.0,-34090000.0,-17365000.0,2047000.0,-69925000.0,-5807000.0,-72544000.0,-30674000.0,19000.0,69128000.0,0.0,23539000.0,23539000.0,23539000.0,224000.0,0.0,0.135,33447000.0,36155000.0,6292000.0,0.25,3.745,21.617,21.915,248486000.0,0.0,25.86,3.343,3.338,132153000.0,498726000.0,174876000.0,174876000.0,9959000.0,,,,,111000.0,23488000.0,1.0,89284629.0,89168000,90833000.0,1.961,509751000.0,3260000.0,13658000.0,65942000.0,5.717,27480000.0
56,JKHY,MRQ,2007-06-30,2007-06-30,2007-06-30,2021-08-25,0.0,999340000.0,,350385000.0,648955000.0,,6.689,-18227000.0,88617000.0,88617000.0,100882000.0,29101000.0,1.06,0.67,70503000.0,70503000.0,0.0,70503000.0,212556000.0,13587000.0,0.0,0.009,0.065,46538000.0,60125000.0,0.335,60125000.0,46538000.0,45735000.0,0.32,0.32,0.32,598365000.0,,598365000.0,2331673422.0,14.0,10.925,64595000.0,0.722,1.0,78823000.0,0.439,373310000.0,803000.0,277439000.0,,0.0,989000.0,989000.0,0.0,400975000.0,330477000.0,70498000.0,2308911422.0,60887000.0,82000.0,-19267000.0,19928000.0,-5830000.0,-3884000.0,-18051000.0,86000.0,82822000.0,0.0,29101000.0,29101000.0,29101000.0,963000.0,0.0,0.162,32108000.0,46715000.0,11481000.0,0.203,3.859,22.057,22.198,249882000.0,0.0,25.75,3.464,3.483,209242000.0,484845000.0,179705000.0,179705000.0,9453000.0,,,,,106000.0,22655000.0,1.0,89666463.0,89459000,91237000.0,2.009,626030000.0,3260000.0,16634000.0,71172000.0,6.998,19908000.0
57,JKHY,MRQ,2007-03-31,2007-03-31,2007-03-31,2021-08-25,0.0,834651000.0,,189753000.0,644898000.0,,6.586,-11103000.0,27730000.0,27730000.0,97219000.0,26380000.0,1.172,0.41,50492000.0,50492000.0,0.0,50492000.0,98380000.0,13509000.0,0.0,0.01,0.065,41433000.0,54942000.0,0.325,54942000.0,41433000.0,40994000.0,0.29,0.29,0.29,592033000.0,,592033000.0,2158251224.0,14.0,10.499,-5756000.0,-0.064,1.0,71684000.0,0.424,372584000.0,439000.0,322954000.0,,0.0,1064000.0,1064000.0,0.0,242618000.0,161875000.0,80743000.0,2160598224.0,105000.0,-3409000.0,-11224000.0,24549000.0,-5869000.0,9156000.0,-14398000.0,13000.0,5347000.0,0.0,26380000.0,26380000.0,26380000.0,0.0,0.0,0.156,30909000.0,40775000.0,4480000.0,0.224,3.649,21.395,21.473,246201000.0,0.0,24.05,3.336,3.338,114499000.0,461574000.0,168903000.0,168903000.0,9004000.0,,,,,484000.0,21905000.0,1.0,89837764.0,89893000,91753000.0,1.879,462067000.0,3120000.0,14614000.0,61778000.0,5.14,27878000.0
58,JKHY,MRQ,2006-12-31,2006-12-31,2006-12-31,2021-08-25,0.0,830323000.0,,187745000.0,642578000.0,,6.417,-12705000.0,27625000.0,27625000.0,94256000.0,27788000.0,1.058,0.434,25278000.0,25278000.0,0.0,25278000.0,129760000.0,11940000.0,0.0,0.01,0.055,40025000.0,51965000.0,0.311,51965000.0,40025000.0,39726000.0,0.31,0.3,0.31,578874000.0,,578874000.0,1891268986.0,13.0,9.586,11908000.0,0.132,1.0,72988000.0,0.436,368013000.0,299000.0,282446000.0,,0.0,1130000.0,1130000.0,0.0,251449000.0,177517000.0,73932000.0,1940888986.0,-22217000.0,-34006000.0,-21929000.0,24948000.0,-4976000.0,-721000.0,-46109000.0,636000.0,24613000.0,0.0,27788000.0,27788000.0,27788000.0,0.0,0.0,0.166,33369000.0,39619000.0,8161000.0,0.177,3.353,19.792,19.633,249316000.0,0.0,21.4,3.109,3.092,113258000.0,441063000.0,167244000.0,167244000.0,8989000.0,,,,,265000.0,24380000.0,1.0,90695747.0,90211000,92246000.0,1.854,462310000.0,3375000.0,11938000.0,65220000.0,5.125,10228000.0
59,JKHY,MRQ,2006-09-30,2006-09-30,2006-09-30,2021-08-25,0.0,821104000.0,,217795000.0,603309000.0,,6.323,-12885000.0,49842000.0,49842000.0,87308000.0,21412000.0,1.239,0.426,222000.0,222000.0,0.0,222000.0,155894000.0,11918000.0,0.0,0.01,0.055,34475000.0,46393000.0,0.308,46393000.0,34475000.0,34259000.0,0.24,0.23,0.24,575766000.0,,575766000.0,1963777258.0,14.0,10.311,48580000.0,0.534,1.0,63307000.0,0.42,327436000.0,216000.0,268305000.0,,0.0,1723000.0,1723000.0,0.0,245338000.0,175743000.0,69595000.0,1987675258.0,-24297000.0,-1974000.0,-16781000.0,-50037000.0,-5010000.0,-71409000.0,-14353000.0,472000.0,61465000.0,0.0,21412000.0,21412000.0,21412000.0,0.0,0.0,0.142,30388000.0,32919000.0,5351000.0,0.229,3.452,21.626,21.363,250685000.0,0.0,21.79,3.288,3.282,118768000.0,418250000.0,150615000.0,150615000.0,8516000.0,,,,,148000.0,21872000.0,1.0,91219608.0,91056000,92893000.0,1.654,493668000.0,3310000.0,12847000.0,58755000.0,5.422,42052000.0
60,JKHY,MRQ,2006-06-30,2006-06-30,2006-06-30,2021-08-25,0.0,906067000.0,,306410000.0,599657000.0,,6.316,-13113000.0,74139000.0,74139000.0,89685000.0,25405000.0,1.163,0.575,50241000.0,50241000.0,0.0,50241000.0,185719000.0,11242000.0,0.0,0.01,0.055,41021000.0,52263000.0,0.325,52263000.0,41021000.0,40563000.0,0.28,0.27,0.28,575212000.0,,575212000.0,1808253425.0,13.0,9.736,42941000.0,0.472,1.0,71297000.0,0.443,323549000.0,458000.0,295128000.0,,0.0,2181000.0,2181000.0,0.0,330855000.0,263492000.0,67363000.0,1822058425.0,35334000.0,-1000.0,-25871000.0,25120000.0,-5098000.0,-7577000.0,-13143000.0,-63000.0,56054000.0,0.0,25405000.0,25405000.0,25405000.0,940000.0,0.0,0.158,29803000.0,41494000.0,14525000.0,0.196,3.168,20.262,20.061,251632000.0,0.0,19.66,3.084,3.044,180295000.0,401849000.0,160982000.0,160982000.0,8687000.0,,,,,90000.0,21116000.0,1.0,92678455.0,91070000,93124000.0,1.768,582518000.0,3165000.0,15158000.0,50742000.0,6.396,42918000.0
61,JKHY,MRQ,2006-03-31,2006-03-31,2006-03-31,2021-08-25,0.0,769374000.0,,173521000.0,595853000.0,,6.307,-17027000.0,38805000.0,38805000.0,81813000.0,23460000.0,1.38,0.327,25000000.0,25000000.0,0.0,25000000.0,91679000.0,11222000.0,0.0,0.008,0.055,35447000.0,46669000.0,0.321,46669000.0,35447000.0,34857000.0,0.26,0.25,0.26,579898000.0,,579898000.0,2080731585.0,15.0,11.693,-10871000.0,-0.118,1.0,63682000.0,0.438,321772000.0,590000.0,308061000.0,,0.0,2109000.0,2109000.0,0.0,189476000.0,125736000.0,63740000.0,2093980585.0,556000.0,-1567000.0,11009000.0,0.0,-5060000.0,12420000.0,-18020000.0,563000.0,6156000.0,0.0,23460000.0,23460000.0,23460000.0,0.0,0.0,0.161,28966000.0,34716000.0,6255000.0,0.212,3.611,24.285,24.074,250876000.0,0.0,22.87,3.665,3.681,99717000.0,381541000.0,145495000.0,145495000.0,8435000.0,,,,,107000.0,20531000.0,1.0,91560148.0,91952000,94390000.0,1.582,447602000.0,2650000.0,11397000.0,45085000.0,4.868,47785000.0
62,JKHY,MRQ,2005-12-31,2005-12-31,2005-12-31,2021-08-25,0.0,906067000.0,,306410000.0,599657000.0,,6.297,-15064000.0,74139000.0,74139000.0,81934000.0,21636000.0,1.163,0.575,50241000.0,50241000.0,0.0,50241000.0,185719000.0,10657000.0,0.0,0.009,0.045,34475000.0,45132000.0,0.306,45132000.0,34475000.0,34343000.0,0.24,0.23,0.24,575212000.0,,575212000.0,1686437201.0,13.0,9.798,-15743000.0,-0.172,1.0,65483000.0,0.444,323549000.0,132000.0,295128000.0,,0.0,2181000.0,2181000.0,0.0,330855000.0,263492000.0,67363000.0,1741995201.0,-17309000.0,-19177000.0,-3473000.0,25000000.0,-4104000.0,17423000.0,-34053000.0,10000.0,-679000.0,0.0,21636000.0,21636000.0,21636000.0,0.0,0.0,0.147,31433000.0,34050000.0,14525000.0,0.188,3.028,21.194,21.211,251632000.0,0.0,19.09,3.11,3.113,180295000.0,401849000.0,147417000.0,147417000.0,8003000.0,,,,,108000.0,23430000.0,1.0,91251713.0,91352000,93637000.0,1.614,582518000.0,3165000.0,12707000.0,50742000.0,6.377,42918000.0
63,JKHY,MRQ,2005-09-30,2005-09-30,2005-09-30,2021-08-25,0.0,738306000.0,,183739000.0,554567000.0,,5.798,-12016000.0,55558000.0,55558000.0,80428000.0,19422000.0,1.171,0.391,0.0,0.0,0.0,0.0,137310000.0,10653000.0,0.0,0.009,0.045,31004000.0,41657000.0,0.304,41657000.0,31004000.0,30829000.0,0.21,0.21,0.21,530913000.0,,530913000.0,1810834550.0,15.0,10.964,95891000.0,1.047,1.0,56555000.0,0.413,294767000.0,175000.0,231078000.0,,0.0,992000.0,992000.0,0.0,207393000.0,156903000.0,50490000.0,1777442550.0,43950000.0,0.0,-2862000.0,-45000000.0,-4121000.0,-51983000.0,-11974000.0,8000.0,107907000.0,0.0,19422000.0,19422000.0,19422000.0,0.0,0.0,0.142,25994000.0,30561000.0,5731000.0,0.214,3.348,22.715,22.558,243167000.0,0.0,19.4,3.239,3.237,88908000.0,345608000.0,136983000.0,136983000.0,6749000.0,,,,,149000.0,19245000.0,1.0,91620750.0,91562000,93998000.0,1.496,443539000.0,2365000.0,11407000.0,43930000.0,4.844,26836000.0
64,JKHY,MRQ,2005-06-30,2005-06-30,2005-06-30,2021-08-25,0.0,814153000.0,,260293000.0,553860000.0,,5.657,-27837000.0,11608000.0,11608000.0,81563000.0,21706000.0,1.056,0.574,45000000.0,45000000.0,0.0,45000000.0,170936000.0,10463000.0,0.0,0.009,0.045,34032000.0,44495000.0,0.315,44495000.0,34032000.0,33771000.0,0.24,0.23,0.24,517154000.0,,517154000.0,1671163653.0,14.0,10.501,-24678000.0,-0.27,1.0,59862000.0,0.423,293388000.0,261000.0,307574000.0,,0.0,993000.0,993000.0,0.0,296999000.0,246583000.0,50416000.0,1673115653.0,-4344000.0,115000.0,-6710000.0,31000000.0,-4110000.0,20180000.0,-27683000.0,7000.0,3159000.0,0.0,21706000.0,21706000.0,21706000.0,0.0,0.0,0.153,26003000.0,33859000.0,15895000.0,0.188,3.235,22.16,22.06,243191000.0,0.0,18.31,3.122,3.106,209922000.0,330308000.0,141425000.0,141425000.0,7043000.0,,,,,0.0,18960000.0,1.0,91377152.0,91416000,93130000.0,1.547,520765000.0,2345000.0,12065000.0,40324000.0,5.697,13710000.0
65,JKHY,MRQ,2005-03-31,2005-03-31,2005-03-31,2021-08-25,0.0,660100000.0,,129670000.0,530430000.0,,5.513,-11156000.0,15952000.0,15952000.0,77105000.0,19429000.0,1.143,0.313,14000000.0,14000000.0,0.0,14000000.0,82371000.0,9631000.0,0.0,0.009,0.045,31197000.0,40828000.0,0.304,40828000.0,31197000.0,31087000.0,0.21,0.21,0.21,502874000.0,,502874000.0,1627513145.0,14.0,10.657,-250000.0,-0.003,1.0,57277000.0,0.426,288525000.0,110000.0,256152000.0,,0.0,993000.0,993000.0,0.0,157226000.0,113471000.0,43755000.0,1640028145.0,-6563000.0,-9706000.0,3456000.0,4000000.0,-4107000.0,3349000.0,-20818000.0,9000.0,10906000.0,0.0,19429000.0,19429000.0,19429000.0,0.0,0.0,0.145,26251000.0,31026000.0,7919000.0,0.214,3.261,22.965,22.772,226537000.0,0.0,17.99,3.151,3.153,80026000.0,312712000.0,134382000.0,134382000.0,7738000.0,,,,,0.0,18513000.0,1.0,91163321.0,91212000,93421000.0,1.473,371575000.0,2375000.0,11658000.0,36749000.0,4.074,16199000.0
66,JKHY,MRQ,2004-12-31,2004-12-31,2004-12-31,2021-08-25,0.0,661588000.0,,144752000.0,516836000.0,,5.321,-12704000.0,22515000.0,22515000.0,81211000.0,17692000.0,1.042,0.372,10000000.0,10000000.0,0.0,10000000.0,109742000.0,9860000.0,0.0,0.008,0.04,28320000.0,38180000.0,0.281,38180000.0,28320000.0,28306000.0,0.2,0.19,0.2,482362000.0,,482362000.0,1681140092.0,15.0,11.521,-6169000.0,-0.068,1.0,54749000.0,0.403,278064000.0,14000.0,232141000.0,,0.0,997000.0,997000.0,0.0,179226000.0,138868000.0,40358000.0,1800985092.0,-97330000.0,-103245000.0,5686000.0,10000000.0,-3627000.0,12059000.0,-115924000.0,5000.0,6535000.0,0.0,17692000.0,17692000.0,17692000.0,0.0,0.0,0.13,26788000.0,27961000.0,8531000.0,0.2,3.734,26.368,26.197,224071000.0,0.0,19.91,3.561,3.568,87921000.0,297390000.0,135960000.0,135960000.0,6741000.0,,,,,0.0,20047000.0,1.0,90456308.0,90650000,92957000.0,1.5,383524000.0,1870000.0,10614000.0,30901000.0,4.231,5884000.0
67,JKHY,MRQ,2004-09-30,2004-09-30,2004-09-30,2021-08-25,0.0,633293000.0,,227035000.0,406258000.0,,5.086,-14025000.0,119845000.0,119845000.0,73534000.0,16674000.0,1.674,0.379,0.0,0.0,0.0,0.0,115230000.0,8957000.0,0.0,0.008,0.04,26682000.0,35639000.0,0.287,35639000.0,26682000.0,26679000.0,0.18,0.18,0.18,459233000.0,,459233000.0,1640575983.0,16.0,11.787,73650000.0,0.816,1.0,50562000.0,0.407,172945000.0,3000.0,204846000.0,,0.0,998000.0,998000.0,0.0,174060000.0,135657000.0,38403000.0,1694333983.0,66087000.0,-6665000.0,2661000.0,0.0,-3612000.0,-951000.0,-20637000.0,3000.0,87675000.0,0.0,16674000.0,16674000.0,16674000.0,0.0,0.0,0.134,24339000.0,26223000.0,5154000.0,0.222,3.689,26.014,26.069,220491000.0,0.0,18.77,3.511,3.512,75294000.0,283543000.0,124096000.0,124096000.0,6142000.0,,,,,0.0,18197000.0,1.0,90268193.0,90286000,92485000.0,1.374,460348000.0,1570000.0,10005000.0,38952000.0,5.099,91378000.0
68,JKHY,MRQ,2004-06-30,2004-06-30,2004-06-30,2021-08-25,0.0,653614000.0,,259058000.0,394556000.0,,4.927,-17747000.0,53758000.0,53758000.0,72744000.0,17619000.0,1.495,0.476,0.0,0.0,0.0,0.0,144996000.0,8728000.0,0.0,0.007,0.04,29343000.0,38071000.0,0.302,38071000.0,29343000.0,29317000.0,0.2,0.19,0.2,442918000.0,,442918000.0,1716115924.0,17.0,12.869,-8607000.0,-0.096,1.0,53293000.0,0.423,166907000.0,26000.0,259709000.0,,0.0,998000.0,998000.0,0.0,210696000.0,173240000.0,37456000.0,1805020924.0,-35147000.0,-27705000.0,4710000.0,0.0,-3593000.0,1117000.0,-45404000.0,3000.0,9140000.0,0.0,17619000.0,17619000.0,17619000.0,0.0,0.0,0.14,24140000.0,29153000.0,9171000.0,0.2,4.075,28.966,28.714,215100000.0,0.0,20.1,3.862,3.841,169873000.0,271433000.0,126037000.0,126037000.0,6099000.0,,,,,11787000.0,18041000.0,1.0,89802036.0,89901000,92291000.0,1.402,486707000.0,1320000.0,11698000.0,35020000.0,5.414,85818000.0
69,JKHY,MRQ,2004-03-31,2004-03-31,2004-03-31,2021-08-25,0.0,547654000.0,,188479000.0,359175000.0,,4.715,-9723000.0,88905000.0,88905000.0,72389000.0,16316000.0,2.205,0.296,0.0,0.0,0.0,0.0,74379000.0,8286000.0,0.0,0.008,0.04,25747000.0,34033000.0,0.284,34033000.0,25747000.0,25695000.0,0.18,0.18,0.18,422691000.0,,422691000.0,1606131678.0,17.0,12.817,1836000.0,0.02,1.0,47319000.0,0.395,139143000.0,52000.0,234117000.0,,0.0,999000.0,999000.0,0.0,124963000.0,85489000.0,39474000.0,1714667678.0,-19631000.0,-20583000.0,2653000.0,0.0,-3585000.0,-932000.0,-30258000.0,1000.0,11559000.0,0.0,16316000.0,16316000.0,16316000.0,0.0,0.0,0.136,21820000.0,25499000.0,6309000.0,0.222,4.057,29.16,28.985,208007000.0,0.0,19.13,3.806,3.807,66980000.0,259735000.0,119708000.0,119708000.0,6344000.0,,,,,0.0,15476000.0,1.0,89632393.0,89654000,92077000.0,1.335,408511000.0,950000.0,9379000.0,32195000.0,4.557,102990000.0
70,JKHY,MRQ,2003-12-31,2003-12-31,2003-12-31,2021-08-25,0.0,548375000.0,,210592000.0,337783000.0,,4.559,-6937000.0,108536000.0,108536000.0,68021000.0,14523000.0,2.056,0.348,0.0,0.0,0.0,0.0,97882000.0,8568000.0,0.0,0.007,0.035,22874000.0,31442000.0,0.279,31442000.0,22874000.0,22871000.0,0.16,0.16,0.16,406802000.0,,406802000.0,1732423227.0,20.0,14.674,451000.0,0.005,1.0,44709000.0,0.397,118072000.0,3000.0,219348000.0,,0.0,999000.0,999000.0,0.0,141573000.0,102419000.0,39154000.0,1835455227.0,5504000.0,0.0,7493000.0,0.0,-3124000.0,4369000.0,-6253000.0,636000.0,7388000.0,0.0,14523000.0,14523000.0,14523000.0,0.0,0.0,0.129,22116000.0,22593000.0,5703000.0,0.219,4.512,33.492,33.194,206421000.0,0.0,20.58,4.271,4.273,67832000.0,247793000.0,112730000.0,112730000.0,5912000.0,,,,,0.0,16204000.0,1.0,89186357.0,89231000,92000000.0,1.263,430303000.0,1461000.0,8348000.0,27610000.0,4.822,108173000.0
71,JKHY,MRQ,2003-09-30,2003-09-30,2003-09-30,2021-08-25,0.0,543352000.0,,201898000.0,341454000.0,,4.355,-18172000.0,103032000.0,103032000.0,66283000.0,13857000.0,1.678,0.41,0.0,0.0,0.0,0.0,110743000.0,7958000.0,0.0,0.008,0.035,21848000.0,29806000.0,0.274,29806000.0,21848000.0,21822000.0,0.16,0.15,0.16,385479000.0,,385479000.0,1508050417.0,18.0,13.373,66550000.0,0.752,1.0,42657000.0,0.392,119057000.0,26000.0,200973000.0,,0.0,998000.0,998000.0,0.0,157873000.0,120290000.0,37583000.0,1540064417.0,71018000.0,0.0,7524000.0,0.0,-3106000.0,4418000.0,-18122000.0,2000.0,84722000.0,0.0,13857000.0,13857000.0,13857000.0,0.0,0.0,0.127,21096000.0,21561000.0,7692000.0,0.219,3.995,29.642,29.475,207299000.0,0.0,17.39,3.67,3.669,65594000.0,240302000.0,108940000.0,108940000.0,5319000.0,,,,,0.0,15777000.0,1.0,88560346.0,88515000,91069000.0,1.231,424295000.0,1015000.0,7965000.0,28727000.0,4.793,81608000.0
72,JKHY,MRQ,2003-06-30,2003-06-30,2003-06-30,2021-08-25,0.0,548575000.0,,217262000.0,331313000.0,,4.152,-12500000.0,32014000.0,32014000.0,66234000.0,14106000.0,1.48,0.502,0.0,0.0,0.0,0.0,132224000.0,7795000.0,0.0,0.008,0.035,22240000.0,30035000.0,0.275,30035000.0,22240000.0,22214000.0,0.16,0.15,0.16,365223000.0,,365223000.0,1529961819.0,20.0,14.154,-400000.0,-0.005,1.0,42954000.0,0.393,120100000.0,26000.0,249681000.0,,0.0,998000.0,998000.0,0.0,183352000.0,146780000.0,36572000.0,1563263819.0,-1288000.0,0.0,2171000.0,0.0,-3076000.0,-905000.0,-12483000.0,2000.0,12100000.0,0.0,14106000.0,14106000.0,14106000.0,0.0,0.0,0.129,20832000.0,22122000.0,9617000.0,0.219,4.28,31.647,31.768,196046000.0,0.0,17.79,3.863,3.863,150951000.0,233396000.0,109188000.0,109188000.0,4327000.0,,,,,0.0,16505000.0,1.0,87873177.0,87956000,89750000.0,1.241,428475000.0,1000000.0,8108000.0,24261000.0,4.871,70482000.0
73,JKHY,MRQ,2003-03-31,2003-03-31,2003-03-31,2021-08-25,0.0,455805000.0,,127711000.0,328094000.0,,4.002,-9553000.0,33302000.0,33302000.0,60495000.0,12316000.0,1.837,0.298,0.0,0.0,0.0,0.0,66177000.0,7356000.0,0.0,0.013,0.035,19425000.0,26781000.0,0.271,26781000.0,19425000.0,19396000.0,0.14,0.14,0.14,351181000.0,,351181000.0,898404686.0,11.0,8.212,7874000.0,0.09,1.0,38403000.0,0.388,120581000.0,29000.0,232386000.0,,0.0,998000.0,998000.0,0.0,104624000.0,69536000.0,35088000.0,928613686.0,3093000.0,-2386000.0,1272000.0,0.0,-3069000.0,-1797000.0,-12537000.0,3000.0,17427000.0,0.0,12316000.0,12316000.0,12316000.0,0.0,0.0,0.125,19112000.0,19291000.0,7946000.0,0.25,2.644,18.155,18.259,190838000.0,0.0,10.59,2.313,2.314,62761000.0,224933000.0,98898000.0,98898000.0,4052000.0,,,,,0.0,15060000.0,1.0,87687789.0,87742000,88940000.0,1.127,335224000.0,850000.0,7080000.0,21179000.0,3.821,58175000.0
74,JKHY,MRQ,2002-12-31,2002-12-31,2002-12-31,2021-08-25,0.0,459581000.0,,134929000.0,324652000.0,,3.882,-11292000.0,30209000.0,30209000.0,65697000.0,11677000.0,1.616,0.35,0.0,0.0,0.0,0.0,78153000.0,7727000.0,0.0,0.012,0.035,18422000.0,26149000.0,0.255,26149000.0,18422000.0,18390000.0,0.13,0.13,0.13,340381000.0,,340381000.0,1013745288.0,12.0,9.141,-1899000.0,-0.022,1.0,36866000.0,0.359,118669000.0,32000.0,227218000.0,,0.0,998000.0,998000.0,0.0,119200000.0,83485000.0,35715000.0,1055413288.0,-11459000.0,-4151000.0,-2046000.0,0.0,-3069000.0,-5115000.0,-15737000.0,3000.0,9393000.0,0.0,11677000.0,11677000.0,11677000.0,0.0,0.0,0.114,18635000.0,18231000.0,9929000.0,0.269,3.101,20.145,20.407,188201000.0,0.0,12.04,2.623,2.623,74090000.0,217417000.0,102563000.0,102563000.0,3962000.0,,,,,0.0,14673000.0,1.0,87658911.0,87680000,88812000.0,1.17,340912000.0,800000.0,6713000.0,20387000.0,3.888,51444000.0
75,JKHY,MRQ,2002-09-30,2002-09-30,2002-09-30,2021-08-25,0.0,460950000.0,,145143000.0,315807000.0,,3.789,-17737000.0,41668000.0,41668000.0,58865000.0,11298000.0,1.556,0.381,0.0,0.0,0.0,0.0,87838000.0,7316000.0,0.0,0.011,0.035,17814000.0,25130000.0,0.267,25130000.0,17814000.0,17791000.0,0.13,0.13,0.13,333785000.0,,333785000.0,1074967251.0,13.0,9.595,42204000.0,0.479,1.0,35113000.0,0.374,114391000.0,23000.0,211582000.0,,0.0,997000.0,997000.0,0.0,127165000.0,93309000.0,33856000.0,1092732251.0,23903000.0,0.0,-15247000.0,0.0,-3076000.0,-18323000.0,-17715000.0,4000.0,59941000.0,0.0,11298000.0,11298000.0,11298000.0,0.0,0.0,0.12,17486000.0,17627000.0,9969000.0,0.269,3.274,20.331,20.377,184467000.0,0.0,12.43,2.745,2.751,71970000.0,208934000.0,93978000.0,93978000.0,3551000.0,,,,,0.0,13935000.0,1.0,87910881.0,88085000,89579000.0,1.067,346559000.0,1000000.0,6493000.0,21008000.0,3.934,51834000.0
76,JKHY,MRQ,2002-06-30,2002-06-30,2002-06-30,2021-08-25,0.0,486142000.0,,179977000.0,306165000.0,,3.798,-12637000.0,17765000.0,17765000.0,63011000.0,15857000.0,1.598,0.427,0.0,0.0,0.0,0.0,108975000.0,7205000.0,0.0,0.008,0.035,24136000.0,31341000.0,0.295,31341000.0,24136000.0,24086000.0,0.18,0.17,0.18,340739000.0,,340739000.0,1461763963.0,16.0,12.587,-5305000.0,-0.059,1.0,43068000.0,0.406,114663000.0,50000.0,241058000.0,,0.0,997000.0,997000.0,0.0,145403000.0,112656000.0,32747000.0,1509571963.0,-30043000.0,0.0,-21669000.0,0.0,-3154000.0,-24823000.0,-12552000.0,5000.0,7332000.0,0.0,15857000.0,15857000.0,15857000.0,0.0,0.0,0.149,19195000.0,23873000.0,9051000.0,0.194,4.43,26.454,26.078,173775000.0,0.0,16.69,3.806,3.758,131431000.0,201162000.0,106079000.0,106079000.0,3121000.0,,,,,-6658000.0,16074000.0,1.0,90447691.0,89721000,92013000.0,1.182,371479000.0,900000.0,8229000.0,16025000.0,4.14,67321000.0
77,JKHY,MRQ,2002-03-31,2002-03-31,2002-03-31,2021-08-25,0.0,458837000.0,,157586000.0,301251000.0,,3.897,-15598000.0,47808000.0,47808000.0,59692000.0,13558000.0,2.025,0.314,0.0,0.0,0.0,0.0,77545000.0,7039000.0,0.0,0.006,0.035,21237000.0,28276000.0,0.283,28276000.0,21237000.0,21184000.0,0.15,0.15,0.15,349160000.0,,349160000.0,1945130951.0,22.0,16.863,17461000.0,0.195,1.0,40092000.0,0.402,115329000.0,53000.0,217875000.0,,0.0,998000.0,998000.0,0.0,109677000.0,77825000.0,31852000.0,1981691951.0,10976000.0,-8188000.0,4560000.0,-270000.0,-3133000.0,1157000.0,-23240000.0,4000.0,33059000.0,0.0,13558000.0,13558000.0,13558000.0,0.0,0.0,0.136,19220000.0,20872000.0,9886000.0,0.233,5.676,34.928,34.656,167669000.0,0.0,22.18,5.057,5.072,76947000.0,189141000.0,99784000.0,99784000.0,2952000.0,,,,,374000.0,16268000.0,1.0,89345895.0,89608000,92483000.0,1.114,343508000.0,2349000.0,7626000.0,14706000.0,3.833,79761000.0
78,JKHY,MRQ,2001-12-31,2001-12-31,2001-12-31,2021-08-25,0.0,442511000.0,,159313000.0,283198000.0,,3.697,-11923000.0,36832000.0,36832000.0,59216000.0,13034000.0,1.837,0.345,271000.0,87000.0,184000.0,271000.0,85867000.0,6879000.0,0.0,0.005,0.03,20407000.0,27286000.0,0.278,27286000.0,20407000.0,20366000.0,0.15,0.14,0.15,328957000.0,,328957000.0,1895310622.0,21.0,15.593,-3753000.0,-0.042,1.0,39011000.0,0.397,105911000.0,41000.0,213302000.0,,0.0,997000.0,997000.0,0.0,113554000.0,86737000.0,26817000.0,1940025622.0,-8176000.0,-2923000.0,1206000.0,-23000.0,-2667000.0,-1484000.0,-14862000.0,4000.0,8170000.0,0.0,13034000.0,13034000.0,13034000.0,0.0,0.0,0.133,19175000.0,19836000.0,9236000.0,0.2,5.898,33.153,33.091,158195000.0,0.0,21.84,4.971,4.979,91338000.0,178716000.0,98227000.0,98227000.0,3543000.0,,,,,-1278000.0,15632000.0,1.0,88829012.0,88982000,92247000.0,1.104,336600000.0,750000.0,7332000.0,9717000.0,3.783,72576000.0
79,JKHY,MRQ,2001-09-30,2001-09-30,2001-09-30,2021-08-25,0.0,423235000.0,,157435000.0,265800000.0,,3.49,-11222000.0,45008000.0,45008000.0,53518000.0,14616000.0,1.78,0.363,293000.0,87000.0,206000.0,293000.0,79204000.0,6347000.0,0.0,0.005,0.03,22884000.0,29231000.0,0.316,29231000.0,22884000.0,22837000.0,0.16,0.16,0.16,310446000.0,,310446000.0,2002119271.0,22.0,17.388,30158000.0,0.339,1.0,39049000.0,0.422,104383000.0,47000.0,185702000.0,,0.0,994000.0,994000.0,0.0,112789000.0,88435000.0,24354000.0,2020393271.0,26419000.0,0.0,-693000.0,-22000.0,-2672000.0,-3387000.0,-11574000.0,0.0,41380000.0,0.0,14616000.0,14616000.0,14616000.0,0.0,0.0,0.158,16984000.0,22065000.0,12511000.0,0.188,6.508,34.618,34.379,144881000.0,0.0,22.69,5.42,5.414,78060000.0,168349000.0,92567000.0,92567000.0,2910000.0,,,,,7562000.0,14074000.0,1.0,89043335.0,88952000,92724000.0,1.041,318852000.0,750000.0,8221000.0,14526000.0,3.585,69000000.0
80,JKHY,MRQ,2001-06-30,2001-06-30,2001-06-30,2021-08-25,0.0,433121000.0,,172050000.0,261071000.0,,3.415,-16848000.0,18589000.0,18589000.0,58764000.0,15529000.0,1.608,0.432,315000.0,87000.0,228000.0,315000.0,95004000.0,6220000.0,0.0,0.004,0.03,24335000.0,30555000.0,0.302,30555000.0,24335000.0,24263000.0,0.18,0.17,0.18,302504000.0,,302504000.0,2717632319.0,31.0,24.766,-11641000.0,-0.131,1.0,42516000.0,0.42,107195000.0,72000.0,200634000.0,,0.0,985000.0,985000.0,0.0,130617000.0,107018000.0,23599000.0,2742441319.0,-6556000.0,0.0,6244000.0,-20000.0,-2652000.0,3572000.0,-15335000.0,18000.0,5207000.0,0.0,15529000.0,15529000.0,15529000.0,0.0,0.0,0.153,18652000.0,23864000.0,17846000.0,0.167,9.066,49.297,48.438,138439000.0,0.0,31.0,7.475,7.337,116573000.0,156405000.0,101280000.0,101280000.0,2776000.0,,,,,25225000.0,15876000.0,1.0,88465849.0,88574000,92652000.0,1.143,325926000.0,1287000.0,8734000.0,7857000.0,3.68,65032000.0
81,JKHY,MRQ,2001-03-31,2001-03-31,2001-03-31,2021-08-25,0.0,364002000.0,,114444000.0,249558000.0,,2.969,-13724000.0,25145000.0,25145000.0,58521000.0,15338000.0,1.454,0.394,336000.0,85000.0,251000.0,336000.0,65287000.0,10435000.0,0.0,0.004,0.03,24040000.0,34475000.0,0.351,34475000.0,24040000.0,23966000.0,0.17,0.17,0.17,261099000.0,,261099000.0,2073486061.0,25.0,20.301,9787000.0,0.111,1.0,39682000.0,0.404,109054000.0,74000.0,151421000.0,,0.0,990000.0,990000.0,0.0,102903000.0,78718000.0,24185000.0,2088955061.0,9313000.0,0.0,2621000.0,-28000.0,-2646000.0,-53000.0,-14145000.0,0.0,23511000.0,0.0,15338000.0,15338000.0,15338000.0,0.0,0.0,0.156,16326000.0,23356000.0,9474000.0,0.176,8.001,40.534,38.836,126985000.0,0.0,23.69,6.147,6.13,62347000.0,143528000.0,98203000.0,98203000.0,2883000.0,,,,,0.0,13443000.0,1.0,88178770.0,87935000,91966000.0,1.117,254948000.0,720000.0,8628000.0,20383000.0,2.899,35726000.0
82,JKHY,MRQ,2000-12-31,2000-12-31,2000-12-31,2021-08-25,0.0,339105000.0,,99657000.0,239448000.0,,2.841,-17542000.0,15832000.0,15832000.0,45965000.0,12880000.0,1.362,0.38,363000.0,123000.0,240000.0,363000.0,66264000.0,664000.0,0.0,0.003,0.025,20221000.0,20885000.0,0.259,20885000.0,20221000.0,20125000.0,0.15,0.14,0.15,245785000.0,,245785000.0,2656398119.0,36.0,30.41,-10931000.0,-0.126,1.0,34767000.0,0.431,111023000.0,96000.0,139449000.0,,0.0,976000.0,976000.0,0.0,93320000.0,73164000.0,20156000.0,2676450119.0,-4622000.0,0.0,9254000.0,-39000.0,-2160000.0,7055000.0,-18288000.0,-250000.0,6611000.0,0.0,12880000.0,12880000.0,12880000.0,0.0,0.0,0.16,14934000.0,19833000.0,7303000.0,0.167,10.889,57.714,55.473,116697000.0,0.0,31.065,8.919,8.957,59734000.0,130836000.0,80732000.0,80732000.0,2828000.0,,,,,0.0,12106000.0,1.0,86156450.0,86517000,91667000.0,0.933,228082000.0,645000.0,7245000.0,11540000.0,2.636,26493000.0
83,JKHY,MRQ,2000-09-30,2000-09-30,2000-09-30,2021-08-25,0.0,312375000.0,,86973000.0,225402000.0,,2.678,-11114000.0,20454000.0,20454000.0,42376000.0,11884000.0,1.255,0.383,402000.0,123000.0,279000.0,402000.0,63513000.0,4569000.0,0.0,0.004,0.025,19248000.0,23817000.0,0.309,23817000.0,19248000.0,18569000.0,0.14,0.13,0.14,225813000.0,,225813000.0,1927484964.0,32.0,24.987,26379000.0,0.313,1.0,34632000.0,0.45,112970000.0,679000.0,110047000.0,,0.0,961000.0,961000.0,0.0,86562000.0,69306000.0,17256000.0,1861727964.0,15268000.0,0.0,61529000.0,-70541000.0,-2146000.0,-11158000.0,-11067000.0,250000.0,37493000.0,0.0,11884000.0,11884000.0,11884000.0,0.0,0.0,0.154,15944000.0,18688000.0,6470000.0,0.179,8.245,49.389,47.152,102163000.0,0.0,21.69,6.809,6.688,44955000.0,120116000.0,77008000.0,77008000.0,2383000.0,,,,,0.0,13561000.0,1.0,85833470.0,84310000,89091000.0,0.913,199405000.0,825000.0,6685000.0,9202000.0,2.365,17667000.0
84,JKHY,MRQ,2000-06-30,2000-06-30,2000-06-30,2021-08-25,0.0,321082000.0,,103150000.0,217932000.0,,1.875,-14761000.0,5186000.0,5186000.0,50940000.0,11434000.0,0.682,1.078,70943000.0,70623000.0,320000.0,70943000.0,71457000.0,4811000.0,0.0,0.004,0.025,18148000.0,22959000.0,0.274,22959000.0,18148000.0,17381000.0,0.15,0.13,0.15,154545000.0,,154545000.0,2058228766.0,39.0,29.909,-8173000.0,-0.099,1.0,32970000.0,0.393,115095000.0,767000.0,120604000.0,,0.0,946000.0,946000.0,0.0,166537000.0,151140000.0,15397000.0,2041704766.0,-7839000.0,-42065000.0,2862000.0,40377000.0,-2038000.0,41201000.0,-56328000.0,88000.0,6588000.0,0.0,11434000.0,11434000.0,11434000.0,0.0,0.0,0.136,15120000.0,17850000.0,9255000.0,0.167,13.211,60.018,59.679,93285000.0,0.0,25.065,8.513,8.545,73940000.0,110378000.0,83910000.0,83910000.0,2242000.0,,,,,2483000.0,12878000.0,1.0,81456404.0,82438000,87051000.0,1.018,205987000.0,4303000.0,5947000.0,5132000.0,2.499,-47990000.0
85,JKHY,MRQ,2000-03-31,2000-03-31,2000-03-31,2021-08-25,0.0,225864000.0,,74887000.0,150977000.0,,1.678,-7793000.0,13025000.0,13025000.0,31265000.0,10176000.0,0.867,0.644,30054000.0,29872000.0,182000.0,30054000.0,41300000.0,3735000.0,0.0,0.005,0.025,15957000.0,19692000.0,0.337,19692000.0,15957000.0,15390000.0,0.12,0.12,0.12,137422000.0,,137422000.0,1525824461.0,32.0,25.467,11690000.0,0.143,1.0,27156000.0,0.465,69177000.0,567000.0,87363000.0,,0.0,1034000.0,1034000.0,0.0,88442000.0,86353000.0,2089000.0,1491609461.0,9579000.0,-168000.0,2653000.0,-8391000.0,-2027000.0,-7765000.0,-2139000.0,5668000.0,19483000.0,0.0,10176000.0,10176000.0,10176000.0,0.0,0.0,0.174,11601000.0,15555000.0,6918000.0,0.208,10.854,48.609,49.173,80520000.0,0.0,18.44,7.425,7.517,37803000.0,100982000.0,58421000.0,58421000.0,2242000.0,,,,,0.0,9359000.0,1.0,80889884.0,81900000,85699000.0,0.713,156687000.0,0.0,5214000.0,3629000.0,1.913,-11466000.0
86,JKHY,MRQ,1999-12-31,1999-12-31,1999-12-31,2021-08-25,0.0,233067000.0,,86456000.0,146611000.0,,1.536,-6078000.0,3285000.0,3285000.0,36099000.0,4201000.0,0.815,0.863,37500000.0,37500000.0,0.0,37500000.0,51986000.0,3943000.0,0.0,0.006,0.02,6728000.0,10671000.0,0.197,10671000.0,6728000.0,6260000.0,0.05,0.05,0.05,125086000.0,,125086000.0,1104021242.0,25.0,19.905,-10342000.0,-0.127,1.0,17984000.0,0.333,71189000.0,468000.0,90019000.0,,0.0,6697000.0,6697000.0,0.0,107981000.0,106074000.0,1907000.0,1081429242.0,347000.0,-806000.0,662000.0,12819000.0,-1612000.0,11869000.0,-7258000.0,0.0,-4264000.0,0.0,4201000.0,4201000.0,4201000.0,0.0,0.0,0.078,11555000.0,6429000.0,9481000.0,0.4,8.645,37.663,38.024,74136000.0,0.0,13.422,5.565,5.623,55672000.0,91514000.0,54083000.0,54083000.0,1879000.0,,,,,0.0,9676000.0,1.0,80568392.0,81414000,84328000.0,0.664,161878000.0,1858000.0,2059000.0,1907000.0,1.988,-19618000.0
87,JKHY,MRQ,1999-09-30,1999-09-30,1999-09-30,2021-08-25,0.0,205080000.0,,60994000.0,144086000.0,,1.501,-4862000.0,2408000.0,2408000.0,23421000.0,8207000.0,0.758,0.68,25000000.0,25000000.0,0.0,25000000.0,40096000.0,2984000.0,0.0,0.008,0.02,12508000.0,15492000.0,0.357,15492000.0,12508000.0,12402000.0,0.1,0.1,0.1,122039000.0,,122039000.0,739968564.0,15.0,12.701,22191000.0,0.273,1.0,20006000.0,0.461,72273000.0,106000.0,74944000.0,,0.0,6649000.0,6649000.0,0.0,83041000.0,80455000.0,2586000.0,743153564.0,-277000.0,-50241000.0,710000.0,25000000.0,-1610000.0,24100000.0,-51694000.0,3605000.0,27053000.0,0.0,8207000.0,8207000.0,8207000.0,332000.0,0.0,0.189,8831000.0,11175000.0,4539000.0,0.2,6.089,23.68,23.679,70740000.0,0.0,9.235,3.957,3.998,33666000.0,89129000.0,43427000.0,43427000.0,1659000.0,,,,,0.0,7172000.0,1.0,80471420.0,81312000,84032000.0,0.534,132807000.0,0.0,4195000.0,5883000.0,1.633,-19461000.0
88,JKHY,MRQ,1999-06-30,1999-06-30,1999-06-30,2021-08-25,0.0,177823000.0,,78196000.0,99627000.0,,1.426,-7395000.0,3376000.0,3376000.0,24101000.0,8102000.0,1.446,0.536,626000.0,415000.0,211000.0,626000.0,44664000.0,1670000.0,0.0,0.007,0.02,12388000.0,14058000.0,0.313,14058000.0,12388000.0,12367000.0,0.105,0.1,0.105,115798000.0,,115798000.0,774020696.0,15.0,13.153,-5192000.0,-0.064,1.0,20871000.0,0.464,28196000.0,21000.0,92814000.0,,0.0,6702000.0,6702000.0,0.0,62025000.0,54063000.0,7962000.0,788105696.0,-11048000.0,2224000.0,776000.0,853000.0,-1613000.0,16000.0,-13267000.0,-186000.0,2203000.0,0.0,8102000.0,8102000.0,8102000.0,0.0,0.0,0.18,8689000.0,12182000.0,5036000.0,0.19,6.806,24.653,24.531,66192000.0,0.0,9.812,4.072,4.09,51602000.0,83383000.0,44972000.0,44972000.0,1425000.0,,,,,805000.0,7264000.0,1.0,80316504.0,81196000,85150000.0,0.554,149627000.0,1807000.0,4265000.0,3215000.0,1.843,24133000.0
89,JKHY,MRQ,1999-03-31,1999-03-31,1999-03-31,2021-08-25,0.0,177260000.0,,81776000.0,95484000.0,,1.403,-16791000.0,3376000.0,3376000.0,30358000.0,8203000.0,1.394,0.531,626000.0,415000.0,211000.0,626000.0,44664000.0,2315000.0,0.0,0.008,0.02,12928000.0,15243000.0,0.294,15243000.0,12928000.0,12883000.0,0.097,0.095,0.097,115798000.0,,115798000.0,699314379.0,14.0,11.832,-13689000.0,-0.166,1.0,21488000.0,0.414,28196000.0,45000.0,87649000.0,,0.0,6702000.0,6702000.0,0.0,61462000.0,58665000.0,2797000.0,733998379.0,-20310000.0,-294000.0,599000.0,-186000.0,-1598000.0,-1185000.0,-22227000.0,-5022000.0,3102000.0,0.0,8203000.0,8203000.0,8203000.0,531000.0,0.0,0.158,8634000.0,12854000.0,5036000.0,0.206,6.339,23.186,23.558,66192000.0,0.0,9.188,3.659,3.779,52239000.0,83383000.0,51846000.0,51846000.0,1247000.0,,,,,0.0,7387000.0,1.0,79890980.0,82524000,87258000.0,0.628,149064000.0,1244000.0,4680000.0,2652000.0,1.806,23111000.0
90,JKHY,MRQ,1998-12-31,1998-12-31,1998-12-31,2021-08-25,0.0,148779000.0,,75600000.0,73179000.0,,1.233,-5802000.0,34684000.0,34684000.0,25876000.0,6871000.0,1.598,0.513,0.0,0.0,0.0,0.0,35071000.0,2091000.0,0.0,0.005,0.016,11376000.0,13467000.0,0.283,13467000.0,11376000.0,11356000.0,0.087,0.083,0.087,98326000.0,,98326000.0,909796005.0,19.0,15.829,-2916000.0,-0.037,1.0,21707000.0,0.456,25473000.0,20000.0,41325000.0,,0.0,1509000.0,1509000.0,0.0,50453000.0,47297000.0,3156000.0,948821005.0,-4782000.0,-2968000.0,901000.0,-63000.0,-1241000.0,-403000.0,-7265000.0,1600000.0,2886000.0,0.0,6871000.0,6871000.0,6871000.0,249000.0,0.0,0.144,10747000.0,10960000.0,5944000.0,0.184,9.65,32.671,34.358,43951000.0,0.0,12.438,5.167,5.4,27610000.0,69394000.0,47583000.0,47583000.0,1239000.0,,,,,0.0,9508000.0,1.0,76287116.0,79728000,84720000.0,0.597,123306000.0,1477000.0,4485000.0,2526000.0,1.547,28303000.0
91,JKHY,MRQ,1998-09-30,1998-09-30,1998-09-30,2021-08-25,0.0,129698000.0,,72004000.0,57694000.0,,1.035,-8896000.0,39025000.0,39025000.0,26907000.0,8793000.0,1.594,0.581,0.0,0.0,0.0,0.0,28527000.0,1825000.0,0.0,0.005,0.016,14250000.0,16075000.0,0.327,16075000.0,14250000.0,14250000.0,0.11,0.105,0.11,82013000.0,,82013000.0,881805612.0,20.0,16.713,20154000.0,0.254,1.0,22218000.0,0.452,22483000.0,0.0,23031000.0,,0.0,3145000.0,3145000.0,0.0,47685000.0,45159000.0,2526000.0,905111612.0,14783000.0,-4867000.0,1453000.0,-633000.0,-1236000.0,-416000.0,-13851000.0,0.0,29050000.0,0.0,8793000.0,8793000.0,8793000.0,-24000.0,0.0,0.179,8491000.0,13727000.0,5207000.0,0.145,11.036,32.635,34.905,33888000.0,0.0,11.938,5.28,5.518,22314000.0,61772000.0,49125000.0,49125000.0,1272000.0,,,,,0.0,7219000.0,1.0,75820868.0,79244000,83996000.0,0.62,107215000.0,0.0,5457000.0,7360000.0,1.353,26845000.0
92,JKHY,MRQ,1998-06-30,1998-06-30,1998-06-30,2021-08-25,0.0,133830000.0,,83393000.0,50437000.0,,1.006,-4114000.0,24733000.0,24733000.0,30812000.0,7790000.0,1.751,0.601,654000.0,415000.0,239000.0,654000.0,33096000.0,1789000.0,0.0,0.007,0.016,12530000.0,14319000.0,0.275,14319000.0,12530000.0,12496000.0,0.095,0.092,0.095,83591000.0,,83591000.0,630794266.0,17.0,14.459,845000.0,0.01,1.0,21255000.0,0.408,18110000.0,34000.0,44006000.0,,0.0,3229000.0,3229000.0,0.0,50239000.0,47635000.0,2604000.0,651054266.0,483000.0,-179000.0,768000.0,275000.0,-1231000.0,-188000.0,-5078000.0,-248000.0,4959000.0,0.0,7790000.0,7790000.0,7790000.0,270000.0,0.0,0.15,8856000.0,12399000.0,8130000.0,0.168,7.789,27.661,29.136,31492000.0,0.0,8.595,4.392,4.612,43348000.0,57122000.0,52067000.0,52067000.0,436000.0,,,,,0.0,8420000.0,1.0,75748024.0,83116000,86840000.0,0.626,115720000.0,1000.0,4706000.0,2601000.0,1.392,35758000.0
93,JKHY,MRQ,1998-03-31,1998-03-31,1998-03-31,2021-08-25,0.0,86740000.0,,42512000.0,44228000.0,,0.845,-2316000.0,20260000.0,20260000.0,17914000.0,5588000.0,2.342,0.304,0.0,0.0,0.0,0.0,12754000.0,4573000.0,0.0,0.006,0.016,9041000.0,13614000.0,0.391,13614000.0,9041000.0,9041000.0,0.07,0.068,0.07,66539000.0,,66539000.0,659322564.0,19.0,14.811,935000.0,0.012,1.0,16939000.0,0.486,18455000.0,0.0,29872000.0,,0.0,4186000.0,3018000.0,1168000.0,20201000.0,18153000.0,2048000.0,680070564.0,530000.0,-25000.0,726000.0,-7000.0,-1231000.0,-512000.0,-1941000.0,490000.0,3251000.0,0.0,5588000.0,5588000.0,5588000.0,191000.0,0.0,0.16,8142000.0,8797000.0,1876000.0,0.229,10.221,30.521,31.915,24605000.0,0.0,9.0,4.394,4.581,14103000.0,48873000.0,34853000.0,34853000.0,1233000.0,,,,,0.0,6909000.0,1.0,75563396.0,78788000,82796000.0,0.442,68285000.0,0.0,3453000.0,2699000.0,0.867,24359000.0
94,JKHY,MRQ,1997-12-31,1997-12-31,1997-12-31,2021-08-25,0.0,89014000.0,,45643000.0,43371000.0,,0.79,-2110000.0,20748000.0,20748000.0,19516000.0,5563000.0,1.815,0.44,0.0,0.0,0.0,0.0,17106000.0,0.0,0.0,0.008,0.014,8754000.0,8754000.0,0.247,8754000.0,8754000.0,8754000.0,0.068,0.068,0.068,61814000.0,,61814000.0,,,,391000.0,0.005,1.0,15861000.0,0.448,18835000.0,0.0,24279000.0,,0.0,4559000.0,3468000.0,1091000.0,27200000.0,25152000.0,2048000.0,514775635.0,-1371000.0,-867000.0,-98000.0,-20000.0,-1033000.0,-1151000.0,-2596000.0,381000.0,2501000.0,0.0,5563000.0,5563000.0,5563000.0,-54000.0,0.0,0.157,7577000.0,8284000.0,4641000.0,0.206,8.328,25.309,26.202,23445000.0,0.0,6.812,3.625,3.755,16897000.0,44898000.0,35377000.0,35377000.0,1300000.0,,,,,0.0,6277000.0,1.0,75563396.0,78264000,81748000.0,0.452,70179000.0,0.0,3191000.0,3002000.0,0.897,20491000.0
95,JKHY,MRQ,1997-09-30,1997-09-30,1997-09-30,2021-08-25,,,,,,,,-1409000.0,,,8818000.0,4166000.0,,,,,,,,0.0,,0.008,0.014,6726000.0,6726000.0,0.335,6726000.0,6726000.0,6726000.0,0.055,0.052,0.055,,,,,,,13112000.0,0.175,1.0,11241000.0,0.56,,0.0,,,,,,,,,,,13856000.0,25000.0,268000.0,-119000.0,-1033000.0,-884000.0,616000.0,2000000.0,14521000.0,0.0,4166000.0,4166000.0,4166000.0,261000.0,0.0,0.208,4643000.0,6598000.0,,0.255,,,27.252,,0.0,6.595,,3.864,,,20059000.0,20059000.0,671000.0,,,,,0.0,3972000.0,1.0,,74976000,78132000.0,0.268,,,2560000.0,,,
96,JKHY,MRQ,1997-06-30,1997-06-30,1997-06-30,2021-08-25,0.0,82069000.0,,42729000.0,39340000.0,,0.59,-6786000.0,7948000.0,7948000.0,41415000.0,6965000.0,1.569,0.555,0.0,0.0,0.0,0.0,20680000.0,5212000.0,0.0,0.008,0.014,10211000.0,15423000.0,0.239,15423000.0,10211000.0,10171000.0,0.09,0.08,0.09,52782000.0,,52782000.0,,,,-3085000.0,-0.034,1.0,23082000.0,0.358,16695000.0,40000.0,30187000.0,,0.0,5919000.0,5919000.0,0.0,29287000.0,27239000.0,2048000.0,,3143000.0,32000.0,13015000.0,-3453000.0,-1001000.0,8561000.0,-9490000.0,0.0,3701000.0,0.0,6965000.0,6965000.0,6965000.0,450000.0,0.0,0.108,12796000.0,10286000.0,2911000.0,0.156,,,25.798,21869000.0,0.0,6.062,,3.652,22703000.0,38146000.0,64497000.0,64497000.0,1520000.0,,,,,0.0,11276000.0,1.0,,89424000,92512000.0,0.721,65374000.0,1982000.0,3206000.0,2048000.0,0.731,15490000.0
97,JKHY,MRQ,1997-03-31,1997-03-31,1997-03-31,2021-08-25,,,,,,,,-1909000.0,,,11749000.0,3646000.0,,,,,,,,0.0,,0.009,0.013,5952000.0,5952000.0,0.27,5952000.0,5952000.0,5952000.0,0.048,0.048,0.048,,,,,,,967000.0,0.013,1.0,10312000.0,0.467,,0.0,,,,,,,,,,,945000.0,0.0,-101000.0,-1000.0,-957000.0,-1059000.0,-784000.0,1125000.0,2876000.0,0.0,3646000.0,3646000.0,3646000.0,0.0,0.0,0.165,4469000.0,5843000.0,,0.271,,,,,0.0,5.562,,,,,22061000.0,22061000.0,525000.0,,,,,0.0,3944000.0,1.0,,71768000,76620000.0,0.307,,,2306000.0,,,
98,JKHY,MRQ,1996-12-31,1996-12-31,1996-12-31,2021-08-25,,,,,,,,,,,11174000.0,3628000.0,,,,,,,,,,0.008,0.012,5952000.0,,,,5952000.0,5952000.0,0.05,0.05,0.05,,,,,,,,,1.0,10174000.0,0.477,,0.0,,,,,,,,,,,,,,,,,,,,,3628000.0,3628000.0,3628000.0,150000.0,0.0,0.17,4334000.0,5840000.0,,0.24,,,,,0.0,5.958,,,,,21348000.0,21348000.0,705000.0,,,,,,3629000.0,1.0,,71704000,76476000.0,0.298,,,2324000.0,,,
0,JKHY,MRT,2021-06-30,2021-06-30,2021-06-30,2021-08-25,0.0,2336156000.0,2292360000.0,543737000.0,1792419000.0,0.767,17.463,-145144000.0,50992000.0,50992000.0,1063399000.0,311469000.0,1.044,0.771,100193000.0,110000.0,100083000.0,100193000.0,395600000.0,175748000.0,0.0,0.011,1.78,398869000.0,574617000.0,0.327,574617000.0,398869000.0,397725000.0,4.12,4.12,4.12,1319292000.0,1430916000.0,1319292000.0,12276119941.0,31.0,21.364,316985000.0,4.196,1.0,694826000.0,0.395,1163523000.0,1144000.0,700974000.0,697931000.0,0.0,0.0,0.0,0.0,1016864000.0,520860000.0,496004000.0,12145998941.0,-162353000.0,-2300000.0,-420597000.0,99886000.0,-133800000.0,-462232000.0,-162250000.0,-8300000.0,462129000.0,0.0,311469000.0,311469000.0,311469000.0,0.0,0.0,0.177,296107000.0,398719000.0,18485000.0,0.432,9.206,38.996,39.687,252481000.0,0.0,163.51,6.908,7.026,306564000.0,2412496000.0,1758225000.0,1758225000.0,109047000.0,0.136,0.218,0.572,0.227,20746000.0,187060000.0,1.0,74282912.0,75546000,75658000.0,23.274,1172633000.0,30243000.0,86256000.0,260758000.0,15.522,22877000.0
1,JKHY,MRT,2021-03-31,2021-03-31,2021-03-31,2021-08-25,0.0,2211499000.0,2315439500.0,442669000.0,1768830000.0,0.742,17.456,-143730000.0,70116000.0,70116000.0,1043316000.0,295952000.0,1.467,0.681,200237000.0,117000.0,200120000.0,200237000.0,212038000.0,175838000.0,0.0,0.012,1.75,379451000.0,555289000.0,0.323,555289000.0,379451000.0,378716000.0,3.88,3.88,3.88,1315443000.0,1488515000.0,1315443000.0,11394947253.0,30.0,20.521,356664000.0,4.733,1.0,675158000.0,0.393,1160915000.0,735000.0,878976000.0,664883000.0,0.0,0.0,0.0,0.0,896056000.0,301729000.0,594327000.0,11542443253.0,-39398000.0,-7219000.0,-373726000.0,144887000.0,-132713000.0,-369146000.0,-170646000.0,-13300000.0,500394000.0,0.0,295952000.0,295952000.0,295952000.0,0.0,0.0,0.172,295938000.0,379220000.0,7833000.0,0.451,8.775,39.001,39.103,248041000.0,0.0,151.72,6.717,6.653,207736000.0,2369656000.0,1718474000.0,1718474000.0,110134000.0,0.128,0.199,0.571,0.221,20154000.0,185804000.0,1.0,76077269.0,75357000,75431000.0,22.804,1050584000.0,9511000.0,82764000.0,257203000.0,13.941,140940000.0
2,JKHY,MRT,2020-12-31,2020-12-31,2020-12-31,2021-08-25,0.0,2286709000.0,2319919500.0,518484000.0,1768225000.0,0.739,20.277,-143373000.0,147762000.0,147762000.0,1034117000.0,298398000.0,1.477,0.48,266000.0,117000.0,149000.0,266000.0,262883000.0,175384000.0,0.0,0.011,1.72,380359000.0,555743000.0,0.324,555743000.0,380359000.0,379749000.0,3.89,3.89,3.89,1545179000.0,1538120000.0,1545179000.0,12167431378.0,32.0,21.894,346130000.0,4.542,1.0,679987000.0,0.397,1154461000.0,610000.0,633779000.0,626030500.0,0.0,0.0,0.0,0.0,741530000.0,350973000.0,390557000.0,12362456378.0,75249000.0,5831000.0,-119870000.0,-90000.0,-131435000.0,-259199000.0,-155055000.0,-12100000.0,489503000.0,0.0,298398000.0,298398000.0,298398000.0,0.0,0.0,0.174,300032000.0,379955000.0,11569000.0,0.442,8.001,41.429,41.643,257883000.0,0.0,161.99,7.212,7.201,212934000.0,2332509000.0,1714104000.0,1714104000.0,111047000.0,0.129,0.194,0.608,0.222,19637000.0,188985000.0,1.0,76316170.0,76202000,76280000.0,22.494,1132248000.0,8662000.0,81351000.0,252649000.0,14.859,167511000.0
3,JKHY,MRT,2020-09-30,2020-09-30,2020-09-30,2021-08-25,0.0,2335076000.0,2295102000.0,574539000.0,1760537000.0,0.745,20.178,-147918000.0,195320000.0,195320000.0,1025602000.0,298514000.0,1.41,0.513,295000.0,126000.0,169000.0,295000.0,322509000.0,173460000.0,0.0,0.01,1.69,380725000.0,554185000.0,0.324,554185000.0,380725000.0,380076000.0,3.89,3.89,3.89,1543750000.0,1523511750.0,1543750000.0,12248173627.0,32.0,22.101,354039000.0,4.628,1.0,685260000.0,0.401,1154679000.0,649000.0,577995000.0,620242500.0,0.0,0.0,0.0,0.0,791326000.0,407377000.0,383949000.0,12461195627.0,98641000.0,-91000.0,-112949000.0,-61000.0,-129465000.0,-249647000.0,-153669000.0,0.0,501957000.0,0.0,298514000.0,298514000.0,298514000.0,0.0,0.0,0.174,305233000.0,380027000.0,6835000.0,0.434,8.072,41.744,41.797,263710000.0,0.0,162.59,7.284,7.271,223013000.0,2293228000.0,1710862000.0,1710862000.0,111454000.0,0.13,0.196,0.614,0.223,18655000.0,193779000.0,1.0,76641833.0,76507000,76713000.0,22.362,1180397000.0,0.0,81562000.0,247269000.0,15.429,167162000.0
4,JKHY,MRT,2020-06-30,2020-06-30,2020-06-30,2021-08-25,0.0,2428474000.0,2267827500.0,669101000.0,1759373000.0,0.748,20.182,-159670000.0,213345000.0,213345000.0,1008464000.0,296668000.0,1.352,0.567,323000.0,115000.0,208000.0,323000.0,389622000.0,171805000.0,0.0,0.009,1.66,381764000.0,553569000.0,0.326,553569000.0,381764000.0,381076000.0,3.86,3.86,3.86,1549688000.0,1506739250.0,1549688000.0,14045271687.0,37.0,25.372,350862000.0,4.569,1.0,688603000.0,0.406,1151825000.0,688000.0,568782000.0,620234500.0,0.0,0.0,0.0,0.0,878786000.0,494845000.0,383941000.0,14099538687.0,119717000.0,-30376000.0,-61716000.0,-33000.0,-127421000.0,-192909000.0,-197906000.0,-1150000.0,510532000.0,0.0,296668000.0,296668000.0,296668000.0,0.0,0.0,0.175,307976000.0,380627000.0,9880000.0,0.43,9.098,47.526,47.676,273432000.0,0.0,184.03,8.308,8.327,300945000.0,2235320000.0,1697067000.0,1697067000.0,109988000.0,0.131,0.197,0.616,0.225,16883000.0,197988000.0,1.0,76615436.0,76787000,76934000.0,22.101,1276649000.0,21051000.0,84408000.0,243998000.0,16.626,174256000.0
5,JKHY,MRT,2020-03-31,2020-03-31,2020-03-31,2021-08-25,0.0,2229419000.0,2206916250.0,479650000.0,1749769000.0,0.761,19.742,-167672000.0,109514000.0,109514000.0,993669000.0,296316000.0,1.607,0.473,55247000.0,81000.0,55166000.0,55247000.0,226427000.0,169278000.0,0.0,0.01,1.63,384476000.0,553754000.0,0.33,553754000.0,384476000.0,383593000.0,3.85,3.86,3.85,1513863000.0,1476570500.0,1513863000.0,11837436928.0,31.0,21.377,306540000.0,3.997,1.0,686370000.0,0.409,1153178000.0,883000.0,723566000.0,603828750.0,0.0,0.0,0.0,0.0,715556000.0,298408000.0,417148000.0,11909949928.0,74116000.0,-19270000.0,-95319000.0,19994000.0,-125261000.0,-204088000.0,-196008000.0,-1150000.0,474212000.0,0.0,296316000.0,296316000.0,296316000.0,0.0,0.0,0.176,303124000.0,383246000.0,11673000.0,0.423,7.867,40.193,40.322,277091000.0,0.0,155.24,7.089,7.086,212060000.0,2206910000.0,1680039000.0,1680039000.0,105006000.0,0.134,0.201,0.637,0.229,15626000.0,198301000.0,1.0,76719595.0,76683000,76884000.0,21.909,1076241000.0,7063000.0,87277000.0,228685000.0,14.035,181242000.0
6,JKHY,MRT,2019-12-31,2019-12-31,2019-12-31,2021-08-25,0.0,2187439000.0,2150281250.0,427731000.0,1759708000.0,0.759,19.339,-166251000.0,72513000.0,72513000.0,970692000.0,281713000.0,1.246,0.471,0.0,0.0,0.0,0.0,277004000.0,166254000.0,0.0,0.011,1.6,368937000.0,535191000.0,0.328,535191000.0,368937000.0,367995000.0,3.66,3.67,3.66,1486746000.0,1454605500.0,1486746000.0,11110719806.0,30.0,20.76,287846000.0,3.744,1.0,660305000.0,0.405,1161145000.0,942000.0,610627000.0,561958500.0,0.0,0.0,0.0,0.0,700693000.0,343154000.0,357539000.0,11207398806.0,46357000.0,-30050000.0,-75108000.0,0.0,-123143000.0,-201363000.0,-206377000.0,-1150000.0,454097000.0,0.0,281713000.0,281713000.0,281713000.0,0.0,0.0,0.173,292556000.0,367749000.0,10670000.0,0.437,7.538,39.783,39.801,278695000.0,0.0,145.67,6.872,6.866,204703000.0,2166039000.0,1630997000.0,1630997000.0,100140000.0,0.131,0.194,0.657,0.226,14441000.0,192394000.0,1.0,76936904.0,76879000,76935000.0,21.215,1026294000.0,0.0,86282000.0,224413000.0,13.349,84577000.0
7,JKHY,MRT,2019-09-30,2019-09-30,2019-09-30,2021-08-25,0.0,2225978000.0,2096365750.0,484123000.0,1741855000.0,0.762,19.184,-155514000.0,96679000.0,96679000.0,948709000.0,277704000.0,1.232,0.507,0.0,0.0,0.0,0.0,325554000.0,163991000.0,0.0,0.011,1.57,363343000.0,527334000.0,0.33,527334000.0,363343000.0,362409000.0,3.6,3.61,3.6,1476660000.0,1430907750.0,1476660000.0,11146106813.0,31.0,21.137,251932000.0,3.273,1.0,649444000.0,0.406,1158258000.0,934000.0,577963000.0,532240000.0,0.0,0.0,0.0,0.0,749318000.0,393078000.0,356240000.0,11239734813.0,-18193000.0,-50266000.0,-59538000.0,0.0,-149516000.0,-211842000.0,-213797000.0,-1150000.0,407446000.0,0.0,277704000.0,277704000.0,277704000.0,0.0,0.0,0.174,287195000.0,362249000.0,13621000.0,0.436,7.612,40.474,40.547,274531000.0,0.0,145.97,7.033,7.03,234362000.0,2124672000.0,1598153000.0,1598153000.0,96943000.0,0.132,0.194,0.683,0.227,13671000.0,190230000.0,1.0,77000307.0,76972000,77067000.0,20.763,1067720000.0,0.0,84705000.0,227836000.0,13.872,91045000.0
8,JKHY,MRT,2019-06-30,2019-06-30,2019-06-30,2021-08-25,0.0,2184829000.0,2048146750.0,569448000.0,1615381000.0,0.758,18.52,-164585000.0,93628000.0,93628000.0,923030000.0,271885000.0,1.212,0.529,0.0,0.0,0.0,0.0,394306000.0,160633000.0,0.0,0.011,1.54,348161000.0,508794000.0,0.328,508794000.0,348161000.0,347235000.0,3.52,3.52,3.52,1429013000.0,1403883750.0,1429013000.0,10338714942.0,30.0,20.32,266543000.0,3.454,1.0,629661000.0,0.406,1118080000.0,926000.0,503159000.0,489318500.0,0.0,0.0,0.0,0.0,755816000.0,469962000.0,285854000.0,10339112942.0,62188000.0,-19981000.0,-45587000.0,0.0,-118745000.0,-178305000.0,-190635000.0,0.0,431128000.0,0.0,271885000.0,271885000.0,271885000.0,0.0,0.0,0.175,282376000.0,347285000.0,9850000.0,0.438,7.235,38.028,38.045,272474000.0,0.0,133.92,6.659,6.655,310080000.0,2066073000.0,1552691000.0,1552691000.0,96378000.0,0.133,0.194,0.712,0.224,12589000.0,185998000.0,1.0,77203651.0,77160000,77347000.0,20.123,1066749000.0,17817000.0,75350000.0,217010000.0,13.825,99486000.0
9,JKHY,MRT,2019-03-31,2019-03-31,2019-03-31,2021-08-25,0.0,2002879000.0,2010204000.0,388556000.0,1614323000.0,0.765,18.477,-163485000.0,35398000.0,35398000.0,906596000.0,278727000.0,1.174,0.405,35000000.0,35000000.0,0.0,35000000.0,207908000.0,159056000.0,0.0,0.011,1.51,353665000.0,512721000.0,0.333,512721000.0,353665000.0,352399000.0,3.61,3.6,3.61,1426003000.0,1377341500.0,1426003000.0,10681327010.0,30.0,20.833,247154000.0,3.202,1.0,630842000.0,0.41,1115531000.0,1266000.0,556085000.0,479019000.0,0.0,0.0,0.0,0.0,576876000.0,330865000.0,246011000.0,10707483010.0,-22004000.0,-19889000.0,-31431000.0,-70000000.0,-116562000.0,-231845000.0,-200798000.0,0.0,410639000.0,0.0,278727000.0,278727000.0,278727000.0,0.0,0.0,0.181,279920000.0,350922000.0,10907000.0,0.418,7.509,38.416,38.432,279948000.0,0.0,138.74,6.964,6.965,190768000.0,2035855000.0,1537438000.0,1537438000.0,95864000.0,0.139,0.202,0.738,0.23,12575000.0,181957000.0,1.0,77176611.0,77177000,77286000.0,19.921,887348000.0,17215000.0,73672000.0,212608000.0,11.498,57691000.0
10,JKHY,MRT,2018-12-31,2018-12-31,2018-12-31,2021-08-25,0.0,1971777000.0,1985826250.0,362639000.0,1609138000.0,0.771,18.027,-158449000.0,26156000.0,26156000.0,889519000.0,288561000.0,1.066,0.417,0.0,0.0,0.0,0.0,255636000.0,157289000.0,0.0,0.012,1.48,367906000.0,525195000.0,0.343,525195000.0,367906000.0,366130000.0,3.73,3.72,3.73,1391955000.0,1326612000.0,1391955000.0,9664911193.0,26.0,18.403,268829000.0,3.482,1.0,641603000.0,0.419,1113794000.0,1776000.0,491753000.0,483806500.0,0.0,0.0,0.0,0.0,579822000.0,340074000.0,239748000.0,9779783193.0,-31563000.0,-19889000.0,-31716000.0,-100000000.0,-114281000.0,-259671000.0,-199170000.0,-5000000.0,427278000.0,0.0,288561000.0,288561000.0,288561000.0,0.0,0.0,0.188,276415000.0,365188000.0,6597000.0,0.397,7.026,33.892,33.92,283454000.0,0.0,126.52,6.387,6.381,184737000.0,2007469000.0,1531122000.0,1531122000.0,95013000.0,0.145,0.218,0.76,0.24,12295000.0,179508000.0,1.0,77298318.0,77216000,77409000.0,19.829,857983000.0,9488000.0,77569000.0,210489000.0,11.111,22565000.0
11,JKHY,MRT,2018-09-30,2018-09-30,2018-09-30,2021-08-25,0.0,2033102000.0,1972151000.0,457839000.0,1575263000.0,0.762,17.73,-157083000.0,114872000.0,114872000.0,869335000.0,381715000.0,1.09,0.486,0.0,0.0,0.0,0.0,317764000.0,154441000.0,0.0,0.009,1.42,364386000.0,518827000.0,0.345,518827000.0,364386000.0,362508000.0,4.94,4.92,4.94,1368564000.0,1272123250.0,1368564000.0,12323344385.0,34.0,23.752,263071000.0,3.408,1.0,632721000.0,0.421,1091727000.0,1878000.0,406277000.0,489691250.0,0.0,0.0,0.0,0.0,664538000.0,420226000.0,244312000.0,12354784385.0,10832000.0,-126957000.0,-10844000.0,0.0,-81117000.0,-105518000.0,-303804000.0,-5000000.0,420154000.0,0.0,381715000.0,381715000.0,381715000.0,0.0,0.0,0.254,270947000.0,361774000.0,10477000.0,0.287,9.028,32.367,32.405,286497000.0,0.0,160.08,8.225,8.226,198564000.0,1967921000.0,1502056000.0,1502056000.0,93437000.0,0.194,0.3,0.744,0.243,12016000.0,175805000.0,1.0,77178813.0,77188000,77537000.0,19.46,941375000.0,4142000.0,-19207000.0,209033000.0,12.196,37613000.0
12,JKHY,MRT,2018-06-30,2018-06-30,2018-06-30,2021-08-25,0.0,2033058000.0,1912961750.0,470742000.0,1562316000.0,0.769,17.124,-136476000.0,31440000.0,31440000.0,853138000.0,365034000.0,1.051,0.537,0.0,0.0,0.0,0.0,369915000.0,151986000.0,0.0,0.01,1.36,358078000.0,510064000.0,0.347,510064000.0,358078000.0,356158000.0,4.73,4.7,4.73,1322844000.0,1189435500.0,1322844000.0,10123716451.0,28.0,19.848,275666000.0,3.568,1.0,617659000.0,0.42,1091602000.0,1920000.0,461961000.0,472476250.0,0.0,0.0,0.0,0.0,710214000.0,448055000.0,262159000.0,10076118451.0,-83325000.0,-137212000.0,-41287000.0,-50000000.0,-105021000.0,-203641000.0,-291826000.0,-5000000.0,412142000.0,0.0,365034000.0,365034000.0,365034000.0,0.0,0.0,0.248,262050000.0,355609000.0,30360000.0,0.288,7.617,27.603,27.56,285550000.0,0.0,130.36,6.851,6.847,297271000.0,1912933000.0,1470797000.0,1470797000.0,90340000.0,0.191,0.307,0.758,0.243,11758000.0,171710000.0,1.0,77294557.0,77252000,77585000.0,19.039,941456000.0,21671000.0,-8876000.0,208303000.0,12.187,22687000.0
13,JKHY,MRT,2018-03-31,2018-03-31,2018-03-31,2021-08-25,0.0,1905368000.0,1881933500.0,362030000.0,1543338000.0,0.762,15.833,-121576000.0,57402000.0,57402000.0,835751000.0,345658000.0,1.252,0.558,105000000.0,0.0,105000000.0,105000000.0,305536000.0,147607000.0,0.0,0.011,1.3,345978000.0,493585000.0,0.344,493585000.0,345978000.0,344413000.0,4.48,4.45,4.48,1223085000.0,1116737250.0,1223085000.0,9387060030.0,27.0,19.018,271751000.0,3.518,1.0,597731000.0,0.417,1088493000.0,1565000.0,575235000.0,468581000.0,0.0,0.0,0.0,0.0,682283000.0,289238000.0,393045000.0,9344779030.0,14486000.0,-133958000.0,-48888000.0,55000000.0,-100495000.0,-101699000.0,-277142000.0,-5000000.0,393327000.0,0.0,345658000.0,345658000.0,345658000.0,0.0,0.0,0.241,255485000.0,342246000.0,7332000.0,0.29,7.64,27.035,26.998,261220000.0,0.0,120.95,6.519,6.518,168934000.0,1800229000.0,1433482000.0,1433482000.0,89274000.0,0.184,0.31,0.738,0.241,11601000.0,165855000.0,1.0,77261505.0,77247000,77546000.0,18.557,816875000.0,13381000.0,-1245000.0,169324000.0,10.575,72792000.0
14,JKHY,MRT,2017-12-31,2017-12-31,2017-12-31,2021-08-25,0.0,1917076000.0,1827337250.0,369600000.0,1547476000.0,0.773,15.204,-125912000.0,57719000.0,57719000.0,823961000.0,336616000.0,1.045,0.633,100000000.0,0.0,100000000.0,100000000.0,375688000.0,143639000.0,0.0,0.011,1.24,343914000.0,487553000.0,0.345,487553000.0,343914000.0,342805000.0,4.36,4.33,4.36,1174000000.0,1063994000.0,1174000000.0,8929303026.0,26.0,18.315,244451000.0,3.166,1.0,589240000.0,0.417,1090311000.0,1109000.0,515292000.0,449131500.0,0.0,0.0,0.0,0.0,743076000.0,353754000.0,389322000.0,9033343026.0,-6469000.0,-131672000.0,-49441000.0,50000000.0,-95969000.0,-102640000.0,-274192000.0,0.0,370363000.0,0.0,336616000.0,336616000.0,336616000.0,0.0,0.0,0.238,248970000.0,340270000.0,13135000.0,0.284,7.695,26.836,26.826,272086000.0,0.0,116.96,6.392,6.391,166827000.0,1756419000.0,1413201000.0,1413201000.0,87484000.0,0.184,0.316,0.766,0.243,11508000.0,163416000.0,1.0,77234465.0,77218000,77565000.0,18.301,826765000.0,23630000.0,6189000.0,166789000.0,10.707,15846000.0
15,JKHY,MRT,2017-09-30,2017-09-30,2017-09-30,2021-08-25,0.0,1796345000.0,1777592000.0,403871000.0,1392474000.0,0.79,13.429,-128739000.0,104040000.0,104040000.0,815007000.0,234187000.0,0.974,0.731,0.0,0.0,0.0,0.0,439565000.0,141925000.0,0.0,0.012,1.21,347644000.0,489569000.0,0.349,489569000.0,347644000.0,346601000.0,3.03,3.0,3.03,1037813000.0,1013347000.0,1037813000.0,7895116418.0,23.0,16.127,233934000.0,3.027,1.0,589538000.0,0.42,940148000.0,1043000.0,337417000.0,433098750.0,0.0,0.0,0.0,0.0,758532000.0,414740000.0,343792000.0,7959881418.0,19521000.0,-4623000.0,-92252000.0,0.0,-93754000.0,-193182000.0,-149970000.0,0.0,362673000.0,0.0,234187000.0,234187000.0,234187000.0,0.0,0.0,0.167,245452000.0,344086000.0,8857000.0,0.399,7.67,33.989,33.924,273834000.0,0.0,102.79,5.667,5.656,172515000.0,1624785000.0,1404545000.0,1404545000.0,85943000.0,0.132,0.231,0.803,0.248,11445000.0,161250000.0,1.0,77438286.0,77283000,77646000.0,18.174,856197000.0,2942000.0,112414000.0,229582000.0,11.079,-10869000.0
16,JKHY,MRT,2017-06-30,2017-06-30,2017-06-30,2021-08-25,0.0,1908945000.0,1761568750.0,520031000.0,1388914000.0,0.788,13.256,-130610000.0,114765000.0,114765000.0,805855000.0,229561000.0,1.104,0.85,50000000.0,0.0,50000000.0,50000000.0,511384000.0,139786000.0,0.0,0.011,1.18,341965000.0,481751000.0,0.347,481751000.0,341965000.0,340969000.0,2.95,2.93,2.95,1032051000.0,997041000.0,1032051000.0,8072755069.0,24.0,16.757,226712000.0,2.912,1.0,582435000.0,0.42,926608000.0,996000.0,446380000.0,436223500.0,0.0,0.0,0.0,0.0,876894000.0,471192000.0,405702000.0,8065671069.0,44455000.0,5632000.0,-123894000.0,49800000.0,-91707000.0,-171281000.0,-141586000.0,0.0,357322000.0,0.0,229561000.0,229561000.0,229561000.0,0.0,0.0,0.165,243988000.0,338447000.0,6841000.0,0.4,7.815,35.135,35.21,282934000.0,0.0,103.87,5.81,5.825,276923000.0,1585278000.0,1388290000.0,1388290000.0,84753000.0,0.13,0.23,0.784,0.246,11129000.0,159235000.0,1.0,77651594.0,77856000,78255000.0,17.832,982337000.0,20135000.0,111408000.0,219541000.0,12.617,48839000.0
17,JKHY,MRT,2017-03-31,2017-03-31,2017-03-31,2021-08-25,0.0,1686983000.0,1738210500.0,299154000.0,1387829000.0,0.814,13.043,-142181000.0,42916000.0,42916000.0,804905000.0,265372000.0,1.108,0.667,50000000.0,0.0,50000000.0,50000000.0,338744000.0,138965000.0,0.0,0.012,1.15,385517000.0,524482000.0,0.371,524482000.0,385517000.0,384466000.0,3.38,3.37,3.38,1012112000.0,988080750.0,1012112000.0,7213135115.0,19.0,13.753,215737000.0,2.78,1.0,609412000.0,0.431,926754000.0,1051000.0,497437000.0,421356250.0,0.0,0.0,0.0,0.0,674871000.0,269876000.0,404995000.0,7227323115.0,-11085000.0,36316000.0,-117728000.0,-50216000.0,-89722000.0,-263138000.0,-105865000.0,0.0,357918000.0,0.0,265372000.0,265372000.0,265372000.0,0.0,0.0,0.188,243645000.0,365767000.0,5255000.0,0.34,7.141,27.235,27.544,285018000.0,0.0,93.1,5.11,5.108,139503000.0,1544653000.0,1414317000.0,1414317000.0,85378000.0,0.153,0.269,0.915,0.273,9869000.0,160553000.0,1.0,77629679.0,77597000,77932000.0,18.226,760229000.0,8593000.0,119094000.0,203431000.0,9.797,29278000.0
18,JKHY,MRT,2016-12-31,2016-12-31,2016-12-31,2021-08-25,0.0,1718095000.0,1742120250.0,323737000.0,1394358000.0,0.8,12.484,-146576000.0,64188000.0,64188000.0,792451000.0,259211000.0,0.985,0.769,50000000.0,0.0,50000000.0,50000000.0,407441000.0,136123000.0,0.0,0.013,1.12,376628000.0,512751000.0,0.368,512751000.0,376628000.0,375369000.0,3.29,3.28,3.29,971412000.0,972269500.0,971412000.0,6849387924.0,18.0,13.358,236433000.0,3.038,1.0,601285000.0,0.431,924158000.0,1259000.0,451161000.0,430147500.0,0.0,0.0,0.0,0.0,746683000.0,328588000.0,418095000.0,6933906924.0,9062000.0,34030000.0,-117864000.0,-50326000.0,-87728000.0,-261401000.0,-112546000.0,0.0,383009000.0,0.0,259211000.0,259211000.0,259211000.0,0.0,0.0,0.186,244419000.0,356866000.0,15863000.0,0.34,7.138,26.75,26.985,289273000.0,0.0,88.78,4.975,4.957,146256000.0,1508668000.0,1393736000.0,1393736000.0,84431000.0,0.149,0.267,0.876,0.27,9838000.0,159988000.0,1.0,78102128.0,77814000,78180000.0,17.911,793937000.0,9649000.0,116158000.0,197346000.0,10.203,-4851000.0
19,JKHY,MRT,2016-09-30,2016-09-30,2016-09-30,2021-08-25,0.0,1732252000.0,1739812750.0,342900000.0,1389352000.0,0.792,12.403,-153332000.0,84519000.0,84519000.0,784750000.0,259745000.0,0.904,0.781,0.0,0.0,0.0,0.0,469868000.0,132580000.0,0.0,0.013,1.09,372840000.0,505420000.0,0.367,505420000.0,372840000.0,371489000.0,3.28,3.27,3.28,972589000.0,957535000.0,972589000.0,6648638726.0,18.0,13.155,219651000.0,2.801,1.0,593305000.0,0.431,918446000.0,1351000.0,349916000.0,440405750.0,0.0,0.0,0.0,0.0,759663000.0,379371000.0,380292000.0,6718748726.0,34000.0,34030000.0,-161275000.0,-1110000.0,-85775000.0,-253647000.0,-119302000.0,0.0,372983000.0,0.0,259745000.0,259745000.0,259745000.0,0.0,0.0,0.188,240258000.0,353047000.0,7092000.0,0.332,6.908,25.867,26.082,293237000.0,0.0,85.55,4.876,4.868,148428000.0,1471579000.0,1378055000.0,1378055000.0,82420000.0,0.149,0.271,0.847,0.271,9947000.0,157838000.0,1.0,78535929.0,78413000,78844000.0,17.574,813806000.0,2989000.0,111744000.0,202931000.0,10.378,-36471000.0
20,JKHY,MRT,2016-06-30,2016-06-30,2016-06-30,2021-08-25,0.0,1815512000.0,1735299000.0,431929000.0,1383583000.0,0.781,12.544,-161718000.0,70310000.0,70310000.0,773651000.0,248867000.0,0.973,0.822,200000.0,200000.0,0.0,200000.0,521054000.0,129648000.0,0.0,0.012,1.06,361966000.0,491614000.0,0.363,491614000.0,361966000.0,360536000.0,3.13,3.12,3.13,996210000.0,952958750.0,996210000.0,6930480642.0,19.0,14.097,204704000.0,2.578,1.0,580995000.0,0.429,914759000.0,1430000.0,386911000.0,431763250.0,0.0,0.0,0.0,0.0,819302000.0,443732000.0,375570000.0,6884268642.0,-78003000.0,25755000.0,-169254000.0,-52500000.0,-84118000.0,-308462000.0,-135963000.0,0.0,366422000.0,0.0,248867000.0,248867000.0,248867000.0,0.0,0.0,0.184,238827000.0,342168000.0,14596000.0,0.339,6.91,27.662,27.882,298564000.0,0.0,87.27,5.082,5.116,253923000.0,1431192000.0,1354646000.0,1354646000.0,81234000.0,0.143,0.261,0.838,0.267,10720000.0,157593000.0,1.0,78884710.0,79416000,79734000.0,17.058,900753000.0,15636000.0,111669000.0,188601000.0,11.342,-11803000.0
21,JKHY,MRT,2016-03-31,2016-03-31,2016-03-31,2021-08-25,0.0,1702622000.0,1740629750.0,309970000.0,1392652000.0,0.759,12.041,-176109000.0,54001000.0,54001000.0,755679000.0,225139000.0,1.11,0.794,100213000.0,213000.0,100000000.0,100213000.0,383171000.0,125029000.0,0.0,0.012,1.03,334838000.0,459867000.0,0.348,459867000.0,334838000.0,333535000.0,2.82,2.81,2.82,948867000.0,951789750.0,948867000.0,6714531561.0,20.0,14.601,222565000.0,2.824,1.0,565710000.0,0.428,936968000.0,1303000.0,532602000.0,434900250.0,0.0,0.0,0.0,0.0,753755000.0,279264000.0,474491000.0,6669334561.0,1201000.0,-140000.0,-159349000.0,22766000.0,-82264000.0,-221224000.0,-176249000.0,0.0,398674000.0,0.0,225139000.0,225139000.0,225139000.0,0.0,0.0,0.17,238055000.0,327655000.0,7060000.0,0.365,7.029,29.623,29.989,298023000.0,0.0,84.57,5.047,5.044,137406000.0,1369003000.0,1321389000.0,1321389000.0,76770000.0,0.129,0.237,0.77,0.253,10983000.0,161285000.0,1.0,78861707.0,78805000,79167000.0,16.768,765654000.0,8236000.0,108396000.0,183881000.0,9.716,30706000.0
22,JKHY,MRT,2015-12-31,2015-12-31,2015-12-31,2021-08-25,0.0,1708865000.0,1719509000.0,320017000.0,1388848000.0,0.755,11.482,-166565000.0,55126000.0,55126000.0,739300000.0,221968000.0,0.959,0.873,100323000.0,323000.0,100000000.0,100323000.0,440145000.0,122565000.0,0.0,0.013,1.0,332189000.0,454754000.0,0.35,454754000.0,332189000.0,330703000.0,2.77,2.76,2.77,912474000.0,953725500.0,912474000.0,6155889732.0,19.0,13.537,227607000.0,2.864,1.0,558612000.0,0.43,928117000.0,1486000.0,492194000.0,417853500.0,0.0,0.0,0.0,0.0,796391000.0,333751000.0,462640000.0,6239267732.0,5794000.0,-140000.0,-159428000.0,21512000.0,-80421000.0,-221673000.0,-166705000.0,0.0,394172000.0,0.0,221968000.0,221968000.0,221968000.0,0.0,0.0,0.171,233585000.0,325027000.0,5653000.0,0.361,6.838,28.109,28.181,302091000.0,0.0,78.06,4.807,4.78,147091000.0,1337185000.0,1297912000.0,1297912000.0,74438000.0,0.129,0.233,0.795,0.256,10641000.0,159147000.0,1.0,79929128.0,79473000,79770000.0,16.331,780748000.0,3116000.0,108735000.0,165453000.0,9.824,-13734000.0
23,JKHY,MRT,2015-09-30,2015-09-30,2015-09-30,2021-08-25,0.0,1714197000.0,1697535500.0,345425000.0,1368772000.0,0.752,11.848,-142525000.0,84485000.0,84485000.0,729114000.0,216502000.0,0.87,0.796,1107000.0,1107000.0,0.0,1107000.0,493354000.0,120752000.0,0.0,0.014,0.97,327004000.0,447756000.0,0.351,447756000.0,327004000.0,325457000.0,2.68,2.68,2.68,954284000.0,956122500.0,954284000.0,5488492701.0,17.0,12.258,264927000.0,3.289,1.0,547220000.0,0.429,918247000.0,1547000.0,315346000.0,385237250.0,0.0,0.0,0.0,0.0,759913000.0,397226000.0,362687000.0,5584108701.0,45083000.0,-140000.0,-125785000.0,-12203000.0,-78568000.0,-219704000.0,-142665000.0,0.0,407452000.0,0.0,216502000.0,216502000.0,216502000.0,0.0,0.0,0.17,227315000.0,319905000.0,8116000.0,0.362,5.852,25.792,25.974,295941000.0,0.0,69.61,4.375,4.393,147652000.0,1297609000.0,1276334000.0,1276334000.0,73257000.0,0.128,0.226,0.849,0.256,10014000.0,154058000.0,1.0,80219921.0,80545000,80735000.0,15.846,795950000.0,1802000.0,108955000.0,180950000.0,9.882,-51801000.0
24,JKHY,MRT,2015-06-30,2015-06-30,2015-06-30,2021-08-25,0.0,1836835000.0,1658499750.0,493499000.0,1343336000.0,0.757,12.188,-145119000.0,148313000.0,148313000.0,720336000.0,211221000.0,1.112,0.853,52697000.0,2595000.0,50102000.0,52697000.0,531987000.0,118996000.0,0.0,0.015,0.94,318034000.0,437030000.0,0.348,437030000.0,318034000.0,316440000.0,2.6,2.59,2.6,991534000.0,970531250.0,991534000.0,5264873525.0,17.0,12.047,228671000.0,2.811,1.0,535854000.0,0.427,898149000.0,1594000.0,399459000.0,371266000.0,0.0,0.0,0.0,0.0,845301000.0,443611000.0,401690000.0,5240226525.0,77936000.0,8135000.0,-117168000.0,39217000.0,-76410000.0,-158870000.0,-136984000.0,0.0,373790000.0,0.0,211221000.0,211221000.0,211221000.0,0.0,0.0,0.168,224863000.0,310991000.0,9933000.0,0.362,5.285,24.809,24.885,296332000.0,0.0,64.7,4.172,4.19,245387000.0,1266443000.0,1256190000.0,1256190000.0,71495000.0,0.127,0.218,0.857,0.253,10112000.0,153368000.0,1.0,80992682.0,81353000,81601000.0,15.441,938686000.0,2753000.0,105219000.0,162800000.0,11.538,49888000.0
25,JKHY,MRT,2015-03-31,2015-03-31,2015-03-31,2021-08-25,0.0,1618139000.0,1619466750.0,294532000.0,1323607000.0,0.764,11.828,-120037000.0,52800000.0,52800000.0,712084000.0,203209000.0,1.024,0.692,77447000.0,7247000.0,70200000.0,77447000.0,370470000.0,117340000.0,0.0,0.013,0.91,311531000.0,428871000.0,0.347,428871000.0,311531000.0,309962000.0,2.48,2.48,2.48,956610000.0,964494500.0,956610000.0,5686902130.0,18.0,13.26,242672000.0,3.0,1.0,525559000.0,0.425,890766000.0,1569000.0,464415000.0,345712750.0,0.0,0.0,0.0,0.0,661529000.0,287605000.0,373924000.0,5715299130.0,556000.0,0.0,-220123000.0,57365000.0,-74664000.0,-242116000.0,-120037000.0,0.0,362709000.0,0.0,203209000.0,203209000.0,203209000.0,0.0,0.0,0.164,214179000.0,311380000.0,6639000.0,0.367,5.975,28.125,28.181,290720000.0,0.0,69.89,4.618,4.567,137415000.0,1226128000.0,1237643000.0,1237643000.0,69442000.0,0.125,0.211,0.901,0.252,10130000.0,144737000.0,1.0,81775635.0,80880000,81094000.0,15.302,727373000.0,10000.0,106753000.0,132034000.0,8.993,6927000.0
26,JKHY,MRT,2014-12-31,2014-12-31,2014-12-31,2021-08-25,0.0,1620971000.0,1593550000.0,306781000.0,1314190000.0,0.765,11.323,-112233000.0,49332000.0,49332000.0,708249000.0,195103000.0,0.757,0.758,78811000.0,77888000.0,923000.0,78811000.0,413081000.0,115065000.0,0.0,0.014,0.88,298921000.0,413986000.0,0.34,413986000.0,298921000.0,297759000.0,2.35,2.35,2.35,922062000.0,1003977000.0,922062000.0,5053140959.0,17.0,12.206,225008000.0,2.763,1.0,511119000.0,0.419,883462000.0,1162000.0,361729000.0,318369250.0,0.0,0.0,0.0,0.0,698909000.0,405259000.0,293650000.0,5081537959.0,-106169000.0,-27894000.0,-283241000.0,56803000.0,-73066000.0,-303283000.0,-140127000.0,0.0,337241000.0,0.0,195103000.0,195103000.0,195103000.0,0.0,0.0,0.16,212400000.0,298719000.0,7889000.0,0.374,5.511,26.045,26.443,295483000.0,0.0,62.14,4.167,4.15,147890000.0,1195638000.0,1219368000.0,1219368000.0,69405000.0,0.122,0.194,0.939,0.245,10133000.0,142995000.0,1.0,81775635.0,81432000,81634000.0,14.974,737509000.0,2106000.0,102656000.0,123727000.0,9.057,-98478000.0
27,JKHY,MRT,2014-09-30,2014-09-30,2014-09-30,2021-08-25,0.0,1558054000.0,1583843250.0,302119000.0,1255935000.0,0.756,12.311,-124859000.0,39402000.0,39402000.0,693814000.0,189582000.0,0.776,0.54,11005000.0,9964000.0,1041000.0,11005000.0,269569000.0,111363000.0,0.0,0.015,0.86,293600000.0,404963000.0,0.338,404963000.0,293600000.0,292508000.0,2.26,2.25,2.26,1011919000.0,1059823250.0,1011919000.0,4529701999.0,15.0,11.185,212258000.0,2.582,1.0,503104000.0,0.42,881044000.0,1092000.0,259461000.0,305869750.0,0.0,0.0,0.0,0.0,546135000.0,389152000.0,156983000.0,4590942999.0,-142385000.0,-27894000.0,-231216000.0,-19530000.0,-72239000.0,-326749000.0,-152753000.0,0.0,337117000.0,0.0,189582000.0,189582000.0,189582000.0,0.0,0.0,0.158,209807000.0,293297000.0,8316000.0,0.381,4.537,24.216,24.628,301132000.0,0.0,55.66,3.836,3.822,159110000.0,1237126000.0,1196918000.0,1196918000.0,67866000.0,0.12,0.179,0.96,0.245,10237000.0,141941000.0,1.0,82481908.0,82195000,82589000.0,14.562,677010000.0,2618000.0,102926000.0,188858000.0,8.237,-87033000.0
28,JKHY,MRT,2014-06-30,2014-06-30,2014-06-30,2021-08-25,0.0,1680703000.0,1598115250.0,390506000.0,1290197000.0,0.734,11.399,-103886000.0,70377000.0,70377000.0,679372000.0,186715000.0,0.874,0.737,9136000.0,5407000.0,3729000.0,9136000.0,492868000.0,107771000.0,0.0,0.014,0.84,288675000.0,396446000.0,0.338,396446000.0,288675000.0,287570000.0,2.2,2.19,2.2,967387000.0,1083038750.0,967387000.0,4988249406.0,17.0,12.582,237773000.0,2.802,1.0,493801000.0,0.421,875407000.0,1105000.0,297246000.0,305126500.0,0.0,0.0,0.0,0.0,713316000.0,446809000.0,266507000.0,5025039406.0,-57528000.0,-27894000.0,-170806000.0,-22158000.0,-71251000.0,-267407000.0,-131780000.0,0.0,341659000.0,0.0,186715000.0,186715000.0,186715000.0,0.0,0.0,0.159,205503000.0,288298000.0,10516000.0,0.382,5.194,26.913,27.014,291675000.0,0.0,59.43,4.283,4.299,224041000.0,1131632000.0,1173173000.0,1173173000.0,66748000.0,0.117,0.172,0.946,0.246,10091000.0,138755000.0,1.0,84553919.0,84866000,85396000.0,13.824,805296000.0,7937000.0,100855000.0,127814000.0,9.489,-56303000.0
29,JKHY,MRT,2014-03-31,2014-03-31,2014-03-31,2021-08-25,0.0,1514472000.0,1596036000.0,278985000.0,1235487000.0,0.711,13.115,-109394000.0,52244000.0,52244000.0,667971000.0,172822000.0,1.096,0.359,15454000.0,11832000.0,3622000.0,15454000.0,153740000.0,105228000.0,0.0,0.015,0.82,263990000.0,369218000.0,0.326,369218000.0,263990000.0,260480000.0,2.03,2.01,2.03,1114540000.0,1095146000.0,1114540000.0,4620737016.0,18.0,12.515,208792000.0,2.457,1.0,466323000.0,0.411,868193000.0,3510000.0,355041000.0,306596000.0,0.0,0.0,0.0,0.0,399932000.0,254448000.0,145484000.0,4766560016.0,-129807000.0,-27894000.0,-100231000.0,-137412000.0,-69972000.0,-310705000.0,-137288000.0,0.0,318186000.0,0.0,172822000.0,172822000.0,172822000.0,0.0,0.0,0.152,202806000.0,263517000.0,7098000.0,0.404,4.277,27.581,27.468,299153000.0,0.0,55.76,4.202,4.178,140010000.0,1170278000.0,1134294000.0,1134294000.0,66169000.0,0.108,0.158,0.861,0.233,9797000.0,136637000.0,1.0,85483501.0,84981000,85467000.0,13.348,646279000.0,1061000.0,87658000.0,158819000.0,7.605,24537000.0
30,JKHY,MRT,2013-12-31,2013-12-31,2013-12-31,2021-08-25,0.0,1582144000.0,1608278250.0,382711000.0,1199433000.0,0.699,13.405,-109592000.0,155501000.0,155501000.0,660865000.0,176212000.0,1.322,0.381,9678000.0,3989000.0,5689000.0,9678000.0,200304000.0,104006000.0,0.0,0.012,0.73,265207000.0,369213000.0,0.328,369213000.0,265207000.0,260925000.0,2.06,2.04,2.06,1145447000.0,1086471000.0,1145447000.0,4903559818.0,18.0,13.281,211730000.0,2.478,1.0,463538000.0,0.412,835044000.0,4282000.0,311731000.0,325544250.0,0.0,0.0,0.0,0.0,436697000.0,289546000.0,147151000.0,5067356818.0,-37353000.0,0.0,-42127000.0,-141474000.0,-62535000.0,-249083000.0,-109592000.0,0.0,321322000.0,0.0,176212000.0,176212000.0,176212000.0,0.0,0.0,0.157,198853000.0,264685000.0,10731000.0,0.354,4.424,28.757,28.743,299016000.0,0.0,59.21,4.507,4.5,136369000.0,1142145000.0,1124403000.0,1124403000.0,64680000.0,0.11,0.162,0.815,0.236,9047000.0,134173000.0,1.0,85582787.0,85450000,85986000.0,13.159,747100000.0,1342000.0,84713000.0,158369000.0,8.743,93165000.0
31,JKHY,MRT,2013-09-30,2013-09-30,2013-09-30,2021-08-25,0.0,1615142000.0,1605119250.0,430459000.0,1184683000.0,0.694,12.953,-100657000.0,181787000.0,181787000.0,651498000.0,168356000.0,1.179,0.462,17990000.0,11447000.0,6543000.0,17990000.0,252432000.0,101979000.0,0.0,0.012,0.645,250453000.0,352432000.0,0.316,352432000.0,250453000.0,245177000.0,1.96,1.95,1.96,1104781000.0,1061750000.0,1104781000.0,4292364171.0,17.0,12.179,204358000.0,2.396,1.0,462755000.0,0.415,829614000.0,5276000.0,256488000.0,343809000.0,0.0,0.0,0.0,0.0,510361000.0,365243000.0,145118000.0,4404974171.0,-41901000.0,0.0,-45585000.0,-142252000.0,-55345000.0,-246259000.0,-100657000.0,0.0,305015000.0,0.0,168356000.0,168356000.0,168356000.0,0.0,0.0,0.151,212885000.0,249870000.0,13914000.0,0.329,3.987,26.165,26.357,295635000.0,0.0,51.66,3.953,3.954,152624000.0,1105255000.0,1114253000.0,1114253000.0,64229000.0,0.105,0.159,0.728,0.225,8803000.0,148656000.0,1.0,85268567.0,85294000,85854000.0,13.064,785528000.0,2691000.0,76821000.0,153141000.0,9.21,65216000.0
32,JKHY,MRT,2013-06-30,2013-06-30,2013-06-30,2021-08-25,0.0,1672386000.0,1602004750.0,456119000.0,1216267000.0,0.691,11.806,-97058000.0,127905000.0,127905000.0,646130000.0,167610000.0,1.05,0.646,15295000.0,7929000.0,7366000.0,15295000.0,439596000.0,100341000.0,0.0,0.012,0.56,251397000.0,351738000.0,0.318,351738000.0,251397000.0,245060000.0,1.95,1.94,1.95,1015816000.0,1039558500.0,1015816000.0,4009057746.0,16.0,11.398,212116000.0,2.465,1.0,461394000.0,0.417,822450000.0,6337000.0,303124000.0,363427750.0,0.0,0.0,0.0,0.0,656570000.0,434202000.0,222368000.0,4058472746.0,-29408000.0,0.0,-47651000.0,-145180000.0,-48202000.0,-241338000.0,-97244000.0,0.0,309174000.0,0.0,167610000.0,167610000.0,167610000.0,0.0,0.0,0.151,210637000.0,250757000.0,11701000.0,0.287,3.995,24.214,24.169,300511000.0,0.0,47.13,3.664,3.661,231263000.0,1016168000.0,1107524000.0,1107524000.0,63202000.0,0.105,0.161,0.692,0.227,8615000.0,147435000.0,1.0,86112301.0,86040000,86619000.0,12.872,849936000.0,6107000.0,77450000.0,115864000.0,9.878,21917000.0
33,JKHY,MRT,2013-03-31,2013-03-31,2013-03-31,2021-08-25,0.0,1563441000.0,1588781250.0,392764000.0,1170677000.0,0.685,12.539,-92749000.0,182051000.0,182051000.0,632046000.0,169359000.0,1.506,0.448,132636000.0,37581000.0,95055000.0,132636000.0,142945000.0,98784000.0,0.0,0.01,0.475,250528000.0,349312000.0,0.321,349312000.0,250528000.0,245517000.0,1.96,1.95,1.96,1079840000.0,1031368500.0,1079840000.0,3918168954.0,16.0,11.217,206209000.0,2.394,1.0,456359000.0,0.419,822401000.0,5011000.0,430834000.0,379986500.0,0.0,0.0,0.0,0.0,483601000.0,260791000.0,222810000.0,3981719954.0,92280000.0,0.0,-38197000.0,-34289000.0,-40964000.0,-113743000.0,-92935000.0,0.0,298958000.0,0.0,169359000.0,169359000.0,169359000.0,0.0,0.0,0.156,207197000.0,249162000.0,11331000.0,0.242,3.687,23.511,23.577,291329000.0,0.0,46.21,3.658,3.656,126820000.0,1042054000.0,1088405000.0,1088405000.0,61726000.0,0.107,0.164,0.659,0.23,8185000.0,145471000.0,1.0,86165764.0,86120000,86705000.0,12.638,741040000.0,2771000.0,76158000.0,136030000.0,8.605,131973000.0
34,JKHY,MRT,2012-12-31,2012-12-31,2012-12-31,2021-08-25,0.0,1569508000.0,1558929750.0,408936000.0,1160572000.0,0.682,12.157,-87093000.0,192854000.0,192854000.0,618014000.0,160020000.0,1.364,0.5,129303000.0,30376000.0,98927000.0,129303000.0,196119000.0,95663000.0,0.0,0.012,0.46,241268000.0,336931000.0,0.317,336931000.0,241268000.0,235827000.0,1.85,1.84,1.85,1046563000.0,1006106250.0,1046563000.0,3288249419.0,14.0,9.759,200364000.0,2.328,1.0,445152000.0,0.419,821411000.0,5441000.0,384790000.0,384802000.0,0.0,0.0,0.0,0.0,522945000.0,299756000.0,223189000.0,3379232419.0,97652000.0,0.0,-28687000.0,-34569000.0,-39774000.0,-103476000.0,-86329000.0,1000000.0,287457000.0,0.0,160020000.0,160020000.0,160020000.0,0.0,0.0,0.151,205202000.0,239950000.0,11607000.0,0.249,3.229,21.118,21.222,286420000.0,0.0,39.26,3.178,3.179,129462000.0,1007246000.0,1063166000.0,1063166000.0,61201000.0,0.103,0.159,0.627,0.227,8045000.0,144001000.0,1.0,86073164.0,86084000,86639000.0,12.35,748097000.0,2688000.0,75807000.0,130121000.0,8.69,109180000.0
35,JKHY,MRT,2012-09-30,2012-09-30,2012-09-30,2021-08-25,0.0,1602684000.0,1532453250.0,450729000.0,1151955000.0,0.679,11.799,-76682000.0,223688000.0,223688000.0,610006000.0,158040000.0,1.268,0.577,132705000.0,31474000.0,101231000.0,132705000.0,247608000.0,95143000.0,0.0,0.012,0.45,242544000.0,337687000.0,0.325,337687000.0,242544000.0,236916000.0,1.83,1.81,1.83,1016015000.0,980577250.0,1016015000.0,3235171766.0,13.0,9.58,211254000.0,2.453,1.0,430324000.0,0.414,821367000.0,5628000.0,334963000.0,391841000.0,0.0,0.0,0.0,0.0,586669000.0,355371000.0,231298000.0,3260815766.0,115633000.0,0.0,-22286000.0,-34666000.0,-38965000.0,-96384000.0,-75919000.0,999000.0,287936000.0,0.0,158040000.0,158040000.0,158040000.0,0.0,0.0,0.152,189014000.0,241310000.0,10518000.0,0.246,3.209,20.633,20.683,279055000.0,0.0,37.85,3.134,3.133,136827000.0,976642000.0,1040330000.0,1040330000.0,60585000.0,0.103,0.161,0.619,0.233,7440000.0,128429000.0,1.0,86151011.0,86109000,86605000.0,12.082,781317000.0,1711000.0,78876000.0,141204000.0,9.074,95358000.0
36,JKHY,MRT,2012-06-30,2012-06-30,2012-06-30,2021-08-25,0.0,1619492000.0,1502226750.0,468649000.0,1150843000.0,0.677,11.352,-76542000.0,157313000.0,157313000.0,598844000.0,152040000.0,1.165,0.647,131669000.0,25503000.0,106166000.0,131669000.0,296000000.0,94619000.0,0.0,0.013,0.44,232768000.0,327387000.0,0.322,327387000.0,232768000.0,227025000.0,1.76,1.74,1.76,983056000.0,953864250.0,983056000.0,3065193412.0,13.0,9.363,188008000.0,2.171,1.0,418823000.0,0.412,822246000.0,5743000.0,369359000.0,401496500.0,0.0,0.0,0.0,0.0,636436000.0,402243000.0,234193000.0,3013914412.0,94188000.0,0.0,-20045000.0,-35280000.0,-38128000.0,-94100000.0,-76262000.0,1000000.0,264550000.0,0.0,152040000.0,152040000.0,152040000.0,0.0,0.0,0.149,187231000.0,231592000.0,16317000.0,0.25,3.066,19.823,19.614,276730000.0,0.0,34.52,2.962,2.938,218305000.0,944078000.0,1017667000.0,1017667000.0,60876000.0,0.101,0.159,0.58,0.229,6950000.0,126355000.0,1.0,87309224.0,86599000,87287000.0,11.751,797246000.0,8476000.0,74985000.0,127188000.0,9.206,66406000.0
37,JKHY,MRT,2012-03-31,2012-03-31,2012-03-31,2021-08-25,0.0,1444035000.0,1473803000.0,292963000.0,1151072000.0,0.685,11.273,-65182000.0,89771000.0,89771000.0,590345000.0,148231000.0,1.321,0.475,141050000.0,28567000.0,112483000.0,141050000.0,138267000.0,93362000.0,0.0,0.013,0.43,233467000.0,326829000.0,0.324,326829000.0,233467000.0,227258000.0,1.71,1.7,1.71,978791000.0,928044250.0,978791000.0,3012522358.0,13.0,9.217,177809000.0,2.048,1.0,419410000.0,0.415,823511000.0,6209000.0,450096000.0,404683250.0,0.0,0.0,0.0,0.0,465244000.0,221707000.0,243537000.0,2960703358.0,35388000.0,0.0,12581000.0,-117248000.0,-37231000.0,-142701000.0,-64902000.0,1000000.0,242991000.0,0.0,148231000.0,148231000.0,148231000.0,0.0,0.0,0.147,186278000.0,233132000.0,10236000.0,0.251,3.025,19.974,19.953,273106000.0,0.0,34.12,2.932,2.934,118371000.0,910715000.0,1009755000.0,1009755000.0,61934000.0,0.101,0.16,0.577,0.231,6171000.0,124344000.0,1.0,86773252.0,86824000,87592000.0,11.63,620524000.0,7284000.0,79027000.0,114723000.0,7.147,71256000.0
38,JKHY,MRT,2011-12-31,2011-12-31,2011-12-31,2021-08-25,0.0,1463602000.0,1458990750.0,308773000.0,1154829000.0,0.681,10.909,-63421000.0,95202000.0,95202000.0,582319000.0,144655000.0,1.113,0.55,147021000.0,28914000.0,118107000.0,147021000.0,191320000.0,92885000.0,0.0,0.012,0.42,227449000.0,320334000.0,0.322,320334000.0,227449000.0,220994000.0,1.67,1.66,1.67,944447000.0,895727000.0,944447000.0,2959167401.0,13.0,9.238,187143000.0,2.162,1.0,411317000.0,0.414,825114000.0,6455000.0,412946000.0,424299500.0,0.0,1000000.0,1000000.0,0.0,519155000.0,277361000.0,241794000.0,2909913401.0,48331000.0,0.0,11836000.0,-112608000.0,-36292000.0,-138143000.0,-64090000.0,1000.0,250564000.0,0.0,144655000.0,144655000.0,144655000.0,0.0,0.0,0.146,184179000.0,227138000.0,7527000.0,0.251,3.081,20.116,20.126,278233000.0,0.0,33.61,2.929,2.928,126600000.0,884054000.0,993636000.0,993636000.0,62179000.0,0.099,0.161,0.536,0.229,5531000.0,122000000.0,1.0,86578798.0,86572000,87371000.0,11.478,638488000.0,6868000.0,76339000.0,114429000.0,7.375,31412000.0
39,JKHY,MRT,2011-09-30,2011-09-30,2011-09-30,2021-08-25,0.0,1481778000.0,1442501750.0,322974000.0,1158804000.0,0.68,10.522,-61026000.0,108055000.0,108055000.0,573686000.0,142175000.0,0.985,0.63,157309000.0,33161000.0,124148000.0,157309000.0,238518000.0,92037000.0,0.0,0.014,0.41,221576000.0,313613000.0,0.32,313613000.0,221576000.0,214082000.0,1.64,1.64,1.64,909163000.0,864402000.0,909163000.0,2594691263.0,12.0,8.274,182206000.0,2.109,1.0,406727000.0,0.415,829648000.0,7494000.0,373585000.0,446604250.0,0.0,1000000.0,1000000.0,0.0,572615000.0,327799000.0,244816000.0,2503785263.0,61289000.0,0.0,20597000.0,-103941000.0,-35344000.0,-120248000.0,-61695000.0,1000.0,243232000.0,0.0,142175000.0,142175000.0,142175000.0,0.0,0.0,0.145,185388000.0,221339000.0,10316000.0,0.25,2.754,17.611,17.671,279745000.0,0.0,28.98,2.554,2.554,134648000.0,854623000.0,980413000.0,980413000.0,62941000.0,0.099,0.164,0.496,0.226,5034000.0,122447000.0,1.0,86397007.0,86403000,87134000.0,11.347,652130000.0,5337000.0,71907000.0,112220000.0,7.548,-4825000.0
40,JKHY,MRT,2011-06-30,2011-06-30,2011-06-30,2021-08-25,0.0,1505797000.0,1425933500.0,353950000.0,1151847000.0,0.678,10.236,-59039000.0,63125000.0,63125000.0,567563000.0,137471000.0,0.93,0.712,154031000.0,26092000.0,127939000.0,154031000.0,295104000.0,90514000.0,0.0,0.013,0.4,216442000.0,306956000.0,0.317,306956000.0,216442000.0,207512000.0,1.6,1.59,1.6,879776000.0,831402250.0,879776000.0,2781032088.0,13.0,9.06,181093000.0,2.107,1.0,399334000.0,0.413,834086000.0,8930000.0,382106000.0,467221250.0,0.0,1000000.0,1000000.0,0.0,626021000.0,380511000.0,245510000.0,2590726088.0,-62393000.0,0.0,21832000.0,-229455000.0,-34391000.0,-243487000.0,-59038000.0,1000.0,240132000.0,0.0,137471000.0,137471000.0,137471000.0,0.0,0.0,0.142,183017000.0,216317000.0,12829000.0,0.25,2.945,18.846,18.756,270186000.0,0.0,30.01,2.679,2.668,207510000.0,827222000.0,966897000.0,966897000.0,63395000.0,0.096,0.165,0.463,0.224,4723000.0,119622000.0,1.0,86328760.0,85948000,86687000.0,11.25,671711000.0,17116000.0,70041000.0,104578000.0,7.815,-26561000.0
41,JKHY,MRT,2011-03-31,2011-03-31,2011-03-31,2021-08-25,0.0,1384786000.0,1439624250.0,231754000.0,1153032000.0,0.657,9.853,-67000000.0,54383000.0,54383000.0,555209000.0,130881000.0,1.119,0.63,244689000.0,20102000.0,224587000.0,244689000.0,137607000.0,87096000.0,0.0,0.012,0.39,207778000.0,294874000.0,0.312,294874000.0,207778000.0,199490000.0,1.52,1.52,1.52,849522000.0,799051250.0,849522000.0,3117889636.0,15.0,10.574,175025000.0,2.03,1.0,390278000.0,0.413,839379000.0,8288000.0,528561000.0,499955250.0,0.0,1000000.0,1000000.0,0.0,535264000.0,207152000.0,328112000.0,2919828636.0,18604000.0,-300789000.0,24506000.0,162628000.0,-33433000.0,144367000.0,-367788000.0,1000.0,242025000.0,0.0,130881000.0,130881000.0,130881000.0,0.0,0.0,0.138,182717000.0,207561000.0,8754000.0,0.257,3.437,22.309,22.296,270124000.0,0.0,33.89,3.088,3.09,115529000.0,799715000.0,945487000.0,945487000.0,61275000.0,0.091,0.164,0.416,0.22,4281000.0,121442000.0,1.0,86156053.0,86218000,86972000.0,10.966,545407000.0,6170000.0,68609000.0,92494000.0,6.326,24602000.0
42,JKHY,MRT,2010-12-31,2010-12-31,2010-12-31,2021-08-25,0.0,1397646000.0,1355487250.0,239063000.0,1158583000.0,0.679,9.551,-67883000.0,46871000.0,46871000.0,539350000.0,129435000.0,0.959,0.706,244932000.0,15043000.0,229889000.0,244932000.0,190016000.0,82895000.0,0.0,0.013,0.38,200882000.0,283777000.0,0.308,283777000.0,200882000.0,194118000.0,1.51,1.51,1.51,819147000.0,767567750.0,819147000.0,2695623180.0,13.0,9.499,160788000.0,1.875,1.0,381501000.0,0.414,844284000.0,6764000.0,502165000.0,442565250.0,0.0,1000000.0,1000000.0,0.0,578499000.0,249258000.0,329241000.0,2495924180.0,21928000.0,-300789000.0,33597000.0,171459000.0,-32414000.0,161928000.0,-368671000.0,1000.0,228671000.0,0.0,129435000.0,129435000.0,129435000.0,0.0,0.0,0.141,180784000.0,200717000.0,8026000.0,0.252,3.047,19.283,19.305,270984000.0,0.0,29.15,2.71,2.715,126827000.0,775690000.0,920851000.0,920851000.0,59560000.0,0.095,0.169,0.454,0.218,3961000.0,121224000.0,1.0,85623471.0,85770000,86523000.0,10.736,553362000.0,7852000.0,64683000.0,85236000.0,6.452,-10195000.0
43,JKHY,MRT,2010-09-30,2010-09-30,2010-09-30,2021-08-25,0.0,1415505000.0,1265314250.0,248754000.0,1166751000.0,0.703,9.093,-77946000.0,46766000.0,46766000.0,521315000.0,123367000.0,0.815,0.821,246465000.0,11043000.0,235422000.0,246465000.0,235338000.0,77850000.0,0.0,0.015,0.37,193228000.0,271078000.0,0.305,271078000.0,193228000.0,188808000.0,1.45,1.44,1.45,777164000.0,733983750.0,777164000.0,2443784514.0,13.0,9.015,150458000.0,1.76,1.0,367762000.0,0.414,854111000.0,4420000.0,456053000.0,378686500.0,0.0,1000000.0,1000000.0,0.0,638341000.0,305040000.0,333301000.0,2190607514.0,-61252000.0,-426653000.0,25221000.0,231851000.0,-31439000.0,214941000.0,-504597000.0,2000.0,228404000.0,0.0,123367000.0,123367000.0,123367000.0,0.0,0.0,0.139,174671000.0,193091000.0,8633000.0,0.255,2.819,17.757,17.586,274471000.0,0.0,25.5,2.464,2.451,133499000.0,747791000.0,889077000.0,889077000.0,56062000.0,0.097,0.168,0.51,0.217,3544000.0,118609000.0,1.0,85906177.0,85469000,86147000.0,10.402,561394000.0,6217000.0,65441000.0,101595000.0,6.568,-56286000.0
44,JKHY,MRT,2010-06-30,2010-06-30,2010-06-30,2021-08-25,0.0,1560560000.0,1156352750.0,393102000.0,1167458000.0,0.723,8.874,-79063000.0,125518000.0,125518000.0,491466000.0,117870000.0,0.885,1.08,378695000.0,105963000.0,272732000.0,378695000.0,275617000.0,71508000.0,0.0,0.015,0.36,182414000.0,253922000.0,0.304,253922000.0,182414000.0,180796000.0,1.39,1.38,1.39,750372000.0,703881250.0,750372000.0,2075673559.0,11.0,8.174,139635000.0,1.651,1.0,345120000.0,0.413,856310000.0,1618000.0,513042000.0,314905250.0,0.0,1000000.0,1000000.0,0.0,810188000.0,444385000.0,365803000.0,2037661559.0,7267000.0,-426653000.0,33157000.0,303160000.0,-30461000.0,294284000.0,-505715000.0,1000.0,218698000.0,0.0,117870000.0,117870000.0,117870000.0,0.0,0.0,0.141,162867000.0,182253000.0,13500000.0,0.259,2.716,17.287,17.18,274670000.0,0.0,23.88,2.436,2.414,208450000.0,724142000.0,836586000.0,836586000.0,50820000.0,0.102,0.167,0.579,0.218,3251000.0,112047000.0,1.0,85329211.0,84558000,85381000.0,9.894,704250000.0,6940000.0,62926000.0,87903000.0,8.329,-51283000.0
45,JKHY,MRT,2010-03-31,2010-03-31,2010-03-31,2021-08-25,0.0,1048238000.0,1028887750.0,210138000.0,838100000.0,0.778,8.544,-72295000.0,35779000.0,35779000.0,471381000.0,115692000.0,0.913,0.449,73791000.0,73791000.0,0.0,73791000.0,120576000.0,67917000.0,0.0,0.015,0.35,176635000.0,244552000.0,0.305,244552000.0,176635000.0,176051000.0,1.38,1.36,1.38,723588000.0,672914750.0,723588000.0,2069869995.0,12.0,8.464,134931000.0,1.593,1.0,329243000.0,0.411,556975000.0,584000.0,299001000.0,240888500.0,0.0,1000000.0,1000000.0,0.0,324650000.0,230274000.0,94376000.0,2033080995.0,9364000.0,-125864000.0,30794000.0,2705000.0,-29428000.0,296000.0,-198158000.0,1000.0,207226000.0,0.0,115692000.0,115692000.0,115692000.0,0.0,0.0,0.145,152678000.0,176565000.0,7663000.0,0.254,2.81,17.573,17.435,256692000.0,0.0,24.06,2.539,2.545,122457000.0,702266000.0,800624000.0,800624000.0,46958000.0,0.112,0.172,0.733,0.221,3111000.0,105720000.0,1.0,84500457.0,84694000,85480000.0,9.453,491263000.0,882000.0,60359000.0,73718000.0,5.8,-20136000.0
46,JKHY,MRT,2009-12-31,2009-12-31,2009-12-31,2021-08-25,0.0,1036954000.0,985007750.0,203592000.0,833362000.0,0.777,8.12,-68017000.0,24943000.0,24943000.0,452515000.0,108859000.0,0.762,0.514,61732000.0,61732000.0,0.0,61732000.0,165238000.0,65854000.0,0.0,0.015,0.34,170099000.0,235953000.0,0.308,235953000.0,170099000.0,169460000.0,1.31,1.29,1.31,684811000.0,642843000.0,684811000.0,1854647000.0,11.0,7.86,138719000.0,1.645,1.0,312968000.0,0.409,560024000.0,639000.0,246650000.0,237695250.0,0.0,1000000.0,1000000.0,0.0,352143000.0,267069000.0,85074000.0,1959749000.0,-15659000.0,-125879000.0,9191000.0,-7099000.0,-28528000.0,-28499000.0,-193896000.0,0.0,206736000.0,0.0,108859000.0,108859000.0,108859000.0,0.0,0.0,0.142,142986000.0,169982000.0,11729000.0,0.26,2.862,18.003,17.664,250255000.0,0.0,23.14,2.56,2.55,117954000.0,678670000.0,765483000.0,765483000.0,43651000.0,0.111,0.169,0.716,0.222,2786000.0,99335000.0,1.0,84690968.0,84341000,85224000.0,9.076,476930000.0,5007000.0,60601000.0,65627000.0,5.655,-63477000.0
47,JKHY,MRT,2009-09-30,2009-09-30,2009-09-30,2021-08-25,0.0,979659000.0,954907000.0,286090000.0,693569000.0,0.78,7.831,-63236000.0,108018000.0,108018000.0,443565000.0,106867000.0,1.189,0.492,2916000.0,2916000.0,0.0,2916000.0,198485000.0,64149000.0,0.0,0.014,0.33,164490000.0,228639000.0,0.307,228639000.0,164490000.0,163470000.0,1.28,1.27,1.28,656754000.0,619629250.0,656754000.0,1921267706.0,12.0,8.403,149857000.0,1.787,1.0,301261000.0,0.404,432920000.0,1020000.0,200928000.0,241621250.0,0.0,1000000.0,1000000.0,0.0,322905000.0,240709000.0,82196000.0,1976057706.0,83183000.0,-15000.0,-13373000.0,-23995000.0,-27658000.0,-66647000.0,-63263000.0,0.0,213093000.0,0.0,106867000.0,106867000.0,106867000.0,0.0,0.0,0.143,137030000.0,164231000.0,9170000.0,0.258,3.009,18.491,18.336,241411000.0,0.0,23.47,2.653,2.643,124633000.0,655865000.0,744826000.0,744826000.0,41503000.0,0.112,0.172,0.681,0.221,2520000.0,95527000.0,1.0,84195045.0,83870000,84823000.0,8.881,546739000.0,882000.0,56603000.0,73394000.0,6.519,45381000.0
48,JKHY,MRT,2009-06-30,2009-06-30,2009-06-30,2021-08-25,0.0,1050700000.0,935215250.0,359646000.0,691054000.0,0.797,7.448,-56204000.0,118251000.0,118251000.0,446194000.0,103102000.0,1.044,0.677,63461000.0,63461000.0,0.0,63461000.0,245538000.0,64147000.0,0.0,0.015,0.32,158667000.0,222814000.0,0.299,222814000.0,158667000.0,157310000.0,1.23,1.22,1.23,626506000.0,602414750.0,626506000.0,1777046640.0,11.0,7.975,150384000.0,1.788,1.0,299399000.0,0.402,434528000.0,1357000.0,216975000.0,248498500.0,0.0,1000000.0,1000000.0,0.0,424194000.0,344407000.0,79787000.0,1738721640.0,52686000.0,-3027000.0,-53796000.0,-13489000.0,-26903000.0,-94675000.0,-59227000.0,4000.0,206588000.0,0.0,103102000.0,103102000.0,103102000.0,0.0,0.0,0.138,141513000.0,157886000.0,8206000.0,0.26,2.775,16.864,16.87,237778000.0,0.0,20.75,2.332,2.341,192733000.0,636733000.0,745593000.0,745593000.0,42901000.0,0.11,0.171,0.639,0.213,2272000.0,98612000.0,1.0,83793814.0,84118000,84830000.0,8.864,616172000.0,3574000.0,54208000.0,66231000.0,7.325,15239000.0
49,JKHY,MRT,2009-03-31,2009-03-31,2009-03-31,2021-08-25,0.0,872718000.0,927801250.0,182026000.0,690692000.0,0.8,7.28,-49017000.0,26415000.0,26415000.0,446608000.0,100216000.0,0.961,0.447,64740000.0,64740000.0,0.0,64740000.0,100831000.0,64020000.0,0.0,0.019,0.31,154073000.0,218093000.0,0.294,218093000.0,154073000.0,151723000.0,1.18,1.17,1.18,603301000.0,596151000.0,603301000.0,1393601786.0,9.0,6.39,125707000.0,1.517,1.0,295803000.0,0.398,435345000.0,2350000.0,286228000.0,257341500.0,0.0,1000000.0,1000000.0,0.0,269417000.0,189470000.0,79947000.0,1370475786.0,-14163000.0,-3325000.0,-83251000.0,-27554000.0,-26344000.0,-136548000.0,-52339000.0,3000.0,174724000.0,0.0,100216000.0,100216000.0,100216000.0,376000.0,0.0,0.135,142309000.0,153494000.0,5380000.0,0.263,2.272,13.675,13.831,236169000.0,0.0,16.32,1.846,1.822,104524000.0,616001000.0,742411000.0,742411000.0,43054000.0,0.108,0.168,0.599,0.208,2022000.0,99255000.0,1.0,83975232.0,82873000,83480000.0,8.958,437373000.0,4584000.0,51507000.0,65362000.0,5.278,-7444000.0
50,JKHY,MRT,2008-12-31,2008-12-31,2008-12-31,2021-08-25,0.0,916551000.0,938520500.0,220324000.0,696227000.0,0.799,7.021,-49042000.0,40602000.0,40602000.0,446923000.0,102026000.0,0.912,0.548,63728000.0,63728000.0,0.0,63728000.0,147598000.0,63832000.0,0.0,0.015,0.3,159566000.0,223398000.0,0.298,223398000.0,159566000.0,156874000.0,1.18,1.17,1.18,591956000.0,597519500.0,591956000.0,1635742812.0,10.0,7.322,124246000.0,1.474,1.0,302560000.0,0.404,435668000.0,2692000.0,262354000.0,262097000.0,0.0,998000.0,998000.0,0.0,324595000.0,241655000.0,82940000.0,1640430812.0,12466000.0,-3310000.0,-118399000.0,34908000.0,-25754000.0,-108446000.0,-52376000.0,10000.0,173288000.0,0.0,102026000.0,102026000.0,102026000.0,562000.0,0.0,0.136,143598000.0,158962000.0,9333000.0,0.254,2.771,16.079,16.449,240832000.0,0.0,19.41,2.189,2.184,122666000.0,598338000.0,749483000.0,749483000.0,43700000.0,0.109,0.171,0.609,0.213,1947000.0,99898000.0,1.0,84514725.0,84314000,84958000.0,8.889,480883000.0,4452000.0,54848000.0,67126000.0,5.703,-21331000.0
51,JKHY,MRT,2008-09-30,2008-09-30,2008-09-30,2021-08-25,0.0,900892000.0,936334000.0,210856000.0,690036000.0,0.802,6.856,-49754000.0,24835000.0,24835000.0,440995000.0,103192000.0,0.907,0.532,20147000.0,20147000.0,0.0,20147000.0,188199000.0,63428000.0,0.0,0.014,0.29,164164000.0,227592000.0,0.303,227592000.0,164164000.0,161892000.0,1.18,1.16,1.18,587896000.0,607081250.0,587896000.0,1754452954.0,11.0,7.709,121271000.0,1.414,1.0,310153000.0,0.413,435193000.0,2272000.0,228437000.0,264962250.0,0.0,996000.0,996000.0,0.0,312996000.0,232574000.0,80422000.0,1749840954.0,-29692000.0,-34971000.0,-112545000.0,19457000.0,-25264000.0,-115980000.0,-84737000.0,10000.0,171025000.0,0.0,103192000.0,103192000.0,103192000.0,841000.0,0.0,0.137,146507000.0,163646000.0,7098000.0,0.246,2.976,16.957,17.229,234179000.0,0.0,20.33,2.33,2.321,125958000.0,576654000.0,751148000.0,751148000.0,44913000.0,0.11,0.17,0.62,0.219,1725000.0,101594000.0,1.0,86071862.0,85744000,86622000.0,8.76,465699000.0,4453000.0,58700000.0,63302000.0,5.431,-21718000.0
52,JKHY,MRT,2008-06-30,2008-06-30,2008-06-30,2021-08-25,0.0,1021044000.0,936574000.0,329757000.0,691287000.0,0.793,6.814,-52743000.0,65565000.0,65565000.0,435700000.0,104222000.0,0.967,0.698,70177000.0,70177000.0,0.0,70177000.0,223594000.0,62006000.0,0.0,0.013,0.28,165289000.0,227295000.0,0.306,227295000.0,165289000.0,163361000.0,1.18,1.16,1.18,601451000.0,614258750.0,601451000.0,1937775065.0,12.0,8.525,128258000.0,1.453,1.0,307226000.0,0.414,432134000.0,1928000.0,252347000.0,269182750.0,0.0,997000.0,997000.0,0.0,419593000.0,341175000.0,78418000.0,1893163065.0,-23052000.0,-49324000.0,-80602000.0,-429000.0,-24683000.0,-101905000.0,-102148000.0,25000.0,181001000.0,0.0,104222000.0,104222000.0,104222000.0,1065000.0,0.0,0.14,143017000.0,164209000.0,6946000.0,0.237,3.148,18.165,18.339,239005000.0,0.0,21.64,2.548,2.571,213947000.0,560534000.0,742926000.0,742926000.0,43326000.0,0.111,0.17,0.614,0.222,1444000.0,99691000.0,1.0,87484430.0,88270000,89702000.0,8.417,588910000.0,4590000.0,59139000.0,77391000.0,6.672,-11418000.0
53,JKHY,MRT,2008-03-31,2008-03-31,2008-03-31,2021-08-25,0.0,915595000.0,931148000.0,215963000.0,699632000.0,0.788,6.948,-61420000.0,40578000.0,40578000.0,423544000.0,108403000.0,0.966,0.504,85190000.0,85190000.0,0.0,85190000.0,109640000.0,59832000.0,0.0,0.011,0.27,172799000.0,232631000.0,0.317,232631000.0,172799000.0,171226000.0,1.21,1.2,1.21,608775000.0,613487250.0,608775000.0,2150361258.0,12.0,9.244,118872000.0,1.357,1.0,310386000.0,0.423,431498000.0,1573000.0,305250000.0,275455750.0,0.0,995000.0,995000.0,0.0,306820000.0,223459000.0,83361000.0,2153279258.0,12848000.0,-48944000.0,-72080000.0,34869000.0,-23996000.0,-57094000.0,-110350000.0,112000.0,180292000.0,0.0,108403000.0,108403000.0,108403000.0,1652000.0,0.0,0.148,138676000.0,171710000.0,7397000.0,0.223,3.537,19.864,20.388,246233000.0,0.0,24.67,2.934,2.945,125879000.0,542134000.0,733930000.0,733930000.0,42156000.0,0.116,0.177,0.627,0.235,1097000.0,96520000.0,1.0,87283310.0,87615000,88907000.0,8.377,484097000.0,3260000.0,62823000.0,70434000.0,5.525,-7496000.0
54,JKHY,MRT,2007-12-31,2007-12-31,2007-12-31,2021-08-25,0.0,907805000.0,910912000.0,208610000.0,699195000.0,0.785,7.05,-59983000.0,28136000.0,28136000.0,410278000.0,108171000.0,1.022,0.44,25218000.0,25218000.0,0.0,25218000.0,148168000.0,57218000.0,0.0,0.011,0.26,171607000.0,228825000.0,0.32,228825000.0,171607000.0,170178000.0,1.2,1.19,1.2,630203000.0,609301750.0,630203000.0,2124610394.0,12.0,9.285,111607000.0,1.248,1.0,305075000.0,0.426,426910000.0,1429000.0,273815000.0,279881750.0,0.0,991000.0,991000.0,0.0,277602000.0,204162000.0,73440000.0,2178853394.0,511000.0,-52353000.0,-40812000.0,-443000.0,-23316000.0,-58898000.0,-112181000.0,118000.0,171590000.0,0.0,108171000.0,108171000.0,108171000.0,1466000.0,0.0,0.151,135134000.0,169941000.0,5963000.0,0.217,3.457,20.143,20.283,250236000.0,0.0,24.34,3.046,3.042,128076000.0,522070000.0,715353000.0,715353000.0,39820000.0,0.119,0.178,0.613,0.24,1069000.0,95314000.0,1.0,89517395.0,89393000,90922000.0,8.002,480895000.0,3260000.0,62007000.0,65187000.0,5.38,4448000.0
55,JKHY,MRT,2007-09-30,2007-09-30,2007-09-30,2021-08-25,0.0,901852000.0,891541500.0,237669000.0,664183000.0,0.775,6.915,-55291000.0,54527000.0,54527000.0,397631000.0,106808000.0,1.131,0.463,284000.0,284000.0,0.0,284000.0,175553000.0,53441000.0,0.0,0.01,0.25,165276000.0,218717000.0,0.317,218717000.0,165276000.0,163652000.0,1.18,1.17,1.18,616606000.0,596469500.0,616606000.0,2290786506.0,14.0,10.474,126619000.0,1.42,1.0,293097000.0,0.424,392101000.0,1624000.0,245319000.0,282039500.0,0.0,981000.0,981000.0,0.0,285246000.0,210189000.0,75057000.0,2308900506.0,4685000.0,-54698000.0,-50373000.0,-500000.0,-22482000.0,-67993000.0,-109232000.0,754000.0,181910000.0,0.0,106808000.0,106808000.0,106808000.0,1187000.0,0.0,0.155,129833000.0,163264000.0,6292000.0,0.212,3.745,21.617,21.915,248486000.0,0.0,25.86,3.343,3.338,132153000.0,498726000.0,690728000.0,690728000.0,37405000.0,0.12,0.179,0.586,0.239,966000.0,92428000.0,1.0,89284629.0,89168000,90833000.0,7.746,509751000.0,3260000.0,56844000.0,65942000.0,5.717,27480000.0
56,JKHY,MRT,2007-06-30,2007-06-30,2007-06-30,2021-08-25,0.0,999340000.0,871354500.0,350385000.0,648955000.0,0.765,6.637,-54920000.0,88617000.0,88617000.0,379665000.0,104681000.0,1.06,0.67,70503000.0,70503000.0,0.0,70503000.0,212556000.0,50954000.0,0.0,0.009,0.24,162471000.0,213425000.0,0.32,213425000.0,162471000.0,160714000.0,1.16,1.14,1.16,598365000.0,586259500.0,598365000.0,2331673422.0,14.0,10.925,119327000.0,1.324,1.0,286802000.0,0.43,373310000.0,1757000.0,277439000.0,287786000.0,0.0,989000.0,989000.0,0.0,400975000.0,330477000.0,70498000.0,2308911422.0,14478000.0,-39307000.0,-69201000.0,19388000.0,-21685000.0,-66858000.0,-92911000.0,1207000.0,174247000.0,0.0,104681000.0,104681000.0,104681000.0,963000.0,0.0,0.157,126774000.0,160028000.0,11481000.0,0.207,3.859,22.057,22.198,249882000.0,0.0,25.75,3.464,3.483,209242000.0,484845000.0,666467000.0,666467000.0,35962000.0,0.12,0.179,0.565,0.244,1003000.0,90812000.0,1.0,89666463.0,90155000,92032000.0,7.392,626030000.0,3260000.0,56033000.0,71172000.0,6.944,19908000.0
57,JKHY,MRT,2007-03-31,2007-03-31,2007-03-31,2021-08-25,0.0,834651000.0,848036250.0,189753000.0,644898000.0,0.764,6.586,-49806000.0,27730000.0,27730000.0,368468000.0,100985000.0,1.172,0.41,50492000.0,50492000.0,0.0,50492000.0,98380000.0,48609000.0,0.0,0.01,0.23,156954000.0,205563000.0,0.317,205563000.0,156954000.0,155542000.0,1.12,1.09,1.12,592033000.0,580471250.0,592033000.0,2158251224.0,14.0,10.499,97673000.0,1.087,1.0,279276000.0,0.431,372584000.0,1412000.0,322954000.0,292208250.0,0.0,1064000.0,1064000.0,0.0,242618000.0,161875000.0,80743000.0,2160598224.0,-11075000.0,-39390000.0,-75805000.0,24580000.0,-20953000.0,-70551000.0,-88003000.0,1058000.0,147479000.0,0.0,100985000.0,100985000.0,100985000.0,940000.0,0.0,0.156,124469000.0,154807000.0,4480000.0,0.205,3.649,21.395,21.473,246201000.0,0.0,24.05,3.336,3.338,114499000.0,461574000.0,647744000.0,647744000.0,35196000.0,0.119,0.174,0.537,0.242,987000.0,89273000.0,1.0,89837764.0,89893000,91753000.0,7.206,462067000.0,3120000.0,54557000.0,61778000.0,5.14,27878000.0
58,JKHY,MRT,2006-12-31,2006-12-31,2006-12-31,2021-08-25,0.0,830323000.0,831717000.0,187745000.0,642578000.0,0.751,6.417,-55730000.0,27625000.0,27625000.0,353062000.0,98065000.0,1.058,0.434,25278000.0,25278000.0,0.0,25278000.0,129760000.0,46322000.0,0.0,0.01,0.22,150968000.0,197290000.0,0.316,197290000.0,150968000.0,149405000.0,1.09,1.05,1.09,578874000.0,577437500.0,578874000.0,1891268986.0,13.0,9.586,92558000.0,1.026,1.0,271274000.0,0.435,368013000.0,1563000.0,282446000.0,288485000.0,0.0,1130000.0,1130000.0,0.0,251449000.0,177517000.0,73932000.0,1940888986.0,-10624000.0,-37548000.0,-53572000.0,31000.0,-20144000.0,-67287000.0,-91625000.0,1608000.0,148288000.0,0.0,98065000.0,98065000.0,98065000.0,940000.0,0.0,0.157,122526000.0,148748000.0,8161000.0,0.202,3.353,19.792,19.633,249316000.0,0.0,21.4,3.109,3.092,113258000.0,441063000.0,624336000.0,624336000.0,34627000.0,0.118,0.17,0.523,0.242,610000.0,87899000.0,1.0,90695747.0,90211000,92246000.0,6.921,462310000.0,3375000.0,51340000.0,65220000.0,5.125,10228000.0
59,JKHY,MRT,2006-09-30,2006-09-30,2006-09-30,2021-08-25,0.0,821104000.0,850653000.0,217795000.0,603309000.0,0.711,6.323,-58089000.0,49842000.0,49842000.0,340740000.0,91913000.0,1.239,0.426,222000.0,222000.0,0.0,222000.0,155894000.0,45039000.0,0.0,0.01,0.21,145418000.0,190457000.0,0.315,190457000.0,145418000.0,144022000.0,1.02,0.98,1.02,575766000.0,576522000.0,575766000.0,1963777258.0,14.0,10.311,64907000.0,0.713,1.0,263769000.0,0.436,327436000.0,1396000.0,268305000.0,291655500.0,0.0,1723000.0,1723000.0,0.0,245338000.0,175743000.0,69595000.0,1987675258.0,-5716000.0,-22719000.0,-35116000.0,83000.0,-19272000.0,-49143000.0,-79569000.0,982000.0,122996000.0,0.0,91913000.0,91913000.0,91913000.0,940000.0,0.0,0.152,120590000.0,143179000.0,5351000.0,0.206,3.452,21.626,21.363,250685000.0,0.0,21.79,3.288,3.282,118768000.0,418250000.0,604509000.0,604509000.0,33641000.0,0.108,0.159,0.499,0.241,453000.0,86949000.0,1.0,91219608.0,91056000,92893000.0,6.639,493668000.0,3310000.0,52109000.0,58755000.0,5.422,42052000.0
60,JKHY,MRT,2006-06-30,2006-06-30,2006-06-30,2021-08-25,0.0,906067000.0,829953500.0,306410000.0,599657000.0,0.712,6.288,-57220000.0,74139000.0,74139000.0,333860000.0,89923000.0,1.163,0.575,50241000.0,50241000.0,0.0,50241000.0,185719000.0,43774000.0,0.0,0.01,0.2,141947000.0,185721000.0,0.314,185721000.0,141947000.0,140592000.0,0.98,0.96,0.98,575212000.0,565308750.0,575212000.0,1808253425.0,13.0,9.736,112218000.0,1.227,1.0,257017000.0,0.435,323549000.0,1355000.0,295128000.0,282348750.0,0.0,2181000.0,2181000.0,0.0,330855000.0,263492000.0,67363000.0,1822058425.0,62531000.0,-20745000.0,-21197000.0,5120000.0,-18383000.0,-29717000.0,-77190000.0,518000.0,169438000.0,0.0,89923000.0,89923000.0,89923000.0,940000.0,0.0,0.152,116196000.0,140821000.0,14525000.0,0.204,3.168,20.262,20.061,251632000.0,0.0,19.66,3.084,3.044,180295000.0,401849000.0,590877000.0,590877000.0,31874000.0,0.108,0.159,0.503,0.24,454000.0,84322000.0,1.0,92678455.0,91484000,93787000.0,6.459,582518000.0,3165000.0,50669000.0,50742000.0,6.367,42918000.0
61,JKHY,MRT,2006-03-31,2006-03-31,2006-03-31,2021-08-25,0.0,769374000.0,806975000.0,173521000.0,595853000.0,0.708,6.307,-71944000.0,38805000.0,38805000.0,325738000.0,86224000.0,1.38,0.327,25000000.0,25000000.0,0.0,25000000.0,91679000.0,42995000.0,0.0,0.008,0.19,134958000.0,177953000.0,0.311,177953000.0,134958000.0,133800000.0,0.95,0.92,0.95,579898000.0,550794250.0,579898000.0,2080731585.0,15.0,11.693,44599000.0,0.485,1.0,245582000.0,0.43,321772000.0,1158000.0,308061000.0,285460250.0,0.0,2109000.0,2109000.0,0.0,189476000.0,125736000.0,63740000.0,2093980585.0,22853000.0,-20629000.0,-2036000.0,11000000.0,-17395000.0,-1960000.0,-91730000.0,588000.0,116543000.0,0.0,86224000.0,86224000.0,86224000.0,0.0,0.0,0.151,112396000.0,133186000.0,6255000.0,0.2,3.611,24.285,24.074,250876000.0,0.0,22.87,3.665,3.681,99717000.0,381541000.0,571320000.0,571320000.0,30230000.0,0.107,0.157,0.473,0.236,364000.0,82166000.0,1.0,91560148.0,91952000,94390000.0,6.213,447602000.0,2650000.0,47576000.0,45085000.0,4.868,47785000.0
62,JKHY,MRT,2005-12-31,2005-12-31,2005-12-31,2021-08-25,0.0,906067000.0,779656500.0,306410000.0,599657000.0,0.719,6.297,-66073000.0,74139000.0,74139000.0,321030000.0,82193000.0,1.163,0.575,50241000.0,50241000.0,0.0,50241000.0,185719000.0,41404000.0,0.0,0.009,0.18,130708000.0,172112000.0,0.307,172112000.0,130708000.0,130030000.0,0.9,0.88,0.9,575212000.0,531538250.0,575212000.0,1686437201.0,13.0,9.798,55220000.0,0.604,1.0,239177000.0,0.427,323549000.0,678000.0,295128000.0,272483000.0,0.0,2181000.0,2181000.0,0.0,330855000.0,263492000.0,67363000.0,1741995201.0,15734000.0,-28768000.0,-9589000.0,15000000.0,-16442000.0,-11031000.0,-94528000.0,34000.0,121293000.0,0.0,82193000.0,82193000.0,82193000.0,0.0,0.0,0.147,109681000.0,129496000.0,14525000.0,0.2,3.028,21.194,21.211,251632000.0,0.0,19.09,3.11,3.113,180295000.0,401849000.0,560207000.0,560207000.0,29533000.0,0.105,0.155,0.48,0.233,257000.0,80148000.0,1.0,91251713.0,91352000,93637000.0,6.132,582518000.0,3165000.0,47837000.0,50742000.0,6.377,42918000.0
63,JKHY,MRT,2005-09-30,2005-09-30,2005-09-30,2021-08-25,0.0,738306000.0,718536750.0,183739000.0,554567000.0,0.764,5.798,-63713000.0,55558000.0,55558000.0,320307000.0,78249000.0,1.171,0.391,0.0,0.0,0.0,0.0,137310000.0,40607000.0,0.0,0.009,0.175,124553000.0,165160000.0,0.301,165160000.0,124553000.0,123993000.0,0.86,0.84,0.86,530913000.0,508325750.0,530913000.0,1810834550.0,15.0,10.964,64794000.0,0.708,1.0,228443000.0,0.416,294767000.0,560000.0,231078000.0,256736250.0,0.0,992000.0,992000.0,0.0,207393000.0,156903000.0,50490000.0,1777442550.0,-64287000.0,-112836000.0,-430000.0,0.0,-15965000.0,-16395000.0,-176399000.0,29000.0,128507000.0,0.0,78249000.0,78249000.0,78249000.0,0.0,0.0,0.143,105036000.0,123407000.0,5731000.0,0.203,3.348,22.715,22.558,243167000.0,0.0,19.4,3.239,3.237,88908000.0,345608000.0,548750000.0,548750000.0,28271000.0,0.109,0.154,0.485,0.227,149000.0,76765000.0,1.0,91620750.0,91562000,93998000.0,5.993,443539000.0,2365000.0,45744000.0,43930000.0,4.844,26836000.0
64,JKHY,MRT,2005-06-30,2005-06-30,2005-06-30,2021-08-25,0.0,814153000.0,692283500.0,260293000.0,553860000.0,0.774,5.69,-65722000.0,11608000.0,11608000.0,313413000.0,75501000.0,1.056,0.574,45000000.0,45000000.0,0.0,45000000.0,170936000.0,38911000.0,0.0,0.009,0.17,120231000.0,159142000.0,0.297,159142000.0,120231000.0,119843000.0,0.83,0.81,0.83,517154000.0,490405750.0,517154000.0,1671163653.0,14.0,10.501,42553000.0,0.468,1.0,222450000.0,0.415,293388000.0,388000.0,307574000.0,250178250.0,0.0,993000.0,993000.0,0.0,296999000.0,246583000.0,50416000.0,1673115653.0,-42150000.0,-119501000.0,5093000.0,45000000.0,-15456000.0,34637000.0,-185062000.0,24000.0,108275000.0,0.0,75501000.0,75501000.0,75501000.0,0.0,0.0,0.141,103381000.0,119069000.0,15895000.0,0.205,3.235,22.16,22.06,243191000.0,0.0,18.31,3.122,3.106,209922000.0,330308000.0,535863000.0,535863000.0,27664000.0,0.109,0.154,0.481,0.224,0.0,75717000.0,1.0,91377152.0,90891000,92998000.0,5.896,520765000.0,2345000.0,44342000.0,40324000.0,5.73,13710000.0
65,JKHY,MRT,2005-03-31,2005-03-31,2005-03-31,2021-08-25,0.0,660100000.0,652148750.0,129670000.0,530430000.0,0.798,5.513,-55632000.0,15952000.0,15952000.0,304594000.0,71414000.0,1.143,0.313,14000000.0,14000000.0,0.0,14000000.0,82371000.0,37176000.0,0.0,0.009,0.165,115542000.0,152718000.0,0.293,152718000.0,115542000.0,115389000.0,0.79,0.77,0.79,502874000.0,471846750.0,502874000.0,1627513145.0,14.0,10.657,58624000.0,0.643,1.0,215881000.0,0.415,288525000.0,153000.0,256152000.0,238212000.0,0.0,993000.0,993000.0,0.0,157226000.0,113471000.0,43755000.0,1640028145.0,-72953000.0,-147321000.0,16513000.0,14000000.0,-14939000.0,15574000.0,-202783000.0,20000.0,114256000.0,0.0,71414000.0,71414000.0,71414000.0,0.0,0.0,0.137,101518000.0,114363000.0,7919000.0,0.209,3.261,22.965,22.772,226537000.0,0.0,17.99,3.151,3.153,80026000.0,312712000.0,520475000.0,520475000.0,26720000.0,0.11,0.151,0.485,0.222,11787000.0,74798000.0,1.0,91163321.0,91212000,93421000.0,5.706,371575000.0,2375000.0,43975000.0,36749000.0,4.074,16199000.0
66,JKHY,MRT,2004-12-31,2004-12-31,2004-12-31,2021-08-25,0.0,661588000.0,624037250.0,144752000.0,516836000.0,0.811,5.321,-54199000.0,22515000.0,22515000.0,299878000.0,68301000.0,1.042,0.372,10000000.0,10000000.0,0.0,10000000.0,109742000.0,35831000.0,0.0,0.008,0.16,110092000.0,145923000.0,0.288,145923000.0,110092000.0,109997000.0,0.76,0.74,0.76,482362000.0,451801000.0,482362000.0,1681140092.0,15.0,11.521,60710000.0,0.67,1.0,205923000.0,0.407,278064000.0,95000.0,232141000.0,232703250.0,0.0,997000.0,997000.0,0.0,179226000.0,138868000.0,40358000.0,1800985092.0,-86021000.0,-158198000.0,15710000.0,10000000.0,-14417000.0,11293000.0,-212223000.0,12000.0,114909000.0,0.0,68301000.0,68301000.0,68301000.0,0.0,0.0,0.135,97087000.0,108836000.0,8531000.0,0.211,3.734,26.368,26.197,224071000.0,0.0,19.91,3.561,3.568,87921000.0,297390000.0,505801000.0,505801000.0,25326000.0,0.109,0.151,0.473,0.218,11787000.0,71761000.0,1.0,90456308.0,90650000,92957000.0,5.58,383524000.0,1870000.0,41696000.0,30901000.0,4.231,5884000.0
67,JKHY,MRT,2004-09-30,2004-09-30,2004-09-30,2021-08-25,0.0,633293000.0,595734000.0,227035000.0,406258000.0,0.81,5.086,-48432000.0,119845000.0,119845000.0,286688000.0,65132000.0,1.674,0.379,0.0,0.0,0.0,0.0,115230000.0,34539000.0,0.0,0.008,0.155,104646000.0,139185000.0,0.288,139185000.0,104646000.0,104562000.0,0.72,0.71,0.72,459233000.0,432911000.0,459233000.0,1640575983.0,16.0,11.787,67330000.0,0.746,1.0,195883000.0,0.406,172945000.0,84000.0,204846000.0,229505000.0,0.0,998000.0,998000.0,0.0,174060000.0,135657000.0,38403000.0,1694333983.0,16813000.0,-54953000.0,17517000.0,0.0,-13914000.0,3603000.0,-102552000.0,643000.0,115762000.0,0.0,65132000.0,65132000.0,65132000.0,0.0,0.0,0.135,92415000.0,103468000.0,5154000.0,0.215,3.689,26.014,26.069,220491000.0,0.0,18.77,3.511,3.512,75294000.0,283543000.0,482571000.0,482571000.0,24497000.0,0.109,0.15,0.456,0.217,11787000.0,67918000.0,1.0,90268193.0,90286000,92485000.0,5.345,460348000.0,1570000.0,39430000.0,38952000.0,5.099,91378000.0
68,JKHY,MRT,2004-06-30,2004-06-30,2004-06-30,2021-08-25,0.0,653614000.0,573248750.0,259058000.0,394556000.0,0.815,4.958,-52579000.0,53758000.0,53758000.0,279437000.0,62315000.0,1.495,0.476,0.0,0.0,0.0,0.0,144996000.0,33540000.0,0.0,0.007,0.15,99812000.0,133352000.0,0.285,133352000.0,99812000.0,99705000.0,0.7,0.68,0.7,442918000.0,414472500.0,442918000.0,1716115924.0,17.0,12.869,60230000.0,0.674,1.0,187978000.0,0.402,166907000.0,107000.0,259709000.0,228536750.0,0.0,998000.0,998000.0,0.0,210696000.0,173240000.0,37456000.0,1805020924.0,21744000.0,-48288000.0,22380000.0,0.0,-13408000.0,8972000.0,-100037000.0,642000.0,112809000.0,0.0,62315000.0,62315000.0,62315000.0,0.0,0.0,0.133,89172000.0,98806000.0,9171000.0,0.214,4.075,28.966,28.714,215100000.0,0.0,20.1,3.862,3.841,169873000.0,271433000.0,467415000.0,467415000.0,23674000.0,0.109,0.15,0.437,0.214,11787000.0,65498000.0,1.0,89802036.0,89325000,91859000.0,5.233,486707000.0,1320000.0,37390000.0,35020000.0,5.449,85818000.0
69,JKHY,MRT,2004-03-31,2004-03-31,2004-03-31,2021-08-25,0.0,547654000.0,546989000.0,188479000.0,359175000.0,0.824,4.715,-47332000.0,88905000.0,88905000.0,272927000.0,58802000.0,2.205,0.296,0.0,0.0,0.0,0.0,74379000.0,32607000.0,0.0,0.008,0.145,92709000.0,125316000.0,0.278,125316000.0,92709000.0,92602000.0,0.66,0.64,0.66,422691000.0,395048750.0,422691000.0,1606131678.0,17.0,12.817,68437000.0,0.763,1.0,177639000.0,0.394,139143000.0,107000.0,234117000.0,226029750.0,0.0,999000.0,999000.0,0.0,124963000.0,85489000.0,39474000.0,1714667678.0,55603000.0,-20583000.0,19841000.0,0.0,-12891000.0,6950000.0,-67116000.0,641000.0,115769000.0,0.0,58802000.0,58802000.0,58802000.0,0.0,0.0,0.131,85864000.0,91775000.0,6309000.0,0.22,4.057,29.16,28.985,208007000.0,0.0,19.13,3.806,3.807,66980000.0,259735000.0,450566000.0,450566000.0,21902000.0,0.108,0.149,0.41,0.206,0.0,63962000.0,1.0,89632393.0,89654000,92077000.0,5.026,408511000.0,950000.0,33800000.0,32195000.0,4.557,102990000.0
70,JKHY,MRT,2003-12-31,2003-12-31,2003-12-31,2021-08-25,0.0,548375000.0,524026750.0,210592000.0,337783000.0,0.82,4.559,-47162000.0,108536000.0,108536000.0,261033000.0,54802000.0,2.056,0.348,0.0,0.0,0.0,0.0,97882000.0,31677000.0,0.0,0.007,0.14,86387000.0,118064000.0,0.275,118064000.0,86387000.0,86303000.0,0.62,0.6,0.62,406802000.0,377171250.0,406802000.0,1732423227.0,20.0,14.674,74475000.0,0.835,1.0,168723000.0,0.393,118072000.0,84000.0,219348000.0,225597000.0,0.0,999000.0,999000.0,0.0,141573000.0,102419000.0,39154000.0,1835455227.0,78327000.0,-2386000.0,18460000.0,0.0,-12375000.0,6085000.0,-49395000.0,643000.0,121637000.0,0.0,54802000.0,54802000.0,54802000.0,0.0,0.0,0.128,83156000.0,85567000.0,5703000.0,0.226,4.512,33.492,33.194,206421000.0,0.0,20.58,4.271,4.273,67832000.0,247793000.0,429756000.0,429756000.0,19610000.0,0.105,0.145,0.383,0.201,0.0,63546000.0,1.0,89186357.0,89231000,92000000.0,4.816,430303000.0,1461000.0,31501000.0,27610000.0,4.822,108173000.0
71,JKHY,MRT,2003-09-30,2003-09-30,2003-09-30,2021-08-25,0.0,543352000.0,501828250.0,201898000.0,341454000.0,0.836,4.355,-51517000.0,103032000.0,103032000.0,258709000.0,51956000.0,1.678,0.41,0.0,0.0,0.0,0.0,110743000.0,30836000.0,0.0,0.008,0.14,81935000.0,112771000.0,0.269,112771000.0,81935000.0,81822000.0,0.59,0.57,0.59,385479000.0,360566000.0,385479000.0,1508050417.0,18.0,13.373,72125000.0,0.815,1.0,160880000.0,0.383,119057000.0,113000.0,200973000.0,227564500.0,0.0,998000.0,998000.0,0.0,157873000.0,120290000.0,37583000.0,1540064417.0,61364000.0,-6537000.0,8921000.0,0.0,-12320000.0,-3399000.0,-58879000.0,10000.0,123642000.0,0.0,51956000.0,51956000.0,51956000.0,0.0,0.0,0.124,79675000.0,81205000.0,7692000.0,0.237,3.995,29.642,29.475,207299000.0,0.0,17.39,3.67,3.669,65594000.0,240302000.0,419589000.0,419589000.0,17660000.0,0.104,0.144,0.36,0.195,0.0,62015000.0,1.0,88560346.0,88515000,91069000.0,4.74,424295000.0,1015000.0,29866000.0,28727000.0,4.793,81608000.0
72,JKHY,MRT,2003-06-30,2003-06-30,2003-06-30,2021-08-25,0.0,548575000.0,481227750.0,217262000.0,331313000.0,0.841,4.157,-51082000.0,32014000.0,32014000.0,251291000.0,49397000.0,1.48,0.502,0.0,0.0,0.0,0.0,132224000.0,30194000.0,0.0,0.008,0.14,77901000.0,108095000.0,0.267,108095000.0,77901000.0,77791000.0,0.56,0.55,0.56,365223000.0,347642500.0,365223000.0,1529961819.0,20.0,14.154,47779000.0,0.544,1.0,153336000.0,0.379,120100000.0,110000.0,249681000.0,230216750.0,0.0,998000.0,998000.0,0.0,183352000.0,146780000.0,36572000.0,1563263819.0,14249000.0,-6537000.0,-13850000.0,0.0,-12290000.0,-26140000.0,-58472000.0,12000.0,98861000.0,0.0,49397000.0,49397000.0,49397000.0,0.0,0.0,0.122,76065000.0,77271000.0,9617000.0,0.25,4.28,31.647,31.768,196046000.0,0.0,17.79,3.863,3.863,150951000.0,233396000.0,404627000.0,404627000.0,15892000.0,0.103,0.142,0.338,0.193,0.0,60173000.0,1.0,87873177.0,87866000,89270000.0,4.605,428475000.0,1000000.0,28394000.0,24261000.0,4.876,70482000.0
73,JKHY,MRT,2003-03-31,2003-03-31,2003-03-31,2021-08-25,0.0,455805000.0,465619500.0,127711000.0,328094000.0,0.862,4.002,-51219000.0,33302000.0,33302000.0,248068000.0,51148000.0,1.837,0.298,0.0,0.0,0.0,0.0,66177000.0,29604000.0,0.0,0.013,0.14,79797000.0,109401000.0,0.272,109401000.0,79797000.0,79663000.0,0.58,0.57,0.58,351181000.0,341521500.0,351181000.0,898404686.0,11.0,8.212,42874000.0,0.489,1.0,153450000.0,0.382,120581000.0,134000.0,232386000.0,228061000.0,0.0,998000.0,998000.0,0.0,104624000.0,69536000.0,35088000.0,928613686.0,-14506000.0,-6537000.0,-37690000.0,0.0,-12368000.0,-50058000.0,-58541000.0,15000.0,94093000.0,0.0,51148000.0,51148000.0,51148000.0,0.0,0.0,0.127,74428000.0,79022000.0,7946000.0,0.241,2.644,18.155,18.259,190838000.0,0.0,10.59,2.313,2.314,62761000.0,224933000.0,401518000.0,401518000.0,14686000.0,0.11,0.15,0.35,0.199,-6658000.0,59742000.0,1.0,87687789.0,87742000,88940000.0,4.576,335224000.0,850000.0,28515000.0,21179000.0,3.821,58175000.0
74,JKHY,MRT,2002-12-31,2002-12-31,2002-12-31,2021-08-25,0.0,459581000.0,466377500.0,134929000.0,324652000.0,0.863,3.882,-57264000.0,30209000.0,30209000.0,247265000.0,52390000.0,1.616,0.35,0.0,0.0,0.0,0.0,78153000.0,29287000.0,0.0,0.012,0.14,81609000.0,110896000.0,0.276,110896000.0,81609000.0,81451000.0,0.59,0.58,0.59,340381000.0,341016250.0,340381000.0,1013745288.0,12.0,9.141,52461000.0,0.598,1.0,155139000.0,0.386,118669000.0,158000.0,227218000.0,224433250.0,0.0,998000.0,998000.0,0.0,119200000.0,83485000.0,35715000.0,1055413288.0,-6623000.0,-12339000.0,-34402000.0,-270000.0,-12432000.0,-47104000.0,-69244000.0,16000.0,109725000.0,0.0,52390000.0,52390000.0,52390000.0,0.0,0.0,0.13,74536000.0,80603000.0,9929000.0,0.237,3.101,20.145,20.407,188201000.0,0.0,12.04,2.623,2.623,74090000.0,217417000.0,402404000.0,402404000.0,13586000.0,0.112,0.154,0.364,0.203,-6284000.0,60950000.0,1.0,87658911.0,87680000,88812000.0,4.589,340912000.0,800000.0,29061000.0,20387000.0,3.888,51444000.0
75,JKHY,MRT,2002-09-30,2002-09-30,2002-09-30,2021-08-25,0.0,460950000.0,462110000.0,145143000.0,315807000.0,0.861,3.789,-57895000.0,41668000.0,41668000.0,240784000.0,53747000.0,1.556,0.381,0.0,0.0,0.0,0.0,87838000.0,28439000.0,0.0,0.011,0.135,83594000.0,112033000.0,0.281,112033000.0,83594000.0,83427000.0,0.61,0.59,0.61,333785000.0,338160250.0,333785000.0,1074967251.0,13.0,9.595,50607000.0,0.575,1.0,157284000.0,0.395,114391000.0,167000.0,211582000.0,220954250.0,0.0,997000.0,997000.0,0.0,127165000.0,93309000.0,33856000.0,1092732251.0,-3340000.0,-11111000.0,-31150000.0,-293000.0,-12030000.0,-43473000.0,-68369000.0,17000.0,108502000.0,0.0,53747000.0,53747000.0,53747000.0,0.0,0.0,0.135,75076000.0,82208000.0,9969000.0,0.221,3.274,20.331,20.377,184467000.0,0.0,12.43,2.745,2.751,71970000.0,208934000.0,398068000.0,398068000.0,13167000.0,0.116,0.159,0.378,0.21,-7562000.0,61909000.0,1.0,87910881.0,88085000,89579000.0,4.519,346559000.0,1000000.0,29680000.0,21008000.0,3.934,51834000.0
76,JKHY,MRT,2002-06-30,2002-06-30,2002-06-30,2021-08-25,0.0,486142000.0,452681250.0,179977000.0,306165000.0,0.876,3.815,-51380000.0,17765000.0,17765000.0,235437000.0,57065000.0,1.598,0.427,0.0,0.0,0.0,0.0,108975000.0,27470000.0,0.0,0.008,0.13,88664000.0,116134000.0,0.293,116134000.0,88664000.0,88473000.0,0.64,0.62,0.64,340739000.0,332325500.0,340739000.0,1461763963.0,16.0,12.587,38561000.0,0.432,1.0,161220000.0,0.406,114663000.0,191000.0,241058000.0,214484250.0,0.0,997000.0,997000.0,0.0,145403000.0,112656000.0,32747000.0,1509571963.0,-824000.0,-11111000.0,-16596000.0,-315000.0,-11626000.0,-28537000.0,-62228000.0,13000.0,89941000.0,0.0,57065000.0,57065000.0,57065000.0,0.0,0.0,0.144,74574000.0,86646000.0,9051000.0,0.203,4.43,26.454,26.078,173775000.0,0.0,16.69,3.806,3.758,131431000.0,201162000.0,396657000.0,396657000.0,12526000.0,0.126,0.172,0.413,0.224,0.0,62048000.0,1.0,90447691.0,89316000,92367000.0,4.441,371479000.0,900000.0,31408000.0,16025000.0,4.159,67321000.0
77,JKHY,MRT,2002-03-31,2002-03-31,2002-03-31,2021-08-25,0.0,458837000.0,439426000.0,157586000.0,301251000.0,0.892,3.897,-55591000.0,47808000.0,47808000.0,231190000.0,56737000.0,2.025,0.314,0.0,0.0,0.0,0.0,77545000.0,26485000.0,0.0,0.006,0.125,88863000.0,115348000.0,0.294,115348000.0,88863000.0,88650000.0,0.64,0.62,0.64,349160000.0,322766750.0,349160000.0,1945130951.0,22.0,16.863,32225000.0,0.36,1.0,160668000.0,0.41,115329000.0,213000.0,217875000.0,204378250.0,0.0,998000.0,998000.0,0.0,109677000.0,77825000.0,31852000.0,1981691951.0,22663000.0,-11111000.0,11317000.0,-335000.0,-11124000.0,-142000.0,-65011000.0,26000.0,87816000.0,0.0,56737000.0,56737000.0,56737000.0,0.0,0.0,0.145,74031000.0,86637000.0,9886000.0,0.195,5.676,34.928,34.656,167669000.0,0.0,22.18,5.057,5.072,76947000.0,189141000.0,391858000.0,391858000.0,12181000.0,0.129,0.176,0.435,0.227,31883000.0,61850000.0,1.0,89345895.0,89608000,92483000.0,4.373,343508000.0,2349000.0,31913000.0,14706000.0,3.833,79761000.0
78,JKHY,MRT,2001-12-31,2001-12-31,2001-12-31,2021-08-25,0.0,442511000.0,415717250.0,159313000.0,283198000.0,0.939,3.697,-53717000.0,36832000.0,36832000.0,230019000.0,58517000.0,1.837,0.345,271000.0,87000.0,184000.0,271000.0,85867000.0,29881000.0,0.0,0.005,0.12,91666000.0,121547000.0,0.311,121547000.0,91666000.0,91432000.0,0.66,0.64,0.66,328957000.0,300751500.0,328957000.0,1895310622.0,21.0,15.593,24551000.0,0.276,1.0,160258000.0,0.411,105911000.0,234000.0,213302000.0,187764750.0,0.0,997000.0,997000.0,0.0,113554000.0,86737000.0,26817000.0,1940025622.0,21000000.0,-2923000.0,9378000.0,-93000.0,-10637000.0,-1352000.0,-55916000.0,22000.0,78268000.0,0.0,58517000.0,58517000.0,58517000.0,0.0,0.0,0.15,71137000.0,89121000.0,9236000.0,0.182,5.898,33.153,33.091,158195000.0,0.0,21.84,4.971,4.979,91338000.0,178716000.0,390277000.0,390277000.0,12112000.0,0.141,0.195,0.488,0.235,31509000.0,59025000.0,1.0,88829012.0,88982000,92247000.0,4.386,336600000.0,750000.0,32915000.0,9717000.0,3.783,72576000.0
79,JKHY,MRT,2001-09-30,2001-09-30,2001-09-30,2021-08-25,0.0,423235000.0,389865750.0,157435000.0,265800000.0,0.956,3.49,-59336000.0,45008000.0,45008000.0,216768000.0,58363000.0,1.78,0.363,293000.0,87000.0,206000.0,293000.0,79204000.0,23666000.0,0.0,0.005,0.115,91480000.0,115146000.0,0.309,115146000.0,91480000.0,91191000.0,0.66,0.64,0.66,310446000.0,279958500.0,310446000.0,2002119271.0,22.0,17.388,17373000.0,0.195,1.0,156014000.0,0.419,104383000.0,289000.0,185702000.0,169301500.0,0.0,994000.0,994000.0,0.0,112789000.0,88435000.0,24354000.0,2020393271.0,24554000.0,0.0,17426000.0,-109000.0,-10130000.0,7187000.0,-59342000.0,-232000.0,76709000.0,0.0,58363000.0,58363000.0,58363000.0,0.0,0.0,0.157,66896000.0,89118000.0,12511000.0,0.174,6.508,34.618,34.379,144881000.0,0.0,22.69,5.42,5.414,78060000.0,168349000.0,372782000.0,372782000.0,11397000.0,0.15,0.208,0.54,0.245,32787000.0,55499000.0,1.0,89043335.0,88952000,92724000.0,4.191,318852000.0,750000.0,32828000.0,14526000.0,3.585,69000000.0
80,JKHY,MRT,2001-06-30,2001-06-30,2001-06-30,2021-08-25,0.0,433121000.0,362150750.0,172050000.0,261071000.0,1.013,3.484,-59228000.0,18589000.0,18589000.0,215306000.0,55631000.0,1.608,0.432,315000.0,87000.0,228000.0,315000.0,95004000.0,21888000.0,0.0,0.004,0.11,87843000.0,109731000.0,0.299,109731000.0,87843000.0,86923000.0,0.64,0.61,0.64,302504000.0,258800250.0,302504000.0,2717632319.0,31.0,24.766,13594000.0,0.157,1.0,151597000.0,0.413,107195000.0,920000.0,200634000.0,150387750.0,0.0,985000.0,985000.0,0.0,130617000.0,107018000.0,23599000.0,2742441319.0,13403000.0,0.0,79648000.0,-70628000.0,-9604000.0,-584000.0,-58835000.0,18000.0,72822000.0,0.0,55631000.0,55631000.0,55631000.0,0.0,0.0,0.152,65857000.0,85740000.0,17846000.0,0.172,9.066,49.297,48.438,138439000.0,0.0,31.0,7.475,7.337,116573000.0,156405000.0,366903000.0,366903000.0,10871000.0,0.154,0.215,0.584,0.239,25225000.0,54986000.0,1.0,88465849.0,86834000,91344000.0,4.225,325926000.0,1287000.0,31292000.0,7857000.0,3.753,65032000.0
81,JKHY,MRT,2001-03-31,2001-03-31,2001-03-31,2021-08-25,0.0,364002000.0,334141000.0,114444000.0,249558000.0,1.017,2.969,-57141000.0,25145000.0,25145000.0,197802000.0,51536000.0,1.454,0.394,336000.0,85000.0,251000.0,336000.0,65287000.0,20479000.0,0.0,0.004,0.105,81657000.0,102136000.0,0.301,102136000.0,81657000.0,80041000.0,0.61,0.57,0.61,261099000.0,221810500.0,261099000.0,2073486061.0,25.0,20.301,17062000.0,0.194,1.0,142051000.0,0.418,109054000.0,1616000.0,151421000.0,130380250.0,0.0,990000.0,990000.0,0.0,102903000.0,78718000.0,24185000.0,2088955061.0,12120000.0,-42065000.0,76266000.0,-30231000.0,-8990000.0,37045000.0,-99828000.0,88000.0,74203000.0,0.0,51536000.0,51536000.0,51536000.0,0.0,0.0,0.152,62324000.0,79727000.0,9474000.0,0.172,8.001,40.534,38.836,126985000.0,0.0,23.69,6.147,6.13,62347000.0,143528000.0,339853000.0,339853000.0,10336000.0,0.154,0.232,0.626,0.24,2483000.0,51988000.0,1.0,88178770.0,87935000,91966000.0,3.865,254948000.0,720000.0,28505000.0,20383000.0,2.899,35726000.0
82,JKHY,MRT,2000-12-31,2000-12-31,2000-12-31,2021-08-25,0.0,339105000.0,299606500.0,99657000.0,239448000.0,1.002,2.841,-51210000.0,15832000.0,15832000.0,170546000.0,46374000.0,1.362,0.38,363000.0,123000.0,240000.0,363000.0,66264000.0,13779000.0,0.0,0.003,0.1,73574000.0,87353000.0,0.291,87353000.0,73574000.0,71465000.0,0.56,0.52,0.56,245785000.0,190891250.0,245785000.0,2656398119.0,36.0,30.41,18965000.0,0.219,1.0,129525000.0,0.432,111023000.0,2109000.0,139449000.0,114365750.0,0.0,976000.0,976000.0,0.0,93320000.0,73164000.0,20156000.0,2676450119.0,12386000.0,-42233000.0,76298000.0,-38594000.0,-8371000.0,29333000.0,-87822000.0,5756000.0,70175000.0,0.0,46374000.0,46374000.0,46374000.0,0.0,0.0,0.155,57599000.0,71926000.0,7303000.0,0.179,10.889,57.714,55.473,116697000.0,0.0,31.065,8.919,8.957,59734000.0,130836000.0,300071000.0,300071000.0,9695000.0,0.155,0.243,0.643,0.245,2483000.0,47904000.0,1.0,86156450.0,86517000,91667000.0,3.468,228082000.0,645000.0,25091000.0,11540000.0,2.636,26493000.0
83,JKHY,MRT,2000-09-30,2000-09-30,2000-09-30,2021-08-25,0.0,312375000.0,273097000.0,86973000.0,225402000.0,1.001,2.678,-39746000.0,20454000.0,20454000.0,160680000.0,37695000.0,1.255,0.383,402000.0,123000.0,279000.0,402000.0,63513000.0,17058000.0,0.0,0.004,0.095,60081000.0,77139000.0,0.282,77139000.0,60081000.0,57600000.0,0.46,0.43,0.46,225813000.0,160716500.0,225813000.0,1927484964.0,32.0,24.987,19554000.0,0.232,1.0,112742000.0,0.412,112970000.0,2481000.0,110047000.0,102008250.0,0.0,961000.0,961000.0,0.0,86562000.0,69306000.0,17256000.0,1861727964.0,17355000.0,-43039000.0,67706000.0,-25736000.0,-7823000.0,34147000.0,-76792000.0,6006000.0,59300000.0,0.0,37695000.0,37695000.0,37695000.0,0.0,0.0,0.138,54220000.0,58522000.0,6470000.0,0.207,8.245,49.389,47.152,102163000.0,0.0,21.69,6.809,6.688,44955000.0,120116000.0,273422000.0,273422000.0,8746000.0,0.138,0.235,0.589,0.22,2483000.0,45474000.0,1.0,85833470.0,84310000,89091000.0,3.243,199405000.0,825000.0,19905000.0,9202000.0,2.365,17667000.0
84,JKHY,MRT,2000-06-30,2000-06-30,2000-06-30,2021-08-25,0.0,321082000.0,246273250.0,103150000.0,217932000.0,0.974,1.89,-33494000.0,5186000.0,5186000.0,141725000.0,34018000.0,0.682,1.078,70943000.0,70623000.0,320000.0,70943000.0,71457000.0,15473000.0,0.0,0.004,0.09,53343000.0,68816000.0,0.287,68816000.0,53343000.0,51433000.0,0.42,0.4,0.42,154545000.0,134773000.0,154545000.0,2058228766.0,39.0,29.909,15366000.0,0.188,1.0,98116000.0,0.409,115095000.0,1910000.0,120604000.0,93232500.0,0.0,946000.0,946000.0,0.0,166537000.0,151140000.0,15397000.0,2041704766.0,1810000.0,-93280000.0,6887000.0,69805000.0,-7287000.0,69405000.0,-117419000.0,9361000.0,48860000.0,0.0,34018000.0,34018000.0,34018000.0,332000.0,0.0,0.142,47106000.0,51010000.0,9255000.0,0.214,13.211,60.018,59.679,93285000.0,0.0,25.065,8.513,8.545,73940000.0,110378000.0,239841000.0,239841000.0,8022000.0,0.138,0.252,0.572,0.222,2483000.0,39084000.0,1.0,81456404.0,81766000,85278000.0,2.933,205987000.0,4303000.0,17415000.0,5132000.0,2.519,-47990000.0
85,JKHY,MRT,2000-03-31,2000-03-31,2000-03-31,2021-08-25,0.0,225864000.0,210458500.0,74887000.0,150977000.0,0.955,1.678,-26128000.0,13025000.0,13025000.0,114886000.0,30686000.0,0.867,0.644,30054000.0,29872000.0,182000.0,30054000.0,41300000.0,12332000.0,0.0,0.005,0.085,47581000.0,59913000.0,0.298,59913000.0,47581000.0,46419000.0,0.375,0.37,0.375,137422000.0,125086250.0,137422000.0,1525824461.0,32.0,25.467,18347000.0,0.224,1.0,86017000.0,0.428,69177000.0,1162000.0,87363000.0,86285000.0,0.0,1034000.0,1034000.0,0.0,88442000.0,86353000.0,2089000.0,1491609461.0,-1399000.0,-48991000.0,4801000.0,30281000.0,-6862000.0,28220000.0,-74358000.0,9087000.0,44475000.0,0.0,30686000.0,30686000.0,30686000.0,332000.0,0.0,0.153,40676000.0,45341000.0,6918000.0,0.227,10.854,48.609,49.173,80520000.0,0.0,18.44,7.425,7.517,37803000.0,100982000.0,200903000.0,200903000.0,7205000.0,0.146,0.245,0.551,0.237,805000.0,33471000.0,1.0,80889884.0,81900000,85699000.0,2.453,156687000.0,0.0,15733000.0,3629000.0,1.913,-11466000.0
86,JKHY,MRT,1999-12-31,1999-12-31,1999-12-31,2021-08-25,0.0,233067000.0,198307500.0,86456000.0,146611000.0,0.98,1.536,-35126000.0,3285000.0,3285000.0,113979000.0,28713000.0,0.815,0.863,37500000.0,37500000.0,0.0,37500000.0,51986000.0,10912000.0,0.0,0.006,0.08,44552000.0,55464000.0,0.285,55464000.0,44552000.0,43912000.0,0.353,0.345,0.353,125086000.0,119680250.0,125086000.0,1104021242.0,25.0,19.905,-7032000.0,-0.086,1.0,80349000.0,0.413,71189000.0,640000.0,90019000.0,86356500.0,0.0,6697000.0,6697000.0,0.0,107981000.0,106074000.0,1907000.0,1081429242.0,-31288000.0,-49117000.0,2747000.0,38486000.0,-6433000.0,34800000.0,-94446000.0,-1603000.0,28094000.0,0.0,28713000.0,28713000.0,28713000.0,863000.0,0.0,0.148,37709000.0,42640000.0,9481000.0,0.227,8.645,37.663,38.024,74136000.0,0.0,13.422,5.565,5.623,55672000.0,91514000.0,194328000.0,194328000.0,6210000.0,0.145,0.24,0.516,0.229,805000.0,31499000.0,1.0,80568392.0,81414000,84328000.0,2.387,161878000.0,1858000.0,15199000.0,1907000.0,1.988,-19618000.0
87,JKHY,MRT,1999-09-30,1999-09-30,1999-09-30,2021-08-25,0.0,205080000.0,177235500.0,60994000.0,144086000.0,1.06,1.501,-34850000.0,2408000.0,2408000.0,103756000.0,31383000.0,0.758,0.68,25000000.0,25000000.0,0.0,25000000.0,40096000.0,9060000.0,0.0,0.008,0.076,49200000.0,58260000.0,0.31,58260000.0,49200000.0,49008000.0,0.39,0.378,0.39,122039000.0,112990250.0,122039000.0,739968564.0,15.0,12.701,394000.0,0.005,1.0,84072000.0,0.448,72273000.0,192000.0,74944000.0,74183000.0,0.0,6649000.0,6649000.0,0.0,83041000.0,80455000.0,2586000.0,743153564.0,-36417000.0,-51279000.0,2986000.0,25604000.0,-6062000.0,22528000.0,-94453000.0,-3000.0,35244000.0,0.0,31383000.0,31383000.0,31383000.0,1112000.0,0.0,0.167,36901000.0,47171000.0,4539000.0,0.195,6.089,23.68,23.679,70740000.0,0.0,9.235,3.957,3.998,33666000.0,89129000.0,187828000.0,187828000.0,5570000.0,0.177,0.278,0.663,0.262,805000.0,31331000.0,1.0,80471420.0,81312000,84032000.0,2.31,132807000.0,0.0,17625000.0,5883000.0,1.633,-19461000.0
88,JKHY,MRT,1999-06-30,1999-06-30,1999-06-30,2021-08-25,0.0,177823000.0,158390000.0,78196000.0,99627000.0,1.222,1.435,-38884000.0,3376000.0,3376000.0,107243000.0,31968000.0,1.446,0.536,626000.0,415000.0,211000.0,626000.0,44664000.0,7901000.0,0.0,0.007,0.073,50948000.0,58849000.0,0.304,58849000.0,50948000.0,50855000.0,0.4,0.38,0.4,115798000.0,102983750.0,115798000.0,774020696.0,15.0,13.153,-1643000.0,-0.02,1.0,86284000.0,0.446,28196000.0,93000.0,92814000.0,61204750.0,0.0,6702000.0,6702000.0,0.0,62025000.0,54063000.0,7962000.0,788105696.0,-21357000.0,-5905000.0,3729000.0,-29000.0,-5688000.0,-1988000.0,-56610000.0,-3608000.0,37241000.0,0.0,31968000.0,31968000.0,31968000.0,758000.0,0.0,0.165,36560000.0,49724000.0,5036000.0,0.182,6.806,24.653,24.531,66192000.0,0.0,9.812,4.072,4.09,51602000.0,83383000.0,193527000.0,193527000.0,5183000.0,0.202,0.31,0.832,0.263,805000.0,31377000.0,1.0,80316504.0,80674000,85282000.0,2.399,149627000.0,1807000.0,18887000.0,3215000.0,1.855,24133000.0
89,JKHY,MRT,1999-03-31,1999-03-31,1999-03-31,2021-08-25,0.0,177260000.0,147391750.0,81776000.0,95484000.0,1.361,1.403,-35603000.0,3376000.0,3376000.0,113953000.0,31657000.0,1.394,0.531,626000.0,415000.0,211000.0,626000.0,44664000.0,8020000.0,0.0,0.008,0.069,51084000.0,59104000.0,0.295,59104000.0,51084000.0,50985000.0,0.39,0.375,0.39,115798000.0,94932000.0,115798000.0,699314379.0,14.0,11.832,4394000.0,0.053,1.0,86668000.0,0.432,28196000.0,99000.0,87649000.0,49002750.0,0.0,6702000.0,6702000.0,0.0,61462000.0,58665000.0,2797000.0,733998379.0,-9826000.0,-8308000.0,3721000.0,-607000.0,-5306000.0,-2192000.0,-48421000.0,-3670000.0,39997000.0,0.0,31657000.0,31657000.0,31657000.0,1026000.0,0.0,0.158,36728000.0,49940000.0,5036000.0,0.177,6.339,23.186,23.558,66192000.0,0.0,9.188,3.659,3.779,52239000.0,83383000.0,200621000.0,200621000.0,4194000.0,0.215,0.333,1.042,0.255,0.0,32534000.0,1.0,79890980.0,82524000,87258000.0,2.431,149064000.0,1244000.0,19328000.0,2652000.0,1.806,23111000.0
90,JKHY,MRT,1998-12-31,1998-12-31,1998-12-31,2021-08-25,0.0,148779000.0,124761750.0,75600000.0,73179000.0,1.472,1.233,-21128000.0,34684000.0,34684000.0,101509000.0,29042000.0,1.598,0.513,0.0,0.0,0.0,0.0,35071000.0,10278000.0,0.0,0.005,0.065,47197000.0,57475000.0,0.313,57475000.0,47197000.0,47143000.0,0.362,0.347,0.362,98326000.0,82617250.0,98326000.0,909796005.0,19.0,15.829,19018000.0,0.239,1.0,82119000.0,0.447,25473000.0,54000.0,41325000.0,34558500.0,0.0,1509000.0,1509000.0,0.0,50453000.0,47297000.0,3156000.0,948821005.0,11014000.0,-8039000.0,3848000.0,-428000.0,-4939000.0,-1519000.0,-28135000.0,1842000.0,40146000.0,0.0,29042000.0,29042000.0,29042000.0,686000.0,0.0,0.158,36236000.0,45883000.0,5944000.0,0.18,9.65,32.671,34.358,43951000.0,0.0,12.438,5.167,5.4,27610000.0,69394000.0,183628000.0,183628000.0,4180000.0,0.233,0.352,1.366,0.257,0.0,32056000.0,1.0,76287116.0,79728000,84720000.0,2.303,123306000.0,1477000.0,18101000.0,2526000.0,1.547,28303000.0
91,JKHY,MRT,1998-09-30,1998-09-30,1998-09-30,2021-08-25,0.0,129698000.0,109820500.0,72004000.0,57694000.0,1.561,1.035,-17436000.0,39025000.0,39025000.0,95149000.0,27734000.0,1.594,0.581,0.0,0.0,0.0,0.0,28527000.0,8187000.0,0.0,0.005,0.062,44575000.0,52762000.0,0.308,52762000.0,44575000.0,44541000.0,0.342,0.332,0.342,82013000.0,73489250.0,82013000.0,881805612.0,20.0,16.713,22325000.0,0.282,1.0,76273000.0,0.445,22483000.0,34000.0,23031000.0,30297000.0,0.0,3145000.0,3145000.0,0.0,47685000.0,45159000.0,2526000.0,905111612.0,14425000.0,-5938000.0,2849000.0,-385000.0,-4731000.0,-2267000.0,-23466000.0,623000.0,39761000.0,0.0,27734000.0,27734000.0,27734000.0,383000.0,0.0,0.162,33066000.0,43207000.0,5207000.0,0.181,11.036,32.635,34.905,33888000.0,0.0,11.938,5.28,5.518,22314000.0,61772000.0,171422000.0,171422000.0,4241000.0,0.253,0.377,1.471,0.26,0.0,28825000.0,1.0,75820868.0,79244000,83996000.0,2.163,107215000.0,0.0,16807000.0,7360000.0,1.353,26845000.0
92,JKHY,MRT,1998-06-30,1998-06-30,1998-06-30,2021-08-25,0.0,133830000.0,107949500.0,83393000.0,50437000.0,1.373,1.051,-9949000.0,24733000.0,24733000.0,81009000.0,23537000.0,1.751,0.601,654000.0,415000.0,239000.0,654000.0,33096000.0,6362000.0,0.0,0.007,0.06,37263000.0,43625000.0,0.294,43625000.0,37263000.0,37229000.0,0.295,0.285,0.295,83591000.0,68186500.0,83591000.0,630794266.0,17.0,14.459,15283000.0,0.192,1.0,67226000.0,0.454,18110000.0,34000.0,44006000.0,37096500.0,0.0,3229000.0,3229000.0,0.0,50239000.0,47635000.0,2604000.0,651054266.0,13498000.0,-1046000.0,1664000.0,129000.0,-4528000.0,-2735000.0,-8999000.0,2623000.0,25232000.0,0.0,23537000.0,23537000.0,23537000.0,668000.0,0.0,0.159,30962000.0,36264000.0,8130000.0,0.203,7.789,27.661,29.136,31492000.0,0.0,8.595,4.392,4.612,43348000.0,57122000.0,148235000.0,148235000.0,4163000.0,0.218,0.345,1.004,0.251,0.0,26799000.0,1.0,75748024.0,79540000,83186000.0,1.864,115720000.0,1000.0,13692000.0,2601000.0,1.455,35758000.0
93,JKHY,MRT,1998-03-31,1998-03-31,1998-03-31,2021-08-25,0.0,86740000.0,,42512000.0,44228000.0,,0.845,-12621000.0,20260000.0,20260000.0,87663000.0,22282000.0,2.342,0.304,0.0,0.0,0.0,0.0,12754000.0,9785000.0,0.0,0.006,0.057,34732000.0,44517000.0,0.288,44517000.0,34732000.0,34692000.0,0.282,0.268,0.282,66539000.0,,66539000.0,659322564.0,19.0,14.811,11353000.0,0.144,1.0,67123000.0,0.434,18455000.0,40000.0,29872000.0,,0.0,4186000.0,3018000.0,1168000.0,20201000.0,18153000.0,2048000.0,680070564.0,16158000.0,-835000.0,13911000.0,-3599000.0,-4298000.0,6014000.0,-13411000.0,2871000.0,23974000.0,0.0,22282000.0,22282000.0,22282000.0,848000.0,0.0,0.144,33158000.0,33965000.0,1876000.0,0.202,10.221,30.521,31.915,24605000.0,0.0,9.0,4.394,4.581,14103000.0,48873000.0,154786000.0,154786000.0,4724000.0,,,,0.224,0.0,28434000.0,1.0,75563396.0,78788000,82796000.0,1.965,68285000.0,0.0,12410000.0,2699000.0,0.867,24359000.0
94,JKHY,MRT,1997-12-31,1997-12-31,1997-12-31,2021-08-25,0.0,89014000.0,,45643000.0,43371000.0,,0.79,-12214000.0,20748000.0,20748000.0,81498000.0,20340000.0,1.815,0.44,0.0,0.0,0.0,0.0,17106000.0,5212000.0,0.0,0.008,0.055,31643000.0,36855000.0,0.26,36855000.0,31643000.0,31603000.0,0.26,0.247,0.26,61814000.0,,61814000.0,,,,11385000.0,0.145,1.0,60496000.0,0.426,18835000.0,40000.0,24279000.0,,0.0,4559000.0,3468000.0,1091000.0,27200000.0,25152000.0,2048000.0,514775635.0,16573000.0,-810000.0,13084000.0,-3593000.0,-4024000.0,5467000.0,-12254000.0,3506000.0,23599000.0,0.0,20340000.0,20340000.0,20340000.0,657000.0,0.0,0.143,29485000.0,31011000.0,4641000.0,0.212,8.328,25.309,26.202,23445000.0,0.0,6.812,3.625,3.755,16897000.0,44898000.0,141994000.0,141994000.0,4016000.0,,,,0.223,0.0,25469000.0,1.0,75563396.0,78264000,81748000.0,1.814,70179000.0,0.0,11263000.0,3002000.0,0.897,20491000.0
95,JKHY,MRT,1997-09-30,1997-09-30,1997-09-30,2021-08-25,,,,,,,,,,,73156000.0,18405000.0,,,,,,,,,,0.008,0.052,28841000.0,,,,28841000.0,28801000.0,0.242,0.23,0.242,,,,,,,,,1.0,54809000.0,0.428,,40000.0,,,,,,,,,,,,,,,,,,,,,18405000.0,18405000.0,18405000.0,861000.0,0.0,0.144,26242000.0,28567000.0,,0.215,,,27.252,,0.0,6.595,,3.864,,,127965000.0,127965000.0,3421000.0,,,,0.225,,22821000.0,1.0,,74976000,78132000.0,1.707,,,10396000.0,,,
96,JKHY,MRT,1997-06-30,1997-06-30,1997-06-30,2021-08-25,0.0,82069000.0,,42729000.0,39340000.0,,0.694,-13714000.0,7948000.0,7948000.0,73017000.0,18042000.0,1.569,0.555,0.0,0.0,0.0,0.0,20680000.0,5212000.0,0.0,0.008,0.05,28267000.0,33479000.0,0.265,33479000.0,28267000.0,28227000.0,0.235,0.225,0.235,52782000.0,,52782000.0,,,,5423000.0,0.071,1.0,53239000.0,0.422,16695000.0,40000.0,30187000.0,,0.0,5919000.0,5919000.0,0.0,29287000.0,27239000.0,2048000.0,,4693000.0,-282000.0,12389000.0,-3585000.0,-3631000.0,5173000.0,-19617000.0,-2885000.0,19137000.0,0.0,18042000.0,18042000.0,18042000.0,450000.0,0.0,0.143,25369000.0,27870000.0,2911000.0,0.213,,,25.798,21869000.0,0.0,6.062,,3.652,22703000.0,38146000.0,126256000.0,126256000.0,3012000.0,,,,0.224,0.0,22357000.0,1.0,,76050000,80428000.0,1.66,65374000.0,1982000.0,10185000.0,2048000.0,0.86,15490000.0
97,JKHY,MRT,1997-03-31,1997-03-31,1997-03-31,2021-08-25,,,,,,,,,,,,,,,,,,,,,,0.009,0.048,,,,,,,,,,,,,,,,,,1.0,,,,,,,,,,,,,,,,,,,,,,,,,,,,,,,,,,,,,,,,5.562,,,,,,,,,,,,,,1.0,,71768000,,,,,,,,
98,JKHY,MRT,1996-12-31,1996-12-31,1996-12-31,2021-08-25,,,,,,,,,,,,,,,,,,,,,,0.008,0.047,,,,,,,,,,,,,,,,,,1.0,,,,,,,,,,,,,,,,,,,,,,,,,,,,,,,,,,,,,,,,5.958,,,,,,,,,,,,,,1.0,,71704000,,,,,,,,
99,JKHY,MRT,1996-06-30,1996-06-30,1996-06-30,2021-08-25,,,,,,,,-5443000.0,,,33593000.0,9648000.0,,,,,,,,0.0,,0.008,0.043,16712000.0,16712000.0,0.247,16712000.0,16712000.0,17253000.0,0.138,0.128,0.138,,,,,,,9077000.0,0.129,1.0,33965000.0,0.503,,-541000.0,,,,,,,,,,,1529000.0,0.0,-222000.0,0.0,-3002000.0,-3224000.0,-9767000.0,2443000.0,14520000.0,0.0,9648000.0,9648000.0,9648000.0,2620000.0,0.0,0.143,14759000.0,19206000.0,,0.312,,,39.553,,0.0,5.458,,5.706,,,67558000.0,67558000.0,1775000.0,,,,0.247,0.0,12984000.0,1.0,,70624000,74904000.0,0.957,,,7605000.0,,,
