None,ticker,dimension,calendardate,datekey,reportperiod,lastupdated,accoci,assets,assetsavg,assetsc,assetsnc,assetturnover,bvps,capex,cashneq,cashnequsd,cor,consolinc,currentratio,de,debt,debtc,debtnc,debtusd,deferredrev,depamor,deposits,divyield,dps,ebit,ebitda,ebitdamargin,ebitdausd,ebitusd,ebt,eps,epsdil,epsusd,equity,equityavg,equityusd,ev,evebit,evebitda,fcf,fcfps,fxusd,gp,grossmargin,intangibles,intexp,invcap,invcapavg,inventory,investments,investmentsc,investmentsnc,liabilities,liabilitiesc,liabilitiesnc,marketcap,ncf,ncfbus,ncfcommon,ncfdebt,ncfdiv,ncff,ncfi,ncfinv,ncfo,ncfx,netinc,netinccmn,netinccmnusd,netincdis,netincnci,netmargin,opex,opinc,payables,payoutratio,pb,pe,pe1,ppnenet,prefdivis,price,ps,ps1,receivables,retearn,revenue,revenueusd,rnd,roa,roe,roic,ros,sbcomp,sgna,sharefactor,sharesbas,shareswa,shareswadil,sps,tangibles,taxassets,taxexp,taxliabilities,tbvps,workingcapital
0,BRCM,MRY,2014-12-31,2014-12-31,2014-12-31,2019-04-17,-89000000.0,12471000000.0,12141000000.0,5072000000.0,7399000000.0,0.694,15.341,-262000000.0,2545000000.0,2545000000.0,4098000000.0,652000000.0,3.272,0.378,1593000000.0,0.0,1593000000.0,1593000000.0,36000000.0,392000000.0,0.0,0.011,0.48,703000000.0,1095000000.0,0.13,1095000000.0,703000000.0,667000000.0,1.11,1.08,1.11,9051000000.0,8739000000.0,9051000000.0,24990360000.0,36.0,22.822,1663000000.0,2.819,1.0,4330000000.0,0.514,4374000000.0,36000000.0,5595000000.0,5073750000.0,531000000.0,3444000000.0,1061000000.0,2383000000.0,3420000000.0,1550000000.0,1870000000.0,25651360000.0,888000000.0,78000000.0,95000000.0,192000000.0,-283000000.0,-123000000.0,-914000000.0,-730000000.0,1925000000.0,0.0,652000000.0,652000000.0,652000000.0,0.0,0.0,0.077,3636000000.0,694000000.0,503000000.0,0.432,2.834,39.343,39.036,516000000.0,0.0,43.33,3.044,3.033,804000000.0,-3455000000.0,8428000000.0,8428000000.0,2373000000.0,0.054,0.075,0.139,0.083,437000000.0,716000000.0,1.0,592000000.0,590000000.0,601000000.0,14.285,8097000000.0,0.0,15000000.0,0.0,13.724,3522000000.0
1,BRCM,MRY,2013-12-31,2013-12-31,2013-12-31,2019-04-17,3000000.0,11495000000.0,11362000000.0,3915000000.0,7580000000.0,0.731,14.584,-228000000.0,1657000000.0,1657000000.0,4088000000.0,424000000.0,2.617,0.373,1394000000.0,0.0,1394000000.0,1394000000.0,21000000.0,401000000.0,0.0,0.015,0.44,475000000.0,876000000.0,0.105,876000000.0,475000000.0,445000000.0,0.74,0.73,0.74,8371000000.0,8054000000.0,8371000000.0,17008360000.0,36.0,19.416,1557000000.0,2.713,1.0,4217000000.0,0.508,4937000000.0,30000000.0,4799000000.0,4646000000.0,525000000.0,2714000000.0,775000000.0,1939000000.0,3124000000.0,1496000000.0,1628000000.0,16838360000.0,40000000.0,-157000000.0,-65000000.0,-300000000.0,-254000000.0,-749000000.0,-996000000.0,-611000000.0,1785000000.0,0.0,424000000.0,424000000.0,424000000.0,0.0,0.0,0.051,3745000000.0,472000000.0,585000000.0,0.595,2.012,39.713,40.061,593000000.0,0.0,29.645,2.027,2.049,795000000.0,-4107000000.0,8305000000.0,8305000000.0,2486000000.0,0.037,0.053,0.102,0.057,518000000.0,706000000.0,1.0,568000000.0,574000000.0,584000000.0,14.469,6558000000.0,0.0,21000000.0,0.0,11.425,2419000000.0
2,BRCM,MRY,2012-12-31,2012-12-31,2012-12-31,2019-04-17,-33000000.0,11208000000.0,10389250000.0,3781000000.0,7427000000.0,0.771,14.048,-244000000.0,1617000000.0,1617000000.0,4027000000.0,719000000.0,2.248,0.43,1693000000.0,300000000.0,1393000000.0,1693000000.0,22000000.0,445000000.0,0.0,0.012,0.4,686000000.0,1131000000.0,0.141,1131000000.0,686000000.0,656000000.0,1.29,1.25,1.29,7839000000.0,7325750000.0,7839000000.0,19007440000.0,28.0,16.806,1687000000.0,3.023,1.0,3979000000.0,0.497,5512000000.0,30000000.0,4090000000.0,3402250000.0,527000000.0,2105000000.0,757000000.0,1348000000.0,3369000000.0,1682000000.0,1687000000.0,18730440000.0,-2529000000.0,-3555000000.0,278000000.0,435000000.0,-224000000.0,336000000.0,-4796000000.0,-997000000.0,1931000000.0,0.0,719000000.0,719000000.0,719000000.0,0.0,0.0,0.09,3303000000.0,676000000.0,549000000.0,0.31,2.389,26.051,25.744,485000000.0,0.0,33.21,2.34,2.315,740000000.0,-4531000000.0,8006000000.0,8006000000.0,2318000000.0,0.069,0.098,0.202,0.086,543000000.0,696000000.0,1.0,564000000.0,558000000.0,576000000.0,14.348,5696000000.0,0.0,-63000000.0,0.0,10.208,2099000000.0
3,BRCM,MRY,2011-12-31,2011-12-31,2011-12-31,2019-04-17,-50000000.0,9040000000.0,8226750000.0,5752000000.0,3288000000.0,0.898,12.098,-163000000.0,4146000000.0,4146000000.0,3626000000.0,927000000.0,5.234,0.386,1196000000.0,0.0,1196000000.0,1196000000.0,21000000.0,192000000.0,0.0,0.015,0.45,961000000.0,1153000000.0,0.156,1153000000.0,961000000.0,956000000.0,1.72,1.65,1.72,6521000000.0,6082750000.0,6521000000.0,14190040000.0,15.0,12.307,1675000000.0,3.108,1.0,3763000000.0,0.509,2187000000.0,5000000.0,2804000000.0,3257250000.0,421000000.0,1059000000.0,383000000.0,676000000.0,2519000000.0,1099000000.0,1420000000.0,15825040000.0,2524000000.0,-347000000.0,-322000000.0,494000000.0,-194000000.0,-177000000.0,863000000.0,1375000000.0,1838000000.0,0.0,927000000.0,927000000.0,927000000.0,0.0,0.0,0.125,2810000000.0,953000000.0,442000000.0,0.262,2.427,17.071,17.07,368000000.0,0.0,29.36,2.142,2.142,678000000.0,-5250000000.0,7389000000.0,7389000000.0,1983000000.0,0.113,0.152,0.295,0.13,513000000.0,682000000.0,1.0,539000000.0,539000000.0,563000000.0,13.709,6853000000.0,0.0,29000000.0,0.0,12.714,4653000000.0
4,BRCM,MRY,2010-12-31,2010-12-31,2010-12-31,2019-04-17,9000000.0,7944000000.0,6301688750.0,4184000000.0,3760000000.0,1.082,11.469,-109000000.0,1622000000.0,1622000000.0,3284000000.0,1082000000.0,3.292,0.364,697000000.0,0.0,697000000.0,697000000.0,55000000.0,138000000.0,0.0,0.007,0.32,1089000000.0,1227000000.0,0.18,1227000000.0,1089000000.0,1098000000.0,2.13,1.99,2.13,5826000000.0,4833715500.0,5826000000.0,21038595000.0,19.0,17.146,1262000000.0,2.484,1.0,3534000000.0,0.518,2043000000.0,-9000000.0,3705000000.0,2134537500.0,598000000.0,2436000000.0,1035000000.0,1401000000.0,2118000000.0,1271000000.0,847000000.0,22284535000.0,225000000.0,-599000000.0,656000000.0,677000000.0,-164000000.0,1033000000.0,-2179000000.0,-1467000000.0,1371000000.0,0.0,1082000000.0,1082000000.0,1082000000.0,0.0,0.0,0.159,2452000000.0,1082000000.0,604000000.0,0.15,3.825,20.596,20.446,266000000.0,0.0,43.55,3.268,3.245,820000000.0,-6177000000.0,6818000000.0,6818000000.0,1763000000.0,0.172,0.224,0.51,0.16,484000000.0,589000000.0,1.0,511700000.0,508000000.0,545000000.0,13.421,5901000000.0,0.0,16000000.0,0.0,11.616,2913000000.0
5,BRCM,MRY,2009-12-31,2009-12-31,2009-12-31,2019-04-17,-2195000.0,5127242000.0,4778753500.0,2914332000.0,2212910000.0,0.94,7.878,-67000000.0,1397093000.0,1397093000.0,2211000000.0,65000000.0,2.538,0.317,0.0,0.0,0.0,0.0,87996000.0,105000000.0,0.0,0.0,0.0,58000000.0,163000000.0,0.036,163000000.0,58000000.0,72000000.0,0.13,0.13,0.13,3891846000.0,3785854750.0,3891846000.0,14235576000.0,245.0,87.335,920000000.0,1.862,1.0,2279000000.0,0.508,1480541000.0,-14000000.0,1101258000.0,1116589250.0,362428000.0,970897000.0,532281000.0,438616000.0,1235396000.0,1148350000.0,87046000.0,15580797000.0,206000000.0,-165000000.0,-195000000.0,0.0,0.0,-279000000.0,-502000000.0,-270000000.0,987000000.0,0.0,65000000.0,65000000.0,65000000.0,0.0,0.0,0.014,2223000000.0,56000000.0,437353000.0,0.0,4.003,239.705,242.077,229317000.0,0.0,31.47,3.47,3.462,508627000.0,-7259069000.0,4490000000.0,4490000000.0,1535000000.0,0.014,0.017,0.052,0.013,497000000.0,479000000.0,1.0,495100000.0,494000000.0,513000000.0,9.089,3646701000.0,0.0,7000000.0,0.0,7.382,1765982000.0
6,BRCM,MRY,2008-12-31,2008-12-31,2008-12-31,2019-04-17,1033000.0,4393265000.0,4644206250.0,2751213000.0,1642052000.0,1.003,7.036,-82808000.0,1190645000.0,1190645000.0,2213015000.0,214794000.0,3.837,0.218,0.0,0.0,0.0,0.0,16236000.0,97485000.0,0.0,0.0,0.0,170114000.0,267599000.0,0.057,267599000.0,170114000.0,222315000.0,0.42,0.41,0.42,3607067000.0,3783349000.0,3607067000.0,7187327000.0,42.0,26.859,836807000.0,1.632,1.0,2445110000.0,0.525,1341201000.0,-52201000.0,1144316000.0,858507500.0,366106000.0,707477000.0,707477000.0,0.0,786198000.0,717103000.0,69095000.0,8663185000.0,-995927000.0,-170541000.0,-1112099000.0,0.0,0.0,-1170160000.0,-745382000.0,-492033000.0,919615000.0,0.0,214794000.0,214794000.0,214794000.0,0.0,0.0,0.046,2272980000.0,172130000.0,310487000.0,0.0,2.402,40.333,40.405,234691000.0,0.0,16.97,1.86,1.868,372311000.0,-7324330000.0,4658125000.0,4658125000.0,1497668000.0,0.046,0.057,0.198,0.037,509374000.0,543117000.0,1.0,510500000.0,512648000.0,524208000.0,9.086,3052064000.0,0.0,7521000.0,0.0,5.954,2034110000.0
7,BRCM,MRY,2007-12-31,2007-12-31,2007-12-31,2019-04-17,-824000.0,4838193000.0,4775307500.0,3054280000.0,1783913000.0,0.791,7.441,-150427000.0,2186572000.0,2186572000.0,1832178000.0,213342000.0,4.181,0.199,0.0,0.0,0.0,0.0,23972000.0,78594000.0,0.0,0.0,0.0,88387000.0,166981000.0,0.044,166981000.0,88387000.0,219456000.0,0.39,0.37,0.39,4036148000.0,3998183500.0,4036148000.0,12099298000.0,137.0,72.459,674890000.0,1.244,1.0,1944217000.0,0.515,1423328000.0,-131069000.0,497729000.0,625160250.0,231313000.0,217080000.0,141728000.0,75352000.0,802045000.0,730564000.0,71481000.0,14136512000.0,28462000.0,-219324000.0,-781584000.0,0.0,0.0,-851260000.0,54405000.0,423844000.0,825317000.0,0.0,213342000.0,213342000.0,213342000.0,0.0,0.0,0.056,1859242000.0,84975000.0,313621000.0,0.0,3.502,66.262,67.026,241803000.0,0.0,26.14,3.743,3.755,369004000.0,-7539124000.0,3776395000.0,3776395000.0,1348508000.0,0.045,0.053,0.141,0.023,519652000.0,492737000.0,1.0,540800000.0,542412000.0,577682000.0,6.962,3414865000.0,0.0,6114000.0,0.0,6.296,2323716000.0
8,BRCM,MRY,2006-12-31,2006-12-31,2006-12-31,2019-04-17,-95000.0,4876766000.0,4588004250.0,3351788000.0,1524978000.0,0.799,7.681,-92477000.0,2158110000.0,2158110000.0,1795565000.0,379041000.0,4.939,0.163,0.0,0.0,0.0,0.0,1873000.0,55731000.0,0.0,0.0,0.0,247644000.0,303375000.0,0.083,303375000.0,247644000.0,366641000.0,0.69,0.64,0.69,4191666000.0,3932563500.0,4191666000.0,15750481000.0,64.0,51.918,794908000.0,1.457,1.0,1872253000.0,0.51,1214174000.0,-118997000.0,825781000.0,772247000.0,202794000.0,643488000.0,522340000.0,121148000.0,685100000.0,678701000.0,6399000.0,17618643000.0,720834000.0,-70050000.0,228985000.0,-4625000.0,0.0,198929000.0,-365480000.0,-202953000.0,887385000.0,0.0,379041000.0,379041000.0,379041000.0,0.0,0.0,0.103,1624609000.0,247644000.0,307972000.0,0.0,4.203,46.482,46.826,164699000.0,0.0,32.31,4.804,4.807,382823000.0,-7757202000.0,3667818000.0,3667818000.0,1117014000.0,0.083,0.096,0.321,0.068,468364000.0,504012000.0,1.0,545300000.0,545724000.0,588318000.0,6.721,3662592000.0,0.0,-12400000.0,0.0,6.711,2673087000.0
9,BRCM,MRY,2005-12-31,2005-12-31,2005-12-31,2019-04-17,1108000.0,3752199000.0,3377603000.0,2335876000.0,1416323000.0,0.791,6.177,-41767000.0,1437276000.0,1437276000.0,1267799000.0,367089000.0,3.896,0.195,0.0,0.0,0.0,0.0,2053000.0,68527000.0,0.0,0.0,0.0,295662000.0,364189000.0,0.136,364189000.0,295662000.0,346869000.0,0.72,0.66,0.72,3140567000.0,2756858750.0,3140567000.0,15097754790.0,51.0,41.456,404941000.0,0.796,1.0,1402989000.0,0.525,1156934000.0,-51207000.0,558495000.0,507028000.0,194571000.0,438245000.0,295402000.0,142843000.0,611632000.0,599494000.0,12138000.0,16232875790.0,578684000.0,-111454000.0,304327000.0,-2482000.0,0.0,305057000.0,-173081000.0,-19860000.0,446708000.0,0.0,367089000.0,367089000.0,367089000.0,0.0,0.0,0.137,1107327000.0,295662000.0,289069000.0,0.0,5.169,44.221,43.657,96438000.0,0.0,31.433,6.078,5.984,302613000.0,-8136243000.0,2670788000.0,2670788000.0,681047000.0,0.109,0.133,0.583,0.111,102015000.0,274260000.0,1.0,516422348.0,508467000.0,557838000.0,5.253,2595265000.0,0.0,-20220000.0,0.0,5.104,1736382000.0
10,BRCM,MRY,2004-12-31,2004-12-31,2004-12-31,2019-04-17,1099000.0,2885839000.0,2616906000.0,1584442000.0,1301397000.0,0.917,4.933,-49931000.0,858592000.0,858592000.0,1196767000.0,173185000.0,3.173,0.221,0.0,0.0,0.0,0.0,3648000.0,91690000.0,0.0,0.0,0.0,214257000.0,305947000.0,0.127,305947000.0,214257000.0,229267000.0,0.36,0.33,0.36,2363743000.0,2036299250.0,2363743000.0,9843193564.0,46.0,32.173,451907000.0,0.943,1.0,1203843000.0,0.501,1079262000.0,-15010000.0,448642000.0,337404000.0,128294000.0,416959000.0,324041000.0,92918000.0,522096000.0,499343000.0,22753000.0,10622706564.0,299923000.0,-74846000.0,253323000.0,-2203000.0,0.0,254105000.0,-456020000.0,-331243000.0,501838000.0,0.0,173185000.0,173185000.0,173185000.0,0.0,0.0,0.072,989586000.0,214257000.0,171248000.0,0.0,4.494,61.337,59.778,107160000.0,0.0,21.52,4.425,4.295,197180000.0,-8503332000.0,2400610000.0,2400610000.0,598697000.0,0.066,0.085,0.635,0.089,200199000.0,244037000.0,1.0,493620194.0,479163000.0,523345000.0,5.01,1806577000.0,0.0,56082000.0,0.0,3.77,1085099000.0
11,BRCM,MRY,2003-12-31,2003-12-31,2003-12-31,2019-04-17,635000.0,2017622000.0,1999417500.0,995803000.0,1021819000.0,0.805,3.401,-47932000.0,558669000.0,558669000.0,866359000.0,-1293871000.0,1.977,0.354,0.0,0.0,0.0,0.0,963000.0,90948000.0,0.0,0.0,0.0,-1275572000.0,-1184624000.0,-0.736,-1184624000.0,-1275572000.0,-1268744000.0,-2.95,-2.95,-2.95,1489805000.0,1426633250.0,1489805000.0,9860677267.0,-8.0,-8.324,-17293000.0,-0.039,1.0,743736000.0,0.462,834319000.0,-6828000.0,121058000.0,71234750.0,104047000.0,83701000.0,47296000.0,36405000.0,527817000.0,503576000.0,24241000.0,10302349267.0,169114000.0,-5862000.0,207495000.0,-113470000.0,0.0,95966000.0,42509000.0,96303000.0,30639000.0,0.0,-1293871000.0,-1293871000.0,-1293871000.0,0.0,0.0,-0.804,2019308000.0,-1275572000.0,219064000.0,0.0,6.915,-7.962,-7.688,142113000.0,0.0,22.68,6.399,6.17,209218000.0,-6546280000.0,1610095000.0,1610095000.0,732386000.0,-0.647,-0.907,-17.907,-0.792,822037000.0,259258000.0,1.0,454248204.0,438013000.0,438013000.0,3.676,1183303000.0,0.0,25127000.0,0.0,2.702,492227000.0
12,BRCM,MRY,2002-12-31,2002-12-31,2002-12-31,2019-04-17,246000.0,2216153000.0,3356230500.0,721784000.0,1494369000.0,0.323,4.091,-75182000.0,389555000.0,389555000.0,604397000.0,-2236576000.0,1.352,0.348,113470000.0,112258000.0,1212000.0,113470000.0,15129000.0,147128000.0,0.0,0.0,0.0,-1951165000.0,-1804037000.0,-1.666,-1804037000.0,-1951165000.0,-1938982000.0,-5.567,-5.567,-5.567,1644521000.0,2825774000.0,1644521000.0,3880107370.0,-2.0,-2.151,-144373000.0,-0.359,1.0,478551000.0,0.442,1252639000.0,-12183000.0,153412000.0,437699250.0,46036000.0,153352000.0,113148000.0,40204000.0,571632000.0,534017000.0,37615000.0,4154494370.0,-14203000.0,839000.0,44055000.0,-13713000.0,0.0,32541000.0,22447000.0,96790000.0,-69191000.0,0.0,-2236576000.0,-2236576000.0,-2236576000.0,0.0,0.0,-2.065,2429716000.0,-1951165000.0,168236000.0,0.0,2.526,-1.858,-1.803,177557000.0,0.0,10.04,3.836,3.727,115368000.0,-5586415000.0,1082948000.0,1082948000.0,461804000.0,-0.666,-0.791,-4.458,-1.802,372707000.0,165267000.0,1.0,413794260.0,401985000.0,401985000.0,2.694,963514000.0,0.0,297594000.0,0.0,2.397,187767000.0
13,BRCM,MRY,2001-12-31,2001-12-31,2001-12-31,2019-04-17,6906000.0,3631409000.0,4462103000.0,681842000.0,2949567000.0,0.216,8.418,-71373000.0,403758000.0,403758000.0,557733000.0,-2742048000.0,1.636,0.132,118046000.0,114040000.0,4006000.0,118046000.0,29495000.0,888987000.0,0.0,0.0,0.0,-2821796000.0,-1932809000.0,-2.01,-1932809000.0,-2821796000.0,-2798777000.0,-7.193,-7.193,-7.193,3207410000.0,4038901250.0,3207410000.0,10431573005.0,-4.0,-5.397,-22319000.0,-0.059,1.0,404088000.0,0.42,2338740000.0,-23019000.0,590222000.0,637791500.0,22267000.0,245795000.0,136028000.0,109767000.0,423999000.0,416735000.0,7264000.0,10720951005.0,-120146000.0,41008000.0,59815000.0,-38580000.0,0.0,47611000.0,-216811000.0,-186446000.0,49054000.0,0.0,-2742048000.0,-2742048000.0,-2742048000.0,0.0,0.0,-2.851,3225884000.0,-2821796000.0,103032000.0,0.0,3.343,-3.91,-3.788,157336000.0,0.0,27.247,11.147,10.794,50846000.0,-3349839000.0,961821000.0,961821000.0,446648000.0,-0.615,-0.679,-4.424,-2.934,499940000.0,155448000.0,1.0,393477527.0,381031500.0,381031500.0,2.524,1292669000.0,289567000.0,-56729000.0,0.0,3.393,265107000.0
14,BRCM,MRY,2000-12-31,2000-12-31,2000-12-31,2019-04-17,-3811000.0,4677822000.0,2039379750.0,875654000.0,3802168000.0,0.537,13.555,-80666000.0,523904000.0,523904000.0,484219000.0,-687822000.0,4.323,0.045,23649000.0,23649000.0,0.0,23649000.0,6438000.0,164998000.0,0.0,0.0,0.0,-716074000.0,-551076000.0,-0.503,-551076000.0,-716074000.0,-691775000.0,-2.087,-2.087,-2.087,4475260000.0,1900587000.0,4475260000.0,19381088800.0,-27.0,-35.17,81303000.0,0.246,1.0,611941000.0,0.558,3260464000.0,-24299000.0,714541000.0,570166000.0,52137000.0,79666000.0,77682000.0,1984000.0,202562000.0,202562000.0,0.0,19757047800.0,343088000.0,69402000.0,144623000.0,-6046000.0,0.0,178094000.0,3025000.0,14289000.0,161969000.0,0.0,-687822000.0,-687822000.0,-687822000.0,0.0,0.0,-0.627,1328015000.0,-716074000.0,78163000.0,0.0,4.415,-28.724,-26.833,132870000.0,0.0,56.0,18.024,16.867,157739000.0,-607791000.0,1096160000.0,1096160000.0,250676000.0,-0.337,-0.362,-1.256,-0.653,241840000.0,103305000.0,1.0,352804425.0,330151500.0,330151500.0,3.32,1417358000.0,362334000.0,-3953000.0,0.0,4.293,673092000.0
15,BRCM,MRY,1999-12-31,1999-12-31,1999-12-31,2019-04-17,-11000.0,609753000.0,421120000.0,403506000.0,206247000.0,1.238,1.709,-31278000.0,180816000.0,180816000.0,211991000.0,72471000.0,4.344,0.18,0.0,0.0,0.0,0.0,0.0,16070000.0,0.0,0.0,0.0,92913000.0,108983000.0,0.209,108983000.0,92913000.0,101301000.0,0.24,0.207,0.24,516872000.0,351672750.0,516872000.0,28221496966.0,304.0,258.953,78037000.0,0.258,1.0,309234000.0,0.593,0.0,-8388000.0,336056000.0,227594500.0,19177000.0,99410000.0,90059000.0,9351000.0,92881000.0,92881000.0,0.0,28368142966.0,103261000.0,0.0,56597000.0,-6949000.0,0.0,50964000.0,-57018000.0,-25740000.0,109315000.0,0.0,72471000.0,72471000.0,72471000.0,0.0,0.0,0.139,216321000.0,92913000.0,46458000.0,0.0,54.884,391.441,378.333,51151000.0,0.0,90.8,54.426,52.697,90303000.0,80031000.0,521225000.0,521225000.0,119300000.0,0.172,0.206,0.408,0.178,56366000.0,61475000.0,1.0,312424482.0,302500500.0,353476500.0,1.723,609753000.0,146159000.0,28830000.0,0.0,2.016,310625000.0
16,BRCM,MRY,1998-12-31,1998-12-31,1998-12-31,2019-04-17,0.0,260581000.0,160155500.0,172644000.0,87937000.0,1.353,0.847,-29890000.0,72511000.0,72511000.0,91403000.0,21389000.0,4.213,0.209,11352000.0,7252000.0,4100000.0,11352000.0,0.0,9718000.0,0.0,0.0,0.0,39840000.0,49558000.0,0.229,49558000.0,39840000.0,39840000.0,0.087,0.067,0.087,215503000.0,131818500.0,215503000.0,5347709588.0,134.0,107.908,-16401000.0,-0.064,1.0,125326000.0,0.578,0.0,0.0,158444000.0,84265750.0,7325000.0,77170000.0,34344000.0,42826000.0,45078000.0,40978000.0,4100000.0,5390305588.0,43043000.0,0.0,135566000.0,238000.0,0.0,136614000.0,-107060000.0,-77170000.0,13489000.0,0.0,21389000.0,21389000.0,21389000.0,0.0,0.0,0.099,89666000.0,35660000.0,22374000.0,0.0,25.013,252.013,231.418,31600000.0,0.0,20.133,24.871,23.649,39536000.0,18240000.0,216729000.0,216729000.0,54285000.0,0.134,0.162,0.473,0.184,27071000.0,33595000.0,1.0,267730410.0,254574000.0,308266500.0,0.851,260581000.0,15974000.0,18451000.0,0.0,1.024,131666000.0
17,BRCM,MRY,1997-12-31,1997-12-31,1997-12-31,2019-04-17,0.0,45244000.0,29805500.0,36519000.0,8725000.0,1.421,0.191,-8100000.0,22116000.0,22116000.0,15563000.0,-5929000.0,3.56,0.355,2693000.0,1098000.0,1595000.0,2693000.0,0.0,3364000.0,0.0,,0.0,-6086000.0,-2722000.0,-0.064,-2722000.0,-6086000.0,-6086000.0,-0.033,-0.033,-0.033,33392000.0,21581000.0,33392000.0,,,,-14823000.0,-0.085,1.0,26778000.0,0.632,0.0,0.0,15564000.0,10520000.0,2705000.0,0.0,0.0,0.0,11852000.0,10257000.0,1595000.0,,23251000.0,0.0,12666000.0,2684000.0,0.0,38074000.0,-8100000.0,0.0,-6723000.0,0.0,-5929000.0,-5929000.0,-5929000.0,0.0,0.0,-0.14,32955000.0,-6177000.0,7380000.0,0.0,,,,8449000.0,0.0,,,,6551000.0,2098000.0,42341000.0,42341000.0,21545000.0,-0.199,-0.275,-0.579,-0.144,0.0,11410000.0,1.0,,174511500.0,174511500.0,0.243,45244000.0,1523000.0,-157000.0,0.0,0.259,26262000.0
18,BRCM,MRY,1996-12-31,1996-12-31,1996-12-31,2019-04-17,0.0,14367000.0,,9979000.0,4388000.0,,0.065,-3747000.0,4657000.0,4657000.0,7860000.0,3016000.0,2.242,0.471,216000.0,69000.0,147000.0,216000.0,0.0,897000.0,0.0,,0.0,4515000.0,5412000.0,0.253,5412000.0,4515000.0,4515000.0,0.02,0.017,0.02,9770000.0,,9770000.0,,,,-548000.0,-0.004,1.0,13510000.0,0.632,0.0,0.0,5476000.0,,854000.0,0.0,0.0,0.0,4597000.0,4450000.0,147000.0,,2667000.0,0.0,345000.0,-64000.0,0.0,3215000.0,-3747000.0,0.0,3199000.0,0.0,3016000.0,3016000.0,3016000.0,0.0,0.0,0.141,9208000.0,4302000.0,2140000.0,0.0,,,,4298000.0,0.0,,,,-748000.0,3271000.0,21370000.0,21370000.0,5662000.0,,,,0.211,0.0,3546000.0,1.0,,149637000.0,198861000.0,0.143,14367000.0,519000.0,1499000.0,1812000.0,0.096,5529000.0
19,BRCM,MRY,1995-12-31,1995-12-31,1995-12-31,2019-04-17,,,,,,,,-1112000.0,,,1398000.0,4000.0,,,,,,,,451000.0,,,0.0,7000.0,458000.0,0.075,458000.0,7000.0,7000.0,0.0,0.0,0.0,,,,,,,-55000.0,,1.0,4709000.0,0.771,,0.0,,,,,,,,,,,1890000.0,0.0,0.0,-48000.0,0.0,949000.0,-116000.0,996000.0,1057000.0,0.0,4000.0,4000.0,4000.0,0.0,0.0,0.001,4822000.0,-113000.0,,,,,,,0.0,,,,,,6107000.0,6107000.0,2687000.0,,,,0.001,0.0,2135000.0,,,,,,,,3000.0,,,
0,BRCM,MRQ,2015-09-30,2015-09-30,2015-09-30,2019-04-17,-99000000.0,13235000000.0,,5113000000.0,8122000000.0,,16.429,-81000000.0,2212000000.0,2212000000.0,1015000000.0,429000000.0,3.598,0.325,1594000000.0,0.0,1594000000.0,1594000000.0,41000000.0,72000000.0,0.0,0.01,0.14,442000000.0,514000000.0,0.235,514000000.0,442000000.0,441000000.0,0.71,0.69,0.71,9989000000.0,,9989000000.0,30836010000.0,21.0,17.402,402000000.0,0.661,1.0,1172000000.0,0.536,4127000000.0,1000000.0,7069000000.0,,552000000.0,4432000000.0,1252000000.0,3180000000.0,3246000000.0,1421000000.0,1825000000.0,31218010000.0,236000000.0,-3000000.0,19000000.0,0.0,-86000000.0,-103000000.0,-144000000.0,-60000000.0,483000000.0,0.0,429000000.0,429000000.0,429000000.0,0.0,0.0,0.196,736000000.0,436000000.0,516000000.0,0.197,3.125,22.078,21.792,656000000.0,0.0,51.43,3.68,3.686,966000000.0,-2431000000.0,2187000000.0,2187000000.0,542000000.0,,,,,85000000.0,177000000.0,1.0,607000000.0,608000000.0,620000000.0,3.597,9108000000.0,0.0,12000000.0,0.0,14.98,3692000000.0
1,BRCM,MRQ,2015-06-30,2015-06-30,2015-06-30,2019-04-17,-74000000.0,12990000000.0,,4863000000.0,8127000000.0,,15.952,-17000000.0,1976000000.0,1976000000.0,939000000.0,386000000.0,3.146,0.353,1594000000.0,0.0,1594000000.0,1594000000.0,36000000.0,76000000.0,0.0,0.01,0.14,397000000.0,473000000.0,0.226,473000000.0,397000000.0,394000000.0,0.64,0.63,0.64,9603000000.0,,9603000000.0,30707020000.0,27.0,20.832,785000000.0,1.304,1.0,1157000000.0,0.552,4179000000.0,3000000.0,6883000000.0,,612000000.0,4369000000.0,1208000000.0,3161000000.0,3387000000.0,1546000000.0,1841000000.0,30791020000.0,299000000.0,0.0,199000000.0,0.0,-84000000.0,80000000.0,-583000000.0,-566000000.0,802000000.0,0.0,386000000.0,386000000.0,386000000.0,0.0,0.0,0.184,755000000.0,402000000.0,594000000.0,0.219,3.206,28.431,28.291,626000000.0,0.0,51.49,3.598,3.622,922000000.0,-2860000000.0,2096000000.0,2096000000.0,538000000.0,,,,,86000000.0,188000000.0,1.0,598000000.0,602000000.0,616000000.0,3.482,8811000000.0,0.0,8000000.0,0.0,14.636,3317000000.0
2,BRCM,MRQ,2015-03-31,2015-03-31,2015-03-31,2019-04-17,-104000000.0,12062000000.0,,4556000000.0,7506000000.0,,15.003,-156000000.0,1677000000.0,1677000000.0,972000000.0,209000000.0,3.781,0.34,1593000000.0,0.0,1593000000.0,1593000000.0,37000000.0,76000000.0,0.0,0.012,0.14,223000000.0,299000000.0,0.145,299000000.0,223000000.0,218000000.0,0.35,0.34,0.35,9002000000.0,,9002000000.0,24981705000.0,33.0,22.506,-181000000.0,-0.302,1.0,1086000000.0,0.528,4185000000.0,5000000.0,6588000000.0,,630000000.0,3807000000.0,1274000000.0,2533000000.0,3060000000.0,1205000000.0,1855000000.0,25933705000.0,-868000000.0,-15000000.0,-187000000.0,0.0,-84000000.0,-314000000.0,-529000000.0,-358000000.0,-25000000.0,0.0,209000000.0,209000000.0,209000000.0,0.0,0.0,0.102,863000000.0,223000000.0,431000000.0,0.4,2.881,37.261,36.691,620000000.0,0.0,43.295,3.05,3.055,821000000.0,-3246000000.0,2058000000.0,2058000000.0,539000000.0,,,,,90000000.0,177000000.0,1.0,599000000.0,600000000.0,613000000.0,3.43,7877000000.0,0.0,9000000.0,0.0,13.128,3351000000.0
3,BRCM,MRQ,2014-12-31,2014-12-31,2014-12-31,2019-04-17,-89000000.0,12471000000.0,,5072000000.0,7399000000.0,,15.11,-48000000.0,2545000000.0,2545000000.0,1012000000.0,390000000.0,3.272,0.378,1593000000.0,0.0,1593000000.0,1593000000.0,36000000.0,82000000.0,0.0,0.011,0.12,404000000.0,486000000.0,0.227,486000000.0,404000000.0,395000000.0,0.66,0.64,0.66,9051000000.0,,9051000000.0,24990360000.0,36.0,22.822,585000000.0,0.977,1.0,1131000000.0,0.528,4374000000.0,9000000.0,5595000000.0,,531000000.0,3444000000.0,1061000000.0,2383000000.0,3420000000.0,1550000000.0,1870000000.0,25651360000.0,291000000.0,-3000000.0,94000000.0,0.0,-72000000.0,-12000000.0,-330000000.0,-279000000.0,633000000.0,0.0,390000000.0,390000000.0,390000000.0,0.0,0.0,0.182,732000000.0,399000000.0,503000000.0,0.182,2.834,39.343,39.036,516000000.0,0.0,43.33,3.044,3.033,804000000.0,-3455000000.0,2143000000.0,2143000000.0,530000000.0,,,,,97000000.0,173000000.0,1.0,592000000.0,599000000.0,610000000.0,3.578,8097000000.0,0.0,5000000.0,0.0,13.518,3522000000.0
4,BRCM,MRQ,2014-09-30,2014-09-30,2014-09-30,2019-04-17,-42000000.0,12215000000.0,,5024000000.0,7191000000.0,,14.591,-56000000.0,2254000000.0,2254000000.0,1077000000.0,98000000.0,2.936,0.417,1593000000.0,0.0,1593000000.0,1593000000.0,39000000.0,96000000.0,0.0,0.012,0.12,120000000.0,216000000.0,0.096,216000000.0,120000000.0,103000000.0,0.17,0.16,0.17,8623000000.0,,8623000000.0,22919220000.0,47.0,25.381,405000000.0,0.685,1.0,1183000000.0,0.523,4445000000.0,17000000.0,5398000000.0,,624000000.0,3166000000.0,1068000000.0,2098000000.0,3592000000.0,1711000000.0,1881000000.0,23888220000.0,-110000000.0,-3000000.0,-91000000.0,192000000.0,-71000000.0,-4000000.0,-567000000.0,-508000000.0,461000000.0,0.0,98000000.0,98000000.0,98000000.0,0.0,0.0,0.043,1072000000.0,111000000.0,673000000.0,0.706,2.77,55.554,54.622,503000000.0,0.0,40.42,2.861,2.861,938000000.0,-3845000000.0,2260000000.0,2260000000.0,573000000.0,,,,,107000000.0,176000000.0,1.0,591000000.0,591000000.0,607000000.0,3.824,7770000000.0,0.0,5000000.0,0.0,13.147,3313000000.0
5,BRCM,MRQ,2014-06-30,2014-06-30,2014-06-30,2019-04-17,17000000.0,11971000000.0,,4702000000.0,7269000000.0,,14.775,-80000000.0,2364000000.0,2364000000.0,1005000000.0,-1000000.0,2.942,0.38,1395000000.0,0.0,1395000000.0,1395000000.0,39000000.0,103000000.0,0.0,0.012,0.12,6000000.0,109000000.0,0.053,109000000.0,6000000.0,1000000.0,0.0,0.0,0.0,8673000000.0,,8673000000.0,20856200000.0,30.0,18.638,145000000.0,0.247,1.0,1036000000.0,0.508,4741000000.0,5000000.0,4663000000.0,,614000000.0,2661000000.0,769000000.0,1892000000.0,3298000000.0,1598000000.0,1700000000.0,21715200000.0,110000000.0,-6000000.0,38000000.0,0.0,-70000000.0,-60000000.0,-55000000.0,31000000.0,225000000.0,0.0,-1000000.0,-1000000.0,-1000000.0,0.0,0.0,0.0,1022000000.0,14000000.0,682000000.0,,2.504,33.511,33.143,540000000.0,0.0,37.12,2.637,2.646,796000000.0,-3943000000.0,2041000000.0,2041000000.0,634000000.0,,,,,113000000.0,182000000.0,1.0,585000000.0,587000000.0,587000000.0,3.477,7230000000.0,0.0,2000000.0,0.0,12.317,3104000000.0
6,BRCM,MRQ,2014-03-31,2014-03-31,2014-03-31,2019-04-17,3000000.0,11907000000.0,,4353000000.0,7554000000.0,,14.741,-78000000.0,2254000000.0,2254000000.0,1004000000.0,165000000.0,2.734,0.383,1395000000.0,0.0,1395000000.0,1395000000.0,41000000.0,111000000.0,0.0,0.014,0.12,173000000.0,284000000.0,0.143,284000000.0,173000000.0,168000000.0,0.28,0.28,0.28,8609000000.0,,8609000000.0,18021070000.0,40.0,20.906,528000000.0,0.904,1.0,980000000.0,0.494,4817000000.0,5000000.0,4639000000.0,,529000000.0,2687000000.0,679000000.0,2008000000.0,3298000000.0,1592000000.0,1706000000.0,18284070000.0,597000000.0,90000000.0,54000000.0,0.0,-70000000.0,-47000000.0,38000000.0,26000000.0,606000000.0,0.0,165000000.0,165000000.0,165000000.0,0.0,0.0,0.083,810000000.0,170000000.0,580000000.0,0.429,2.124,45.94,45.609,617000000.0,0.0,31.47,2.207,2.219,734000000.0,-3942000000.0,1984000000.0,1984000000.0,636000000.0,,,,,120000000.0,185000000.0,1.0,581000000.0,584000000.0,590000000.0,3.397,7090000000.0,0.0,3000000.0,0.0,12.14,2761000000.0
7,BRCM,MRQ,2013-12-31,2013-12-31,2013-12-31,2019-04-17,3000000.0,11495000000.0,,3915000000.0,7580000000.0,,14.508,-56000000.0,1657000000.0,1657000000.0,1026000000.0,168000000.0,2.617,0.373,1394000000.0,0.0,1394000000.0,1394000000.0,21000000.0,107000000.0,0.0,0.015,0.11,187000000.0,294000000.0,0.142,294000000.0,187000000.0,181000000.0,0.29,0.29,0.29,8371000000.0,,8371000000.0,17008360000.0,36.0,19.416,335000000.0,0.581,1.0,1038000000.0,0.503,4937000000.0,6000000.0,4799000000.0,,525000000.0,2714000000.0,775000000.0,1939000000.0,3124000000.0,1496000000.0,1628000000.0,16838360000.0,133000000.0,-157000000.0,238000000.0,-300000000.0,-64000000.0,-152000000.0,-106000000.0,107000000.0,391000000.0,0.0,168000000.0,168000000.0,168000000.0,0.0,0.0,0.081,852000000.0,186000000.0,585000000.0,0.379,2.012,39.713,40.061,593000000.0,0.0,29.645,2.027,2.049,795000000.0,-4107000000.0,2064000000.0,2064000000.0,643000000.0,,,,,117000000.0,172000000.0,1.0,568000000.0,577000000.0,581000000.0,3.577,6558000000.0,0.0,13000000.0,0.0,11.366,2419000000.0
8,BRCM,MRQ,2013-09-30,2013-09-30,2013-09-30,2019-04-17,-15000000.0,11345000000.0,,3927000000.0,7418000000.0,,13.865,-64000000.0,1524000000.0,1524000000.0,1044000000.0,316000000.0,2.18,0.433,1694000000.0,300000000.0,1394000000.0,1694000000.0,22000000.0,100000000.0,0.0,0.017,0.11,332000000.0,432000000.0,0.201,432000000.0,332000000.0,325000000.0,0.55,0.55,0.55,7917000000.0,,7917000000.0,15114580000.0,28.0,15.728,608000000.0,1.065,1.0,1102000000.0,0.514,4855000000.0,7000000.0,4859000000.0,,541000000.0,2820000000.0,880000000.0,1940000000.0,3428000000.0,1801000000.0,1627000000.0,15065580000.0,-121000000.0,0.0,-353000000.0,0.0,-63000000.0,-442000000.0,-351000000.0,-287000000.0,672000000.0,0.0,316000000.0,316000000.0,316000000.0,0.0,0.0,0.147,766000000.0,336000000.0,520000000.0,0.2,1.903,29.715,28.593,535000000.0,0.0,26.02,1.811,1.786,852000000.0,-4275000000.0,2146000000.0,2146000000.0,609000000.0,,,,,125000000.0,181000000.0,1.0,579000000.0,571000000.0,578000000.0,3.758,6490000000.0,0.0,9000000.0,0.0,11.366,2126000000.0
9,BRCM,MRQ,2013-06-30,2013-06-30,2013-06-30,2019-04-17,-37000000.0,11208000000.0,,3995000000.0,7213000000.0,,13.661,-67000000.0,1645000000.0,1645000000.0,1030000000.0,-251000000.0,2.404,0.419,1694000000.0,300000000.0,1394000000.0,1694000000.0,20000000.0,97000000.0,0.0,0.012,0.11,-245000000.0,-148000000.0,-0.071,-148000000.0,-245000000.0,-254000000.0,-0.43,-0.43,-0.43,7896000000.0,,7896000000.0,19248945000.0,44.0,22.049,267000000.0,0.462,1.0,1060000000.0,0.507,4895000000.0,9000000.0,4700000000.0,,610000000.0,2532000000.0,836000000.0,1696000000.0,3312000000.0,1662000000.0,1650000000.0,19296945000.0,-97000000.0,0.0,89000000.0,0.0,-64000000.0,-13000000.0,-418000000.0,-351000000.0,334000000.0,0.0,-251000000.0,-251000000.0,-251000000.0,0.0,0.0,-0.12,1308000000.0,-248000000.0,638000000.0,-0.256,2.444,46.951,45.06,517000000.0,0.0,33.795,2.324,2.353,761000000.0,-4591000000.0,2090000000.0,2090000000.0,619000000.0,,,,,136000000.0,174000000.0,1.0,571000000.0,578000000.0,578000000.0,3.616,6313000000.0,0.0,-3000000.0,0.0,10.922,2333000000.0
10,BRCM,MRQ,2013-03-31,2013-03-31,2013-03-31,2019-04-17,-30000000.0,11400000000.0,,3897000000.0,7503000000.0,,14.091,-41000000.0,1742000000.0,1742000000.0,988000000.0,191000000.0,2.327,0.419,1694000000.0,300000000.0,1394000000.0,1694000000.0,23000000.0,97000000.0,0.0,0.012,0.11,201000000.0,298000000.0,0.149,298000000.0,201000000.0,193000000.0,0.34,0.33,0.34,8032000000.0,,8032000000.0,19808351000.0,24.0,15.261,347000000.0,0.609,1.0,1017000000.0,0.507,5451000000.0,8000000.0,4226000000.0,,523000000.0,2184000000.0,727000000.0,1457000000.0,3368000000.0,1675000000.0,1693000000.0,19732351000.0,125000000.0,0.0,-39000000.0,0.0,-63000000.0,-142000000.0,-121000000.0,-80000000.0,388000000.0,0.0,191000000.0,191000000.0,191000000.0,0.0,0.0,0.095,819000000.0,198000000.0,661000000.0,0.324,2.457,24.005,23.591,493000000.0,0.0,34.679,2.411,2.415,751000000.0,-4340000000.0,2005000000.0,2005000000.0,615000000.0,,,,,140000000.0,179000000.0,1.0,569000000.0,570000000.0,585000000.0,3.518,5949000000.0,0.0,2000000.0,0.0,10.437,2222000000.0
11,BRCM,MRQ,2012-12-31,2012-12-31,2012-12-31,2019-04-17,-33000000.0,11208000000.0,,3781000000.0,7427000000.0,,13.825,-55000000.0,1617000000.0,1617000000.0,1025000000.0,251000000.0,2.248,0.43,1693000000.0,300000000.0,1393000000.0,1693000000.0,22000000.0,120000000.0,0.0,0.012,0.1,259000000.0,379000000.0,0.182,379000000.0,259000000.0,250000000.0,0.45,0.43,0.45,7839000000.0,,7839000000.0,19007440000.0,28.0,16.806,538000000.0,0.949,1.0,1055000000.0,0.507,5512000000.0,9000000.0,4090000000.0,,527000000.0,2105000000.0,757000000.0,1348000000.0,3369000000.0,1682000000.0,1687000000.0,18730440000.0,201000000.0,27000000.0,70000000.0,0.0,-57000000.0,-16000000.0,-376000000.0,-335000000.0,593000000.0,0.0,251000000.0,251000000.0,251000000.0,0.0,0.0,0.121,792000000.0,263000000.0,549000000.0,0.222,2.389,26.051,25.744,485000000.0,0.0,33.21,2.34,2.315,740000000.0,-4531000000.0,2080000000.0,2080000000.0,590000000.0,,,,,128000000.0,172000000.0,1.0,564000000.0,567000000.0,582000000.0,3.668,5696000000.0,0.0,-1000000.0,0.0,10.046,2099000000.0
12,BRCM,MRQ,2012-09-30,2012-09-30,2012-09-30,2019-04-17,-61000000.0,10880000000.0,,3716000000.0,7164000000.0,,13.276,-65000000.0,1416000000.0,1416000000.0,1063000000.0,220000000.0,2.577,0.461,1693000000.0,0.0,1693000000.0,1693000000.0,16000000.0,125000000.0,0.0,0.014,0.1,219000000.0,344000000.0,0.162,344000000.0,219000000.0,211000000.0,0.39,0.38,0.39,7448000000.0,,7448000000.0,19158630000.0,27.0,17.739,556000000.0,0.991,1.0,1065000000.0,0.5,5570000000.0,8000000.0,4145000000.0,,557000000.0,1774000000.0,735000000.0,1039000000.0,3432000000.0,1442000000.0,1990000000.0,19324630000.0,54000000.0,-10000000.0,52000000.0,435000000.0,-56000000.0,451000000.0,-1018000000.0,-953000000.0,621000000.0,0.0,220000000.0,220000000.0,220000000.0,0.0,0.0,0.103,854000000.0,211000000.0,598000000.0,0.256,2.595,26.765,26.389,463000000.0,0.0,34.57,2.495,2.504,864000000.0,-4782000000.0,2128000000.0,2128000000.0,600000000.0,,,,,128000000.0,174000000.0,1.0,559000000.0,561000000.0,579000000.0,3.793,5310000000.0,0.0,-9000000.0,0.0,9.465,2274000000.0
13,BRCM,MRQ,2012-06-30,2012-06-30,2012-06-30,2019-04-17,-73000000.0,9896000000.0,,3279000000.0,6617000000.0,,12.856,-50000000.0,1362000000.0,1362000000.0,1021000000.0,160000000.0,2.534,0.387,1196000000.0,0.0,1196000000.0,1196000000.0,9000000.0,118000000.0,0.0,0.014,0.1,159000000.0,277000000.0,0.141,277000000.0,159000000.0,152000000.0,0.29,0.28,0.29,7135000000.0,,7135000000.0,18472760000.0,24.0,17.411,299000000.0,0.539,1.0,950000000.0,0.482,5689000000.0,7000000.0,2747000000.0,,528000000.0,822000000.0,408000000.0,414000000.0,2761000000.0,1294000000.0,1467000000.0,18601760000.0,37000000.0,-179000000.0,94000000.0,0.0,-56000000.0,-5000000.0,-307000000.0,-81000000.0,349000000.0,0.0,160000000.0,160000000.0,160000000.0,0.0,0.0,0.081,798000000.0,152000000.0,624000000.0,0.345,2.607,24.096,23.775,431000000.0,0.0,33.76,2.456,2.474,821000000.0,-5002000000.0,1971000000.0,1971000000.0,582000000.0,,,,,137000000.0,171000000.0,1.0,551000000.0,555000000.0,575000000.0,3.551,4207000000.0,0.0,-8000000.0,0.0,7.58,1985000000.0
14,BRCM,MRQ,2012-03-31,2012-03-31,2012-03-31,2019-04-17,-27000000.0,9573000000.0,,3054000000.0,6519000000.0,,12.557,-74000000.0,1325000000.0,1325000000.0,918000000.0,88000000.0,2.571,0.391,1196000000.0,0.0,1196000000.0,1196000000.0,13000000.0,82000000.0,0.0,0.012,0.1,49000000.0,131000000.0,0.072,131000000.0,49000000.0,43000000.0,0.16,0.15,0.16,6881000000.0,,6881000000.0,18468500000.0,24.0,18.358,294000000.0,0.536,1.0,909000000.0,0.498,5629000000.0,6000000.0,2627000000.0,,475000000.0,738000000.0,350000000.0,388000000.0,2692000000.0,1188000000.0,1504000000.0,21418500000.0,-2821000000.0,-3393000000.0,62000000.0,0.0,-55000000.0,-94000000.0,-3095000000.0,372000000.0,368000000.0,0.0,88000000.0,88000000.0,88000000.0,0.0,0.0,0.048,859000000.0,50000000.0,518000000.0,0.625,3.113,27.215,26.918,418000000.0,0.0,39.3,2.894,2.91,763000000.0,-5162000000.0,1827000000.0,1827000000.0,546000000.0,,,,,150000000.0,179000000.0,1.0,545000000.0,548000000.0,570000000.0,3.334,3944000000.0,0.0,-45000000.0,0.0,7.197,1866000000.0
15,BRCM,MRQ,2011-12-31,2011-12-31,2011-12-31,2019-04-17,-50000000.0,9040000000.0,,5752000000.0,3288000000.0,,11.965,-22000000.0,4146000000.0,4146000000.0,894000000.0,254000000.0,5.234,0.386,1196000000.0,0.0,1196000000.0,1196000000.0,21000000.0,48000000.0,0.0,0.015,0.18,280000000.0,328000000.0,0.18,328000000.0,280000000.0,276000000.0,0.47,0.46,0.47,6521000000.0,,6521000000.0,14190040000.0,15.0,12.307,460000000.0,0.844,1.0,926000000.0,0.509,2187000000.0,4000000.0,2804000000.0,,421000000.0,1059000000.0,383000000.0,676000000.0,2519000000.0,1099000000.0,1420000000.0,15825040000.0,1813000000.0,0.0,90000000.0,494000000.0,-49000000.0,503000000.0,828000000.0,852000000.0,482000000.0,0.0,254000000.0,254000000.0,254000000.0,0.0,0.0,0.14,647000000.0,279000000.0,442000000.0,0.383,2.427,17.071,17.07,368000000.0,0.0,29.36,2.142,2.142,678000000.0,-5250000000.0,1820000000.0,1820000000.0,479000000.0,,,,,111000000.0,157000000.0,1.0,539000000.0,545000000.0,560000000.0,3.339,6853000000.0,0.0,22000000.0,0.0,12.574,4653000000.0
16,BRCM,MRQ,2011-09-30,2011-09-30,2011-09-30,2019-04-17,-32000000.0,8296000000.0,,4492000000.0,3804000000.0,,11.48,-44000000.0,2333000000.0,2333000000.0,960000000.0,270000000.0,3.649,0.346,698000000.0,0.0,698000000.0,698000000.0,28000000.0,48000000.0,0.0,0.011,0.09,277000000.0,325000000.0,0.166,325000000.0,277000000.0,276000000.0,0.5,0.48,0.5,6165000000.0,,6165000000.0,16710150000.0,18.0,14.658,490000000.0,0.912,1.0,997000000.0,0.509,2223000000.0,1000000.0,3207000000.0,,491000000.0,1910000000.0,726000000.0,1184000000.0,2131000000.0,1231000000.0,900000000.0,17810150000.0,536000000.0,-3000000.0,42000000.0,0.0,-48000000.0,-38000000.0,40000000.0,87000000.0,534000000.0,0.0,270000000.0,270000000.0,270000000.0,0.0,0.0,0.138,727000000.0,270000000.0,510000000.0,0.18,2.889,18.967,19.023,339000000.0,0.0,33.29,2.37,2.379,817000000.0,-5504000000.0,1957000000.0,1957000000.0,501000000.0,,,,,121000000.0,166000000.0,1.0,535000000.0,537000000.0,558000000.0,3.644,6073000000.0,0.0,6000000.0,0.0,11.309,3261000000.0
17,BRCM,MRQ,2011-06-30,2011-06-30,2011-06-30,2019-04-17,34000000.0,7835000000.0,,3977000000.0,3858000000.0,,10.985,-52000000.0,1797000000.0,1797000000.0,878000000.0,175000000.0,3.773,0.333,697000000.0,0.0,697000000.0,697000000.0,37000000.0,51000000.0,0.0,0.01,0.09,171000000.0,222000000.0,0.124,222000000.0,171000000.0,171000000.0,0.33,0.31,0.33,5877000000.0,,5877000000.0,17094404000.0,17.0,14.475,437000000.0,0.817,1.0,918000000.0,0.511,2308000000.0,0.0,3373000000.0,,546000000.0,2003000000.0,829000000.0,1174000000.0,1958000000.0,1054000000.0,904000000.0,18034404000.0,160000000.0,-344000000.0,-145000000.0,0.0,-49000000.0,-228000000.0,-101000000.0,295000000.0,489000000.0,0.0,175000000.0,175000000.0,175000000.0,0.0,0.0,0.097,748000000.0,170000000.0,471000000.0,0.273,3.069,18.089,17.799,319000000.0,0.0,33.64,2.449,2.444,680000000.0,-5774000000.0,1796000000.0,1796000000.0,505000000.0,,,,,136000000.0,180000000.0,1.0,536100000.0,535000000.0,558000000.0,3.357,5527000000.0,0.0,-4000000.0,0.0,10.331,2923000000.0
18,BRCM,MRQ,2011-03-31,2011-03-31,2011-03-31,2019-04-17,19000000.0,7736000000.0,,3709000000.0,4027000000.0,,10.701,-45000000.0,1637000000.0,1637000000.0,894000000.0,228000000.0,3.312,0.341,697000000.0,0.0,697000000.0,697000000.0,46000000.0,45000000.0,0.0,0.008,0.09,233000000.0,278000000.0,0.153,278000000.0,233000000.0,233000000.0,0.42,0.4,0.42,5768000000.0,,5768000000.0,20288561000.0,18.0,16.038,288000000.0,0.534,1.0,922000000.0,0.508,2031000000.0,0.0,3645000000.0,,550000000.0,2294000000.0,645000000.0,1649000000.0,1968000000.0,1120000000.0,848000000.0,21214006000.0,15000000.0,0.0,-309000000.0,0.0,-48000000.0,-414000000.0,96000000.0,141000000.0,333000000.0,0.0,228000000.0,228000000.0,228000000.0,0.0,0.0,0.126,688000000.0,234000000.0,536000000.0,0.214,3.678,19.285,18.575,291000000.0,0.0,39.38,2.958,2.96,760000000.0,-5949000000.0,1816000000.0,1816000000.0,498000000.0,,,,,145000000.0,179000000.0,1.0,538700000.0,539000000.0,575000000.0,3.369,5705000000.0,0.0,5000000.0,0.0,10.584,2589000000.0
19,BRCM,MRQ,2010-12-31,2010-12-31,2010-12-31,2019-04-17,9000000.0,7944000000.0,,4184000000.0,3760000000.0,,11.076,-27000000.0,1622000000.0,1622000000.0,955000000.0,266000000.0,3.292,0.364,697000000.0,0.0,697000000.0,697000000.0,55000000.0,44000000.0,0.0,0.007,0.08,271000000.0,315000000.0,0.162,315000000.0,271000000.0,273000000.0,0.5,0.47,0.5,5826000000.0,,5826000000.0,21038595000.0,19.0,17.146,425000000.0,0.808,1.0,990000000.0,0.509,2043000000.0,-2000000.0,3705000000.0,,598000000.0,2436000000.0,1035000000.0,1401000000.0,2118000000.0,1271000000.0,847000000.0,22284535000.0,376000000.0,-449000000.0,559000000.0,692000000.0,-43000000.0,1169000000.0,-1245000000.0,-765000000.0,452000000.0,0.0,266000000.0,266000000.0,266000000.0,0.0,0.0,0.137,722000000.0,268000000.0,604000000.0,0.16,3.825,20.596,20.446,266000000.0,0.0,43.55,3.268,3.245,820000000.0,-6177000000.0,1945000000.0,1945000000.0,473000000.0,,,,,125000000.0,168000000.0,1.0,511700000.0,526000000.0,569000000.0,3.698,5901000000.0,0.0,7000000.0,0.0,11.219,2913000000.0
20,BRCM,MRQ,2010-09-30,2010-09-30,2010-09-30,2019-04-17,11631000.0,6273011000.0,,3832861000.0,2440150000.0,,9.749,-35000000.0,1245940000.0,1245940000.0,872000000.0,328000000.0,3.13,0.264,0.0,0.0,0.0,0.0,60013000.0,32000000.0,0.0,0.007,0.08,334000000.0,366000000.0,0.203,366000000.0,334000000.0,336000000.0,0.64,0.6,0.64,4962460000.0,,4962460000.0,16415232000.0,19.0,16.36,420000000.0,0.825,1.0,934000000.0,0.517,1615725000.0,-2000000.0,2186827000.0,,534855000.0,1668415000.0,1148139000.0,520276000.0,1310551000.0,1224519000.0,86032000.0,17818865000.0,-158000000.0,-48000000.0,126000000.0,0.0,-41000000.0,51000000.0,-664000000.0,-581000000.0,455000000.0,0.0,328000000.0,328000000.0,328000000.0,0.0,0.0,0.182,599000000.0,335000000.0,567822000.0,0.125,3.591,20.366,20.339,253339000.0,0.0,35.39,2.867,2.898,798266000.0,-6443458000.0,1806000000.0,1806000000.0,448000000.0,,,,,113000000.0,144000000.0,1.0,503500000.0,509000000.0,544000000.0,3.548,4657286000.0,0.0,8000000.0,0.0,9.15,2608342000.0
21,BRCM,MRQ,2010-06-30,2010-06-30,2010-06-30,2019-04-17,-3229000.0,5635738000.0,,3334596000.0,2301142000.0,,8.886,-29000000.0,1403633000.0,1403633000.0,762000000.0,278000000.0,3.023,0.266,0.0,0.0,0.0,0.0,69150000.0,32000000.0,0.0,0.005,0.08,274000000.0,306000000.0,0.191,306000000.0,274000000.0,276000000.0,0.56,0.52,0.56,4451912000.0,,4451912000.0,14858399000.0,24.0,19.94,167000000.0,0.333,1.0,843000000.0,0.525,1566137000.0,-2000000.0,1563016000.0,,489955000.0,1085833000.0,644722000.0,441111000.0,1183826000.0,1102952000.0,80874000.0,16366308000.0,-104000000.0,0.0,43000000.0,-1000000.0,-40000000.0,-31000000.0,-269000000.0,-240000000.0,196000000.0,0.0,278000000.0,278000000.0,278000000.0,0.0,0.0,0.173,571000000.0,272000000.0,537937000.0,0.143,3.676,25.915,25.961,238691000.0,0.0,32.97,2.89,2.917,688189000.0,-6770587000.0,1605000000.0,1605000000.0,421000000.0,,,,,119000000.0,144000000.0,1.0,496400000.0,501000000.0,538000000.0,3.204,4069601000.0,0.0,-2000000.0,0.0,8.123,2231644000.0
22,BRCM,MRQ,2010-03-31,2010-03-31,2010-03-31,2019-04-17,4626000.0,5354006000.0,,3162016000.0,2191990000.0,,8.272,-18000000.0,1507909000.0,1507909000.0,695000000.0,210000000.0,2.695,0.308,0.0,0.0,0.0,0.0,78470000.0,30000000.0,0.0,0.002,0.08,210000000.0,240000000.0,0.164,240000000.0,210000000.0,212000000.0,0.42,0.4,0.42,4094490000.0,,4094490000.0,15056827000.0,41.0,31.741,250000000.0,0.505,1.0,767000000.0,0.525,1589634000.0,-2000000.0,1083307000.0,,403439000.0,847117000.0,536198000.0,310919000.0,1259516000.0,1173156000.0,86360000.0,16453920000.0,111000000.0,-102000000.0,-72000000.0,-14000000.0,-40000000.0,-156000000.0,-1000000.0,119000000.0,268000000.0,0.0,210000000.0,210000000.0,210000000.0,0.0,0.0,0.144,560000000.0,207000000.0,479216000.0,0.19,4.019,44.841,44.865,227586000.0,0.0,33.2,3.227,3.223,607186000.0,-7048905000.0,1462000000.0,1462000000.0,421000000.0,,,,,127000000.0,133000000.0,1.0,495600000.0,495000000.0,527000000.0,2.954,3764372000.0,0.0,2000000.0,0.0,7.605,1988860000.0
23,BRCM,MRQ,2009-12-31,2009-12-31,2009-12-31,2019-04-17,-2195000.0,5127242000.0,,2914332000.0,2212910000.0,,7.859,-18226000.0,1397093000.0,1397093000.0,630700000.0,58943000.0,2.538,0.317,0.0,0.0,0.0,0.0,87996000.0,33128000.0,0.0,0.0,0.0,58264000.0,91392000.0,0.068,91392000.0,58264000.0,60902000.0,0.12,0.12,0.12,3891846000.0,,3891846000.0,14235576000.0,245.0,87.335,313809000.0,0.634,1.0,711723000.0,0.53,1480541000.0,-2638000.0,1101258000.0,,362428000.0,970897000.0,532281000.0,438616000.0,1235396000.0,1148350000.0,87046000.0,15580797000.0,51424000.0,-165842000.0,-125712000.0,0.0,0.0,-149138000.0,-131473000.0,52595000.0,332035000.0,0.0,58943000.0,58943000.0,58943000.0,0.0,0.0,0.044,652972000.0,58751000.0,437353000.0,0.0,4.003,239.705,242.077,229317000.0,0.0,31.47,3.47,3.462,508627000.0,-7259069000.0,1342423000.0,1342423000.0,396336000.0,,,,,121901000.0,84062000.0,1.0,495100000.0,495203000.0,526323000.0,2.711,3646701000.0,0.0,1959000.0,0.0,7.364,1765982000.0
24,BRCM,MRQ,2009-09-30,2009-09-30,2009-09-30,2019-04-17,-2322000.0,4916165000.0,,2850607000.0,2065558000.0,,7.769,-22480000.0,1345221000.0,1345221000.0,615349000.0,84596000.0,2.841,0.277,0.0,0.0,0.0,0.0,97058000.0,19308000.0,0.0,0.0,0.0,88455000.0,107763000.0,0.086,107763000.0,88455000.0,91433000.0,0.17,0.16,0.17,3849455000.0,,3849455000.0,13712653000.0,-83.0,-217.62,213984000.0,0.432,1.0,638848000.0,0.509,1299275000.0,-2978000.0,1268284000.0,,307216000.0,1031930000.0,561287000.0,470643000.0,1066710000.0,1003385000.0,63325000.0,15219171000.0,-161297000.0,-1297000.0,-114548000.0,0.0,0.0,-140594000.0,-257167000.0,-233390000.0,236464000.0,0.0,84596000.0,84596000.0,84596000.0,0.0,0.0,0.067,550215000.0,88633000.0,423199000.0,0.0,3.954,-99.369,-105.828,228621000.0,0.0,30.69,3.561,3.558,541587000.0,-7318273000.0,1254197000.0,1254197000.0,391170000.0,,,,,128698000.0,142480000.0,1.0,495900000.0,495491000.0,521443000.0,2.531,3616890000.0,0.0,6837000.0,0.0,7.3,1847222000.0
25,BRCM,MRQ,2009-06-30,2009-06-30,2009-06-30,2019-04-17,-2483000.0,4748321000.0,,3038525000.0,1709796000.0,,7.621,-13837000.0,1506518000.0,1506518000.0,518674000.0,13401000.0,3.33,0.258,0.0,0.0,0.0,0.0,117002000.0,22543000.0,0.0,0.0,0.0,12668000.0,35211000.0,0.034,35211000.0,12668000.0,16654000.0,0.03,0.03,0.03,3773312000.0,,3773312000.0,10895155000.0,-110.0,1719.292,313954000.0,0.634,1.0,521270000.0,0.501,1311278000.0,-3986000.0,1017982000.0,,279298000.0,793284000.0,700585000.0,92699000.0,975009000.0,912543000.0,62466000.0,12179327000.0,222346000.0,0.0,40455000.0,0.0,0.0,22003000.0,-127448000.0,-113611000.0,327791000.0,0.0,13401000.0,13401000.0,13401000.0,0.0,0.0,0.013,509621000.0,11649000.0,389630000.0,0.0,3.228,-167.188,-177.071,224238000.0,0.0,24.79,2.82,2.842,444046000.0,-7402869000.0,1039944000.0,1039944000.0,374770000.0,,,,,122628000.0,127410000.0,1.0,491300000.0,495110000.0,507993000.0,2.1,3437043000.0,0.0,3253000.0,0.0,6.942,2125982000.0
26,BRCM,MRQ,2009-03-31,2009-03-31,2009-03-31,2019-04-17,-632000.0,4323286000.0,,2694935000.0,1628351000.0,,7.403,-12457000.0,1284172000.0,1284172000.0,446277000.0,-91940000.0,4.281,0.191,0.0,0.0,0.0,0.0,16615000.0,30021000.0,0.0,0.0,0.0,-101387000.0,-71366000.0,-0.084,-71366000.0,-101387000.0,-96989000.0,-0.19,-0.19,-0.19,3628806000.0,,3628806000.0,8579575000.0,760.0,73.531,78253000.0,0.16,1.0,407159000.0,0.477,1330790000.0,-4398000.0,1078833000.0,,264846000.0,677638000.0,677638000.0,0.0,694480000.0,629491000.0,64989000.0,9770220000.0,93527000.0,2139000.0,4805000.0,0.0,0.0,-11271000.0,14088000.0,24406000.0,90710000.0,0.0,-91940000.0,-91940000.0,-91940000.0,0.0,0.0,-0.108,510192000.0,-103033000.0,232047000.0,0.0,2.692,201.282,222.0,228495000.0,0.0,19.98,2.181,2.186,354865000.0,-7416270000.0,853436000.0,853436000.0,372724000.0,,,,,123773000.0,125048000.0,1.0,489000000.0,490195000.0,490195000.0,1.741,2992496000.0,0.0,-5049000.0,0.0,6.105,2065444000.0
27,BRCM,MRQ,2008-12-31,2008-12-31,2008-12-31,2019-04-17,1033000.0,4393265000.0,,2751213000.0,1642052000.0,,7.238,-17657000.0,1190645000.0,1190645000.0,557797000.0,-159215000.0,3.837,0.218,0.0,0.0,0.0,0.0,16236000.0,29361000.0,0.0,0.0,0.0,-163981000.0,-134620000.0,-0.12,-134620000.0,-163981000.0,-156763000.0,-0.3,-0.29,-0.3,3607067000.0,,3607067000.0,7187327000.0,42.0,26.859,128500000.0,0.258,1.0,568712000.0,0.505,1341201000.0,-7218000.0,1144316000.0,,366106000.0,707477000.0,707477000.0,0.0,786198000.0,717103000.0,69095000.0,8663185000.0,-285213000.0,-140746000.0,-366906000.0,0.0,0.0,-379781000.0,-51589000.0,106814000.0,146157000.0,0.0,-159215000.0,-159215000.0,-159215000.0,0.0,0.0,-0.141,733664000.0,-164952000.0,310487000.0,0.0,2.402,40.333,40.405,234691000.0,0.0,16.97,1.86,1.868,372311000.0,-7324330000.0,1126509000.0,1126509000.0,382666000.0,,,,,135316000.0,147213000.0,1.0,510500000.0,498338000.0,503271000.0,2.261,3052064000.0,0.0,2452000.0,0.0,6.124,2034110000.0
28,BRCM,MRQ,2008-09-30,2008-09-30,2008-09-30,2019-04-17,-5777000.0,4948675000.0,,3175831000.0,1772844000.0,,7.866,-16084000.0,1475858000.0,1475858000.0,619459000.0,164906000.0,3.634,0.236,0.0,0.0,0.0,0.0,15010000.0,23469000.0,0.0,0.0,0.0,153643000.0,177112000.0,0.136,177112000.0,153643000.0,166094000.0,0.32,0.31,0.32,4004046000.0,,4004046000.0,7745284000.0,20.0,15.815,270146000.0,0.531,1.0,679016000.0,0.523,1420647000.0,-12451000.0,1178184000.0,,322605000.0,811777000.0,770872000.0,40905000.0,944629000.0,873986000.0,70643000.0,9450999000.0,-229857000.0,-57000.0,56000.0,0.0,0.0,-19377000.0,-496710000.0,-480569000.0,286230000.0,0.0,164906000.0,164906000.0,164906000.0,0.0,0.0,0.127,521653000.0,157363000.0,459593000.0,0.0,2.36,20.353,21.17,252999000.0,0.0,18.63,2.073,2.08,501015000.0,-7165115000.0,1298475000.0,1298475000.0,379279000.0,,,,,133314000.0,141941000.0,1.0,507300000.0,509041000.0,523759000.0,2.551,3528028000.0,0.0,1188000.0,0.0,6.931,2301845000.0
29,BRCM,MRQ,2008-06-30,2008-06-30,2008-06-30,2019-04-17,-5566000.0,4600354000.0,,2760126000.0,1840228000.0,,7.222,-23405000.0,1705715000.0,1705715000.0,554596000.0,134789000.0,3.34,0.242,0.0,0.0,0.0,0.0,13392000.0,22545000.0,0.0,0.0,0.0,123008000.0,145553000.0,0.121,145553000.0,123008000.0,135436000.0,0.26,0.25,0.26,3703770000.0,,3703770000.0,12186802000.0,50.0,36.902,224012000.0,0.437,1.0,646335000.0,0.538,1425013000.0,-12428000.0,643137000.0,,256346000.0,333931000.0,228418000.0,105513000.0,896584000.0,826489000.0,70095000.0,14188071000.0,-295554000.0,-9943000.0,-365831000.0,0.0,0.0,-379454000.0,-163517000.0,-130169000.0,247417000.0,0.0,134789000.0,134789000.0,134789000.0,0.0,0.0,0.112,523136000.0,123199000.0,435082000.0,0.0,3.831,43.362,44.738,252890000.0,0.0,27.29,3.37,3.324,479832000.0,-7330021000.0,1200931000.0,1200931000.0,380035000.0,,,,,127508000.0,142017000.0,1.0,519900000.0,512875000.0,529977000.0,2.342,3175341000.0,0.0,647000.0,0.0,6.191,1933637000.0
30,BRCM,MRQ,2008-03-31,2008-03-31,2008-03-31,2019-04-17,-3997000.0,4634531000.0,,2800553000.0,1833978000.0,,7.2,-25662000.0,2001269000.0,2001269000.0,481163000.0,74314000.0,3.757,0.214,0.0,0.0,0.0,0.0,14913000.0,22110000.0,0.0,0.0,0.0,57444000.0,79554000.0,0.077,79554000.0,57444000.0,77548000.0,0.14,0.14,0.14,3818513000.0,,3818513000.0,8167199000.0,69.0,40.368,214149000.0,0.404,1.0,551047000.0,0.534,1419425000.0,-20104000.0,468393000.0,,221402000.0,204489000.0,90033000.0,114456000.0,816018000.0,745444000.0,70574000.0,10353771000.0,-185303000.0,-19795000.0,-379418000.0,0.0,0.0,-391548000.0,-33566000.0,11891000.0,239811000.0,0.0,74314000.0,74314000.0,74314000.0,0.0,0.0,0.072,493603000.0,57444000.0,360571000.0,0.0,2.711,45.679,47.0,250526000.0,0.0,19.27,2.65,2.616,362436000.0,-7464810000.0,1032210000.0,1032210000.0,355688000.0,,,,,113236000.0,111946000.0,1.0,537300000.0,530338000.0,539827000.0,1.946,3215106000.0,0.0,3234000.0,0.0,6.062,2055109000.0
31,BRCM,MRQ,2007-12-31,2007-12-31,2007-12-31,2019-04-17,-824000.0,4838193000.0,,3054280000.0,1783913000.0,,7.46,-27109000.0,2186572000.0,2186572000.0,488222000.0,90335000.0,4.181,0.199,0.0,0.0,0.0,0.0,23972000.0,25645000.0,0.0,0.0,0.0,61869000.0,87514000.0,0.085,87514000.0,61869000.0,91583000.0,0.16,0.16,0.16,4036148000.0,,4036148000.0,12099298000.0,137.0,72.459,185406000.0,0.343,1.0,538813000.0,0.525,1423328000.0,-29714000.0,497729000.0,,231313000.0,217080000.0,141728000.0,75352000.0,802045000.0,730564000.0,71481000.0,14136512000.0,149358000.0,0.0,-194124000.0,0.0,0.0,-210768000.0,147611000.0,174408000.0,212515000.0,0.0,90335000.0,90335000.0,90335000.0,0.0,0.0,0.088,480356000.0,58457000.0,313621000.0,0.0,3.502,66.262,67.026,241803000.0,0.0,26.14,3.743,3.755,369004000.0,-7539124000.0,1027035000.0,1027035000.0,363285000.0,,,,,129625000.0,119324000.0,1.0,540800000.0,541005000.0,572291000.0,1.898,3414865000.0,0.0,1248000.0,0.0,6.312,2323716000.0
32,BRCM,MRQ,2007-09-30,2007-09-30,2007-09-30,2019-04-17,347000.0,4841040000.0,,3082978000.0,1758062000.0,,7.491,-15939000.0,2037214000.0,2037214000.0,465970000.0,27760000.0,4.072,0.197,0.0,0.0,0.0,0.0,12361000.0,17780000.0,0.0,0.0,0.0,-155000.0,17625000.0,0.019,17625000.0,-155000.0,31288000.0,0.05,0.05,0.05,4044800000.0,,4044800000.0,17604111000.0,444.0,170.735,193730000.0,0.359,1.0,483989000.0,0.509,1416489000.0,-31443000.0,630181000.0,,213160000.0,393039000.0,308932000.0,84107000.0,796240000.0,757156000.0,39084000.0,19648448000.0,-7123000.0,-141372000.0,-88622000.0,0.0,0.0,-105075000.0,-111717000.0,45594000.0,209669000.0,0.0,27760000.0,27760000.0,27760000.0,0.0,0.0,0.029,484144000.0,-155000.0,349759000.0,0.0,4.858,116.897,121.467,226079000.0,0.0,36.44,5.35,5.357,395732000.0,-7629459000.0,949959000.0,949959000.0,352283000.0,,,,,138856000.0,124907000.0,1.0,539200000.0,539931000.0,577583000.0,1.759,3424551000.0,0.0,3528000.0,0.0,6.343,2325822000.0
33,BRCM,MRQ,2007-06-30,2007-06-30,2007-06-30,2019-04-17,450000.0,4688370000.0,,3092251000.0,1596119000.0,,7.342,-43415000.0,2044337000.0,2044337000.0,437037000.0,34256000.0,4.508,0.181,0.0,0.0,0.0,0.0,2874000.0,18491000.0,0.0,0.0,0.0,-864000.0,17627000.0,0.02,17627000.0,-864000.0,32040000.0,0.06,0.06,0.06,3970692000.0,,3970692000.0,13795631000.0,146.0,89.262,115062000.0,0.213,1.0,460883000.0,0.513,1275872000.0,-32904000.0,682152000.0,,191324000.0,436452000.0,370336000.0,66116000.0,717678000.0,686009000.0,31669000.0,15824250000.0,15718000.0,-30275000.0,-154601000.0,0.0,0.0,-167189000.0,24430000.0,98120000.0,158477000.0,0.0,34256000.0,34256000.0,34256000.0,0.0,0.0,0.038,461747000.0,-864000.0,303067000.0,0.0,3.985,63.17,65.0,228271000.0,0.0,29.25,4.365,4.364,382285000.0,-7657219000.0,897920000.0,897920000.0,332130000.0,,,,,134300000.0,119859000.0,1.0,541000000.0,540851000.0,575115000.0,1.66,3412498000.0,0.0,-2216000.0,0.0,6.309,2406242000.0
34,BRCM,MRQ,2007-03-31,2007-03-31,2007-03-31,2019-04-17,-289000.0,4733627000.0,,3154313000.0,1579314000.0,,7.194,-63964000.0,2028619000.0,2028619000.0,440949000.0,60991000.0,4.166,0.201,0.0,0.0,0.0,0.0,2493000.0,16678000.0,0.0,0.0,0.0,27537000.0,44215000.0,0.049,44215000.0,27537000.0,64545000.0,0.11,0.1,0.11,3941094000.0,,3941094000.0,15425871000.0,87.0,65.641,180692000.0,0.33,1.0,460532000.0,0.511,1257220000.0,-37008000.0,690579000.0,,200411000.0,534266000.0,460677000.0,73589000.0,792533000.0,757209000.0,35324000.0,17583981000.0,-129491000.0,-47677000.0,-344237000.0,0.0,0.0,-368228000.0,-5919000.0,105722000.0,244656000.0,0.0,60991000.0,60991000.0,60991000.0,0.0,0.0,0.068,432995000.0,27537000.0,334868000.0,0.0,4.462,54.552,55.293,221833000.0,0.0,32.07,4.793,4.789,363001000.0,-7691475000.0,901481000.0,901481000.0,300810000.0,,,,,116871000.0,128647000.0,1.0,548300000.0,547860000.0,585740000.0,1.645,3476407000.0,0.0,3554000.0,0.0,6.345,2397104000.0
35,BRCM,MRQ,2006-12-31,2006-12-31,2006-12-31,2019-04-17,-95000.0,4876766000.0,,3351788000.0,1524978000.0,,7.646,-35322000.0,2158110000.0,2158110000.0,453818000.0,45076000.0,4.939,0.163,0.0,0.0,0.0,0.0,1873000.0,10470000.0,0.0,0.0,0.0,13171000.0,23641000.0,0.026,23641000.0,13171000.0,48410000.0,0.08,0.07,0.08,4191666000.0,,4191666000.0,15750481000.0,64.0,51.918,245206000.0,0.447,1.0,469636000.0,0.509,1214174000.0,-35239000.0,825781000.0,,202794000.0,643488000.0,522340000.0,121148000.0,685100000.0,678701000.0,6399000.0,17618643000.0,230312000.0,75000.0,28948000.0,0.0,0.0,-260000.0,-49956000.0,-14709000.0,280528000.0,0.0,45076000.0,45076000.0,45076000.0,0.0,0.0,0.049,456465000.0,13171000.0,307972000.0,0.0,4.203,46.482,46.826,164699000.0,0.0,32.31,4.804,4.807,382823000.0,-7757202000.0,923454000.0,923454000.0,312731000.0,,,,,106385000.0,143850000.0,1.0,545300000.0,548211000.0,584925000.0,1.684,3662592000.0,0.0,3334000.0,0.0,6.681,2673087000.0
36,BRCM,MRQ,2006-09-30,2006-09-30,2006-09-30,2019-04-17,211000.0,4651051000.0,,3120003000.0,1531048000.0,,7.372,-19926000.0,1927798000.0,1927798000.0,450164000.0,110181000.0,5.16,0.151,0.0,0.0,0.0,0.0,1463000.0,14523000.0,0.0,0.0,0.0,54546000.0,69069000.0,0.077,69069000.0,54546000.0,86372000.0,0.2,0.19,0.2,4039428000.0,,4039428000.0,14676240000.0,37.0,31.643,209939000.0,0.383,1.0,452422000.0,0.501,1218639000.0,-31826000.0,899969000.0,,223528000.0,626626000.0,449353000.0,177273000.0,611623000.0,604645000.0,6978000.0,16544402000.0,89426000.0,-2204000.0,-31551000.0,0.0,0.0,-30538000.0,-109901000.0,-87771000.0,229865000.0,0.0,110181000.0,110181000.0,110181000.0,0.0,0.0,0.122,397876000.0,54546000.0,240421000.0,0.0,4.096,31.773,31.278,118762000.0,0.0,30.34,4.641,4.663,422995000.0,-7802278000.0,902586000.0,902586000.0,272565000.0,,,,,121528000.0,125281000.0,1.0,545300000.0,547927000.0,572597000.0,1.647,3432412000.0,0.0,-23809000.0,0.0,6.264,2515358000.0
37,BRCM,MRQ,2006-06-30,2006-06-30,2006-06-30,2019-04-17,709000.0,4500718000.0,,2981845000.0,1518873000.0,,7.008,-22272000.0,1838372000.0,1838372000.0,457374000.0,106086000.0,4.559,0.172,0.0,0.0,0.0,0.0,1520000.0,15486000.0,0.0,0.0,0.0,82594000.0,98080000.0,0.104,98080000.0,82594000.0,110788000.0,0.19,0.18,0.19,3838755000.0,,3838755000.0,14670787000.0,34.0,29.54,123321000.0,0.225,1.0,483757000.0,0.514,1220305000.0,-28194000.0,788030000.0,,278036000.0,538855000.0,366894000.0,171961000.0,661963000.0,654011000.0,7952000.0,16538949000.0,-29790000.0,0.0,-59774000.0,0.0,0.0,-59547000.0,-115836000.0,-93564000.0,145593000.0,0.0,106086000.0,106086000.0,106086000.0,0.0,0.0,0.113,401163000.0,82594000.0,321011000.0,0.0,4.308,31.104,30.03,110691000.0,0.0,30.33,4.926,4.949,405984000.0,-7912459000.0,941131000.0,941131000.0,280024000.0,,,,,132465000.0,121982000.0,1.0,545300000.0,547790000.0,594546000.0,1.718,3280413000.0,0.0,4702000.0,0.0,5.988,2327834000.0
38,BRCM,MRQ,2006-03-31,2006-03-31,2006-03-31,2019-04-17,1363000.0,4323482000.0,,2805819000.0,1517663000.0,,6.792,-14957000.0,1868162000.0,1868162000.0,434209000.0,117698000.0,4.29,0.181,0.0,0.0,0.0,0.0,2121000.0,15252000.0,0.0,0.0,0.0,97333000.0,112585000.0,0.125,112585000.0,97333000.0,121071000.0,0.22,0.2,0.22,3660405000.0,,3660405000.0,21195828000.0,64.0,53.038,216442000.0,0.402,1.0,466438000.0,0.518,1226062000.0,-23738000.0,575208000.0,,226301000.0,445291000.0,272402000.0,172889000.0,663077000.0,654050000.0,9027000.0,22633104000.0,430886000.0,-67921000.0,291362000.0,-4625000.0,0.0,289274000.0,-89787000.0,-6909000.0,231399000.0,0.0,117698000.0,117698000.0,117698000.0,0.0,0.0,0.131,369105000.0,97333000.0,323930000.0,0.0,6.183,53.835,53.284,100556000.0,0.0,43.16,7.492,7.7,349055000.0,-8018545000.0,900647000.0,900647000.0,251694000.0,,,,,107986000.0,112899000.0,1.0,524400000.0,538968000.0,601204000.0,1.671,3097420000.0,0.0,3373000.0,0.0,5.747,2151769000.0
39,BRCM,MRQ,2005-12-31,2005-12-31,2005-12-31,2019-04-17,1108000.0,3752199000.0,,2335876000.0,1416323000.0,,6.022,-16582000.0,1437276000.0,1437276000.0,389146000.0,186744000.0,3.896,0.195,0.0,0.0,0.0,0.0,2053000.0,16805000.0,0.0,0.0,0.0,167271000.0,184076000.0,0.224,184076000.0,167271000.0,185525000.0,0.36,0.33,0.36,3140567000.0,,3140567000.0,15097754790.0,51.0,41.456,117176000.0,0.225,1.0,431459000.0,0.526,1156934000.0,-18254000.0,558495000.0,,194571000.0,438245000.0,295402000.0,142843000.0,611632000.0,599494000.0,12138000.0,16232875790.0,302155000.0,-33305000.0,85530000.0,0.0,0.0,86648000.0,81749000.0,131636000.0,133758000.0,0.0,186744000.0,186744000.0,186744000.0,0.0,0.0,0.228,264188000.0,167271000.0,289069000.0,0.0,5.169,44.221,43.657,96438000.0,0.0,31.433,6.078,5.984,302613000.0,-8136243000.0,820605000.0,820605000.0,185860000.0,,,,,24783000.0,75095000.0,1.0,516422348.0,521535000.0,586776000.0,1.573,2595265000.0,0.0,-1219000.0,0.0,4.976,1736382000.0
40,BRCM,MRQ,2005-09-30,2005-09-30,2005-09-30,2019-04-17,1290000.0,3510527000.0,,2107875000.0,1402652000.0,,5.551,-11755000.0,1135121000.0,1135121000.0,327742000.0,121210000.0,3.238,0.233,0.0,0.0,0.0,0.0,1742000.0,16458000.0,0.0,0.0,0.0,85445000.0,101903000.0,0.147,101903000.0,85445000.0,99762000.0,0.24,0.21,0.24,2846565000.0,,2846565000.0,14776466098.0,105.0,69.536,71004000.0,0.138,1.0,367235000.0,0.528,1143087000.0,-14317000.0,581403000.0,,163322000.0,570217000.0,424320000.0,145897000.0,663962000.0,650916000.0,13046000.0,15790034098.0,121553000.0,-54121000.0,137615000.0,0.0,0.0,139585000.0,-100791000.0,-34915000.0,82759000.0,0.0,121210000.0,121210000.0,121210000.0,0.0,0.0,0.174,281790000.0,85445000.0,278216000.0,0.0,5.547,76.678,76.855,92603000.0,0.0,31.28,6.608,6.712,269536000.0,-6110636000.0,694977000.0,694977000.0,178612000.0,,,,,26946000.0,72218000.0,1.0,504796487.0,512773000.0,570860000.0,1.355,2367440000.0,0.0,-21448000.0,0.0,4.617,1456959000.0
41,BRCM,MRQ,2005-06-30,2005-06-30,2005-06-30,2019-04-17,1066000.0,3218200000.0,,1853513000.0,1364687000.0,,5.091,-5376000.0,1013568000.0,1013568000.0,284092000.0,-5234000.0,2.883,0.258,0.0,0.0,0.0,0.0,1830000.0,17549000.0,0.0,0.0,0.0,-16482000.0,1067000.0,0.002,1067000.0,-16482000.0,-5804000.0,-0.01,-0.01,-0.01,2557344000.0,,2557344000.0,10841135474.0,88.0,53.566,73716000.0,0.147,1.0,320769000.0,0.53,1098345000.0,-10678000.0,463466000.0,,134065000.0,533435000.0,390590000.0,142845000.0,660856000.0,642821000.0,18035000.0,11816050474.0,38653000.0,0.0,52956000.0,0.0,0.0,53027000.0,-93466000.0,-88090000.0,79092000.0,0.0,-5234000.0,-5234000.0,-5234000.0,0.0,0.0,-0.009,337251000.0,-16482000.0,218574000.0,0.0,4.62,91.87,91.103,93330000.0,0.0,23.687,5.047,5.083,235960000.0,-6243292000.0,604861000.0,604861000.0,161991000.0,,,,,26147000.0,64899000.0,1.0,498848177.0,502353000.0,502353000.0,1.204,2119855000.0,0.0,-570000.0,0.0,4.22,1210692000.0
42,BRCM,MRQ,2005-03-31,2005-03-31,2005-03-31,2019-04-17,1062000.0,3029486000.0,,1670217000.0,1359269000.0,,4.994,-8054000.0,974915000.0,974915000.0,266819000.0,64369000.0,3.169,0.22,0.0,0.0,0.0,0.0,4703000.0,17715000.0,0.0,0.0,0.0,59428000.0,77143000.0,0.14,77143000.0,59428000.0,67386000.0,0.13,0.12,0.13,2482959000.0,,2482959000.0,9030223666.0,41.0,29.293,143045000.0,0.288,1.0,283526000.0,0.515,1102807000.0,-7958000.0,424748000.0,,108951000.0,445331000.0,310123000.0,135208000.0,546527000.0,527016000.0,19511000.0,9888815666.0,116323000.0,-24028000.0,28226000.0,-2482000.0,0.0,25797000.0,-60573000.0,-28491000.0,151099000.0,0.0,64369000.0,64369000.0,64369000.0,0.0,0.0,0.117,224098000.0,59428000.0,198463000.0,0.0,3.983,50.022,49.495,101219000.0,0.0,19.947,4.159,4.171,200194000.0,-6258353000.0,550345000.0,550345000.0,154584000.0,,,,,24139000.0,62048000.0,1.0,495762818.0,497206000.0,534340000.0,1.107,1926679000.0,0.0,3017000.0,0.0,3.875,1143201000.0
43,BRCM,MRQ,2004-12-31,2004-12-31,2004-12-31,2019-04-17,1099000.0,2885839000.0,,1584442000.0,1301397000.0,,4.782,-19060000.0,858592000.0,858592000.0,273768000.0,25581000.0,3.173,0.221,0.0,0.0,0.0,0.0,3648000.0,19710000.0,0.0,0.0,0.0,12677000.0,32387000.0,0.06,32387000.0,12677000.0,18705000.0,0.047,0.05,0.047,2363743000.0,,2363743000.0,9843193564.0,46.0,32.173,133292000.0,0.27,1.0,265622000.0,0.492,1079262000.0,-6028000.0,448642000.0,,128294000.0,416959000.0,324041000.0,92918000.0,522096000.0,499343000.0,22753000.0,10622706564.0,79079000.0,0.0,38186000.0,0.0,0.0,38287000.0,-111560000.0,-92500000.0,152352000.0,0.0,25581000.0,25581000.0,25581000.0,0.0,0.0,0.047,252945000.0,12677000.0,171248000.0,0.0,4.494,61.337,59.778,107160000.0,0.0,21.52,4.425,4.295,197180000.0,-8503332000.0,539390000.0,539390000.0,178011000.0,,,,,79683000.0,73623000.0,1.0,493620194.0,494274000.0,529859500.0,1.091,1806577000.0,0.0,-6876000.0,0.0,3.655,1085099000.0
44,BRCM,MRQ,2004-09-30,2004-09-30,2004-09-30,2019-04-17,678000.0,2822668000.0,,1524170000.0,1298498000.0,,4.589,-11472000.0,779513000.0,779513000.0,322039000.0,43901000.0,2.639,0.271,0.0,0.0,0.0,0.0,2898000.0,24792000.0,0.0,0.0,0.0,66998000.0,91790000.0,0.142,91790000.0,66998000.0,71363000.0,0.093,0.087,0.093,2220168000.0,,2220168000.0,8070721614.0,-64.0,-246.826,148499000.0,0.307,1.0,324476000.0,0.502,1084531000.0,-4365000.0,381139000.0,,177532000.0,325459000.0,233195000.0,92264000.0,602500000.0,577485000.0,25015000.0,8789743614.0,60491000.0,-4914000.0,21403000.0,-1246000.0,0.0,20457000.0,-119937000.0,-103551000.0,159971000.0,0.0,43901000.0,43901000.0,43901000.0,0.0,0.0,0.068,257478000.0,66998000.0,216099000.0,0.0,3.959,-48.745,-45.827,113353000.0,0.0,18.193,3.756,3.761,270744000.0,-6398676000.0,646515000.0,646515000.0,133795000.0,,,,,36952000.0,56377000.0,1.0,483129917.0,483811500.0,521083500.0,1.336,1738137000.0,0.0,27462000.0,0.0,3.593,946685000.0
45,BRCM,MRQ,2004-06-30,2004-06-30,2004-06-30,2019-04-17,512000.0,2545181000.0,,1393798000.0,1151383000.0,,4.056,-10883000.0,719022000.0,719022000.0,317479000.0,63839000.0,2.36,0.321,0.0,0.0,0.0,0.0,3106000.0,23243000.0,0.0,0.0,0.0,83710000.0,106953000.0,0.167,106953000.0,83710000.0,86424000.0,0.133,0.12,0.133,1926856000.0,,1926856000.0,14025412244.0,-72.0,-136.037,100532000.0,0.212,1.0,323820000.0,0.505,929837000.0,-2714000.0,305605000.0,,207598000.0,213727000.0,124760000.0,88967000.0,618325000.0,590717000.0,27608000.0,14637164244.0,107270000.0,-60074000.0,129133000.0,-957000.0,0.0,129567000.0,-133712000.0,-62755000.0,111415000.0,0.0,63839000.0,63839000.0,63839000.0,0.0,0.0,0.1,240110000.0,83710000.0,270117000.0,0.0,7.596,-63.496,-61.763,121244000.0,0.0,31.067,6.906,6.963,269532000.0,-6442577000.0,641299000.0,641299000.0,143886000.0,,,,,43337000.0,58241000.0,1.0,471153356.0,475036500.0,528538500.0,1.35,1615344000.0,0.0,22585000.0,0.0,3.4,803081000.0
46,BRCM,MRQ,2004-03-31,2004-03-31,2004-03-31,2019-04-17,750000.0,2213936000.0,,1158884000.0,1055052000.0,,3.526,-8516000.0,611752000.0,611752000.0,283481000.0,39864000.0,2.1,0.355,0.0,0.0,0.0,0.0,1288000.0,23945000.0,0.0,0.0,0.0,50872000.0,74817000.0,0.13,74817000.0,50872000.0,52775000.0,0.087,0.08,0.087,1634430000.0,,1634430000.0,11520950548.0,-10.0,-10.728,69584000.0,0.15,1.0,289925000.0,0.506,836205000.0,-1903000.0,214230000.0,,145235000.0,153922000.0,81207000.0,72715000.0,579506000.0,551749000.0,27757000.0,12079619548.0,53083000.0,-9858000.0,64601000.0,0.0,0.0,65794000.0,-90811000.0,-72437000.0,78100000.0,0.0,39864000.0,39864000.0,39864000.0,0.0,0.0,0.07,239053000.0,50872000.0,231067000.0,0.0,7.391,-10.184,-9.668,128776000.0,0.0,26.007,6.508,6.495,224497000.0,-6506416000.0,573406000.0,573406000.0,143005000.0,,,,,40227000.0,55796000.0,1.0,464481654.0,463528500.0,513897000.0,1.237,1377731000.0,0.0,12911000.0,0.0,2.972,607135000.0
47,BRCM,MRQ,2003-12-31,2003-12-31,2003-12-31,2019-04-17,635000.0,2017622000.0,,995803000.0,1021819000.0,,3.26,-11918000.0,558669000.0,558669000.0,269778000.0,-327925000.0,1.977,0.354,0.0,0.0,0.0,0.0,963000.0,21043000.0,0.0,0.0,0.0,-327301000.0,-306258000.0,-0.639,-306258000.0,-327301000.0,-325454000.0,-0.71,-0.71,-0.71,1489805000.0,,1489805000.0,9860677267.0,-8.0,-8.324,15357000.0,0.034,1.0,209341000.0,0.437,834319000.0,-1847000.0,121058000.0,,104047000.0,83701000.0,47296000.0,36405000.0,527817000.0,503576000.0,24241000.0,10302349267.0,89700000.0,0.0,109167000.0,-27297000.0,0.0,83000000.0,-20575000.0,-8657000.0,27275000.0,0.0,-327925000.0,-327925000.0,-327925000.0,0.0,0.0,-0.684,536642000.0,-327301000.0,219064000.0,0.0,6.915,-7.962,-7.688,142113000.0,0.0,22.68,6.399,6.17,209218000.0,-6546280000.0,479119000.0,479119000.0,412603000.0,,,,,381897000.0,120450000.0,1.0,454248204.0,456992500.0,456992500.0,1.048,1183303000.0,0.0,2471000.0,0.0,2.589,492227000.0
48,BRCM,MRQ,2003-09-30,2003-09-30,2003-09-30,2019-04-17,490000.0,1890739000.0,,837244000.0,1053495000.0,,3.002,-18203000.0,468969000.0,468969000.0,217708000.0,-6298000.0,1.595,0.412,27297000.0,27297000.0,0.0,27297000.0,5140000.0,22504000.0,0.0,0.0,0.0,-1116000.0,21388000.0,0.05,21388000.0,-1116000.0,365000.0,-0.013,-0.013,-0.013,1338669000.0,,1338669000.0,7511062934.0,-3.0,-3.236,-13958000.0,-0.031,1.0,207925000.0,0.489,850908000.0,-1481000.0,73197000.0,,77256000.0,76544000.0,36310000.0,40234000.0,552070000.0,524962000.0,27108000.0,7906871934.0,15534000.0,0.0,45071000.0,-30329000.0,0.0,14872000.0,-3583000.0,14620000.0,4245000.0,0.0,-6298000.0,-6298000.0,-6298000.0,0.0,0.0,-0.015,209041000.0,-1116000.0,187435000.0,0.0,5.907,-2.903,-2.693,153006000.0,0.0,17.773,5.541,5.555,181025000.0,-6552361000.0,425633000.0,425633000.0,110282000.0,,,,,74294000.0,50076000.0,1.0,444872765.0,445968000.0,445968000.0,0.954,1039831000.0,0.0,6663000.0,0.0,2.332,312282000.0
49,BRCM,MRQ,2003-06-30,2003-06-30,2003-06-30,2019-04-17,410000.0,1859856000.0,,812654000.0,1047202000.0,,2.824,-12906000.0,453435000.0,453435000.0,206853000.0,-891742000.0,1.349,0.515,57626000.0,57626000.0,0.0,57626000.0,7815000.0,22524000.0,0.0,0.0,0.0,-886374000.0,-863850000.0,-2.286,-863850000.0,-886374000.0,-885064000.0,-2.053,-2.053,-2.053,1227392000.0,,1227392000.0,6625783126.0,-3.0,-2.667,-32632000.0,-0.075,1.0,171026000.0,0.453,855459000.0,-1310000.0,6098000.0,,85000000.0,63021000.0,41343000.0,21678000.0,632464000.0,602490000.0,29974000.0,6977159126.0,16534000.0,0.0,51109000.0,-27899000.0,0.0,23641000.0,12619000.0,25525000.0,-19726000.0,0.0,-891742000.0,-891742000.0,-891742000.0,0.0,0.0,-2.36,1057400000.0,-886374000.0,210570000.0,0.0,5.685,-2.405,-2.359,157476000.0,0.0,16.607,5.403,5.589,170739000.0,-6546063000.0,377879000.0,377879000.0,106378000.0,,,,,294491000.0,47373000.0,1.0,420142059.0,434617500.0,434617500.0,0.869,1004397000.0,0.0,6678000.0,0.0,2.311,210164000.0
50,BRCM,MRQ,2003-03-31,2003-03-31,2003-03-31,2019-04-17,288000.0,2229453000.0,,773265000.0,1456188000.0,,3.983,-4905000.0,436901000.0,436901000.0,172020000.0,-67906000.0,1.419,0.351,85525000.0,85036000.0,489000.0,85525000.0,13428000.0,24877000.0,0.0,0.0,0.0,-60781000.0,-35904000.0,-0.11,-35904000.0,-60781000.0,-58591000.0,-0.167,-0.167,-0.167,1650667000.0,,1650667000.0,3163917802.0,-2.0,-1.849,13940000.0,0.034,1.0,155444000.0,0.475,1248395000.0,-2190000.0,84586000.0,,61278000.0,88037000.0,70516000.0,17521000.0,578786000.0,545096000.0,33690000.0,3440002802.0,47346000.0,-5862000.0,2148000.0,-27945000.0,0.0,-25547000.0,54048000.0,64815000.0,18845000.0,0.0,-67906000.0,-67906000.0,-67906000.0,0.0,0.0,-0.207,216225000.0,-60781000.0,185451000.0,0.0,2.084,-1.609,-1.55,164484000.0,0.0,8.233,2.936,2.913,148608000.0,-5654321000.0,327464000.0,327464000.0,103123000.0,,,,,71355000.0,41359000.0,1.0,417814106.0,414475500.0,414475500.0,0.79,981058000.0,0.0,9315000.0,0.0,2.367,228169000.0
51,BRCM,MRQ,2002-12-31,2002-12-31,2002-12-31,2019-04-17,246000.0,2216153000.0,,721784000.0,1494369000.0,,3.994,-46374000.0,389555000.0,389555000.0,165071000.0,-1757831000.0,1.352,0.348,113470000.0,112258000.0,1212000.0,113470000.0,15129000.0,36929000.0,0.0,0.0,0.0,-1479496000.0,-1442567000.0,-4.874,-1442567000.0,-1479496000.0,-1477175000.0,-4.367,-4.367,-4.367,1644521000.0,,1644521000.0,3880107370.0,-2.0,-2.151,-92611000.0,-0.225,1.0,130874000.0,0.442,1252639000.0,-2321000.0,153412000.0,,46036000.0,153352000.0,113148000.0,40204000.0,571632000.0,534017000.0,37615000.0,4154494370.0,-2913000.0,0.0,13671000.0,-3611000.0,0.0,10894000.0,32430000.0,78804000.0,-46237000.0,0.0,-1757831000.0,-1757831000.0,-1757831000.0,0.0,0.0,-5.94,1610370000.0,-1479496000.0,168236000.0,0.0,2.526,-1.858,-1.803,177557000.0,0.0,10.04,3.836,3.727,115368000.0,-5586415000.0,295945000.0,295945000.0,117045000.0,,,,,99172000.0,41827000.0,1.0,413794260.0,411750000.0,411750000.0,0.719,963514000.0,0.0,280656000.0,0.0,2.34,187767000.0
52,BRCM,MRQ,2002-09-30,2002-09-30,2002-09-30,2019-04-17,1442000.0,3784472000.0,,787726000.0,2996746000.0,,7.925,19882000.0,392468000.0,392468000.0,161627000.0,-183260000.0,1.434,0.179,118081000.0,115786000.0,2295000.0,118081000.0,17042000.0,38307000.0,0.0,0.0,0.0,-180320000.0,-142013000.0,-0.49,-142013000.0,-180320000.0,-177211000.0,-0.453,-0.453,-0.453,3210716000.0,,3210716000.0,2679799633.0,-3.0,-5.227,-18622000.0,-0.046,1.0,128373000.0,0.443,2481189000.0,-3109000.0,479531000.0,,39062000.0,228254000.0,181195000.0,47059000.0,573756000.0,549365000.0,24391000.0,2925961633.0,26562000.0,0.0,4599000.0,-1663000.0,0.0,3665000.0,61401000.0,41519000.0,-38504000.0,0.0,-183260000.0,-183260000.0,-183260000.0,0.0,0.0,-0.632,308693000.0,-180320000.0,191615000.0,0.0,0.911,-3.62,-3.537,164965000.0,0.0,7.12,2.886,2.845,97961000.0,-3828584000.0,290000000.0,290000000.0,118338000.0,,,,,83696000.0,42359000.0,1.0,410949668.0,405156000.0,405156000.0,0.716,1303283000.0,285951000.0,6049000.0,0.0,3.217,238361000.0
53,BRCM,MRQ,2002-06-30,2002-06-30,2002-06-30,2019-04-17,1052000.0,3809436000.0,,750739000.0,3058697000.0,,8.276,-40600000.0,365906000.0,365906000.0,143577000.0,-129418000.0,1.467,0.156,119744000.0,116379000.0,3365000.0,119744000.0,22403000.0,36838000.0,0.0,0.0,0.0,-127842000.0,-91004000.0,-0.352,-91004000.0,-127842000.0,-124529000.0,-0.327,-0.327,-0.327,3294251000.0,,3294251000.0,4432035795.0,-2.0,-2.545,-27372000.0,-0.069,1.0,114626000.0,0.444,2491809000.0,-3313000.0,559645000.0,,29380000.0,266328000.0,212845000.0,53483000.0,515185000.0,511820000.0,3365000.0,4710580795.0,-29880000.0,839000.0,16963000.0,-7634000.0,0.0,9508000.0,-52616000.0,-12855000.0,13228000.0,0.0,-129418000.0,-129418000.0,-129418000.0,0.0,0.0,-0.501,242468000.0,-127842000.0,153860000.0,0.0,1.43,-2.099,-2.016,177119000.0,0.0,11.693,5.025,4.965,79229000.0,-3645324000.0,258203000.0,258203000.0,114727000.0,,,,,85026000.0,40607000.0,1.0,402843284.0,398034000.0,398034000.0,0.649,1317627000.0,281938000.0,4889000.0,0.0,3.31,238919000.0
54,BRCM,MRQ,2002-03-31,2002-03-31,2002-03-31,2019-04-17,5079000.0,3614861000.0,,738183000.0,2876678000.0,,8.024,-8090000.0,395786000.0,395786000.0,134122000.0,-166067000.0,1.612,0.146,117241000.0,113903000.0,3338000.0,117241000.0,25231000.0,35054000.0,0.0,0.0,0.0,-163507000.0,-128453000.0,-0.538,-128453000.0,-163507000.0,-160067000.0,-0.42,-0.42,-0.42,3153608000.0,,3153608000.0,9330611739.0,-4.0,-5.035,-5768000.0,-0.015,1.0,104678000.0,0.438,2320192000.0,-3440000.0,558209000.0,,24874000.0,253473000.0,188769000.0,64704000.0,461253000.0,457915000.0,3338000.0,9616323739.0,-7972000.0,0.0,8822000.0,-805000.0,0.0,8474000.0,-18768000.0,-10678000.0,2322000.0,0.0,-166067000.0,-166067000.0,-166067000.0,0.0,0.0,-0.695,268185000.0,-163507000.0,134526000.0,0.0,3.049,-3.769,-3.611,147914000.0,0.0,23.933,10.803,10.567,60296000.0,-3515906000.0,238800000.0,238800000.0,111694000.0,,,,,104813000.0,40474000.0,1.0,401796257.0,392998500.0,392998500.0,0.608,1294669000.0,289567000.0,6000000.0,0.0,3.294,280268000.0
55,BRCM,MRQ,2001-12-31,2001-12-31,2001-12-31,2019-04-17,6906000.0,3631409000.0,,681842000.0,2949567000.0,,8.241,-7789000.0,403758000.0,403758000.0,132385000.0,-329586000.0,1.636,0.132,118046000.0,114040000.0,4006000.0,118046000.0,29495000.0,172488000.0,0.0,0.0,0.0,-323742000.0,-151254000.0,-0.667,-151254000.0,-323742000.0,-319586000.0,-0.813,-0.813,-0.813,3207410000.0,,3207410000.0,10431573005.0,-4.0,-5.397,-16630000.0,-0.043,1.0,94436000.0,0.416,2338740000.0,-4156000.0,590222000.0,,22267000.0,245795000.0,136028000.0,109767000.0,423999000.0,416735000.0,7264000.0,10720951005.0,-140000.0,0.0,19502000.0,6145000.0,0.0,32853000.0,-24152000.0,-16363000.0,-8841000.0,0.0,-329586000.0,-329586000.0,-329586000.0,0.0,0.0,-1.453,418178000.0,-323742000.0,103032000.0,0.0,3.343,-3.91,-3.788,157336000.0,0.0,27.247,11.147,10.794,50846000.0,-3349839000.0,226821000.0,226821000.0,109638000.0,,,,,130474000.0,41625000.0,1.0,393477527.0,389208000.0,389208000.0,0.583,1292669000.0,289567000.0,10000000.0,0.0,3.321,265107000.0
56,BRCM,MRQ,2001-09-30,2001-09-30,2001-09-30,2019-04-17,2808000.0,3669252000.0,,706995000.0,2962257000.0,,8.521,-16128000.0,403898000.0,403898000.0,129832000.0,-1619216000.0,1.989,0.128,114520000.0,54042000.0,60478000.0,114520000.0,0.0,246413000.0,0.0,0.0,0.0,-1617444000.0,-1371031000.0,-6.419,-1371031000.0,-1617444000.0,-1613216000.0,-4.24,-4.24,-4.24,3253359000.0,,3253359000.0,4934455306.0,-1.0,-2.012,-10714000.0,-0.028,1.0,83759000.0,0.392,2372904000.0,-4228000.0,651555000.0,,28785000.0,249432000.0,116117000.0,133315000.0,415893000.0,355415000.0,60478000.0,5300031306.0,-77175000.0,16000.0,3675000.0,-8319000.0,0.0,-1006000.0,-81583000.0,-65471000.0,5414000.0,0.0,-1619216000.0,-1619216000.0,-1619216000.0,0.0,0.0,-7.581,1701203000.0,-1617444000.0,89844000.0,0.0,1.629,-1.666,-1.559,165453000.0,0.0,13.533,4.929,4.805,68756000.0,-3020253000.0,213591000.0,213591000.0,111406000.0,,,,,110342000.0,35599000.0,1.0,391627929.0,381786000.0,381786000.0,0.559,1296348000.0,288222000.0,6000000.0,0.0,3.395,351580000.0
57,BRCM,MRQ,2001-06-30,2001-06-30,2001-06-30,2019-04-17,-6770000.0,5114843000.0,,726064000.0,4388779000.0,,12.518,-17255000.0,481073000.0,481073000.0,132564000.0,-436394000.0,2.323,0.079,115497000.0,52325000.0,63172000.0,115497000.0,0.0,240294000.0,0.0,0.0,0.0,-442889000.0,-202595000.0,-0.961,-202595000.0,-442889000.0,-436394000.0,-1.153,-1.153,-1.153,4739151000.0,,4739151000.0,10708532474.0,-6.0,-9.902,-31992000.0,-0.085,1.0,78344000.0,0.371,3778792000.0,-6495000.0,657955000.0,,51455000.0,184278000.0,43275000.0,141003000.0,375692000.0,312520000.0,63172000.0,11121472474.0,-83717000.0,0.0,13111000.0,-35738000.0,0.0,-15022000.0,-53958000.0,-36703000.0,-14737000.0,0.0,-436394000.0,-436394000.0,-436394000.0,0.0,0.0,-2.069,521233000.0,-442889000.0,73567000.0,0.0,2.347,-7.059,-6.363,158260000.0,0.0,28.507,9.419,9.14,59093000.0,-1401037000.0,210908000.0,210908000.0,116072000.0,,,,,139474000.0,38820000.0,1.0,390135845.0,378598500.0,378598500.0,0.557,1336051000.0,294736000.0,0.0,0.0,3.529,413544000.0
58,BRCM,MRQ,2001-03-31,2001-03-31,2001-03-31,2019-04-17,-5462000.0,5432908000.0,,917616000.0,4515292000.0,,13.232,-30201000.0,564790000.0,564790000.0,162952000.0,-356852000.0,2.218,0.096,151850000.0,88255000.0,63595000.0,151850000.0,0.0,229792000.0,0.0,0.0,0.0,-437721000.0,-207929000.0,-0.67,-207929000.0,-437721000.0,-429581000.0,-0.953,-0.953,-0.953,4955685000.0,,4955685000.0,6421406255.0,-5.0,-7.989,37017000.0,0.099,1.0,147549000.0,0.475,3954906000.0,-8140000.0,651434000.0,,75503000.0,147575000.0,46129000.0,101446000.0,477223000.0,413628000.0,63595000.0,6797365255.0,40886000.0,40992000.0,23527000.0,-668000.0,0.0,30786000.0,-57118000.0,-67909000.0,67218000.0,0.0,-356852000.0,-356852000.0,-356852000.0,0.0,0.0,-1.149,585270000.0,-437721000.0,116948000.0,0.0,1.372,-6.275,-6.111,154947000.0,0.0,19.267,5.594,5.939,131682000.0,-964643000.0,310501000.0,310501000.0,109532000.0,,,,,119650000.0,39404000.0,1.0,352804425.0,374533500.0,374533500.0,0.829,1478002000.0,293892000.0,-72729000.0,0.0,3.946,503988000.0
59,BRCM,MRQ,2000-12-31,2000-12-31,2000-12-31,2019-04-17,-3811000.0,4677822000.0,,875654000.0,3802168000.0,,12.746,-33581000.0,523904000.0,523904000.0,165684000.0,-768270000.0,4.323,0.045,23649000.0,23649000.0,0.0,23649000.0,6438000.0,149246000.0,0.0,0.0,0.0,-819879000.0,-670633000.0,-1.971,-670633000.0,-819879000.0,-810730000.0,-2.333,-2.293,-2.333,4475260000.0,,4475260000.0,19381088800.0,-27.0,-35.17,-13017000.0,-0.037,1.0,174553000.0,0.513,3260464000.0,-9149000.0,714541000.0,,52137000.0,79666000.0,77682000.0,1984000.0,202562000.0,202562000.0,0.0,19757047800.0,146091000.0,58744000.0,43897000.0,-1670000.0,0.0,80915000.0,44612000.0,19449000.0,20564000.0,0.0,-768270000.0,-768270000.0,-768270000.0,0.0,0.0,-2.258,994432000.0,-819879000.0,78163000.0,0.0,4.415,-28.724,-26.833,132870000.0,0.0,56.0,18.024,16.867,157739000.0,-607791000.0,340237000.0,340237000.0,87326000.0,,,,,133007000.0,31208000.0,1.0,352804425.0,351108000.0,330151500.0,0.969,1417358000.0,362334000.0,-42460000.0,0.0,4.037,673092000.0
60,BRCM,MRQ,2000-09-30,2000-09-30,2000-09-30,2019-04-17,0.0,1789154000.0,,714125000.0,1075029000.0,,4.916,-26320000.0,377813000.0,377813000.0,136938000.0,-14078000.0,4.398,0.1,1854000.0,1152000.0,702000.0,1854000.0,0.0,5911000.0,0.0,0.0,0.0,-6187000.0,-276000.0,-0.001,-276000.0,-6187000.0,798000.0,-0.04,-0.04,-0.04,1626077000.0,,1626077000.0,53853987942.0,365.0,320.974,43382000.0,0.131,1.0,182217000.0,0.571,673974000.0,-6985000.0,576846000.0,,44471000.0,104570000.0,104570000.0,0.0,163077000.0,162375000.0,702000.0,54132734942.0,96933000.0,10658000.0,49526000.0,-1479000.0,0.0,48481000.0,-21250000.0,-5588000.0,69702000.0,0.0,-14078000.0,-14078000.0,-14078000.0,0.0,0.0,-0.044,188404000.0,-6187000.0,92818000.0,0.0,33.29,477.205,451.481,85961000.0,0.0,162.533,58.973,58.567,138923000.0,160479000.0,319155000.0,319155000.0,67945000.0,,,,,31605000.0,30148000.0,1.0,333056204.0,330765000.0,330765000.0,0.965,1115180000.0,299111000.0,14876000.0,29068000.0,3.372,551750000.0
61,BRCM,MRQ,2000-06-30,2000-06-30,2000-06-30,2019-04-17,0.0,941506000.0,,570251000.0,371255000.0,,2.621,-13607000.0,280880000.0,280880000.0,102520000.0,55897000.0,5.895,0.116,2133000.0,1167000.0,966000.0,2133000.0,0.0,5162000.0,0.0,0.0,0.0,69870000.0,75032000.0,0.306,75032000.0,69870000.0,69870000.0,0.173,0.147,0.173,843809000.0,,843809000.0,46869714170.0,248.0,226.742,25358000.0,0.079,1.0,142657000.0,0.582,0.0,0.0,566028000.0,,38617000.0,98982000.0,98982000.0,0.0,97697000.0,96731000.0,966000.0,47104062170.0,43139000.0,0.0,27131000.0,-1475000.0,0.0,25861000.0,-21687000.0,-8080000.0,38965000.0,0.0,55897000.0,55897000.0,55897000.0,0.0,0.0,0.228,77412000.0,65245000.0,62400000.0,0.0,55.823,309.673,304.028,62786000.0,0.0,145.933,63.798,63.626,115649000.0,174557000.0,245177000.0,245177000.0,50633000.0,,,,,48150000.0,23198000.0,1.0,322777950.0,321907500.0,380916000.0,0.762,941506000.0,301540000.0,13973000.0,0.0,2.925,473520000.0
62,BRCM,MRQ,2000-03-31,2000-03-31,2000-03-31,2019-04-17,0.0,749037000.0,,479040000.0,269997000.0,,2.074,-7158000.0,235214000.0,235214000.0,79077000.0,38629000.0,5.239,0.14,866000.0,471000.0,395000.0,866000.0,0.0,4679000.0,0.0,0.0,0.0,48287000.0,52966000.0,0.276,52966000.0,48287000.0,48287000.0,0.12,0.1,0.12,657202000.0,,657202000.0,51722881708.0,436.0,379.721,25580000.0,0.081,1.0,112514000.0,0.587,0.0,0.0,423249000.0,,30991000.0,90902000.0,90902000.0,0.0,91835000.0,91440000.0,395000.0,51895791708.0,56925000.0,0.0,24069000.0,-1422000.0,0.0,22837000.0,1350000.0,8508000.0,32738000.0,0.0,38629000.0,38629000.0,38629000.0,0.0,0.0,0.202,67652000.0,44862000.0,55856000.0,0.0,78.965,538.5,527.47,51074000.0,0.0,161.933,84.714,83.749,90031000.0,127090000.0,191591000.0,191591000.0,44772000.0,,,,,29078000.0,18751000.0,1.0,320476277.0,316825500.0,378865500.0,0.605,749037000.0,215813000.0,9658000.0,0.0,2.364,387600000.0
63,BRCM,MRQ,1999-12-31,1999-12-31,1999-12-31,2019-04-17,-11000.0,609753000.0,,403506000.0,206247000.0,,1.659,-8782000.0,180816000.0,180816000.0,66563000.0,32989000.0,4.344,0.18,0.0,0.0,0.0,0.0,0.0,4360000.0,0.0,0.0,0.0,35701000.0,40061000.0,0.247,40061000.0,35701000.0,44089000.0,0.107,0.093,0.107,516872000.0,,516872000.0,28221496966.0,304.0,258.953,6718000.0,0.022,1.0,95435000.0,0.589,0.0,-8388000.0,336056000.0,,19177000.0,99410000.0,90059000.0,9351000.0,92881000.0,92881000.0,0.0,28368142966.0,18687000.0,0.0,15784000.0,277000.0,0.0,16459000.0,-13272000.0,-4490000.0,15500000.0,0.0,32989000.0,32989000.0,32989000.0,0.0,0.0,0.204,51049000.0,44386000.0,46458000.0,0.0,54.884,391.441,378.333,51151000.0,0.0,90.8,54.426,52.697,90303000.0,80031000.0,161998000.0,161998000.0,33126000.0,,,,,28698000.0,17439000.0,1.0,312424482.0,311532000.0,367795500.0,0.52,609753000.0,146159000.0,11100000.0,0.0,1.957,310625000.0
64,BRCM,MRQ,1999-09-30,1999-09-30,1999-09-30,2019-04-17,0.0,456221000.0,,323257000.0,132964000.0,,1.194,-8772000.0,147926000.0,147926000.0,56345000.0,24594000.0,3.576,0.25,1280000.0,415000.0,865000.0,1280000.0,0.0,3792000.0,0.0,0.0,0.0,34858000.0,38650000.0,0.277,38650000.0,34858000.0,34858000.0,0.08,0.067,0.08,364969000.0,,364969000.0,10743847679.0,157.0,127.815,73929000.0,0.242,1.0,83216000.0,0.596,0.0,0.0,219188000.0,,12257000.0,98420000.0,78348000.0,20072000.0,91252000.0,90387000.0,865000.0,10841001679.0,53115000.0,0.0,15798000.0,-110000.0,0.0,-14789000.0,-14797000.0,-6025000.0,82701000.0,0.0,24594000.0,24594000.0,24594000.0,0.0,0.0,0.176,51473000.0,31743000.0,54796000.0,0.0,29.704,239.67,237.473,43247000.0,0.0,36.333,24.986,25.594,62635000.0,58222000.0,139561000.0,139561000.0,31294000.0,,,,,27668000.0,15132000.0,1.0,298376193.0,305634000.0,357499500.0,0.457,456221000.0,68048000.0,10264000.0,0.0,1.493,232870000.0
65,BRCM,MRQ,1999-06-30,1999-06-30,1999-06-30,2019-04-17,0.0,336151000.0,,234659000.0,101492000.0,,0.944,-5678000.0,98379000.0,98379000.0,48077000.0,159000.0,4.603,0.182,1225000.0,331000.0,894000.0,1225000.0,0.0,4619000.0,0.0,0.0,0.0,-83000.0,4536000.0,0.038,4536000.0,-83000.0,-83000.0,0.0,-0.007,0.0,284275000.0,,284275000.0,13295618121.0,307.0,230.679,-17350000.0,-0.058,1.0,71375000.0,0.598,0.0,0.0,188015000.0,,7341000.0,92392000.0,64286000.0,28106000.0,51876000.0,50982000.0,894000.0,13369074121.0,13488000.0,0.0,11680000.0,-4982000.0,0.0,30720000.0,-5560000.0,118000.0,-11672000.0,0.0,159000.0,159000.0,159000.0,0.0,0.0,0.001,73464000.0,-2089000.0,24585000.0,,47.029,517.96,518.28,37797000.0,0.0,48.2,38.22,41.517,45987000.0,35629000.0,119452000.0,119452000.0,30216000.0,,,,,0.0,15090000.0,1.0,277366683.0,301297500.0,350151000.0,0.396,336151000.0,36858000.0,-242000.0,0.0,1.116,183677000.0
66,BRCM,MRQ,1999-03-31,1999-03-31,1999-03-31,2019-04-17,0.0,282355000.0,,191485000.0,90870000.0,,0.831,-8046000.0,73456000.0,73456000.0,40815000.0,15669000.0,4.583,0.174,0.0,0.0,0.0,0.0,0.0,3299000.0,0.0,0.0,0.0,24004000.0,27303000.0,0.273,27303000.0,24004000.0,24004000.0,0.053,0.047,0.053,240575000.0,,240575000.0,5437541056.0,104.0,84.946,14740000.0,0.051,1.0,59165000.0,0.592,0.0,0.0,167119000.0,,15284000.0,89469000.0,47345000.0,42124000.0,41780000.0,41780000.0,0.0,5500075056.0,17971000.0,0.0,13335000.0,-2134000.0,0.0,18574000.0,-23389000.0,-15343000.0,22786000.0,0.0,15669000.0,15669000.0,15669000.0,0.0,0.0,0.157,36882000.0,22283000.0,28066000.0,0.0,22.862,180.006,181.799,32030000.0,0.0,20.543,19.963,21.591,39711000.0,57787000.0,99980000.0,99980000.0,23420000.0,,,,,0.0,13462000.0,1.0,267730410.0,289566000.0,336484500.0,0.345,282355000.0,11533000.0,8335000.0,0.0,0.975,149705000.0
67,BRCM,MRQ,1998-12-31,1998-12-31,1998-12-31,2019-04-17,0.0,260581000.0,,172644000.0,87937000.0,,0.751,-7375000.0,72511000.0,72511000.0,30995000.0,4811000.0,4.213,0.209,11352000.0,7252000.0,4100000.0,11352000.0,0.0,3701000.0,0.0,0.0,0.0,9868000.0,13569000.0,0.181,13569000.0,9868000.0,9868000.0,0.02,0.01,0.02,215503000.0,,215503000.0,5347709588.0,134.0,107.908,-6493000.0,-0.023,1.0,43896000.0,0.586,0.0,0.0,158444000.0,,7325000.0,77170000.0,34344000.0,42826000.0,45078000.0,40978000.0,4100000.0,5390305588.0,24455000.0,0.0,52208000.0,-155000.0,0.0,48282000.0,-24709000.0,-17334000.0,882000.0,0.0,4811000.0,4811000.0,4811000.0,0.0,0.0,0.064,35324000.0,8572000.0,22374000.0,0.0,25.013,252.013,231.418,31600000.0,0.0,20.133,24.871,23.649,39536000.0,18240000.0,74891000.0,74891000.0,20941000.0,,,,,27071000.0,12597000.0,1.0,267730410.0,287127000.0,331158000.0,0.261,260581000.0,15974000.0,5057000.0,0.0,0.908,131666000.0
68,BRCM,MRQ,1998-09-30,1998-09-30,1998-09-30,2019-04-17,0.0,162337000.0,,92397000.0,69940000.0,,0.52,-10923000.0,42706000.0,42706000.0,24898000.0,5172000.0,4.487,0.145,110000.0,110000.0,0.0,110000.0,0.0,2763000.0,0.0,0.0,0.0,9466000.0,12229000.0,0.22,12229000.0,9466000.0,9466000.0,0.02,0.017,0.02,141743000.0,,141743000.0,3040950504.0,101.0,81.385,2229000.0,0.008,1.0,30576000.0,0.551,0.0,0.0,99147000.0,,5877000.0,58096000.0,14944000.0,43152000.0,20594000.0,20594000.0,0.0,3105527504.0,-21278000.0,0.0,1862000.0,1152000.0,0.0,7506000.0,-41936000.0,-31013000.0,13152000.0,0.0,5172000.0,5172000.0,5172000.0,0.0,0.0,0.093,22370000.0,8206000.0,13465000.0,0.0,21.91,200.953,153.68,24649000.0,0.0,11.833,19.575,20.329,19340000.0,25654000.0,55474000.0,55474000.0,14085000.0,,,,,0.0,8285000.0,1.0,262438944.0,272550000.0,317607000.0,0.204,162337000.0,0.0,4294000.0,0.0,0.596,71803000.0
69,BRCM,MRQ,1998-06-30,1998-06-30,1998-06-30,2019-04-17,0.0,148101000.0,,105783000.0,42318000.0,,0.497,-5899000.0,64711000.0,64711000.0,20384000.0,4903000.0,5.46,0.151,134000.0,89000.0,45000.0,134000.0,0.0,2032000.0,0.0,0.0,0.0,8879000.0,10911000.0,0.242,10911000.0,8879000.0,8879000.0,0.02,0.017,0.02,128682000.0,,128682000.0,3191823475.0,180.0,139.46,-19863000.0,-0.077,1.0,24784000.0,0.549,0.0,0.0,64150000.0,,11473000.0,27723000.0,2629000.0,25094000.0,19419000.0,19374000.0,45000.0,3219173475.0,32217000.0,0.0,81295000.0,-481000.0,0.0,80903000.0,-34722000.0,-28823000.0,-13964000.0,0.0,4903000.0,4903000.0,4903000.0,0.0,0.0,0.109,17044000.0,7740000.0,15280000.0,0.0,25.017,379.709,272.704,16305000.0,0.0,12.272,28.633,28.251,-3464000.0,17477000.0,45168000.0,45168000.0,10736000.0,,,,,0.0,6308000.0,1.0,262325694.0,258822000.0,303639000.0,0.175,148101000.0,1492000.0,3976000.0,0.0,0.572,86409000.0
70,BRCM,MRQ,1998-03-31,1998-03-31,1998-03-31,2019-04-17,0.0,69603000.0,,55221000.0,14382000.0,,0.246,-5693000.0,29765000.0,29765000.0,13832000.0,7663000.0,2.05,0.683,2415000.0,1089000.0,1326000.0,2415000.0,0.0,1222000.0,0.0,,0.0,11789000.0,13011000.0,0.368,13011000.0,11789000.0,11789000.0,0.047,0.03,0.047,41346000.0,,41346000.0,,,,7726000.0,0.046,1.0,21512000.0,0.609,0.0,0.0,15322000.0,,7571000.0,0.0,0.0,0.0,28257000.0,26931000.0,1326000.0,,7649000.0,0.0,201000.0,-278000.0,0.0,-77000.0,-5693000.0,0.0,13419000.0,0.0,7663000.0,7663000.0,7663000.0,0.0,0.0,0.217,9941000.0,11571000.0,18430000.0,0.0,,,,12920000.0,0.0,,,,12615000.0,9761000.0,35344000.0,35344000.0,5952000.0,,,,,0.0,3989000.0,1.0,262325694.0,167937000.0,247677000.0,0.21,69603000.0,0.0,4126000.0,3693000.0,0.414,28290000.0
71,BRCM,MRQ,1997-12-31,1997-12-31,1997-12-31,2019-04-17,0.0,45244000.0,,36519000.0,8725000.0,,0.191,-4091000.0,22116000.0,22116000.0,6706000.0,-2284000.0,3.56,0.355,2693000.0,1098000.0,1595000.0,2693000.0,0.0,1205000.0,0.0,,0.0,9000.0,1214000.0,0.054,1214000.0,9000.0,-13000.0,-0.01,-0.01,-0.01,33392000.0,,33392000.0,,,,-6295000.0,-0.036,1.0,15954000.0,0.704,0.0,22000.0,15564000.0,,2705000.0,0.0,0.0,0.0,11852000.0,10257000.0,1595000.0,,5710000.0,0.0,11984000.0,-14000.0,0.0,12005000.0,-4091000.0,0.0,-2204000.0,0.0,-2284000.0,-2284000.0,-2284000.0,0.0,0.0,-0.101,16036000.0,-82000.0,7380000.0,0.0,,,,8449000.0,0.0,,,,6551000.0,2098000.0,22660000.0,22660000.0,9837000.0,,,,,0.0,6199000.0,1.0,,174511500.0,174511500.0,0.13,45244000.0,1523000.0,2271000.0,0.0,0.259,26262000.0
72,BRCM,MRQ,1997-09-30,1997-09-30,1997-09-30,2019-04-17,,,,,,,,-1024000.0,,,4047000.0,-1804000.0,,,,,,,,716000.0,,,0.0,-2965000.0,-2249000.0,-0.243,-2249000.0,-2965000.0,-3006000.0,-0.012,-0.012,-0.012,,,,,,,-3974000.0,-0.025,1.0,5208000.0,0.563,,41000.0,,,,,,,,,,,19137000.0,0.0,682000.0,-266000.0,0.0,23111000.0,-1024000.0,0.0,-2950000.0,0.0,-1804000.0,-1804000.0,-1804000.0,0.0,0.0,-0.195,8173000.0,-2965000.0,,0.0,,,,,0.0,,,,,,9255000.0,9255000.0,5503000.0,,,,,0.0,2670000.0,1.0,,162144000.0,162144000.0,0.057,,,-1202000.0,,,
73,BRCM,MRQ,1997-06-30,1997-06-30,1997-06-30,2019-04-17,0.0,45244000.0,,36519000.0,8725000.0,,0.213,-1455000.0,22116000.0,22116000.0,2276000.0,-1078000.0,3.56,0.355,2693000.0,1098000.0,1595000.0,2693000.0,0.0,762000.0,0.0,,0.0,-1796000.0,-1034000.0,-0.192,-1034000.0,-1796000.0,-1796000.0,-0.007,-0.007,-0.007,33392000.0,,33392000.0,,,,-2682000.0,-0.017,1.0,3119000.0,0.578,0.0,0.0,15564000.0,,2705000.0,0.0,0.0,0.0,11852000.0,10257000.0,1595000.0,,301000.0,0.0,7000.0,2982000.0,0.0,2983000.0,-1455000.0,0.0,-1227000.0,0.0,-1078000.0,-1078000.0,-1078000.0,0.0,0.0,-0.2,4918000.0,-1799000.0,7380000.0,0.0,,,,8449000.0,0.0,,,,-3362000.0,2098000.0,5395000.0,5395000.0,3519000.0,,,,,0.0,1399000.0,1.0,,156708000.0,156708000.0,0.034,45244000.0,1523000.0,-718000.0,0.0,0.289,26262000.0
74,BRCM,MRQ,1997-03-31,1997-03-31,1997-03-31,2019-04-17,,,,,,,,-1530000.0,,,2534000.0,-763000.0,,,,,,,,681000.0,,,0.0,-1271000.0,-590000.0,-0.117,-590000.0,-1271000.0,-1271000.0,-0.005,-0.005,-0.005,,,,,,,-1872000.0,-0.012,1.0,2497000.0,0.496,,0.0,,,,,,,,,,,-1897000.0,0.0,-7000.0,-18000.0,0.0,-25000.0,-1530000.0,0.0,-342000.0,0.0,-763000.0,-763000.0,-763000.0,0.0,0.0,-0.152,3828000.0,-1331000.0,,0.0,,,,,0.0,,,,,,5031000.0,5031000.0,2686000.0,,,,,0.0,1142000.0,1.0,,154452000.0,154452000.0,0.033,,,-508000.0,,,
75,BRCM,MRQ,1996-12-31,1996-12-31,1996-12-31,2019-04-17,0.0,14367000.0,,9979000.0,4388000.0,,0.065,,4657000.0,4657000.0,,,2.242,0.471,216000.0,69000.0,147000.0,216000.0,0.0,,0.0,,0.0,,,,,,,,,,9770000.0,,9770000.0,,,,,,1.0,,,0.0,,5476000.0,,854000.0,0.0,0.0,0.0,4597000.0,4450000.0,147000.0,,,,,,,,,,,,,,,,,,,,2140000.0,,,,,4298000.0,,,,,-748000.0,3271000.0,,,,,,,,,,1.0,,149637000.0,,,14367000.0,519000.0,,1812000.0,0.096,5529000.0
0,BRCM,MRT,2015-09-30,2015-09-30,2015-09-30,2019-04-17,-99000000.0,13235000000.0,12689500000.0,5113000000.0,8122000000.0,0.669,16.429,-302000000.0,2212000000.0,2212000000.0,3938000000.0,1414000000.0,3.598,0.325,1594000000.0,0.0,1594000000.0,1594000000.0,41000000.0,306000000.0,0.0,0.01,0.54,1466000000.0,1772000000.0,0.209,1772000000.0,1466000000.0,1448000000.0,2.36,2.3,2.36,9989000000.0,9411250000.0,9989000000.0,30836010000.0,21.0,17.402,1591000000.0,2.617,1.0,4546000000.0,0.536,4127000000.0,18000000.0,7069000000.0,6533750000.0,552000000.0,4432000000.0,1252000000.0,3180000000.0,3246000000.0,1421000000.0,1825000000.0,31218010000.0,-42000000.0,-21000000.0,125000000.0,0.0,-326000000.0,-349000000.0,-1586000000.0,-1263000000.0,1893000000.0,0.0,1414000000.0,1414000000.0,1414000000.0,0.0,0.0,0.167,3086000000.0,1460000000.0,516000000.0,0.229,3.125,22.078,21.792,656000000.0,0.0,51.43,3.68,3.686,966000000.0,-2431000000.0,8484000000.0,8484000000.0,2149000000.0,0.111,0.15,0.224,0.173,358000000.0,715000000.0,1.0,607000000.0,608000000.0,620000000.0,13.954,9108000000.0,0.0,34000000.0,0.0,14.98,3692000000.0
1,BRCM,MRT,2015-06-30,2015-06-30,2015-06-30,2019-04-17,-74000000.0,12990000000.0,12434500000.0,4863000000.0,8127000000.0,0.688,15.952,-277000000.0,1976000000.0,1976000000.0,4000000000.0,1083000000.0,3.146,0.353,1594000000.0,0.0,1594000000.0,1594000000.0,36000000.0,330000000.0,0.0,0.01,0.52,1144000000.0,1474000000.0,0.172,1474000000.0,1144000000.0,1110000000.0,1.82,1.77,1.82,9603000000.0,9069750000.0,9603000000.0,30707020000.0,27.0,20.832,1594000000.0,2.648,1.0,4557000000.0,0.533,4179000000.0,34000000.0,6883000000.0,6116000000.0,612000000.0,4369000000.0,1208000000.0,3161000000.0,3387000000.0,1546000000.0,1841000000.0,30791020000.0,-388000000.0,-21000000.0,15000000.0,192000000.0,-311000000.0,-250000000.0,-2009000000.0,-1711000000.0,1871000000.0,0.0,1083000000.0,1083000000.0,1083000000.0,0.0,0.0,0.127,3422000000.0,1135000000.0,594000000.0,0.286,3.206,28.431,28.291,626000000.0,0.0,51.49,3.598,3.622,922000000.0,-2860000000.0,8557000000.0,8557000000.0,2180000000.0,0.087,0.119,0.187,0.134,380000000.0,714000000.0,1.0,598000000.0,602000000.0,616000000.0,14.214,8811000000.0,0.0,27000000.0,0.0,14.636,3317000000.0
2,BRCM,MRT,2015-03-31,2015-03-31,2015-03-31,2019-04-17,-104000000.0,12062000000.0,12179750000.0,4556000000.0,7506000000.0,0.698,15.003,-340000000.0,1677000000.0,1677000000.0,4066000000.0,696000000.0,3.781,0.34,1593000000.0,0.0,1593000000.0,1593000000.0,37000000.0,357000000.0,0.0,0.012,0.5,753000000.0,1110000000.0,0.131,1110000000.0,753000000.0,717000000.0,1.18,1.14,1.18,9002000000.0,8837250000.0,9002000000.0,24981705000.0,33.0,22.506,954000000.0,1.59,1.0,4436000000.0,0.522,4185000000.0,36000000.0,6588000000.0,5561000000.0,630000000.0,3807000000.0,1274000000.0,2533000000.0,3060000000.0,1205000000.0,1855000000.0,25933705000.0,-577000000.0,-27000000.0,-146000000.0,192000000.0,-297000000.0,-390000000.0,-1481000000.0,-1114000000.0,1294000000.0,0.0,696000000.0,696000000.0,696000000.0,0.0,0.0,0.082,3689000000.0,747000000.0,431000000.0,0.424,2.881,37.261,36.691,620000000.0,0.0,43.295,3.05,3.055,821000000.0,-3246000000.0,8502000000.0,8502000000.0,2276000000.0,0.057,0.079,0.135,0.089,407000000.0,708000000.0,1.0,599000000.0,600000000.0,613000000.0,14.17,7877000000.0,0.0,21000000.0,0.0,13.128,3351000000.0
3,BRCM,MRT,2014-12-31,2014-12-31,2014-12-31,2019-04-17,-89000000.0,12471000000.0,12141000000.0,5072000000.0,7399000000.0,0.694,15.341,-262000000.0,2545000000.0,2545000000.0,4098000000.0,652000000.0,3.272,0.378,1593000000.0,0.0,1593000000.0,1593000000.0,36000000.0,392000000.0,0.0,0.011,0.48,703000000.0,1095000000.0,0.13,1095000000.0,703000000.0,667000000.0,1.11,1.08,1.11,9051000000.0,8739000000.0,9051000000.0,24990360000.0,36.0,22.822,1663000000.0,2.819,1.0,4330000000.0,0.514,4374000000.0,36000000.0,5595000000.0,5073750000.0,531000000.0,3444000000.0,1061000000.0,2383000000.0,3420000000.0,1550000000.0,1870000000.0,25651360000.0,888000000.0,78000000.0,95000000.0,192000000.0,-283000000.0,-123000000.0,-914000000.0,-730000000.0,1925000000.0,0.0,652000000.0,652000000.0,652000000.0,0.0,0.0,0.077,3636000000.0,694000000.0,503000000.0,0.432,2.834,39.343,39.036,516000000.0,0.0,43.33,3.044,3.033,804000000.0,-3455000000.0,8428000000.0,8428000000.0,2373000000.0,0.054,0.075,0.139,0.083,437000000.0,716000000.0,1.0,592000000.0,590000000.0,601000000.0,14.285,8097000000.0,0.0,15000000.0,0.0,13.724,3522000000.0
4,BRCM,MRT,2014-09-30,2014-09-30,2014-09-30,2019-04-17,-42000000.0,12215000000.0,11897000000.0,5024000000.0,7191000000.0,0.702,14.591,-270000000.0,2254000000.0,2254000000.0,4112000000.0,430000000.0,2.936,0.417,1593000000.0,0.0,1593000000.0,1593000000.0,39000000.0,417000000.0,0.0,0.012,0.47,486000000.0,903000000.0,0.108,903000000.0,486000000.0,453000000.0,0.74,0.73,0.74,8623000000.0,8569000000.0,8623000000.0,22919220000.0,47.0,25.381,1413000000.0,2.391,1.0,4237000000.0,0.507,4445000000.0,33000000.0,5398000000.0,4874750000.0,624000000.0,3166000000.0,1068000000.0,2098000000.0,3592000000.0,1711000000.0,1881000000.0,23888220000.0,730000000.0,-76000000.0,239000000.0,-108000000.0,-275000000.0,-263000000.0,-690000000.0,-344000000.0,1683000000.0,0.0,430000000.0,430000000.0,430000000.0,0.0,0.0,0.052,3756000000.0,481000000.0,673000000.0,0.635,2.77,55.554,54.622,503000000.0,0.0,40.42,2.861,2.861,938000000.0,-3845000000.0,8349000000.0,8349000000.0,2486000000.0,0.036,0.05,0.1,0.058,457000000.0,715000000.0,1.0,591000000.0,591000000.0,607000000.0,14.127,7770000000.0,0.0,23000000.0,0.0,13.147,3313000000.0
5,BRCM,MRT,2014-06-30,2014-06-30,2014-06-30,2019-04-17,17000000.0,11971000000.0,11679500000.0,4702000000.0,7269000000.0,0.705,14.775,-278000000.0,2364000000.0,2364000000.0,4079000000.0,648000000.0,2.942,0.38,1395000000.0,0.0,1395000000.0,1395000000.0,39000000.0,421000000.0,0.0,0.012,0.46,698000000.0,1119000000.0,0.136,1119000000.0,698000000.0,675000000.0,1.12,1.12,1.12,8673000000.0,8392500000.0,8673000000.0,20856200000.0,30.0,18.638,1616000000.0,2.753,1.0,4156000000.0,0.505,4741000000.0,23000000.0,4663000000.0,4740000000.0,614000000.0,2661000000.0,769000000.0,1892000000.0,3298000000.0,1598000000.0,1700000000.0,21715200000.0,719000000.0,-73000000.0,-23000000.0,-300000000.0,-267000000.0,-701000000.0,-474000000.0,-123000000.0,1894000000.0,0.0,648000000.0,648000000.0,648000000.0,0.0,0.0,0.079,3450000000.0,706000000.0,682000000.0,0.411,2.504,33.511,33.143,540000000.0,0.0,37.12,2.637,2.646,796000000.0,-3943000000.0,8235000000.0,8235000000.0,2522000000.0,0.055,0.077,0.147,0.085,475000000.0,720000000.0,1.0,585000000.0,587000000.0,587000000.0,14.029,7230000000.0,0.0,27000000.0,0.0,12.317,3104000000.0
6,BRCM,MRT,2014-03-31,2014-03-31,2014-03-31,2019-04-17,3000000.0,11907000000.0,11488750000.0,4353000000.0,7554000000.0,0.721,14.741,-265000000.0,2254000000.0,2254000000.0,4104000000.0,398000000.0,2.734,0.383,1395000000.0,0.0,1395000000.0,1395000000.0,41000000.0,415000000.0,0.0,0.014,0.45,447000000.0,862000000.0,0.104,862000000.0,447000000.0,420000000.0,0.69,0.69,0.69,8609000000.0,8198250000.0,8609000000.0,18021070000.0,40.0,20.906,1738000000.0,2.976,1.0,4180000000.0,0.505,4817000000.0,27000000.0,4639000000.0,4749250000.0,529000000.0,2687000000.0,679000000.0,2008000000.0,3298000000.0,1592000000.0,1706000000.0,18284070000.0,512000000.0,-67000000.0,28000000.0,-300000000.0,-261000000.0,-654000000.0,-837000000.0,-505000000.0,2003000000.0,0.0,398000000.0,398000000.0,398000000.0,0.0,0.0,0.048,3736000000.0,444000000.0,580000000.0,0.652,2.124,45.94,45.609,617000000.0,0.0,31.47,2.207,2.219,734000000.0,-3942000000.0,8284000000.0,8284000000.0,2507000000.0,0.035,0.049,0.094,0.054,498000000.0,712000000.0,1.0,581000000.0,584000000.0,590000000.0,14.185,7090000000.0,0.0,22000000.0,0.0,12.14,2761000000.0
7,BRCM,MRT,2013-12-31,2013-12-31,2013-12-31,2019-04-17,3000000.0,11495000000.0,11362000000.0,3915000000.0,7580000000.0,0.731,14.584,-228000000.0,1657000000.0,1657000000.0,4088000000.0,424000000.0,2.617,0.373,1394000000.0,0.0,1394000000.0,1394000000.0,21000000.0,401000000.0,0.0,0.015,0.44,475000000.0,876000000.0,0.105,876000000.0,475000000.0,445000000.0,0.74,0.73,0.74,8371000000.0,8054000000.0,8371000000.0,17008360000.0,36.0,19.416,1557000000.0,2.713,1.0,4217000000.0,0.508,4937000000.0,30000000.0,4799000000.0,4646000000.0,525000000.0,2714000000.0,775000000.0,1939000000.0,3124000000.0,1496000000.0,1628000000.0,16838360000.0,40000000.0,-157000000.0,-65000000.0,-300000000.0,-254000000.0,-749000000.0,-996000000.0,-611000000.0,1785000000.0,0.0,424000000.0,424000000.0,424000000.0,0.0,0.0,0.051,3745000000.0,472000000.0,585000000.0,0.595,2.012,39.713,40.061,593000000.0,0.0,29.645,2.027,2.049,795000000.0,-4107000000.0,8305000000.0,8305000000.0,2486000000.0,0.037,0.053,0.102,0.057,518000000.0,706000000.0,1.0,568000000.0,574000000.0,584000000.0,14.469,6558000000.0,0.0,21000000.0,0.0,11.425,2419000000.0
8,BRCM,MRT,2013-09-30,2013-09-30,2013-09-30,2019-04-17,-15000000.0,11345000000.0,11290250000.0,3927000000.0,7418000000.0,0.737,13.865,-227000000.0,1524000000.0,1524000000.0,4087000000.0,507000000.0,2.18,0.433,1694000000.0,300000000.0,1394000000.0,1694000000.0,22000000.0,414000000.0,0.0,0.017,0.43,547000000.0,961000000.0,0.115,961000000.0,547000000.0,514000000.0,0.91,0.88,0.91,7917000000.0,7921000000.0,7917000000.0,15114580000.0,28.0,15.728,1760000000.0,3.082,1.0,4234000000.0,0.509,4855000000.0,33000000.0,4859000000.0,4468750000.0,541000000.0,2820000000.0,880000000.0,1940000000.0,3428000000.0,1801000000.0,1627000000.0,15065580000.0,108000000.0,27000000.0,-233000000.0,0.0,-247000000.0,-613000000.0,-1266000000.0,-1053000000.0,1987000000.0,0.0,507000000.0,507000000.0,507000000.0,0.0,0.0,0.061,3685000000.0,549000000.0,520000000.0,0.473,1.903,29.715,28.593,535000000.0,0.0,26.02,1.811,1.786,852000000.0,-4275000000.0,8321000000.0,8321000000.0,2433000000.0,0.045,0.064,0.122,0.066,529000000.0,706000000.0,1.0,579000000.0,571000000.0,578000000.0,14.573,6490000000.0,0.0,7000000.0,0.0,11.366,2126000000.0
9,BRCM,MRT,2013-06-30,2013-06-30,2013-06-30,2019-04-17,-37000000.0,11208000000.0,11174000000.0,3995000000.0,7213000000.0,0.743,13.661,-228000000.0,1645000000.0,1645000000.0,4106000000.0,411000000.0,2.404,0.419,1694000000.0,300000000.0,1394000000.0,1694000000.0,20000000.0,439000000.0,0.0,0.012,0.42,434000000.0,873000000.0,0.105,873000000.0,434000000.0,400000000.0,0.75,0.71,0.75,7896000000.0,7803750000.0,7896000000.0,19248945000.0,44.0,22.049,1708000000.0,2.955,1.0,4197000000.0,0.505,4895000000.0,34000000.0,4700000000.0,4290250000.0,610000000.0,2532000000.0,836000000.0,1696000000.0,3312000000.0,1662000000.0,1650000000.0,19296945000.0,283000000.0,17000000.0,172000000.0,435000000.0,-240000000.0,280000000.0,-1933000000.0,-1719000000.0,1936000000.0,0.0,411000000.0,411000000.0,411000000.0,0.0,0.0,0.05,3773000000.0,424000000.0,638000000.0,0.56,2.444,46.951,45.06,517000000.0,0.0,33.795,2.324,2.353,761000000.0,-4591000000.0,8303000000.0,8303000000.0,2424000000.0,0.037,0.053,0.101,0.052,532000000.0,699000000.0,1.0,571000000.0,578000000.0,578000000.0,14.365,6313000000.0,0.0,-11000000.0,0.0,10.922,2333000000.0
10,BRCM,MRT,2013-03-31,2013-03-31,2013-03-31,2019-04-17,-30000000.0,11400000000.0,10846000000.0,3897000000.0,7503000000.0,0.755,14.091,-211000000.0,1742000000.0,1742000000.0,4097000000.0,822000000.0,2.327,0.419,1694000000.0,300000000.0,1394000000.0,1694000000.0,23000000.0,460000000.0,0.0,0.012,0.41,838000000.0,1298000000.0,0.159,1298000000.0,838000000.0,806000000.0,1.47,1.42,1.47,8032000000.0,7613500000.0,8032000000.0,19808351000.0,24.0,15.261,1740000000.0,3.053,1.0,4087000000.0,0.499,5451000000.0,32000000.0,4226000000.0,3802000000.0,523000000.0,2184000000.0,727000000.0,1457000000.0,3368000000.0,1675000000.0,1693000000.0,19732351000.0,417000000.0,-162000000.0,177000000.0,435000000.0,-232000000.0,288000000.0,-1822000000.0,-1449000000.0,1951000000.0,0.0,822000000.0,822000000.0,822000000.0,0.0,0.0,0.1,3263000000.0,824000000.0,661000000.0,0.279,2.457,24.005,23.591,493000000.0,0.0,34.679,2.411,2.415,751000000.0,-4340000000.0,8184000000.0,8184000000.0,2387000000.0,0.076,0.108,0.22,0.102,533000000.0,696000000.0,1.0,569000000.0,570000000.0,585000000.0,14.358,5949000000.0,0.0,-16000000.0,0.0,10.437,2222000000.0
11,BRCM,MRT,2012-12-31,2012-12-31,2012-12-31,2019-04-17,-33000000.0,11208000000.0,10389250000.0,3781000000.0,7427000000.0,0.771,14.048,-244000000.0,1617000000.0,1617000000.0,4027000000.0,719000000.0,2.248,0.43,1693000000.0,300000000.0,1393000000.0,1693000000.0,22000000.0,445000000.0,0.0,0.012,0.4,686000000.0,1131000000.0,0.141,1131000000.0,686000000.0,656000000.0,1.29,1.25,1.29,7839000000.0,7325750000.0,7839000000.0,19007440000.0,28.0,16.806,1687000000.0,3.023,1.0,3979000000.0,0.497,5512000000.0,30000000.0,4090000000.0,3402250000.0,527000000.0,2105000000.0,757000000.0,1348000000.0,3369000000.0,1682000000.0,1687000000.0,18730440000.0,-2529000000.0,-3555000000.0,278000000.0,435000000.0,-224000000.0,336000000.0,-4796000000.0,-997000000.0,1931000000.0,0.0,719000000.0,719000000.0,719000000.0,0.0,0.0,0.09,3303000000.0,676000000.0,549000000.0,0.31,2.389,26.051,25.744,485000000.0,0.0,33.21,2.34,2.315,740000000.0,-4531000000.0,8006000000.0,8006000000.0,2318000000.0,0.069,0.098,0.202,0.086,543000000.0,696000000.0,1.0,564000000.0,558000000.0,576000000.0,14.348,5696000000.0,0.0,-63000000.0,0.0,10.208,2099000000.0
12,BRCM,MRT,2012-09-30,2012-09-30,2012-09-30,2019-04-17,-61000000.0,10880000000.0,9847250000.0,3716000000.0,7164000000.0,0.787,13.276,-211000000.0,1416000000.0,1416000000.0,3896000000.0,722000000.0,2.577,0.461,1693000000.0,0.0,1693000000.0,1693000000.0,16000000.0,373000000.0,0.0,0.014,0.48,707000000.0,1080000000.0,0.139,1080000000.0,707000000.0,682000000.0,1.31,1.27,1.31,7448000000.0,6996250000.0,7448000000.0,19158630000.0,27.0,17.739,1609000000.0,2.868,1.0,3850000000.0,0.497,5570000000.0,25000000.0,4145000000.0,3080750000.0,557000000.0,1774000000.0,735000000.0,1039000000.0,3432000000.0,1442000000.0,1990000000.0,19324630000.0,-917000000.0,-3582000000.0,298000000.0,929000000.0,-216000000.0,855000000.0,-3592000000.0,190000000.0,1820000000.0,0.0,722000000.0,722000000.0,722000000.0,0.0,0.0,0.093,3158000000.0,692000000.0,598000000.0,0.366,2.595,26.765,26.389,463000000.0,0.0,34.57,2.495,2.504,864000000.0,-4782000000.0,7746000000.0,7746000000.0,2207000000.0,0.073,0.103,0.229,0.091,526000000.0,681000000.0,1.0,559000000.0,561000000.0,579000000.0,13.807,5310000000.0,0.0,-40000000.0,0.0,9.465,2274000000.0
13,BRCM,MRT,2012-06-30,2012-06-30,2012-06-30,2019-04-17,-73000000.0,9896000000.0,9201250000.0,3279000000.0,6617000000.0,0.823,12.856,-190000000.0,1362000000.0,1362000000.0,3793000000.0,772000000.0,2.534,0.387,1196000000.0,0.0,1196000000.0,1196000000.0,9000000.0,296000000.0,0.0,0.014,0.47,765000000.0,1061000000.0,0.14,1061000000.0,765000000.0,747000000.0,1.42,1.37,1.42,7135000000.0,6675500000.0,7135000000.0,18472760000.0,24.0,17.411,1543000000.0,2.78,1.0,3782000000.0,0.499,5689000000.0,18000000.0,2747000000.0,2846250000.0,528000000.0,822000000.0,408000000.0,414000000.0,2761000000.0,1294000000.0,1467000000.0,18601760000.0,-435000000.0,-3575000000.0,288000000.0,494000000.0,-208000000.0,366000000.0,-2534000000.0,1230000000.0,1733000000.0,0.0,772000000.0,772000000.0,772000000.0,0.0,0.0,0.102,3031000000.0,751000000.0,624000000.0,0.331,2.607,24.096,23.775,431000000.0,0.0,33.76,2.456,2.474,821000000.0,-5002000000.0,7575000000.0,7575000000.0,2108000000.0,0.084,0.116,0.269,0.101,519000000.0,673000000.0,1.0,551000000.0,555000000.0,575000000.0,13.649,4207000000.0,0.0,-25000000.0,0.0,7.58,1985000000.0
14,BRCM,MRT,2012-03-31,2012-03-31,2012-03-31,2019-04-17,-27000000.0,9573000000.0,8686000000.0,3054000000.0,6519000000.0,0.852,12.557,-192000000.0,1325000000.0,1325000000.0,3650000000.0,787000000.0,2.571,0.391,1196000000.0,0.0,1196000000.0,1196000000.0,13000000.0,229000000.0,0.0,0.012,0.46,777000000.0,1006000000.0,0.136,1006000000.0,777000000.0,766000000.0,1.46,1.4,1.46,6881000000.0,6361000000.0,6881000000.0,18468500000.0,24.0,18.358,1681000000.0,3.068,1.0,3750000000.0,0.507,5629000000.0,11000000.0,2627000000.0,3002750000.0,475000000.0,738000000.0,350000000.0,388000000.0,2692000000.0,1188000000.0,1504000000.0,21418500000.0,-312000000.0,-3740000000.0,49000000.0,494000000.0,-201000000.0,143000000.0,-2328000000.0,1606000000.0,1873000000.0,0.0,787000000.0,787000000.0,787000000.0,0.0,0.0,0.106,2981000000.0,769000000.0,518000000.0,0.315,3.113,27.215,26.918,418000000.0,0.0,39.3,2.894,2.91,763000000.0,-5162000000.0,7400000000.0,7400000000.0,2031000000.0,0.091,0.124,0.259,0.105,518000000.0,682000000.0,1.0,545000000.0,548000000.0,570000000.0,13.504,3944000000.0,0.0,-21000000.0,0.0,7.197,1866000000.0
15,BRCM,MRT,2011-12-31,2011-12-31,2011-12-31,2019-04-17,-50000000.0,9040000000.0,8226750000.0,5752000000.0,3288000000.0,0.898,12.098,-163000000.0,4146000000.0,4146000000.0,3626000000.0,927000000.0,5.234,0.386,1196000000.0,0.0,1196000000.0,1196000000.0,21000000.0,192000000.0,0.0,0.015,0.45,961000000.0,1153000000.0,0.156,1153000000.0,961000000.0,956000000.0,1.72,1.65,1.72,6521000000.0,6082750000.0,6521000000.0,14190040000.0,15.0,12.307,1675000000.0,3.108,1.0,3763000000.0,0.509,2187000000.0,5000000.0,2804000000.0,3257250000.0,421000000.0,1059000000.0,383000000.0,676000000.0,2519000000.0,1099000000.0,1420000000.0,15825040000.0,2524000000.0,-347000000.0,-322000000.0,494000000.0,-194000000.0,-177000000.0,863000000.0,1375000000.0,1838000000.0,0.0,927000000.0,927000000.0,927000000.0,0.0,0.0,0.125,2810000000.0,953000000.0,442000000.0,0.262,2.427,17.071,17.07,368000000.0,0.0,29.36,2.142,2.142,678000000.0,-5250000000.0,7389000000.0,7389000000.0,1983000000.0,0.113,0.152,0.295,0.13,513000000.0,682000000.0,1.0,539000000.0,539000000.0,563000000.0,13.709,6853000000.0,0.0,29000000.0,0.0,12.714,4653000000.0
16,BRCM,MRT,2011-09-30,2011-09-30,2011-09-30,2019-04-17,-32000000.0,8296000000.0,7952750000.0,4492000000.0,3804000000.0,0.945,11.48,-168000000.0,2333000000.0,2333000000.0,3687000000.0,939000000.0,3.649,0.346,698000000.0,0.0,698000000.0,698000000.0,28000000.0,188000000.0,0.0,0.011,0.35,952000000.0,1140000000.0,0.152,1140000000.0,952000000.0,953000000.0,1.75,1.66,1.75,6165000000.0,5909000000.0,6165000000.0,16710150000.0,18.0,14.658,1640000000.0,3.054,1.0,3827000000.0,0.509,2223000000.0,-1000000.0,3207000000.0,3482500000.0,491000000.0,1910000000.0,726000000.0,1184000000.0,2131000000.0,1231000000.0,900000000.0,17810150000.0,1087000000.0,-796000000.0,147000000.0,692000000.0,-188000000.0,489000000.0,-1210000000.0,-242000000.0,1808000000.0,0.0,939000000.0,939000000.0,939000000.0,0.0,0.0,0.125,2885000000.0,942000000.0,510000000.0,0.2,2.889,18.967,19.023,339000000.0,0.0,33.29,2.37,2.379,817000000.0,-5504000000.0,7514000000.0,7514000000.0,1977000000.0,0.118,0.159,0.273,0.127,527000000.0,693000000.0,1.0,535000000.0,537000000.0,558000000.0,13.993,6073000000.0,0.0,14000000.0,0.0,11.309,3261000000.0
17,BRCM,MRT,2011-06-30,2011-06-30,2011-06-30,2019-04-17,34000000.0,7835000000.0,7447002750.0,3977000000.0,3858000000.0,0.989,10.985,-159000000.0,1797000000.0,1797000000.0,3599000000.0,997000000.0,3.773,0.333,697000000.0,0.0,697000000.0,697000000.0,37000000.0,172000000.0,0.0,0.01,0.34,1009000000.0,1181000000.0,0.16,1181000000.0,1009000000.0,1013000000.0,1.89,1.78,1.89,5877000000.0,5608365000.0,5877000000.0,17094404000.0,17.0,14.475,1570000000.0,2.935,1.0,3764000000.0,0.511,2308000000.0,-4000000.0,3373000000.0,3227456750.0,546000000.0,2003000000.0,829000000.0,1174000000.0,1958000000.0,1054000000.0,904000000.0,18034404000.0,393000000.0,-841000000.0,231000000.0,692000000.0,-181000000.0,578000000.0,-1914000000.0,-910000000.0,1729000000.0,0.0,997000000.0,997000000.0,997000000.0,0.0,0.0,0.135,2757000000.0,1007000000.0,471000000.0,0.18,3.069,18.089,17.799,319000000.0,0.0,33.64,2.449,2.444,680000000.0,-5774000000.0,7363000000.0,7363000000.0,1924000000.0,0.134,0.178,0.313,0.137,519000000.0,671000000.0,1.0,536100000.0,535000000.0,558000000.0,13.763,5527000000.0,0.0,16000000.0,0.0,10.331,2923000000.0
18,BRCM,MRT,2011-03-31,2011-03-31,2011-03-31,2019-04-17,19000000.0,7736000000.0,6897187250.0,3709000000.0,4027000000.0,1.04,10.701,-136000000.0,1637000000.0,1637000000.0,3483000000.0,1100000000.0,3.312,0.341,697000000.0,0.0,697000000.0,697000000.0,46000000.0,153000000.0,0.0,0.008,0.33,1112000000.0,1265000000.0,0.176,1265000000.0,1112000000.0,1118000000.0,2.12,1.99,2.12,5768000000.0,5252093000.0,5768000000.0,20288561000.0,18.0,16.038,1300000000.0,2.412,1.0,3689000000.0,0.514,2031000000.0,-6000000.0,3645000000.0,2774960750.0,550000000.0,2294000000.0,645000000.0,1649000000.0,1968000000.0,1120000000.0,848000000.0,21214006000.0,129000000.0,-497000000.0,419000000.0,691000000.0,-172000000.0,775000000.0,-2082000000.0,-1445000000.0,1436000000.0,0.0,1100000000.0,1100000000.0,1100000000.0,0.0,0.0,0.153,2580000000.0,1109000000.0,536000000.0,0.156,3.678,19.285,18.575,291000000.0,0.0,39.38,2.958,2.96,760000000.0,-5949000000.0,7172000000.0,7172000000.0,1840000000.0,0.159,0.209,0.401,0.155,502000000.0,635000000.0,1.0,538700000.0,539000000.0,575000000.0,13.306,5705000000.0,0.0,18000000.0,0.0,10.584,2589000000.0
19,BRCM,MRT,2010-12-31,2010-12-31,2010-12-31,2019-04-17,9000000.0,7944000000.0,6301688750.0,4184000000.0,3760000000.0,1.082,11.469,-109000000.0,1622000000.0,1622000000.0,3284000000.0,1082000000.0,3.292,0.364,697000000.0,0.0,697000000.0,697000000.0,55000000.0,138000000.0,0.0,0.007,0.32,1089000000.0,1227000000.0,0.18,1227000000.0,1089000000.0,1098000000.0,2.13,1.99,2.13,5826000000.0,4833715500.0,5826000000.0,21038595000.0,19.0,17.146,1262000000.0,2.484,1.0,3534000000.0,0.518,2043000000.0,-9000000.0,3705000000.0,2134537500.0,598000000.0,2436000000.0,1035000000.0,1401000000.0,2118000000.0,1271000000.0,847000000.0,22284535000.0,225000000.0,-599000000.0,656000000.0,677000000.0,-164000000.0,1033000000.0,-2179000000.0,-1467000000.0,1371000000.0,0.0,1082000000.0,1082000000.0,1082000000.0,0.0,0.0,0.159,2452000000.0,1082000000.0,604000000.0,0.15,3.825,20.596,20.446,266000000.0,0.0,43.55,3.268,3.245,820000000.0,-6177000000.0,6818000000.0,6818000000.0,1763000000.0,0.172,0.224,0.51,0.16,484000000.0,589000000.0,1.0,511700000.0,508000000.0,545000000.0,13.421,5901000000.0,0.0,16000000.0,0.0,11.616,2913000000.0
20,BRCM,MRT,2010-09-30,2010-09-30,2010-09-30,2019-04-17,11631000.0,6273011000.0,5597499250.0,3832861000.0,2440150000.0,1.11,9.749,-100226000.0,1245940000.0,1245940000.0,2959700000.0,874943000.0,3.13,0.264,0.0,0.0,0.0,0.0,60013000.0,127128000.0,0.0,0.007,0.24,876264000.0,1003392000.0,0.161,1003392000.0,876264000.0,884902000.0,1.74,1.64,1.74,4962460000.0,4350177000.0,4962460000.0,16415232000.0,19.0,16.36,1150809000.0,2.261,1.0,3255723000.0,0.524,1615725000.0,-8638000.0,2186827000.0,1483602000.0,534855000.0,1668415000.0,1148139000.0,520276000.0,1310551000.0,1224519000.0,86032000.0,17818865000.0,-99576000.0,-315842000.0,-28712000.0,-15000000.0,-121000000.0,-285138000.0,-1065473000.0,-649405000.0,1251035000.0,0.0,874943000.0,874943000.0,874943000.0,0.0,0.0,0.141,2382972000.0,872751000.0,567822000.0,0.138,3.591,20.366,20.339,253339000.0,0.0,35.39,2.867,2.898,798266000.0,-6443458000.0,6215423000.0,6215423000.0,1686336000.0,0.156,0.201,0.591,0.141,480901000.0,505062000.0,1.0,503500000.0,509000000.0,544000000.0,12.211,4657286000.0,0.0,9959000.0,0.0,9.15,2608342000.0
21,BRCM,MRT,2010-06-30,2010-06-30,2010-06-30,2019-04-17,-3229000.0,5635738000.0,5258287750.0,3334596000.0,2301142000.0,1.077,8.886,-87706000.0,1403633000.0,1403633000.0,2703049000.0,631539000.0,3.023,0.266,0.0,0.0,0.0,0.0,69150000.0,114436000.0,0.0,0.005,0.16,630719000.0,745155000.0,0.132,745155000.0,630719000.0,640335000.0,1.27,1.2,1.27,4451912000.0,4071925750.0,4451912000.0,14858399000.0,24.0,19.94,944793000.0,1.886,1.0,2960571000.0,0.523,1566137000.0,-9616000.0,1563016000.0,1253966250.0,489955000.0,1085833000.0,644722000.0,441111000.0,1183826000.0,1102952000.0,80874000.0,16366308000.0,-102873000.0,-269139000.0,-269260000.0,-15000000.0,-80000000.0,-476732000.0,-658640000.0,-301795000.0,1032499000.0,0.0,631539000.0,631539000.0,631539000.0,0.0,0.0,0.112,2334187000.0,626384000.0,537937000.0,0.126,3.676,25.915,25.961,238691000.0,0.0,32.97,2.89,2.917,688189000.0,-6770587000.0,5663620000.0,5663620000.0,1629506000.0,0.12,0.155,0.503,0.111,496599000.0,503542000.0,1.0,496400000.0,501000000.0,538000000.0,11.305,4069601000.0,0.0,8796000.0,0.0,8.123,2231644000.0
22,BRCM,MRT,2010-03-31,2010-03-31,2010-03-31,2019-04-17,4626000.0,5354006000.0,5036433500.0,3162016000.0,2191990000.0,1.012,8.272,-72543000.0,1507909000.0,1507909000.0,2459723000.0,366940000.0,2.695,0.308,0.0,0.0,0.0,0.0,78470000.0,104979000.0,0.0,0.002,0.08,369387000.0,474366000.0,0.093,474366000.0,369387000.0,380989000.0,0.74,0.71,0.74,4094490000.0,3902275750.0,4094490000.0,15056827000.0,41.0,31.741,1091747000.0,2.206,1.0,2638841000.0,0.518,1589634000.0,-11602000.0,1083307000.0,1117707750.0,403439000.0,847117000.0,536198000.0,310919000.0,1259516000.0,1173156000.0,86360000.0,16453920000.0,223473000.0,-269139000.0,-271805000.0,-14000000.0,-40000000.0,-423729000.0,-517088000.0,-175406000.0,1164290000.0,0.0,366940000.0,366940000.0,366940000.0,0.0,0.0,0.072,2272808000.0,366033000.0,479216000.0,0.108,4.019,44.841,44.865,227586000.0,0.0,33.2,3.227,3.223,607186000.0,-7048905000.0,5098564000.0,5098564000.0,1583276000.0,0.073,0.094,0.33,0.072,500227000.0,486952000.0,1.0,495600000.0,495000000.0,527000000.0,10.3,3764372000.0,0.0,14049000.0,0.0,7.605,1988860000.0
23,BRCM,MRT,2009-12-31,2009-12-31,2009-12-31,2019-04-17,-2195000.0,5127242000.0,4778753500.0,2914332000.0,2212910000.0,0.94,7.878,-67000000.0,1397093000.0,1397093000.0,2211000000.0,65000000.0,2.538,0.317,0.0,0.0,0.0,0.0,87996000.0,105000000.0,0.0,0.0,0.0,58000000.0,163000000.0,0.036,163000000.0,58000000.0,72000000.0,0.13,0.13,0.13,3891846000.0,3785854750.0,3891846000.0,14235576000.0,245.0,87.335,920000000.0,1.862,1.0,2279000000.0,0.508,1480541000.0,-14000000.0,1101258000.0,1116589250.0,362428000.0,970897000.0,532281000.0,438616000.0,1235396000.0,1148350000.0,87046000.0,15580797000.0,206000000.0,-165000000.0,-195000000.0,0.0,0.0,-279000000.0,-502000000.0,-270000000.0,987000000.0,0.0,65000000.0,65000000.0,65000000.0,0.0,0.0,0.014,2223000000.0,56000000.0,437353000.0,0.0,4.003,239.705,242.077,229317000.0,0.0,31.47,3.47,3.462,508627000.0,-7259069000.0,4490000000.0,4490000000.0,1535000000.0,0.014,0.017,0.052,0.013,497000000.0,479000000.0,1.0,495100000.0,494000000.0,513000000.0,9.089,3646701000.0,0.0,7000000.0,0.0,7.382,1765982000.0
24,BRCM,MRT,2009-09-30,2009-09-30,2009-09-30,2019-04-17,-2322000.0,4916165000.0,4595259250.0,2850607000.0,2065558000.0,0.93,7.769,-66431000.0,1345221000.0,1345221000.0,2138097000.0,-153158000.0,2.841,0.277,0.0,0.0,0.0,0.0,97058000.0,101233000.0,0.0,0.0,0.0,-164245000.0,-63012000.0,-0.015,-63012000.0,-164245000.0,-145665000.0,-0.29,-0.29,-0.29,3849455000.0,3714660000.0,3849455000.0,13712653000.0,-83.0,-217.62,734691000.0,1.483,1.0,2135989000.0,0.5,1299275000.0,-18580000.0,1268284000.0,1127353750.0,307216000.0,1031930000.0,561287000.0,470643000.0,1066710000.0,1003385000.0,63325000.0,15219171000.0,-130637000.0,-139904000.0,-436194000.0,0.0,0.0,-509643000.0,-422116000.0,-215781000.0,801122000.0,0.0,-153158000.0,-153158000.0,-153158000.0,0.0,0.0,-0.036,2303692000.0,-167703000.0,423199000.0,0.0,3.954,-99.369,-105.828,228621000.0,0.0,30.69,3.561,3.558,541587000.0,-7318273000.0,4274086000.0,4274086000.0,1521330000.0,-0.033,-0.041,-0.146,-0.038,510415000.0,542151000.0,1.0,495900000.0,495491000.0,521443000.0,8.626,3616890000.0,0.0,7493000.0,0.0,7.3,1847222000.0
25,BRCM,MRT,2009-06-30,2009-06-30,2009-06-30,2019-04-17,-2483000.0,4748321000.0,4603386750.0,3038525000.0,1709796000.0,0.938,7.621,-60035000.0,1506518000.0,1506518000.0,2142207000.0,-72848000.0,3.33,0.258,0.0,0.0,0.0,0.0,117002000.0,105394000.0,0.0,0.0,0.0,-99057000.0,6337000.0,0.001,6337000.0,-99057000.0,-71004000.0,-0.14,-0.14,-0.14,3773312000.0,3753307750.0,3773312000.0,10895155000.0,-110.0,1719.292,790853000.0,1.597,1.0,2176157000.0,0.504,1311278000.0,-28053000.0,1017982000.0,1104828750.0,279298000.0,793284000.0,700585000.0,92699000.0,975009000.0,912543000.0,62466000.0,12179327000.0,-199197000.0,-138664000.0,-321590000.0,0.0,0.0,-388426000.0,-661659000.0,-462960000.0,850888000.0,0.0,-72848000.0,-72848000.0,-72848000.0,0.0,0.0,-0.017,2275130000.0,-98973000.0,389630000.0,0.0,3.228,-167.188,-177.071,224238000.0,0.0,24.79,2.82,2.842,444046000.0,-7402869000.0,4318364000.0,4318364000.0,1509439000.0,-0.016,-0.019,-0.09,-0.023,515031000.0,541612000.0,1.0,491300000.0,495110000.0,507993000.0,8.722,3437043000.0,0.0,1844000.0,0.0,6.942,2125982000.0
26,BRCM,MRT,2009-03-31,2009-03-31,2009-03-31,2019-04-17,-632000.0,4323286000.0,4566395000.0,2694935000.0,1628351000.0,0.981,7.403,-69603000.0,1284172000.0,1284172000.0,2178129000.0,48540000.0,4.281,0.191,0.0,0.0,0.0,0.0,16615000.0,105396000.0,0.0,0.0,0.0,11283000.0,116679000.0,0.026,116679000.0,11283000.0,47778000.0,0.09,0.08,0.09,3628806000.0,3735922250.0,3628806000.0,8579575000.0,760.0,73.531,700911000.0,1.43,1.0,2301222000.0,0.514,1330790000.0,-36495000.0,1078833000.0,1011117500.0,264846000.0,677638000.0,677638000.0,0.0,694480000.0,629491000.0,64989000.0,9770220000.0,-717097000.0,-148607000.0,-727876000.0,0.0,0.0,-789883000.0,-697728000.0,-479518000.0,770514000.0,0.0,48540000.0,48540000.0,48540000.0,0.0,0.0,0.011,2288645000.0,12577000.0,232047000.0,0.0,2.692,201.282,222.0,228495000.0,0.0,19.98,2.181,2.186,354865000.0,-7416270000.0,4479351000.0,4479351000.0,1514704000.0,0.011,0.013,0.011,0.003,519911000.0,556219000.0,1.0,489000000.0,490195000.0,490195000.0,9.138,2992496000.0,0.0,-762000.0,0.0,6.105,2065444000.0
27,BRCM,MRT,2008-12-31,2008-12-31,2008-12-31,2019-04-17,1033000.0,4393265000.0,4644206250.0,2751213000.0,1642052000.0,1.003,7.036,-82808000.0,1190645000.0,1190645000.0,2213015000.0,214794000.0,3.837,0.218,0.0,0.0,0.0,0.0,16236000.0,97485000.0,0.0,0.0,0.0,170114000.0,267599000.0,0.057,267599000.0,170114000.0,222315000.0,0.42,0.41,0.42,3607067000.0,3783349000.0,3607067000.0,7187327000.0,42.0,26.859,836807000.0,1.632,1.0,2445110000.0,0.525,1341201000.0,-52201000.0,1144316000.0,858507500.0,366106000.0,707477000.0,707477000.0,0.0,786198000.0,717103000.0,69095000.0,8663185000.0,-995927000.0,-170541000.0,-1112099000.0,0.0,0.0,-1170160000.0,-745382000.0,-492033000.0,919615000.0,0.0,214794000.0,214794000.0,214794000.0,0.0,0.0,0.046,2272980000.0,172130000.0,310487000.0,0.0,2.402,40.333,40.405,234691000.0,0.0,16.97,1.86,1.868,372311000.0,-7324330000.0,4658125000.0,4658125000.0,1497668000.0,0.046,0.057,0.198,0.037,509374000.0,543117000.0,1.0,510500000.0,512648000.0,524208000.0,9.086,3052064000.0,0.0,7521000.0,0.0,5.954,2034110000.0
28,BRCM,MRT,2008-09-30,2008-09-30,2008-09-30,2019-04-17,-5777000.0,4948675000.0,4755438250.0,3175831000.0,1772844000.0,0.959,7.866,-92260000.0,1475858000.0,1475858000.0,2143440000.0,464344000.0,3.634,0.236,0.0,0.0,0.0,0.0,15010000.0,93769000.0,0.0,0.0,0.0,395964000.0,489733000.0,0.107,489733000.0,395964000.0,470661000.0,0.88,0.86,0.88,4004046000.0,3890619250.0,4004046000.0,7745284000.0,20.0,15.815,893713000.0,1.756,1.0,2415211000.0,0.53,1420647000.0,-74697000.0,1178184000.0,696860750.0,322605000.0,811777000.0,770872000.0,40905000.0,944629000.0,873986000.0,70643000.0,9450999000.0,-561356000.0,-29795000.0,-939317000.0,0.0,0.0,-1001147000.0,-546182000.0,-424439000.0,985973000.0,0.0,464344000.0,464344000.0,464344000.0,0.0,0.0,0.102,2018748000.0,396463000.0,459593000.0,0.0,2.36,20.353,21.17,252999000.0,0.0,18.63,2.073,2.08,501015000.0,-7165115000.0,4558651000.0,4558651000.0,1478287000.0,0.098,0.119,0.568,0.087,503683000.0,515228000.0,1.0,507300000.0,509041000.0,523759000.0,8.955,3528028000.0,0.0,6317000.0,0.0,6.931,2301845000.0
29,BRCM,MRT,2008-06-30,2008-06-30,2008-06-30,2019-04-17,-5566000.0,4600354000.0,4728529500.0,2760126000.0,1840228000.0,0.89,7.222,-92115000.0,1705715000.0,1705715000.0,1989951000.0,327198000.0,3.34,0.242,0.0,0.0,0.0,0.0,13392000.0,88080000.0,0.0,0.0,0.0,242166000.0,330246000.0,0.078,330246000.0,242166000.0,335855000.0,0.61,0.6,0.61,3703770000.0,3900807750.0,3703770000.0,12186802000.0,50.0,36.902,817297000.0,1.594,1.0,2220184000.0,0.527,1425013000.0,-93689000.0,643137000.0,559860000.0,256346000.0,333931000.0,228418000.0,105513000.0,896584000.0,826489000.0,70095000.0,14188071000.0,-338622000.0,-171110000.0,-1027995000.0,0.0,0.0,-1086845000.0,-161189000.0,101724000.0,909412000.0,0.0,327198000.0,327198000.0,327198000.0,0.0,0.0,0.078,1981239000.0,238945000.0,435082000.0,0.0,3.831,43.362,44.738,252890000.0,0.0,27.29,3.37,3.324,479832000.0,-7330021000.0,4210135000.0,4210135000.0,1451291000.0,0.069,0.084,0.433,0.058,509225000.0,498194000.0,1.0,519900000.0,512875000.0,529977000.0,8.209,3175341000.0,0.0,8657000.0,0.0,6.191,1933637000.0
30,BRCM,MRT,2008-03-31,2008-03-31,2008-03-31,2019-04-17,-3997000.0,4634531000.0,4750533500.0,2800553000.0,1833978000.0,0.822,7.2,-112125000.0,2001269000.0,2001269000.0,1872392000.0,226665000.0,3.757,0.214,0.0,0.0,0.0,0.0,14913000.0,84026000.0,0.0,0.0,0.0,118294000.0,202320000.0,0.052,202320000.0,118294000.0,232459000.0,0.41,0.41,0.41,3818513000.0,3967538250.0,3818513000.0,8167199000.0,69.0,40.368,708347000.0,1.336,1.0,2034732000.0,0.521,1419425000.0,-114165000.0,468393000.0,569613750.0,221402000.0,204489000.0,90033000.0,114456000.0,816018000.0,745444000.0,70574000.0,10353771000.0,-27350000.0,-191442000.0,-816765000.0,0.0,0.0,-874580000.0,26758000.0,330013000.0,820472000.0,0.0,226665000.0,226665000.0,226665000.0,0.0,0.0,0.058,1919850000.0,114882000.0,360571000.0,0.0,2.711,45.679,47.0,250526000.0,0.0,19.27,2.65,2.616,362436000.0,-7464810000.0,3907124000.0,3907124000.0,1403386000.0,0.048,0.057,0.208,0.03,516017000.0,476036000.0,1.0,537300000.0,530338000.0,539827000.0,7.367,3215106000.0,0.0,5794000.0,0.0,6.062,2055109000.0
31,BRCM,MRT,2007-12-31,2007-12-31,2007-12-31,2019-04-17,-824000.0,4838193000.0,4775307500.0,3054280000.0,1783913000.0,0.791,7.441,-150427000.0,2186572000.0,2186572000.0,1832178000.0,213342000.0,4.181,0.199,0.0,0.0,0.0,0.0,23972000.0,78594000.0,0.0,0.0,0.0,88387000.0,166981000.0,0.044,166981000.0,88387000.0,219456000.0,0.39,0.37,0.39,4036148000.0,3998183500.0,4036148000.0,12099298000.0,137.0,72.459,674890000.0,1.244,1.0,1944217000.0,0.515,1423328000.0,-131069000.0,497729000.0,625160250.0,231313000.0,217080000.0,141728000.0,75352000.0,802045000.0,730564000.0,71481000.0,14136512000.0,28462000.0,-219324000.0,-781584000.0,0.0,0.0,-851260000.0,54405000.0,423844000.0,825317000.0,0.0,213342000.0,213342000.0,213342000.0,0.0,0.0,0.056,1859242000.0,84975000.0,313621000.0,0.0,3.502,66.262,67.026,241803000.0,0.0,26.14,3.743,3.755,369004000.0,-7539124000.0,3776395000.0,3776395000.0,1348508000.0,0.045,0.053,0.141,0.023,519652000.0,492737000.0,1.0,540800000.0,542412000.0,577682000.0,6.962,3414865000.0,0.0,6114000.0,0.0,6.296,2323716000.0
32,BRCM,MRT,2007-09-30,2007-09-30,2007-09-30,2019-04-17,347000.0,4841040000.0,4784950750.0,3082978000.0,1758062000.0,0.768,7.491,-158640000.0,2037214000.0,2037214000.0,1797774000.0,168083000.0,4.072,0.197,0.0,0.0,0.0,0.0,12361000.0,63419000.0,0.0,0.0,0.0,39689000.0,103108000.0,0.028,103108000.0,39689000.0,176283000.0,0.3,0.28,0.3,4044800000.0,4037063000.0,4044800000.0,17604111000.0,444.0,170.735,734690000.0,1.361,1.0,1875040000.0,0.511,1416489000.0,-136594000.0,630181000.0,707173250.0,213160000.0,393039000.0,308932000.0,84107000.0,796240000.0,757156000.0,39084000.0,19648448000.0,109416000.0,-219249000.0,-558512000.0,0.0,0.0,-640752000.0,-143162000.0,234727000.0,893330000.0,0.0,168083000.0,168083000.0,168083000.0,0.0,0.0,0.046,1835351000.0,39689000.0,349759000.0,0.0,4.858,116.897,121.467,226079000.0,0.0,36.44,5.35,5.357,395732000.0,-7629459000.0,3672814000.0,3672814000.0,1297954000.0,0.035,0.042,0.056,0.011,496412000.0,517263000.0,1.0,539200000.0,539931000.0,577583000.0,6.802,3424551000.0,0.0,8200000.0,0.0,6.343,2325822000.0
33,BRCM,MRT,2007-06-30,2007-06-30,2007-06-30,2019-04-17,450000.0,4688370000.0,4737453500.0,3092251000.0,1596119000.0,0.765,7.342,-162627000.0,2044337000.0,2044337000.0,1781968000.0,250504000.0,4.508,0.181,0.0,0.0,0.0,0.0,2874000.0,60162000.0,0.0,0.0,0.0,94390000.0,154552000.0,0.043,154552000.0,94390000.0,231367000.0,0.45,0.42,0.45,3970692000.0,4035720000.0,3970692000.0,13795631000.0,146.0,89.262,750899000.0,1.388,1.0,1843473000.0,0.508,1275872000.0,-136977000.0,682152000.0,774620250.0,191324000.0,436452000.0,370336000.0,66116000.0,717678000.0,686009000.0,31669000.0,15824250000.0,205965000.0,-80081000.0,-501441000.0,0.0,0.0,-566215000.0,-141346000.0,101362000.0,913526000.0,0.0,250504000.0,250504000.0,250504000.0,0.0,0.0,0.069,1749083000.0,94390000.0,303067000.0,0.0,3.985,63.17,65.0,228271000.0,0.0,29.25,4.365,4.364,382285000.0,-7657219000.0,3625441000.0,3625441000.0,1218236000.0,0.053,0.062,0.122,0.026,479084000.0,517637000.0,1.0,541000000.0,540851000.0,575115000.0,6.703,3412498000.0,0.0,-19137000.0,0.0,6.309,2406242000.0
34,BRCM,MRT,2007-03-31,2007-03-31,2007-03-31,2019-04-17,-289000.0,4733627000.0,4690540500.0,3154313000.0,1579314000.0,0.782,7.194,-141484000.0,2028619000.0,2028619000.0,1802305000.0,322334000.0,4.166,0.201,0.0,0.0,0.0,0.0,2493000.0,57157000.0,0.0,0.0,0.0,177848000.0,235005000.0,0.064,235005000.0,177848000.0,310115000.0,0.58,0.54,0.58,3941094000.0,4002735750.0,3941094000.0,15425871000.0,87.0,65.641,759158000.0,1.386,1.0,1866347000.0,0.509,1257220000.0,-132267000.0,690579000.0,801089750.0,200411000.0,534266000.0,460677000.0,73589000.0,792533000.0,757209000.0,35324000.0,17583981000.0,160457000.0,-49806000.0,-406614000.0,0.0,0.0,-458573000.0,-281612000.0,-90322000.0,900642000.0,0.0,322334000.0,322334000.0,322334000.0,0.0,0.0,0.088,1688499000.0,177848000.0,334868000.0,0.0,4.462,54.552,55.293,221833000.0,0.0,32.07,4.793,4.789,363001000.0,-7691475000.0,3668652000.0,3668652000.0,1166130000.0,0.069,0.081,0.222,0.048,477249000.0,519760000.0,1.0,548300000.0,547860000.0,585740000.0,6.696,3476407000.0,0.0,-12219000.0,0.0,6.345,2397104000.0
35,BRCM,MRT,2006-12-31,2006-12-31,2006-12-31,2019-04-17,-95000.0,4876766000.0,4588004250.0,3351788000.0,1524978000.0,0.799,7.681,-92477000.0,2158110000.0,2158110000.0,1795565000.0,379041000.0,4.939,0.163,0.0,0.0,0.0,0.0,1873000.0,55731000.0,0.0,0.0,0.0,247644000.0,303375000.0,0.083,303375000.0,247644000.0,366641000.0,0.69,0.64,0.69,4191666000.0,3932563500.0,4191666000.0,15750481000.0,64.0,51.918,794908000.0,1.457,1.0,1872253000.0,0.51,1214174000.0,-118997000.0,825781000.0,772247000.0,202794000.0,643488000.0,522340000.0,121148000.0,685100000.0,678701000.0,6399000.0,17618643000.0,720834000.0,-70050000.0,228985000.0,-4625000.0,0.0,198929000.0,-365480000.0,-202953000.0,887385000.0,0.0,379041000.0,379041000.0,379041000.0,0.0,0.0,0.103,1624609000.0,247644000.0,307972000.0,0.0,4.203,46.482,46.826,164699000.0,0.0,32.31,4.804,4.807,382823000.0,-7757202000.0,3667818000.0,3667818000.0,1117014000.0,0.083,0.096,0.321,0.068,468364000.0,504012000.0,1.0,545300000.0,545724000.0,588318000.0,6.721,3662592000.0,0.0,-12400000.0,0.0,6.711,2673087000.0
36,BRCM,MRT,2006-09-30,2006-09-30,2006-09-30,2019-04-17,211000.0,4651051000.0,4306862500.0,3120003000.0,1531048000.0,0.828,7.372,-73737000.0,1927798000.0,1927798000.0,1730893000.0,520709000.0,5.16,0.151,0.0,0.0,0.0,0.0,1463000.0,62066000.0,0.0,0.0,0.0,401744000.0,463810000.0,0.13,463810000.0,401744000.0,503756000.0,0.97,0.9,0.97,4039428000.0,3669788750.0,4039428000.0,14676240000.0,37.0,31.643,666878000.0,1.217,1.0,1834076000.0,0.514,1218639000.0,-102012000.0,899969000.0,705425500.0,223528000.0,626626000.0,449353000.0,177273000.0,611623000.0,604645000.0,6978000.0,16544402000.0,792677000.0,-103430000.0,285567000.0,-4625000.0,0.0,285837000.0,-233775000.0,-56608000.0,740615000.0,0.0,520709000.0,520709000.0,520709000.0,0.0,0.0,0.146,1432332000.0,401744000.0,240421000.0,0.0,4.096,31.773,31.278,118762000.0,0.0,30.34,4.641,4.663,422995000.0,-7802278000.0,3564969000.0,3564969000.0,990143000.0,0.121,0.142,0.57,0.113,386762000.0,435257000.0,1.0,545300000.0,547927000.0,572597000.0,6.506,3432412000.0,0.0,-16953000.0,0.0,6.264,2515358000.0
37,BRCM,MRT,2006-06-30,2006-06-30,2006-06-30,2019-04-17,709000.0,4500718000.0,4021731500.0,2981845000.0,1518873000.0,0.835,7.008,-65566000.0,1838372000.0,1838372000.0,1608471000.0,531738000.0,4.559,0.172,0.0,0.0,0.0,0.0,1520000.0,64001000.0,0.0,0.0,0.0,432643000.0,496644000.0,0.148,496644000.0,432643000.0,517146000.0,1.01,0.92,1.01,3838755000.0,3371573000.0,3838755000.0,14670787000.0,34.0,29.54,527943000.0,0.964,1.0,1748889000.0,0.521,1220305000.0,-84503000.0,788030000.0,625784000.0,278036000.0,538855000.0,366894000.0,171961000.0,661963000.0,654011000.0,7952000.0,16538949000.0,824804000.0,-155347000.0,454733000.0,-4625000.0,0.0,455960000.0,-224665000.0,-3752000.0,593509000.0,0.0,531738000.0,531738000.0,531738000.0,0.0,0.0,0.158,1316246000.0,432643000.0,321011000.0,0.0,4.308,31.104,30.03,110691000.0,0.0,30.33,4.926,4.949,405984000.0,-7912459000.0,3357360000.0,3357360000.0,896190000.0,0.132,0.158,0.691,0.129,292180000.0,382194000.0,1.0,545300000.0,547790000.0,594546000.0,6.129,3280413000.0,0.0,-14592000.0,0.0,5.988,2327834000.0
38,BRCM,MRT,2006-03-31,2006-03-31,2006-03-31,2019-04-17,1363000.0,4323482000.0,3701102000.0,2805819000.0,1517663000.0,0.816,6.792,-48670000.0,1868162000.0,1868162000.0,1435189000.0,420418000.0,4.29,0.181,0.0,0.0,0.0,0.0,2121000.0,66064000.0,0.0,0.0,0.0,333567000.0,399631000.0,0.132,399631000.0,333567000.0,400554000.0,0.81,0.73,0.81,3660405000.0,3051220250.0,3660405000.0,21195828000.0,64.0,53.038,478338000.0,0.888,1.0,1585901000.0,0.525,1226062000.0,-66987000.0,575208000.0,544643000.0,226301000.0,445291000.0,272402000.0,172889000.0,663077000.0,654050000.0,9027000.0,22633104000.0,893247000.0,-155347000.0,567463000.0,-4625000.0,0.0,568534000.0,-202295000.0,1722000.0,527008000.0,0.0,420418000.0,420418000.0,420418000.0,0.0,0.0,0.139,1252334000.0,333567000.0,323930000.0,0.0,6.183,53.835,53.284,100556000.0,0.0,43.16,7.492,7.7,349055000.0,-8018545000.0,3021090000.0,3021090000.0,778157000.0,0.114,0.138,0.612,0.11,185862000.0,325111000.0,1.0,524400000.0,538968000.0,601204000.0,5.605,3097420000.0,0.0,-19864000.0,0.0,5.747,2151769000.0
39,BRCM,MRT,2005-12-31,2005-12-31,2005-12-31,2019-04-17,1108000.0,3752199000.0,3377603000.0,2335876000.0,1416323000.0,0.791,6.177,-41767000.0,1437276000.0,1437276000.0,1267799000.0,367089000.0,3.896,0.195,0.0,0.0,0.0,0.0,2053000.0,68527000.0,0.0,0.0,0.0,295662000.0,364189000.0,0.136,364189000.0,295662000.0,346869000.0,0.72,0.66,0.72,3140567000.0,2756858750.0,3140567000.0,15097754790.0,51.0,41.456,404941000.0,0.796,1.0,1402989000.0,0.525,1156934000.0,-51207000.0,558495000.0,507028000.0,194571000.0,438245000.0,295402000.0,142843000.0,611632000.0,599494000.0,12138000.0,16232875790.0,578684000.0,-111454000.0,304327000.0,-2482000.0,0.0,305057000.0,-173081000.0,-19860000.0,446708000.0,0.0,367089000.0,367089000.0,367089000.0,0.0,0.0,0.137,1107327000.0,295662000.0,289069000.0,0.0,5.169,44.221,43.657,96438000.0,0.0,31.433,6.078,5.984,302613000.0,-8136243000.0,2670788000.0,2670788000.0,681047000.0,0.109,0.133,0.583,0.111,102015000.0,274260000.0,1.0,516422348.0,508467000.0,557838000.0,5.253,2595265000.0,0.0,-20220000.0,0.0,5.104,1736382000.0
40,BRCM,MRT,2005-09-30,2005-09-30,2005-09-30,2019-04-17,1290000.0,3510527000.0,3161013000.0,2107875000.0,1402652000.0,0.756,5.551,-44245000.0,1135121000.0,1135121000.0,1152421000.0,205926000.0,3.238,0.233,0.0,0.0,0.0,0.0,1742000.0,71432000.0,0.0,0.0,0.0,141068000.0,212500000.0,0.089,212500000.0,141068000.0,180049000.0,0.407,0.37,0.407,2846565000.0,2562652750.0,2846565000.0,14776466098.0,105.0,69.536,421057000.0,0.821,1.0,1237152000.0,0.518,1143087000.0,-38981000.0,581403000.0,479564750.0,163322000.0,570217000.0,424320000.0,145897000.0,663962000.0,650916000.0,13046000.0,15790034098.0,355608000.0,-78149000.0,256983000.0,-2482000.0,0.0,256696000.0,-366390000.0,-243996000.0,465302000.0,0.0,205926000.0,205926000.0,205926000.0,0.0,0.0,0.086,1096084000.0,141068000.0,278216000.0,0.0,5.547,76.678,76.855,92603000.0,0.0,31.28,6.608,6.712,269536000.0,-6110636000.0,2389573000.0,2389573000.0,673198000.0,0.065,0.08,0.294,0.059,156915000.0,272788000.0,1.0,504796487.0,512773000.0,570860000.0,4.66,2367440000.0,0.0,-25877000.0,0.0,4.617,1456959000.0
41,BRCM,MRT,2005-06-30,2005-06-30,2005-06-30,2019-04-17,1066000.0,3218200000.0,2989048250.0,1853513000.0,1364687000.0,0.783,5.091,-43962000.0,1013568000.0,1013568000.0,1146718000.0,128617000.0,2.883,0.258,0.0,0.0,0.0,0.0,1830000.0,79766000.0,0.0,0.0,0.0,122621000.0,202387000.0,0.086,202387000.0,122621000.0,151650000.0,0.26,0.247,0.26,2557344000.0,2406053500.0,2557344000.0,10841135474.0,88.0,53.566,498552000.0,0.992,1.0,1194393000.0,0.51,1098345000.0,-29029000.0,463466000.0,429498750.0,134065000.0,533435000.0,390590000.0,142845000.0,660856000.0,642821000.0,18035000.0,11816050474.0,294546000.0,-28942000.0,140771000.0,-3728000.0,0.0,137568000.0,-385536000.0,-312632000.0,542514000.0,0.0,128617000.0,128617000.0,128617000.0,0.0,0.0,0.055,1071772000.0,122621000.0,218574000.0,0.0,4.62,91.87,91.103,93330000.0,0.0,23.687,5.047,5.083,235960000.0,-6243292000.0,2341111000.0,2341111000.0,628381000.0,0.043,0.053,0.285,0.052,166921000.0,256947000.0,1.0,498848177.0,502353000.0,502353000.0,4.66,2119855000.0,0.0,23033000.0,0.0,4.22,1210692000.0
42,BRCM,MRT,2005-03-31,2005-03-31,2005-03-31,2019-04-17,1062000.0,3029486000.0,2820793500.0,1670217000.0,1359269000.0,0.843,4.994,-49469000.0,974915000.0,974915000.0,1180105000.0,197690000.0,3.169,0.22,0.0,0.0,0.0,0.0,4703000.0,85460000.0,0.0,0.0,0.0,222813000.0,308273000.0,0.13,308273000.0,222813000.0,243878000.0,0.403,0.377,0.403,2482959000.0,2248431500.0,2482959000.0,9030223666.0,41.0,29.293,525368000.0,1.057,1.0,1197444000.0,0.504,1102807000.0,-21065000.0,424748000.0,390033500.0,108951000.0,445331000.0,310123000.0,135208000.0,546527000.0,527016000.0,19511000.0,9888815666.0,363163000.0,-89016000.0,216948000.0,-4685000.0,0.0,214108000.0,-425782000.0,-287297000.0,574837000.0,0.0,197690000.0,197690000.0,197690000.0,0.0,0.0,0.083,974631000.0,222813000.0,198463000.0,0.0,3.983,50.022,49.495,101219000.0,0.0,19.947,4.159,4.171,200194000.0,-6258353000.0,2377549000.0,2377549000.0,610276000.0,0.07,0.088,0.571,0.094,184111000.0,250289000.0,1.0,495762818.0,497206000.0,534340000.0,4.782,1926679000.0,0.0,46188000.0,0.0,3.875,1143201000.0
43,BRCM,MRT,2004-12-31,2004-12-31,2004-12-31,2019-04-17,1099000.0,2885839000.0,2616906000.0,1584442000.0,1301397000.0,0.917,4.933,-49931000.0,858592000.0,858592000.0,1196767000.0,173185000.0,3.173,0.221,0.0,0.0,0.0,0.0,3648000.0,91690000.0,0.0,0.0,0.0,214257000.0,305947000.0,0.127,305947000.0,214257000.0,229267000.0,0.36,0.33,0.36,2363743000.0,2036299250.0,2363743000.0,9843193564.0,46.0,32.173,451907000.0,0.943,1.0,1203843000.0,0.501,1079262000.0,-15010000.0,448642000.0,337404000.0,128294000.0,416959000.0,324041000.0,92918000.0,522096000.0,499343000.0,22753000.0,10622706564.0,299923000.0,-74846000.0,253323000.0,-2203000.0,0.0,254105000.0,-456020000.0,-331243000.0,501838000.0,0.0,173185000.0,173185000.0,173185000.0,0.0,0.0,0.072,989586000.0,214257000.0,171248000.0,0.0,4.494,61.337,59.778,107160000.0,0.0,21.52,4.425,4.295,197180000.0,-8503332000.0,2400610000.0,2400610000.0,598697000.0,0.066,0.085,0.635,0.089,200199000.0,244037000.0,1.0,493620194.0,479163000.0,523345000.0,5.01,1806577000.0,0.0,56082000.0,0.0,3.77,1085099000.0
44,BRCM,MRT,2004-09-30,2004-09-30,2004-09-30,2019-04-17,678000.0,2822668000.0,2399851750.0,1524170000.0,1298498000.0,0.975,4.589,-42789000.0,779513000.0,779513000.0,1192777000.0,-180321000.0,2.639,0.271,0.0,0.0,0.0,0.0,2898000.0,93023000.0,0.0,0.0,0.0,-125721000.0,-32698000.0,-0.014,-32698000.0,-125721000.0,-114892000.0,-0.397,-0.423,-0.397,2220168000.0,1817814750.0,2220168000.0,8070721614.0,-64.0,-246.826,333972000.0,0.69,1.0,1147562000.0,0.49,1084531000.0,-10829000.0,381139000.0,255508000.0,177532000.0,325459000.0,233195000.0,92264000.0,602500000.0,577485000.0,25015000.0,8789743614.0,310544000.0,-74846000.0,324304000.0,-29500000.0,0.0,298818000.0,-365035000.0,-247400000.0,376761000.0,0.0,-180321000.0,-180321000.0,-180321000.0,0.0,0.0,-0.077,1273283000.0,-125721000.0,216099000.0,0.0,3.959,-48.745,-45.827,113353000.0,0.0,18.193,3.756,3.761,270744000.0,-6398676000.0,2340339000.0,2340339000.0,833289000.0,-0.075,-0.099,-0.492,-0.054,502413000.0,290864000.0,1.0,483129917.0,483811500.0,521083500.0,4.837,1738137000.0,0.0,65429000.0,0.0,3.593,946685000.0
45,BRCM,MRT,2004-06-30,2004-06-30,2004-06-30,2019-04-17,512000.0,2545181000.0,2166869500.0,1393798000.0,1151383000.0,0.978,4.056,-49520000.0,719022000.0,719022000.0,1088446000.0,-230520000.0,2.36,0.321,0.0,0.0,0.0,0.0,3106000.0,90735000.0,0.0,0.0,0.0,-193835000.0,-103100000.0,-0.049,-103100000.0,-193835000.0,-185890000.0,-0.503,-0.523,-0.503,1926856000.0,1597440000.0,1926856000.0,14025412244.0,-72.0,-136.037,171515000.0,0.361,1.0,1031011000.0,0.486,929837000.0,-7945000.0,305605000.0,178522500.0,207598000.0,213727000.0,124760000.0,88967000.0,618325000.0,590717000.0,27608000.0,14637164244.0,265587000.0,-69932000.0,347972000.0,-58583000.0,0.0,293233000.0,-248681000.0,-129229000.0,221035000.0,0.0,-230520000.0,-230520000.0,-230520000.0,0.0,0.0,-0.109,1224846000.0,-193835000.0,270117000.0,0.0,7.596,-63.496,-61.763,121244000.0,0.0,31.067,6.906,6.963,269532000.0,-6442577000.0,2119457000.0,2119457000.0,809776000.0,-0.106,-0.144,-1.086,-0.091,539755000.0,284563000.0,1.0,471153356.0,475036500.0,528538500.0,4.462,1615344000.0,0.0,44630000.0,0.0,3.4,803081000.0
46,BRCM,MRT,2004-03-31,2004-03-31,2004-03-31,2019-04-17,750000.0,2213936000.0,1995538250.0,1158884000.0,1055052000.0,0.93,3.526,-51543000.0,611752000.0,611752000.0,977820000.0,-1186101000.0,2.1,0.355,0.0,0.0,0.0,0.0,1288000.0,90016000.0,0.0,0.0,0.0,-1163919000.0,-1073903000.0,-0.579,-1073903000.0,-1163919000.0,-1157378000.0,-2.69,-2.697,-2.69,1634430000.0,1422574000.0,1634430000.0,11520950548.0,-10.0,-10.728,38351000.0,0.083,1.0,878217000.0,0.473,836205000.0,-6541000.0,214230000.0,103645750.0,145235000.0,153922000.0,81207000.0,72715000.0,579506000.0,551749000.0,27757000.0,12079619548.0,174851000.0,-9858000.0,269948000.0,-85525000.0,0.0,187307000.0,-102350000.0,-40949000.0,89894000.0,0.0,-1186101000.0,-1186101000.0,-1186101000.0,0.0,0.0,-0.639,2042136000.0,-1163919000.0,231067000.0,0.0,7.391,-10.184,-9.668,128776000.0,0.0,26.007,6.508,6.495,224497000.0,-6506416000.0,1856037000.0,1856037000.0,772268000.0,-0.594,-0.834,-11.23,-0.627,790909000.0,273695000.0,1.0,464481654.0,463528500.0,513897000.0,4.004,1377731000.0,0.0,28723000.0,0.0,2.972,607135000.0
47,BRCM,MRT,2003-12-31,2003-12-31,2003-12-31,2019-04-17,635000.0,2017622000.0,1999417500.0,995803000.0,1021819000.0,0.805,3.401,-47932000.0,558669000.0,558669000.0,866359000.0,-1293871000.0,1.977,0.354,0.0,0.0,0.0,0.0,963000.0,90948000.0,0.0,0.0,0.0,-1275572000.0,-1184624000.0,-0.736,-1184624000.0,-1275572000.0,-1268744000.0,-2.95,-2.95,-2.95,1489805000.0,1426633250.0,1489805000.0,9860677267.0,-8.0,-8.324,-17293000.0,-0.039,1.0,743736000.0,0.462,834319000.0,-6828000.0,121058000.0,71234750.0,104047000.0,83701000.0,47296000.0,36405000.0,527817000.0,503576000.0,24241000.0,10302349267.0,169114000.0,-5862000.0,207495000.0,-113470000.0,0.0,95966000.0,42509000.0,96303000.0,30639000.0,0.0,-1293871000.0,-1293871000.0,-1293871000.0,0.0,0.0,-0.804,2019308000.0,-1275572000.0,219064000.0,0.0,6.915,-7.962,-7.688,142113000.0,0.0,22.68,6.399,6.17,209218000.0,-6546280000.0,1610095000.0,1610095000.0,732386000.0,-0.647,-0.907,-17.907,-0.792,822037000.0,259258000.0,1.0,454248204.0,438013000.0,438013000.0,3.676,1183303000.0,0.0,25127000.0,0.0,2.702,492227000.0
48,BRCM,MRT,2003-09-30,2003-09-30,2003-09-30,2019-04-17,490000.0,1890739000.0,2049050250.0,837244000.0,1053495000.0,0.696,3.002,-82388000.0,468969000.0,468969000.0,761652000.0,-2723777000.0,1.595,0.412,27297000.0,27297000.0,0.0,27297000.0,5140000.0,106834000.0,0.0,0.0,0.0,-2427767000.0,-2320933000.0,-1.627,-2320933000.0,-2427767000.0,-2420465000.0,-6.6,-6.6,-6.6,1338669000.0,1465312250.0,1338669000.0,7511062934.0,-3.0,-3.236,-125261000.0,-0.281,1.0,665269000.0,0.466,850908000.0,-7302000.0,73197000.0,79323250.0,77256000.0,76544000.0,36310000.0,40234000.0,552070000.0,524962000.0,27108000.0,7906871934.0,76501000.0,-5862000.0,111999000.0,-89784000.0,0.0,23860000.0,95514000.0,183764000.0,-42873000.0,0.0,-2723777000.0,-2723777000.0,-2723777000.0,0.0,0.0,-1.909,3093036000.0,-2427767000.0,187435000.0,0.0,5.907,-2.903,-2.693,153006000.0,0.0,17.773,5.541,5.555,181025000.0,-6552361000.0,1426921000.0,1426921000.0,436828000.0,-1.329,-1.859,-30.606,-1.701,539312000.0,180635000.0,1.0,444872765.0,445968000.0,445968000.0,3.2,1039831000.0,0.0,303312000.0,0.0,2.332,312282000.0
49,BRCM,MRT,2003-06-30,2003-06-30,2003-06-30,2019-04-17,410000.0,1859856000.0,2522483500.0,812654000.0,1047202000.0,0.512,2.824,-44303000.0,453435000.0,453435000.0,705571000.0,-2900739000.0,1.349,0.515,57626000.0,57626000.0,0.0,57626000.0,7815000.0,122637000.0,0.0,0.0,0.0,-2606971000.0,-2484334000.0,-1.924,-2484334000.0,-2606971000.0,-2598041000.0,-7.04,-7.04,-7.04,1227392000.0,1933324000.0,1227392000.0,6625783126.0,-3.0,-2.667,-129925000.0,-0.299,1.0,585717000.0,0.454,855459000.0,-8930000.0,6098000.0,180906750.0,85000000.0,63021000.0,41343000.0,21678000.0,632464000.0,602490000.0,29974000.0,6977159126.0,87529000.0,-5862000.0,71527000.0,-61118000.0,0.0,12653000.0,160498000.0,210663000.0,-85622000.0,0.0,-2900739000.0,-2900739000.0,-2900739000.0,0.0,0.0,-2.246,3192688000.0,-2606971000.0,210570000.0,0.0,5.685,-2.405,-2.359,157476000.0,0.0,16.607,5.403,5.589,170739000.0,-6546063000.0,1291288000.0,1291288000.0,444884000.0,-1.15,-1.5,-14.411,-2.019,548714000.0,172918000.0,1.0,420142059.0,434617500.0,434617500.0,2.971,1004397000.0,0.0,302698000.0,0.0,2.311,210164000.0
50,BRCM,MRT,2003-03-31,2003-03-31,2003-03-31,2019-04-17,288000.0,2229453000.0,3009878500.0,773265000.0,1456188000.0,0.389,3.983,-71997000.0,436901000.0,436901000.0,642295000.0,-2138415000.0,1.419,0.351,85525000.0,85036000.0,489000.0,85525000.0,13428000.0,136951000.0,0.0,0.0,0.0,-1848439000.0,-1711488000.0,-1.461,-1711488000.0,-1848439000.0,-1837506000.0,-5.313,-5.313,-5.313,1650667000.0,2450038750.0,1650667000.0,3163917802.0,-2.0,-1.849,-124665000.0,-0.301,1.0,529317000.0,0.452,1248395000.0,-10933000.0,84586000.0,319293500.0,61278000.0,88037000.0,70516000.0,17521000.0,578786000.0,545096000.0,33690000.0,3440002802.0,41115000.0,-5023000.0,37381000.0,-40853000.0,0.0,-1480000.0,95263000.0,172283000.0,-52668000.0,0.0,-2138415000.0,-2138415000.0,-2138415000.0,0.0,0.0,-1.825,2377756000.0,-1848439000.0,185451000.0,0.0,2.084,-1.609,-1.55,164484000.0,0.0,8.233,2.936,2.913,148608000.0,-5654321000.0,1171612000.0,1171612000.0,453233000.0,-0.71,-0.873,-5.789,-1.578,339249000.0,166152000.0,1.0,417814106.0,414475500.0,414475500.0,2.827,981058000.0,0.0,300909000.0,0.0,2.367,228169000.0
51,BRCM,MRT,2002-12-31,2002-12-31,2002-12-31,2019-04-17,246000.0,2216153000.0,3356230500.0,721784000.0,1494369000.0,0.323,4.091,-75182000.0,389555000.0,389555000.0,604397000.0,-2236576000.0,1.352,0.348,113470000.0,112258000.0,1212000.0,113470000.0,15129000.0,147128000.0,0.0,0.0,0.0,-1951165000.0,-1804037000.0,-1.666,-1804037000.0,-1951165000.0,-1938982000.0,-5.567,-5.567,-5.567,1644521000.0,2825774000.0,1644521000.0,3880107370.0,-2.0,-2.151,-144373000.0,-0.359,1.0,478551000.0,0.442,1252639000.0,-12183000.0,153412000.0,437699250.0,46036000.0,153352000.0,113148000.0,40204000.0,571632000.0,534017000.0,37615000.0,4154494370.0,-14203000.0,839000.0,44055000.0,-13713000.0,0.0,32541000.0,22447000.0,96790000.0,-69191000.0,0.0,-2236576000.0,-2236576000.0,-2236576000.0,0.0,0.0,-2.065,2429716000.0,-1951165000.0,168236000.0,0.0,2.526,-1.858,-1.803,177557000.0,0.0,10.04,3.836,3.727,115368000.0,-5586415000.0,1082948000.0,1082948000.0,461804000.0,-0.666,-0.791,-4.458,-1.802,372707000.0,165267000.0,1.0,413794260.0,401985000.0,401985000.0,2.694,963514000.0,0.0,297594000.0,0.0,2.397,187767000.0
52,BRCM,MRT,2002-09-30,2002-09-30,2002-09-30,2019-04-17,1442000.0,3784472000.0,3710044500.0,787726000.0,2996746000.0,0.273,7.925,-36597000.0,392468000.0,392468000.0,571711000.0,-808331000.0,1.434,0.179,118081000.0,115786000.0,2295000.0,118081000.0,17042000.0,282687000.0,0.0,0.0,0.0,-795411000.0,-512724000.0,-0.506,-512724000.0,-795411000.0,-781393000.0,-2.013,-2.013,-2.013,3210716000.0,3216496250.0,3210716000.0,2679799633.0,-3.0,-5.227,-68392000.0,-0.169,1.0,442113000.0,0.436,2481189000.0,-14018000.0,479531000.0,546901750.0,39062000.0,228254000.0,181195000.0,47059000.0,573756000.0,549365000.0,24391000.0,2925961633.0,-11430000.0,839000.0,49886000.0,-3957000.0,0.0,54500000.0,-34135000.0,1623000.0,-31795000.0,0.0,-808331000.0,-808331000.0,-808331000.0,0.0,0.0,-0.797,1237524000.0,-795411000.0,191615000.0,0.0,0.911,-3.62,-3.537,164965000.0,0.0,7.12,2.886,2.845,97961000.0,-3828584000.0,1013824000.0,1013824000.0,454397000.0,-0.218,-0.251,-1.454,-0.785,404009000.0,165065000.0,1.0,410949668.0,405156000.0,405156000.0,2.502,1303283000.0,285951000.0,26938000.0,0.0,3.217,238361000.0
53,BRCM,MRT,2002-06-30,2002-06-30,2002-06-30,2019-04-17,1052000.0,3809436000.0,3681239500.0,750739000.0,3058697000.0,0.255,8.276,-72607000.0,365906000.0,365906000.0,539916000.0,-2244287000.0,1.467,0.156,119744000.0,116379000.0,3365000.0,119744000.0,22403000.0,490793000.0,0.0,0.0,0.0,-2232535000.0,-1741742000.0,-1.858,-1741742000.0,-2232535000.0,-2217398000.0,-5.8,-5.8,-5.8,3294251000.0,3227157000.0,3294251000.0,4432035795.0,-2.0,-2.545,-60484000.0,-0.152,1.0,397499000.0,0.424,2491809000.0,-15137000.0,559645000.0,589907750.0,29380000.0,266328000.0,212845000.0,53483000.0,515185000.0,511820000.0,3365000.0,4710580795.0,-115167000.0,855000.0,48962000.0,-10613000.0,0.0,49829000.0,-177119000.0,-105367000.0,12123000.0,0.0,-2244287000.0,-2244287000.0,-2244287000.0,0.0,0.0,-2.394,2630034000.0,-2232535000.0,153860000.0,0.0,1.43,-2.099,-2.016,177119000.0,0.0,11.693,5.025,4.965,79229000.0,-3645324000.0,937415000.0,937415000.0,447465000.0,-0.61,-0.695,-3.785,-2.382,430655000.0,158305000.0,1.0,402843284.0,398034000.0,398034000.0,2.355,1317627000.0,281938000.0,26889000.0,0.0,3.31,238919000.0
54,BRCM,MRT,2002-03-31,2002-03-31,2002-03-31,2019-04-17,5079000.0,3614861000.0,4007591250.0,738183000.0,2876678000.0,0.222,8.024,-49262000.0,395786000.0,395786000.0,528903000.0,-2551263000.0,1.612,0.146,117241000.0,113903000.0,3338000.0,117241000.0,25231000.0,694249000.0,0.0,0.0,0.0,-2547582000.0,-1853333000.0,-2.082,-1853333000.0,-2547582000.0,-2529263000.0,-6.627,-6.627,-6.627,3153608000.0,3588382000.0,3153608000.0,9330611739.0,-4.0,-5.035,-65104000.0,-0.166,1.0,361217000.0,0.406,2320192000.0,-18319000.0,558209000.0,614485250.0,24874000.0,253473000.0,188769000.0,64704000.0,461253000.0,457915000.0,3338000.0,9616323739.0,-169004000.0,16000.0,45110000.0,-38717000.0,0.0,25299000.0,-178461000.0,-129215000.0,-15842000.0,0.0,-2551263000.0,-2551263000.0,-2551263000.0,0.0,0.0,-2.866,2908799000.0,-2547582000.0,134526000.0,0.0,3.049,-3.769,-3.611,147914000.0,0.0,23.933,10.803,10.567,60296000.0,-3515906000.0,890120000.0,890120000.0,448810000.0,-0.637,-0.711,-4.146,-2.862,485103000.0,156518000.0,1.0,401796257.0,392998500.0,392998500.0,2.265,1294669000.0,289567000.0,22000000.0,0.0,3.294,280268000.0
55,BRCM,MRT,2001-12-31,2001-12-31,2001-12-31,2019-04-17,6906000.0,3631409000.0,4462103000.0,681842000.0,2949567000.0,0.216,8.418,-71373000.0,403758000.0,403758000.0,557733000.0,-2742048000.0,1.636,0.132,118046000.0,114040000.0,4006000.0,118046000.0,29495000.0,888987000.0,0.0,0.0,0.0,-2821796000.0,-1932809000.0,-2.01,-1932809000.0,-2821796000.0,-2798777000.0,-7.193,-7.193,-7.193,3207410000.0,4038901250.0,3207410000.0,10431573005.0,-4.0,-5.397,-22319000.0,-0.059,1.0,404088000.0,0.42,2338740000.0,-23019000.0,590222000.0,637791500.0,22267000.0,245795000.0,136028000.0,109767000.0,423999000.0,416735000.0,7264000.0,10720951005.0,-120146000.0,41008000.0,59815000.0,-38580000.0,0.0,47611000.0,-216811000.0,-186446000.0,49054000.0,0.0,-2742048000.0,-2742048000.0,-2742048000.0,0.0,0.0,-2.851,3225884000.0,-2821796000.0,103032000.0,0.0,3.343,-3.91,-3.788,157336000.0,0.0,27.247,11.147,10.794,50846000.0,-3349839000.0,961821000.0,961821000.0,446648000.0,-0.615,-0.679,-4.424,-2.934,499940000.0,155448000.0,1.0,393477527.0,381031500.0,381031500.0,2.524,1292669000.0,289567000.0,-56729000.0,0.0,3.393,265107000.0
56,BRCM,MRT,2001-09-30,2001-09-30,2001-09-30,2019-04-17,2808000.0,3669252000.0,4723706250.0,706995000.0,2962257000.0,0.228,8.521,-97165000.0,403898000.0,403898000.0,591032000.0,-3180732000.0,1.989,0.128,114520000.0,54042000.0,60478000.0,114520000.0,0.0,865745000.0,0.0,0.0,0.0,-3317933000.0,-2452188000.0,-2.281,-2452188000.0,-3317933000.0,-3289921000.0,-8.68,-8.64,-8.68,3253359000.0,4355863750.0,3253359000.0,4934455306.0,-1.0,-2.012,-18706000.0,-0.049,1.0,484205000.0,0.45,2372904000.0,-28012000.0,651555000.0,668871250.0,28785000.0,249432000.0,116117000.0,133315000.0,415893000.0,355415000.0,60478000.0,5300031306.0,26085000.0,99752000.0,84210000.0,-46395000.0,0.0,95673000.0,-148047000.0,-150634000.0,78459000.0,0.0,-3180732000.0,-3180732000.0,-3180732000.0,0.0,0.0,-2.958,3802138000.0,-3317933000.0,89844000.0,0.0,1.629,-1.666,-1.559,165453000.0,0.0,13.533,4.929,4.805,68756000.0,-3020253000.0,1075237000.0,1075237000.0,424336000.0,-0.673,-0.73,-4.96,-3.086,502473000.0,145031000.0,1.0,391627929.0,381786000.0,381786000.0,2.816,1296348000.0,288222000.0,-109189000.0,0.0,3.395,351580000.0
57,BRCM,MRT,2001-06-30,2001-06-30,2001-06-30,2019-04-17,-6770000.0,5114843000.0,4253681750.0,726064000.0,4388779000.0,0.278,12.518,-107357000.0,481073000.0,481073000.0,598138000.0,-1575594000.0,2.323,0.079,115497000.0,52325000.0,63172000.0,115497000.0,0.0,625243000.0,0.0,0.0,0.0,-1706676000.0,-1081433000.0,-0.916,-1081433000.0,-1706676000.0,-1675907000.0,-4.48,-4.44,-4.48,4739151000.0,3949043250.0,4739151000.0,10708532474.0,-6.0,-9.902,35390000.0,0.093,1.0,582663000.0,0.493,3778792000.0,-30769000.0,657955000.0,650194000.0,51455000.0,184278000.0,43275000.0,141003000.0,375692000.0,312520000.0,63172000.0,11121472474.0,200193000.0,110394000.0,130061000.0,-39555000.0,0.0,145160000.0,-87714000.0,-90751000.0,142747000.0,0.0,-1575594000.0,-1575594000.0,-1575594000.0,0.0,0.0,-1.334,2289339000.0,-1706676000.0,73567000.0,0.0,2.347,-7.059,-6.363,158260000.0,0.0,28.507,9.419,9.14,59093000.0,-1401037000.0,1180801000.0,1180801000.0,380875000.0,-0.37,-0.399,-2.625,-1.445,423736000.0,139580000.0,1.0,390135845.0,378598500.0,378598500.0,3.119,1336051000.0,294736000.0,-100313000.0,0.0,3.529,413544000.0
58,BRCM,MRT,2001-03-31,2001-03-31,2001-03-31,2019-04-17,-5462000.0,5432908000.0,3210347500.0,917616000.0,4515292000.0,0.378,13.232,-103709000.0,564790000.0,564790000.0,568094000.0,-1083303000.0,2.218,0.096,151850000.0,88255000.0,63595000.0,151850000.0,0.0,390111000.0,0.0,0.0,0.0,-1193917000.0,-803806000.0,-0.662,-803806000.0,-1193917000.0,-1169643000.0,-3.153,-3.14,-3.153,4955685000.0,2975207750.0,4955685000.0,6421406255.0,-5.0,-7.989,92740000.0,0.248,1.0,646976000.0,0.532,3954906000.0,-24274000.0,651434000.0,627212250.0,75503000.0,147575000.0,46129000.0,101446000.0,477223000.0,413628000.0,63595000.0,6797365255.0,327049000.0,110394000.0,144081000.0,-5292000.0,0.0,186043000.0,-55443000.0,-62128000.0,196449000.0,0.0,-1083303000.0,-1083303000.0,-1083303000.0,0.0,0.0,-0.892,1845518000.0,-1198542000.0,116948000.0,0.0,1.372,-6.275,-6.111,154947000.0,0.0,19.267,5.594,5.939,131682000.0,-964643000.0,1215070000.0,1215070000.0,315436000.0,-0.337,-0.364,-1.904,-0.983,332412000.0,123958000.0,1.0,352804425.0,374533500.0,374533500.0,3.244,1478002000.0,293892000.0,-86340000.0,0.0,3.946,503988000.0
59,BRCM,MRT,2000-12-31,2000-12-31,2000-12-31,2019-04-17,-3811000.0,4677822000.0,2039379750.0,875654000.0,3802168000.0,0.537,13.555,-80666000.0,523904000.0,523904000.0,484219000.0,-687822000.0,4.323,0.045,23649000.0,23649000.0,0.0,23649000.0,6438000.0,164998000.0,0.0,0.0,0.0,-716074000.0,-551076000.0,-0.503,-551076000.0,-716074000.0,-691775000.0,-2.087,-2.087,-2.087,4475260000.0,1900587000.0,4475260000.0,19381088800.0,-27.0,-35.17,81303000.0,0.246,1.0,611941000.0,0.558,3260464000.0,-24299000.0,714541000.0,570166000.0,52137000.0,79666000.0,77682000.0,1984000.0,202562000.0,202562000.0,0.0,19757047800.0,343088000.0,69402000.0,144623000.0,-6046000.0,0.0,178094000.0,3025000.0,14289000.0,161969000.0,0.0,-687822000.0,-687822000.0,-687822000.0,0.0,0.0,-0.627,1328015000.0,-716074000.0,78163000.0,0.0,4.415,-28.724,-26.833,132870000.0,0.0,56.0,18.024,16.867,157739000.0,-607791000.0,1096160000.0,1096160000.0,250676000.0,-0.337,-0.362,-1.256,-0.653,241840000.0,103305000.0,1.0,352804425.0,330151500.0,330151500.0,3.32,1417358000.0,362334000.0,-3953000.0,0.0,4.293,673092000.0
60,BRCM,MRT,2000-09-30,2000-09-30,2000-09-30,2019-04-17,0.0,1789154000.0,1022362500.0,714125000.0,1075029000.0,0.898,4.916,-55867000.0,377813000.0,377813000.0,385098000.0,113437000.0,4.398,0.1,1854000.0,1152000.0,702000.0,1854000.0,0.0,20112000.0,0.0,0.0,0.0,147671000.0,167783000.0,0.183,167783000.0,147671000.0,163044000.0,0.36,0.3,0.36,1626077000.0,910990000.0,1626077000.0,53853987942.0,365.0,320.974,101038000.0,0.305,1.0,532823000.0,0.58,673974000.0,-15373000.0,576846000.0,475544750.0,44471000.0,104570000.0,104570000.0,0.0,163077000.0,162375000.0,702000.0,54132734942.0,215684000.0,10658000.0,116510000.0,-4099000.0,0.0,113638000.0,-54859000.0,-9650000.0,156905000.0,0.0,113437000.0,113437000.0,113437000.0,0.0,0.0,0.124,384517000.0,148306000.0,92818000.0,0.0,33.29,477.205,451.481,85961000.0,0.0,162.533,58.973,58.567,138923000.0,160479000.0,917921000.0,917921000.0,196476000.0,0.111,0.125,0.311,0.161,137531000.0,89536000.0,1.0,333056204.0,330765000.0,330765000.0,2.775,1115180000.0,299111000.0,49607000.0,29068000.0,3.372,551750000.0
61,BRCM,MRT,2000-06-30,2000-06-30,2000-06-30,2019-04-17,0.0,941506000.0,689129250.0,570251000.0,371255000.0,1.071,2.621,-38319000.0,280880000.0,280880000.0,304505000.0,152109000.0,5.895,0.116,2133000.0,1167000.0,966000.0,2133000.0,0.0,17993000.0,0.0,0.0,0.0,188716000.0,206709000.0,0.28,206709000.0,188716000.0,197104000.0,0.48,0.407,0.48,843809000.0,595713000.0,843809000.0,46869714170.0,248.0,226.742,131585000.0,0.409,1.0,433822000.0,0.588,0.0,-8388000.0,566028000.0,386130250.0,38617000.0,98982000.0,98982000.0,0.0,97697000.0,96731000.0,966000.0,47104062170.0,171866000.0,0.0,82782000.0,-2730000.0,0.0,50368000.0,-48406000.0,-10087000.0,169904000.0,0.0,152109000.0,152109000.0,152109000.0,0.0,0.0,0.206,247586000.0,186236000.0,62400000.0,0.0,55.823,309.673,304.028,62786000.0,0.0,145.933,63.798,63.626,115649000.0,174557000.0,738327000.0,738327000.0,159825000.0,0.221,0.255,0.489,0.256,133594000.0,74520000.0,1.0,322777950.0,321907500.0,380916000.0,2.294,941506000.0,301540000.0,44995000.0,0.0,2.925,473520000.0
62,BRCM,MRT,2000-03-31,2000-03-31,2000-03-31,2019-04-17,0.0,749037000.0,537790500.0,479040000.0,269997000.0,1.139,2.074,-30390000.0,235214000.0,235214000.0,250062000.0,96371000.0,5.239,0.14,866000.0,471000.0,395000.0,866000.0,0.0,17450000.0,0.0,0.0,0.0,118763000.0,136213000.0,0.222,136213000.0,118763000.0,127151000.0,0.307,0.253,0.307,657202000.0,455829500.0,657202000.0,51722881708.0,436.0,379.721,88877000.0,0.281,1.0,362540000.0,0.592,0.0,-8388000.0,423249000.0,291627000.0,30991000.0,90902000.0,90902000.0,0.0,91835000.0,91440000.0,395000.0,51895791708.0,142215000.0,0.0,67331000.0,-6237000.0,0.0,55227000.0,-32279000.0,-1889000.0,119267000.0,0.0,96371000.0,96371000.0,96371000.0,0.0,0.0,0.157,243638000.0,118902000.0,55856000.0,0.0,78.965,538.5,527.47,51074000.0,0.0,161.933,84.714,83.749,90031000.0,127090000.0,612602000.0,612602000.0,139408000.0,0.179,0.211,0.407,0.194,85444000.0,66412000.0,1.0,320476277.0,316825500.0,378865500.0,1.934,749037000.0,215813000.0,30780000.0,0.0,2.364,387600000.0
63,BRCM,MRT,1999-12-31,1999-12-31,1999-12-31,2019-04-17,-11000.0,609753000.0,421120000.0,403506000.0,206247000.0,1.238,1.709,-31278000.0,180816000.0,180816000.0,211991000.0,72471000.0,4.344,0.18,0.0,0.0,0.0,0.0,0.0,16070000.0,0.0,0.0,0.0,92913000.0,108983000.0,0.209,108983000.0,92913000.0,101301000.0,0.24,0.207,0.24,516872000.0,351672750.0,516872000.0,28221496966.0,304.0,258.953,78037000.0,0.258,1.0,309234000.0,0.593,0.0,-8388000.0,336056000.0,227594500.0,19177000.0,99410000.0,90059000.0,9351000.0,92881000.0,92881000.0,0.0,28368142966.0,103261000.0,0.0,56597000.0,-6949000.0,0.0,50964000.0,-57018000.0,-25740000.0,109315000.0,0.0,72471000.0,72471000.0,72471000.0,0.0,0.0,0.139,216321000.0,92913000.0,46458000.0,0.0,54.884,391.441,378.333,51151000.0,0.0,90.8,54.426,52.697,90303000.0,80031000.0,521225000.0,521225000.0,119300000.0,0.172,0.206,0.408,0.178,56366000.0,61475000.0,1.0,312424482.0,302500500.0,353476500.0,1.723,609753000.0,146159000.0,28830000.0,0.0,2.016,310625000.0
64,BRCM,MRT,1999-09-30,1999-09-30,1999-09-30,2019-04-17,0.0,456221000.0,333827000.0,323257000.0,132964000.0,1.3,1.194,-29871000.0,147926000.0,147926000.0,176232000.0,45233000.0,3.576,0.25,1280000.0,415000.0,865000.0,1280000.0,0.0,15411000.0,0.0,0.0,0.0,68647000.0,84058000.0,0.194,84058000.0,68647000.0,68647000.0,0.153,0.117,0.153,364969000.0,276330500.0,364969000.0,10743847679.0,157.0,127.815,64826000.0,0.212,1.0,257652000.0,0.594,0.0,0.0,219188000.0,183191500.0,12257000.0,98420000.0,78348000.0,20072000.0,91252000.0,90387000.0,865000.0,10841001679.0,109029000.0,0.0,93021000.0,-7381000.0,0.0,82787000.0,-68455000.0,-38584000.0,94697000.0,0.0,45233000.0,45233000.0,45233000.0,0.0,0.0,0.104,197143000.0,60509000.0,54796000.0,0.0,29.704,239.67,237.473,43247000.0,0.0,36.333,24.986,25.594,62635000.0,58222000.0,433884000.0,433884000.0,105871000.0,0.135,0.164,0.375,0.158,54739000.0,56281000.0,1.0,298376193.0,305634000.0,357499500.0,1.42,456221000.0,68048000.0,23414000.0,0.0,1.493,232870000.0
65,BRCM,MRT,1999-06-30,1999-06-30,1999-06-30,2019-04-17,0.0,336151000.0,260356000.0,234659000.0,101492000.0,1.344,0.944,-32022000.0,98379000.0,98379000.0,144785000.0,25811000.0,4.603,0.182,1225000.0,331000.0,894000.0,1225000.0,0.0,14382000.0,0.0,0.0,0.0,43255000.0,57637000.0,0.165,57637000.0,43255000.0,43255000.0,0.093,0.067,0.093,284275000.0,220524000.0,284275000.0,13295618121.0,307.0,230.679,-6874000.0,-0.023,1.0,205012000.0,0.586,0.0,0.0,188015000.0,153181250.0,7341000.0,92392000.0,64286000.0,28106000.0,51876000.0,50982000.0,894000.0,13369074121.0,34636000.0,0.0,79085000.0,-6119000.0,0.0,105082000.0,-95594000.0,-63572000.0,25148000.0,0.0,25811000.0,25811000.0,25811000.0,0.0,0.0,0.074,168040000.0,36972000.0,24585000.0,0.0,47.029,517.96,518.28,37797000.0,0.0,48.2,38.22,41.517,45987000.0,35629000.0,349797000.0,349797000.0,88662000.0,0.099,0.117,0.282,0.124,27071000.0,49434000.0,1.0,277366683.0,301297500.0,350151000.0,1.161,336151000.0,36858000.0,17444000.0,0.0,1.116,183677000.0
66,BRCM,MRT,1999-03-31,1999-03-31,1999-03-31,2019-04-17,0.0,282355000.0,213343500.0,191485000.0,90870000.0,1.291,0.831,-32243000.0,73456000.0,73456000.0,117092000.0,30555000.0,4.583,0.174,0.0,0.0,0.0,0.0,0.0,11795000.0,0.0,0.0,0.0,52217000.0,64012000.0,0.232,64012000.0,52217000.0,52217000.0,0.113,0.09,0.113,240575000.0,181625750.0,240575000.0,5437541056.0,104.0,84.946,-9387000.0,-0.032,1.0,158421000.0,0.575,0.0,0.0,167119000.0,122215000.0,15284000.0,89469000.0,47345000.0,42124000.0,41780000.0,41780000.0,0.0,5500075056.0,53365000.0,0.0,148700000.0,-1618000.0,0.0,155265000.0,-124756000.0,-92513000.0,22856000.0,0.0,30555000.0,30555000.0,30555000.0,0.0,0.0,0.111,111620000.0,46801000.0,28066000.0,0.0,22.862,180.006,181.799,32030000.0,0.0,20.543,19.963,21.591,39711000.0,57787000.0,275513000.0,275513000.0,69182000.0,0.143,0.168,0.427,0.19,27071000.0,40652000.0,1.0,267730410.0,289566000.0,336484500.0,0.951,282355000.0,11533000.0,21662000.0,0.0,0.975,149705000.0
67,BRCM,MRT,1998-12-31,1998-12-31,1998-12-31,2019-04-17,0.0,260581000.0,160155500.0,172644000.0,87937000.0,1.353,0.847,-29890000.0,72511000.0,72511000.0,91403000.0,21389000.0,4.213,0.209,11352000.0,7252000.0,4100000.0,11352000.0,0.0,9718000.0,0.0,0.0,0.0,39840000.0,49558000.0,0.229,49558000.0,39840000.0,39840000.0,0.087,0.067,0.087,215503000.0,131818500.0,215503000.0,5347709588.0,134.0,107.908,-16401000.0,-0.064,1.0,125326000.0,0.578,0.0,0.0,158444000.0,84265750.0,7325000.0,77170000.0,34344000.0,42826000.0,45078000.0,40978000.0,4100000.0,5390305588.0,43043000.0,0.0,135566000.0,238000.0,0.0,136614000.0,-107060000.0,-77170000.0,13489000.0,0.0,21389000.0,21389000.0,21389000.0,0.0,0.0,0.099,89666000.0,35660000.0,22374000.0,0.0,25.013,252.013,231.418,31600000.0,0.0,20.133,24.871,23.649,39536000.0,18240000.0,216729000.0,216729000.0,54285000.0,0.134,0.162,0.473,0.184,27071000.0,33595000.0,1.0,267730410.0,254574000.0,308266500.0,0.851,260581000.0,15974000.0,18451000.0,0.0,1.024,131666000.0
68,BRCM,MRT,1998-09-30,1998-09-30,1998-09-30,2019-04-17,0.0,162337000.0,106321250.0,92397000.0,69940000.0,1.492,0.52,-26606000.0,42706000.0,42706000.0,65820000.0,15454000.0,4.487,0.145,110000.0,110000.0,0.0,110000.0,0.0,7222000.0,0.0,0.0,0.0,30143000.0,37365000.0,0.236,37365000.0,30143000.0,30121000.0,0.077,0.053,0.077,141743000.0,86290750.0,141743000.0,3040950504.0,101.0,81.385,-16203000.0,-0.059,1.0,92826000.0,0.585,0.0,22000.0,99147000.0,48545750.0,5877000.0,58096000.0,14944000.0,43152000.0,20594000.0,20594000.0,0.0,3105527504.0,24298000.0,0.0,95342000.0,379000.0,0.0,100337000.0,-86442000.0,-59836000.0,10403000.0,0.0,15454000.0,15454000.0,15454000.0,0.0,0.0,0.097,65391000.0,27435000.0,13465000.0,0.0,21.91,200.953,153.68,24649000.0,0.0,11.833,19.575,20.329,19340000.0,25654000.0,158646000.0,158646000.0,40610000.0,0.145,0.179,0.621,0.19,0.0,24781000.0,1.0,262438944.0,272550000.0,317607000.0,0.582,162337000.0,0.0,14667000.0,0.0,0.596,71803000.0
69,BRCM,MRT,1998-06-30,1998-06-30,1998-06-30,2019-04-17,0.0,148101000.0,96672500.0,105783000.0,42318000.0,1.163,0.497,-16707000.0,64711000.0,64711000.0,44969000.0,8478000.0,5.46,0.151,134000.0,89000.0,45000.0,134000.0,0.0,5175000.0,0.0,0.0,0.0,17712000.0,22887000.0,0.204,22887000.0,17712000.0,17649000.0,0.045,0.025,0.045,128682000.0,81037000.0,128682000.0,3191823475.0,180.0,139.46,-22406000.0,-0.087,1.0,67458000.0,0.6,0.0,63000.0,64150000.0,39857000.0,11473000.0,27723000.0,2629000.0,25094000.0,19419000.0,19374000.0,45000.0,3219173475.0,64713000.0,0.0,94162000.0,-1039000.0,0.0,115942000.0,-45530000.0,-28823000.0,-5699000.0,0.0,8478000.0,8478000.0,8478000.0,0.0,0.0,0.075,51194000.0,16264000.0,15280000.0,0.0,25.017,379.709,272.704,16305000.0,0.0,12.272,28.633,28.251,-3464000.0,17477000.0,112427000.0,112427000.0,32028000.0,0.088,0.105,0.444,0.158,0.0,19166000.0,1.0,262325694.0,258822000.0,303639000.0,0.434,148101000.0,1492000.0,9171000.0,0.0,0.572,86409000.0
70,BRCM,MRT,1998-03-31,1998-03-31,1998-03-31,2019-04-17,0.0,69603000.0,,55221000.0,14382000.0,,0.246,-12263000.0,29765000.0,29765000.0,26861000.0,2497000.0,2.05,0.683,2415000.0,1089000.0,1326000.0,2415000.0,0.0,3905000.0,0.0,,0.0,7037000.0,10942000.0,0.151,10942000.0,7037000.0,6974000.0,0.018,0.002,0.018,41346000.0,,41346000.0,,,,-5225000.0,-0.031,1.0,45793000.0,0.63,0.0,63000.0,15322000.0,,7571000.0,0.0,0.0,0.0,28257000.0,26931000.0,1326000.0,,32797000.0,0.0,12874000.0,2424000.0,0.0,38022000.0,-12263000.0,0.0,7038000.0,0.0,2497000.0,2497000.0,2497000.0,0.0,0.0,0.034,39068000.0,6725000.0,18430000.0,0.0,,,,12920000.0,0.0,,,,12615000.0,9761000.0,72654000.0,72654000.0,24811000.0,,,,0.097,0.0,14257000.0,1.0,262325694.0,167937000.0,247677000.0,0.433,69603000.0,0.0,4477000.0,3693000.0,0.414,28290000.0
71,BRCM,MRT,1997-12-31,1997-12-31,1997-12-31,2019-04-17,0.0,45244000.0,29805500.0,36519000.0,8725000.0,1.421,0.191,-8100000.0,22116000.0,22116000.0,15563000.0,-5929000.0,3.56,0.355,2693000.0,1098000.0,1595000.0,2693000.0,0.0,3364000.0,0.0,,0.0,-6086000.0,-2722000.0,-0.064,-2722000.0,-6086000.0,-6086000.0,-0.033,-0.033,-0.033,33392000.0,21581000.0,33392000.0,,,,-14823000.0,-0.085,1.0,26778000.0,0.632,0.0,0.0,15564000.0,10520000.0,2705000.0,0.0,0.0,0.0,11852000.0,10257000.0,1595000.0,,23251000.0,0.0,12666000.0,2684000.0,0.0,38074000.0,-8100000.0,0.0,-6723000.0,0.0,-5929000.0,-5929000.0,-5929000.0,0.0,0.0,-0.14,32955000.0,-6177000.0,7380000.0,0.0,,,,8449000.0,0.0,,,,6551000.0,2098000.0,42341000.0,42341000.0,21545000.0,-0.199,-0.275,-0.579,-0.144,0.0,11410000.0,1.0,,174511500.0,174511500.0,0.243,45244000.0,1523000.0,-157000.0,0.0,0.259,26262000.0
72,BRCM,MRT,1997-09-30,1997-09-30,1997-09-30,2019-04-17,,,,,,,,,,,,,,,,,,,,,,,0.0,,,,,,,,,,,,,,,,,,1.0,,,,,,,,,,,,,,,,,,,,,,,,,,,,,,,,,,,,,,,,,,,,,,,,,,,,,,1.0,,162144000.0,,,,,,,,
73,BRCM,MRT,1997-06-30,1997-06-30,1997-06-30,2019-04-17,0.0,45244000.0,,36519000.0,8725000.0,,0.213,,22116000.0,22116000.0,,,3.56,0.355,2693000.0,1098000.0,1595000.0,2693000.0,0.0,,0.0,,0.0,,,,,,,,,,33392000.0,,33392000.0,,,,,,1.0,,,0.0,,15564000.0,,2705000.0,0.0,0.0,0.0,11852000.0,10257000.0,1595000.0,,,,,,,,,,,,,,,,,,,,7380000.0,,,,,8449000.0,,,,,-3362000.0,2098000.0,,,,,,,,,,1.0,,156708000.0,,,45244000.0,1523000.0,,0.0,0.289,26262000.0
74,BRCM,MRT,1997-03-31,1997-03-31,1997-03-31,2019-04-17,,,,,,,,,,,,,,,,,,,,,,,0.0,,,,,,,,,,,,,,,,,,1.0,,,,,,,,,,,,,,,,,,,,,,,,,,,,,,,,,,,,,,,,,,,,,,,,,,,,,,1.0,,154452000.0,,,,,,,,
75,BRCM,MRT,1996-12-31,1996-12-31,1996-12-31,2019-04-17,0.0,14367000.0,,9979000.0,4388000.0,,0.065,-3747000.0,4657000.0,4657000.0,7860000.0,3016000.0,2.242,0.471,216000.0,69000.0,147000.0,216000.0,0.0,897000.0,0.0,,0.0,4515000.0,5412000.0,0.253,5412000.0,4515000.0,4515000.0,0.02,0.017,0.02,9770000.0,,9770000.0,,,,-548000.0,-0.004,1.0,13510000.0,0.632,0.0,0.0,5476000.0,,854000.0,0.0,0.0,0.0,4597000.0,4450000.0,147000.0,,2667000.0,0.0,345000.0,-64000.0,0.0,3215000.0,-3747000.0,0.0,3199000.0,0.0,3016000.0,3016000.0,3016000.0,0.0,0.0,0.141,9208000.0,4302000.0,2140000.0,0.0,,,,4298000.0,0.0,,,,-748000.0,3271000.0,21370000.0,21370000.0,5662000.0,,,,0.211,0.0,3546000.0,1.0,,149637000.0,198861000.0,0.143,14367000.0,519000.0,1499000.0,1812000.0,0.096,5529000.0
76,BRCM,MRT,1995-12-31,1995-12-31,1995-12-31,2019-04-17,,,,,,,,-1112000.0,,,1398000.0,4000.0,,,,,,,,451000.0,,,0.0,7000.0,458000.0,0.075,458000.0,7000.0,7000.0,0.0,0.0,0.0,,,,,,,-55000.0,,1.0,4709000.0,0.771,,0.0,,,,,,,,,,,1890000.0,0.0,0.0,-48000.0,0.0,949000.0,-116000.0,996000.0,1057000.0,0.0,4000.0,4000.0,4000.0,0.0,0.0,0.001,4822000.0,-113000.0,,,,,,,0.0,,,,,,6107000.0,6107000.0,2687000.0,,,,0.001,0.0,2135000.0,,,,,,,,3000.0,,,
