None,ticker,dimension,calendardate,datekey,reportperiod,lastupdated,accoci,assets,assetsavg,assetsc,assetsnc,assetturnover,bvps,capex,cashneq,cashnequsd,cor,consolinc,currentratio,de,debt,debtc,debtnc,debtusd,deferredrev,depamor,deposits,divyield,dps,ebit,ebitda,ebitdamargin,ebitdausd,ebitusd,ebt,eps,epsdil,epsusd,equity,equityavg,equityusd,ev,evebit,evebitda,fcf,fcfps,fxusd,gp,grossmargin,intangibles,intexp,invcap,invcapavg,inventory,investments,investmentsc,investmentsnc,liabilities,liabilitiesc,liabilitiesnc,marketcap,ncf,ncfbus,ncfcommon,ncfdebt,ncfdiv,ncff,ncfi,ncfinv,ncfo,ncfx,netinc,netinccmn,netinccmnusd,netincdis,netincnci,netmargin,opex,opinc,payables,payoutratio,pb,pe,pe1,ppnenet,prefdivis,price,ps,ps1,receivables,retearn,revenue,revenueusd,rnd,roa,roe,roic,ros,sbcomp,sgna,sharefactor,sharesbas,shareswa,shareswadil,sps,tangibles,taxassets,taxexp,taxliabilities,tbvps,workingcapital
0,BR,MRY,2021-12-31,2021-06-30,2021-06-30,2021-08-12,9200000.0,8119800000.0,5728650000.0,1261300000.0,6858500000.0,0.872,15.636,-51900000.0,274500000.0,274500000.0,3570800000.0,547500000.0,0.979,3.488,3887600000.0,0.0,3887600000.0,3887600000.0,382500000.0,181000000.0,0.0,0.014,2.3,751400000.0,932400000.0,0.187,932400000.0,751400000.0,696200000.0,4.73,4.65,4.73,1809100000.0,1561550000.0,1809100000.0,20139682383.0,27.0,21.6,588200000.0,5.084,1.0,1422900000.0,0.285,5145100000.0,55200000.0,5299800000.0,3734000000.0,0.0,0.0,0.0,0.0,6310600000.0,1288000000.0,5022600000.0,18757782383.0,-202100000.0,-2603600000.0,13800000.0,2094300000.0,-261700000.0,1797800000.0,-2653700000.0,0.0,640100000.0,13800000.0,547500000.0,547500000.0,547500000.0,0.0,0.0,0.11,744300000.0,678600000.0,1102700000.0,0.486,10.369,34.261,34.15,177200000.0,0.0,161.53,3.756,3.743,820300000.0,2583800000.0,4993700000.0,4993700000.0,0.0,0.096,0.351,0.201,0.15,58600000.0,744300000.0,1.0,116125688.0,115700000.0,117800000.0,43.161,2974700000.0,0.0,148700000.0,400700000.0,25.71,-26700000.0
1,BR,MRY,2020-12-31,2020-06-30,2020-06-30,2021-08-12,-100400000.0,4889800000.0,4602000000.0,1328000000.0,3561800000.0,0.984,11.739,-62700000.0,476600000.0,476600000.0,3265100000.0,462500000.0,0.99,2.631,1787500000.0,399900000.0,1387600000.0,1787500000.0,286600000.0,176400000.0,0.0,0.017,2.16,638300000.0,814700000.0,0.18,814700000.0,638300000.0,579500000.0,4.03,3.95,4.03,1346500000.0,1204450000.0,1346500000.0,16166417675.0,25.0,19.843,535500000.0,4.669,1.0,1263900000.0,0.279,2258300000.0,58800000.0,2601400000.0,2692850000.0,0.0,0.0,0.0,0.0,3543200000.0,1341000000.0,2202200000.0,14488817675.0,203400000.0,-339100000.0,-27500000.0,329100000.0,-241000000.0,51200000.0,-441700000.0,0.0,598200000.0,-4300000.0,462500000.0,462500000.0,462500000.0,0.0,0.0,0.102,639000000.0,624900000.0,829900000.0,0.536,10.76,31.327,31.313,161600000.0,0.0,126.19,3.199,3.196,711300000.0,2302600000.0,4529000000.0,4529000000.0,0.0,0.1,0.384,0.237,0.141,60800000.0,639000000.0,1.0,114817479.0,114700000.0,117000000.0,39.486,2631500000.0,0.0,117000000.0,126800000.0,22.942,-13000000.0
2,BR,MRY,2019-12-31,2019-06-30,2019-06-30,2021-08-12,-71200000.0,3880700000.0,3555525000.0,1042300000.0,2838400000.0,1.227,9.728,-50600000.0,273200000.0,273200000.0,3131900000.0,482100000.0,1.299,2.442,1470400000.0,0.0,1470400000.0,1470400000.0,251600000.0,172600000.0,0.0,0.015,1.94,649100000.0,821700000.0,0.188,821700000.0,649100000.0,607300000.0,4.16,4.06,4.16,1127500000.0,1187425000.0,1127500000.0,15710915135.0,24.0,19.12,566400000.0,4.887,1.0,1230300000.0,0.282,2056200000.0,41800000.0,2219100000.0,2084375000.0,0.0,0.0,0.0,0.0,2753200000.0,802600000.0,1950600000.0,14828615135.0,9200000.0,-354700000.0,-366700000.0,415700000.0,-211200000.0,-173100000.0,-433500000.0,0.0,617000000.0,-1100000.0,482100000.0,482100000.0,482100000.0,0.0,0.0,0.111,577500000.0,652800000.0,711700000.0,0.466,13.152,30.758,30.692,189000000.0,0.0,127.68,3.399,3.392,664000000.0,2087700000.0,4362200000.0,4362200000.0,0.0,0.136,0.406,0.311,0.149,58400000.0,577500000.0,1.0,116138903.0,115900000.0,118800000.0,37.638,1824500000.0,0.0,125200000.0,86700000.0,15.742,239700000.0
3,BR,MRY,2018-12-31,2018-06-30,2018-06-30,2021-08-12,-51900000.0,3304700000.0,3315950000.0,991100000.0,2313600000.0,1.306,9.369,-116700000.0,263900000.0,263900000.0,3167400000.0,427900000.0,1.275,2.02,1053400000.0,0.0,1053400000.0,1053400000.0,181500000.0,130600000.0,0.0,0.013,1.46,599600000.0,730200000.0,0.169,730200000.0,599600000.0,561000000.0,3.66,3.56,3.66,1094300000.0,1092000000.0,1094300000.0,14423578073.0,24.0,19.753,576900000.0,4.939,1.0,1162500000.0,0.268,1749000000.0,38600000.0,1567900000.0,1812300000.0,0.0,0.0,0.0,0.0,2210400000.0,777300000.0,1433100000.0,13572578073.0,-7200000.0,-108300000.0,-225100000.0,-50000000.0,-165800000.0,-449900000.0,-249300000.0,0.0,693600000.0,-1600000.0,427900000.0,427900000.0,427900000.0,0.0,0.0,0.099,564500000.0,598000000.0,671000000.0,0.399,12.403,31.719,31.448,204100000.0,0.0,115.1,3.135,3.105,615000000.0,1727000000.0,4329900000.0,4329900000.0,0.0,0.129,0.392,0.331,0.138,55100000.0,564500000.0,1.0,117919879.0,116800000.0,120400000.0,37.071,1555700000.0,0.0,133100000.0,57900000.0,13.319,213800000.0
4,BR,MRY,2017-12-31,2017-06-30,2017-06-30,2021-08-12,-55800000.0,3149800000.0,3075350000.0,989600000.0,2160200000.0,1.347,8.507,-175400000.0,271100000.0,271100000.0,3107900000.0,326800000.0,1.329,2.138,1102100000.0,0.0,1102100000.0,1102100000.0,156700000.0,109600000.0,0.0,0.017,1.32,530900000.0,640500000.0,0.155,640500000.0,530900000.0,488200000.0,2.77,2.7,2.77,1003800000.0,995800000.0,1003800000.0,9881298743.0,19.0,15.427,340500000.0,2.886,1.0,1034700000.0,0.25,1645700000.0,42700000.0,1590200000.0,1635600000.0,0.0,0.0,0.0,0.0,2146000000.0,744900000.0,1401100000.0,8884198743.0,-456700000.0,-448700000.0,-281900000.0,85000000.0,-152200000.0,-311700000.0,-659300000.0,0.0,515900000.0,-1600000.0,326800000.0,326800000.0,326800000.0,0.0,0.0,0.079,500700000.0,534000000.0,167200000.0,0.477,8.851,27.185,27.278,198100000.0,0.0,75.56,2.145,2.152,589500000.0,1469400000.0,4142600000.0,4142600000.0,0.0,0.106,0.328,0.325,0.128,5500000.0,500700000.0,1.0,117578067.0,118000000.0,120800000.0,35.107,1504100000.0,0.0,161400000.0,82000000.0,12.747,244700000.0
5,BR,MRY,2016-12-31,2016-06-30,2016-06-30,2021-08-12,-38200000.0,2872700000.0,2512450000.0,1289100000.0,1583600000.0,1.153,8.838,-57700000.0,727700000.0,727700000.0,1975900000.0,307500000.0,1.86,1.748,1015500000.0,124800000.0,890700000.0,1015500000.0,153000000.0,89200000.0,0.0,0.018,1.2,494600000.0,583800000.0,0.202,583800000.0,494600000.0,468900000.0,2.6,2.53,2.6,1045500000.0,953450000.0,1045500000.0,8172739777.0,17.0,13.999,380000000.0,3.212,1.0,921100000.0,0.318,1209600000.0,25700000.0,1258000000.0,1223850000.0,0.0,0.0,0.0,0.0,1827300000.0,692900000.0,1134400000.0,7707639777.0,403700000.0,-53000000.0,-95000000.0,332900000.0,-138200000.0,108600000.0,-136900000.0,0.0,437700000.0,-5700000.0,307500000.0,307500000.0,307500000.0,0.0,0.0,0.106,420900000.0,500200000.0,133200000.0,0.462,7.372,25.065,25.077,112200000.0,0.0,65.2,2.661,2.662,453400000.0,1297800000.0,2897000000.0,2897000000.0,0.0,0.122,0.323,0.404,0.171,21800000.0,420900000.0,1.0,118215334.0,118300000.0,121600000.0,24.489,1663100000.0,0.0,161400000.0,61600000.0,14.058,596200000.0
6,BR,MRY,2015-12-31,2015-06-30,2015-06-30,2021-08-12,-20900000.0,2368100000.0,2206925000.0,861400000.0,1506700000.0,1.221,7.738,-50300000.0,324100000.0,324100000.0,1828200000.0,287100000.0,1.693,1.552,689400000.0,0.0,689400000.0,689400000.0,147800000.0,79000000.0,0.0,0.022,1.08,461500000.0,540500000.0,0.201,540500000.0,461500000.0,438900000.0,2.39,2.32,2.39,927800000.0,945050000.0,927800000.0,6314142449.0,14.0,11.682,381100000.0,3.178,1.0,866000000.0,0.321,1166200000.0,22600000.0,1058300000.0,995975000.0,0.0,0.0,0.0,0.0,1440300000.0,508900000.0,931400000.0,5994942449.0,-23500000.0,-202900000.0,-239600000.0,165000000.0,-122300000.0,-158300000.0,-276400000.0,-7500000.0,431400000.0,-20200000.0,287100000.0,287100000.0,287100000.0,0.0,0.0,0.107,399100000.0,466900000.0,115900000.0,0.452,6.461,20.881,20.925,97300000.0,0.0,50.01,2.225,2.226,444500000.0,1132000000.0,2694200000.0,2694200000.0,0.0,0.13,0.304,0.463,0.171,-1900000.0,399100000.0,1.0,119874874.0,119900000.0,124000000.0,22.47,1201900000.0,0.0,151800000.0,61700000.0,10.024,352500000.0
7,BR,MRY,2014-12-31,2014-06-30,2014-06-30,2021-08-12,10300000.0,2192100000.0,2042050000.0,880600000.0,1311500000.0,1.253,8.041,-40300000.0,347600000.0,347600000.0,1761400000.0,263000000.0,1.818,1.279,524100000.0,0.0,524100000.0,524100000.0,120500000.0,97400000.0,0.0,0.02,0.84,395500000.0,492900000.0,0.193,492900000.0,395500000.0,395500000.0,2.2,2.12,2.2,961700000.0,889025000.0,961700000.0,5304412874.0,13.0,10.762,347400000.0,2.905,1.0,796600000.0,0.311,986100000.0,0.0,898100000.0,935700000.0,0.0,0.0,0.0,0.0,1230400000.0,484400000.0,746000000.0,5024712874.0,81600000.0,-96900000.0,-80200000.0,-500000.0,-96700000.0,-158900000.0,-150300000.0,0.0,387700000.0,3100000.0,263000000.0,263000000.0,263000000.0,0.0,0.0,0.103,378400000.0,418200000.0,116300000.0,0.382,5.225,19.105,18.927,88300000.0,0.0,41.64,1.964,1.947,424800000.0,973900000.0,2558000000.0,2558000000.0,0.0,0.129,0.296,0.423,0.155,11800000.0,378400000.0,1.0,120670338.0,119600000.0,124100000.0,21.388,1206000000.0,0.0,132500000.0,62400000.0,10.084,396200000.0
8,BR,MRY,2013-12-31,2013-06-30,2013-06-30,2021-08-12,4200000.0,2018200000.0,1906700000.0,807000000.0,1211200000.0,1.275,6.694,-50900000.0,266000000.0,266000000.0,1767800000.0,212100000.0,1.719,1.473,524500000.0,0.0,524500000.0,524500000.0,89400000.0,93400000.0,0.0,0.027,0.72,323200000.0,416600000.0,0.171,416600000.0,323200000.0,323200000.0,1.74,1.69,1.74,816000000.0,789975000.0,816000000.0,3564450825.0,11.0,8.556,220000000.0,1.805,1.0,663000000.0,0.273,899000000.0,0.0,908200000.0,900925000.0,0.0,0.0,0.0,0.0,1202200000.0,469500000.0,732700000.0,3222150825.0,-54500000.0,0.0,-192200000.0,0.0,-85800000.0,-273200000.0,-52000000.0,0.0,270900000.0,-200000.0,212100000.0,212100000.0,212100000.0,0.0,0.0,0.087,339800000.0,323200000.0,143100000.0,0.414,3.949,15.192,15.276,80900000.0,0.0,26.58,1.326,1.333,442400000.0,811300000.0,2430800000.0,2430800000.0,0.0,0.111,0.268,0.359,0.133,22500000.0,323600000.0,1.0,121224636.0,121900000.0,125400000.0,19.941,1119200000.0,0.0,111100000.0,71200000.0,9.181,337500000.0
9,BR,MRY,2012-12-31,2012-06-30,2012-06-30,2021-08-12,3500000.0,1987600000.0,1956500000.0,777400000.0,1210200000.0,1.177,6.853,-46700000.0,320500000.0,320500000.0,1715100000.0,123600000.0,1.895,1.337,524400000.0,0.0,524400000.0,524400000.0,85800000.0,92000000.0,0.0,0.03,0.64,199500000.0,291500000.0,0.127,291500000.0,199500000.0,199500000.0,1.0,0.97,1.0,850500000.0,806900000.0,850500000.0,3002020479.0,15.0,10.299,237500000.0,1.914,1.0,588400000.0,0.255,923300000.0,0.0,857900000.0,968725000.0,0.0,0.0,0.0,0.0,1137100000.0,410300000.0,726800000.0,2656520479.0,79000000.0,-72400000.0,-8000000.0,0.0,-78100000.0,-88700000.0,-110500000.0,2100000.0,284200000.0,-6000000.0,123600000.0,123600000.0,123600000.0,1400000.0,0.0,0.054,387500000.0,200900000.0,102200000.0,0.64,3.123,21.493,21.27,79000000.0,0.0,21.27,1.153,1.146,370700000.0,686100000.0,2303500000.0,2303500000.0,0.0,0.063,0.153,0.206,0.087,24400000.0,299900000.0,1.0,124895180.0,124100000.0,127500000.0,18.562,1064300000.0,0.0,75900000.0,63200000.0,8.576,367100000.0
10,BR,MRY,2011-12-31,2011-06-30,2011-06-30,2021-08-12,16100000.0,1904000000.0,1697925000.0,751400000.0,1152600000.0,1.276,6.389,-47300000.0,241500000.0,241500000.0,1617100000.0,169600000.0,0.96,1.388,524300000.0,400000000.0,124300000.0,524300000.0,80700000.0,72300000.0,0.0,0.025,0.6,267500000.0,339800000.0,0.157,339800000.0,267500000.0,267500000.0,1.36,1.32,1.36,797300000.0,735725000.0,797300000.0,3382303686.0,13.0,9.954,167000000.0,1.338,1.0,549800000.0,0.254,882800000.0,0.0,521300000.0,626125000.0,0.0,0.0,0.0,0.0,1106700000.0,782700000.0,324000000.0,2969403686.0,-171100000.0,-293500000.0,-174300000.0,200000000.0,-74800000.0,-52500000.0,-340800000.0,0.0,214300000.0,7900000.0,169600000.0,169600000.0,169600000.0,2200000.0,0.0,0.078,280100000.0,269700000.0,119000000.0,0.441,3.724,17.508,17.699,83100000.0,0.0,24.07,1.37,1.386,406600000.0,642200000.0,2166900000.0,2166900000.0,0.0,0.1,0.231,0.427,0.123,27900000.0,270000000.0,1.0,123365338.0,124800000.0,128300000.0,17.363,1021200000.0,0.0,97900000.0,71300000.0,8.183,-31300000.0
11,BR,MRY,2010-12-31,2010-06-30,2010-06-30,2021-08-12,-1400000.0,1794400000.0,2560050000.0,992400000.0,802000000.0,0.863,5.939,-53100000.0,412600000.0,412600000.0,1616400000.0,190000000.0,2.04,1.223,324100000.0,0.0,324100000.0,324100000.0,82600000.0,57000000.0,0.0,0.029,0.56,307000000.0,364000000.0,0.165,364000000.0,307000000.0,307000000.0,1.4,1.37,1.4,807100000.0,844625000.0,807100000.0,2740548177.0,9.0,7.529,440500000.0,3.241,1.0,592800000.0,0.268,555600000.0,0.0,663900000.0,792550000.0,0.0,0.0,0.0,0.0,987300000.0,486400000.0,500900000.0,2594348177.0,131700000.0,-35200000.0,-211700000.0,0.0,-66600000.0,-273700000.0,-88300000.0,0.0,493600000.0,100000.0,190000000.0,190000000.0,190000000.0,35100000.0,0.0,0.086,250700000.0,342100000.0,91300000.0,0.4,3.214,13.654,13.607,87400000.0,0.0,19.05,1.174,1.172,354300000.0,546900000.0,2209200000.0,2209200000.0,0.0,0.074,0.225,0.387,0.139,27100000.0,241600000.0,1.0,136186256.0,135900000.0,139100000.0,16.256,1238800000.0,0.0,117000000.0,56200000.0,9.116,506000000.0
12,BR,MRY,2009-12-31,2009-06-30,2009-06-30,2021-08-12,6900000.0,2774700000.0,2828000000.0,2051800000.0,722900000.0,0.733,6.493,-29900000.0,173400000.0,173400000.0,1510100000.0,223300000.0,1.435,2.052,324100000.0,0.0,324100000.0,324100000.0,85500000.0,53700000.0,0.0,0.017,0.28,346200000.0,399900000.0,0.193,399900000.0,346200000.0,346200000.0,1.6,1.58,1.6,909000000.0,808725000.0,909000000.0,2190616054.0,6.0,5.478,328900000.0,2.349,1.0,562900000.0,0.272,511200000.0,0.0,984300000.0,742975000.0,0.0,0.0,0.0,0.0,1865700000.0,1429900000.0,435800000.0,2325816054.0,82600000.0,-60800000.0,-28500000.0,-114400000.0,-37900000.0,-188600000.0,-90700000.0,0.0,358800000.0,3100000.0,223300000.0,223300000.0,223300000.0,-200000.0,0.0,0.108,216900000.0,346000000.0,72000000.0,0.175,2.559,10.416,10.363,75400000.0,0.0,16.58,1.122,1.12,381000000.0,432300000.0,2073000000.0,2073000000.0,0.0,0.079,0.276,0.466,0.167,28200000.0,212900000.0,1.0,140278411.0,140000000.0,141600000.0,14.807,2263500000.0,0.0,122900000.0,23200000.0,16.168,621900000.0
13,BR,MRY,2008-12-31,2008-06-30,2008-06-30,2021-08-12,28700000.0,2833600000.0,2889200000.0,2079200000.0,754400000.0,0.738,5.342,-46500000.0,232000000.0,232000000.0,1547800000.0,192200000.0,1.363,2.799,447900000.0,0.0,447900000.0,447900000.0,86400000.0,48400000.0,0.0,0.011,0.24,323500000.0,371900000.0,0.175,371900000.0,323500000.0,323500000.0,1.38,1.36,1.38,745800000.0,640400000.0,745800000.0,3196900856.0,10.0,8.596,435500000.0,3.12,1.0,583000000.0,0.274,514400000.0,0.0,1009700000.0,1192550000.0,0.0,0.0,0.0,0.0,2087800000.0,1525400000.0,562400000.0,2948400856.0,109700000.0,-6100000.0,18100000.0,-170000000.0,-33600000.0,-320400000.0,-52600000.0,0.0,482000000.0,700000.0,192200000.0,192200000.0,192200000.0,-3800000.0,0.0,0.09,263300000.0,319700000.0,1247300000.0,0.174,3.953,15.34,15.254,82600000.0,0.0,21.05,1.384,1.379,1785300000.0,248200000.0,2130800000.0,2130800000.0,0.0,0.067,0.3,0.271,0.152,32000000.0,232400000.0,1.0,140066549.0,139600000.0,141000000.0,15.264,2319200000.0,0.0,131300000.0,0.0,16.613,553800000.0
14,BR,MRY,2007-12-31,2007-06-30,2007-06-30,2021-08-12,26600000.0,2678200000.0,2406450000.0,1960000000.0,718200000.0,0.888,3.826,-37900000.0,155000000.0,155000000.0,1588100000.0,197100000.0,1.372,4.043,726900000.0,109200000.0,617700000.0,726900000.0,64400000.0,62500000.0,0.0,0.003,0.06,320800000.0,383300000.0,0.179,383300000.0,320800000.0,320800000.0,1.42,1.42,1.42,531100000.0,787150000.0,531100000.0,3246361757.0,10.0,8.47,122600000.0,0.883,1.0,549800000.0,0.257,511600000.0,0.0,1309900000.0,913550000.0,0.0,0.0,0.0,0.0,2147100000.0,1428600000.0,718500000.0,2661761757.0,38500000.0,0.0,4300000.0,628500000.0,0.0,-84000000.0,-37900000.0,0.0,160500000.0,-100000.0,197100000.0,197100000.0,197100000.0,0.0,0.0,0.092,229000000.0,320800000.0,1006900000.0,0.042,5.012,13.505,13.465,77400000.0,0.0,19.12,1.245,1.241,1743900000.0,90300000.0,2137900000.0,2137900000.0,0.0,0.082,0.25,0.351,0.15,24300000.0,216700000.0,1.0,139213481.0,138800000.0,139000000.0,15.403,2166600000.0,0.0,123700000.0,0.0,15.61,531400000.0
15,BR,MRY,2006-12-31,2006-06-30,2006-06-30,2021-08-12,45200000.0,2134700000.0,2278700000.0,1405900000.0,728800000.0,0.848,7.516,-40700000.0,90400000.0,90400000.0,1433000000.0,166700000.0,1.42,1.046,0.0,0.0,0.0,0.0,51300000.0,74300000.0,0.0,,0.0,288900000.0,363200000.0,0.188,363200000.0,288900000.0,288900000.0,1.2,1.2,1.2,1043200000.0,1164850000.0,1043200000.0,,,,385400000.0,2.777,1.0,500300000.0,0.259,536800000.0,0.0,517200000.0,540050000.0,0.0,0.0,0.0,0.0,1091500000.0,990300000.0,101200000.0,,17600000.0,19900000.0,0.0,50700000.0,0.0,-387900000.0,-20800000.0,0.0,426100000.0,200000.0,166700000.0,166700000.0,166700000.0,13800000.0,0.0,0.086,197600000.0,302700000.0,807900000.0,0.0,,,,80700000.0,0.0,,,,1241000000.0,0.0,1933300000.0,1933300000.0,0.0,0.073,0.143,0.535,0.149,24600000.0,195900000.0,1.0,139213481.0,138800000.0,138800000.0,13.929,1597900000.0,0.0,122200000.0,0.0,11.512,415600000.0
16,BR,MRY,2005-12-31,2005-06-30,2005-06-30,2021-08-12,17200000.0,2422700000.0,,1682100000.0,740600000.0,,9.269,-38800000.0,236300000.0,236300000.0,1273200000.0,165400000.0,1.579,0.883,0.0,0.0,0.0,0.0,67000000.0,69100000.0,0.0,,0.0,272900000.0,342000000.0,0.199,342000000.0,272900000.0,272900000.0,1.19,1.19,1.19,1286500000.0,,1286500000.0,,,,-29600000.0,-0.213,1.0,443900000.0,0.259,558200000.0,0.0,562900000.0,,0.0,0.0,0.0,0.0,1136200000.0,1065300000.0,70900000.0,,6400000.0,-360800000.0,0.0,39800000.0,0.0,397600000.0,-400700000.0,0.0,9200000.0,300000.0,165400000.0,165400000.0,165400000.0,1000000.0,0.0,0.096,168500000.0,275400000.0,864000000.0,0.0,,,,75400000.0,0.0,,,,1327400000.0,,1717100000.0,1717100000.0,0.0,,,,0.159,2200000.0,168500000.0,1.0,,138800000.0,138800000.0,12.371,1864500000.0,0.0,107500000.0,0.0,13.433,616800000.0
17,BR,MRY,2004-12-31,2004-06-30,2004-06-30,2021-08-12,,,,,,,,-79700000.0,,,1132500000.0,147300000.0,,,,,,,,63800000.0,,,0.0,251500000.0,315300000.0,0.207,315300000.0,251500000.0,251500000.0,,,,,,,,,,92400000.0,,1.0,393300000.0,0.258,,0.0,,,,,,,,,,,-22800000.0,13600000.0,0.0,14500000.0,0.0,-128500000.0,-66500000.0,0.0,172100000.0,100000.0,147300000.0,147300000.0,147300000.0,-1100000.0,0.0,0.097,142000000.0,251300000.0,,,,,,,0.0,,,,,,1525800000.0,1525800000.0,0.0,,,,0.165,1700000.0,142000000.0,1.0,,,,,,,104200000.0,,,
0,BR,MRQ,2021-06-30,2021-06-30,2021-06-30,2021-08-12,9200000.0,8119800000.0,,1261300000.0,6858500000.0,,15.596,-10400000.0,274500000.0,274500000.0,1016700000.0,260400000.0,0.979,3.488,3887600000.0,0.0,3887600000.0,3887600000.0,382500000.0,50300000.0,0.0,0.014,0.575,354300000.0,404600000.0,0.264,404600000.0,354300000.0,336400000.0,2.25,2.21,2.25,1809100000.0,,1809100000.0,20139682383.0,27.0,21.6,440200000.0,3.795,1.0,514900000.0,0.336,5145100000.0,17900000.0,5299800000.0,,0.0,0.0,0.0,0.0,6310600000.0,1288000000.0,5022600000.0,18757782383.0,-81300000.0,-2603600000.0,-19100000.0,2149900000.0,-66600000.0,2052900000.0,-2588700000.0,0.0,450600000.0,4100000.0,260400000.0,260400000.0,260400000.0,0.0,0.0,0.17,233500000.0,281400000.0,1102700000.0,0.256,10.369,34.261,34.15,177200000.0,0.0,161.53,3.756,3.743,820300000.0,2583800000.0,1531600000.0,1531600000.0,0.0,,,,,12200000.0,233500000.0,1.0,116125688.0,116000000.0,118100000.0,13.203,2974700000.0,0.0,76000000.0,400700000.0,25.644,-26700000.0
1,BR,MRQ,2021-03-31,2021-03-31,2021-03-31,2021-08-12,-24100000.0,5186800000.0,,1378600000.0,3808200000.0,,13.725,-11400000.0,355800000.0,355800000.0,960500000.0,165000000.0,1.375,2.264,1737700000.0,0.0,1737700000.0,1737700000.0,314200000.0,46500000.0,0.0,0.015,0.575,228700000.0,275200000.0,0.198,275200000.0,228700000.0,216900000.0,1.42,1.4,1.42,1589300000.0,,1589300000.0,19133798883.0,27.0,21.691,94800000.0,0.819,1.0,429300000.0,0.309,2270100000.0,11800000.0,3296000000.0,,0.0,0.0,0.0,0.0,3597400000.0,1002600000.0,2594800000.0,17728798883.0,-9800000.0,0.0,6100000.0,-27800000.0,-66600000.0,-98500000.0,-21100000.0,0.0,106200000.0,3500000.0,165000000.0,165000000.0,165000000.0,0.0,0.0,0.119,190000000.0,239300000.0,876100000.0,0.405,11.155,34.305,34.174,167200000.0,0.0,153.1,3.675,3.675,871000000.0,2390200000.0,1389800000.0,1389800000.0,0.0,,,,,17700000.0,190000000.0,1.0,115798817.0,115800000.0,118000000.0,12.002,2916700000.0,0.0,51900000.0,157400000.0,25.187,376000000.0
2,BR,MRQ,2020-12-31,2020-12-31,2020-12-31,2021-08-12,-57100000.0,4858300000.0,,1148500000.0,3709800000.0,,12.394,-15800000.0,365600000.0,365600000.0,806500000.0,56300000.0,1.371,2.388,1770600000.0,0.0,1770600000.0,1770600000.0,294900000.0,42500000.0,0.0,0.015,0.575,80500000.0,123000000.0,0.117,123000000.0,80500000.0,69400000.0,0.49,0.48,0.49,1434000000.0,,1434000000.0,19132404183.0,27.0,21.868,111700000.0,0.965,1.0,248400000.0,0.235,2248600000.0,11100000.0,3176800000.0,,0.0,0.0,0.0,0.0,3424300000.0,837900000.0,2586400000.0,17712904183.0,9000000.0,0.0,6500000.0,-7800000.0,-66300000.0,-83900000.0,-35200000.0,0.0,127500000.0,700000.0,56300000.0,56300000.0,56300000.0,0.0,0.0,0.053,169000000.0,79400000.0,719000000.0,1.173,12.352,34.155,33.894,167100000.0,0.0,153.2,3.781,3.784,625000000.0,2291800000.0,1054900000.0,1054900000.0,0.0,,,,,18300000.0,169000000.0,1.0,115619479.0,115700000.0,117800000.0,9.118,2609700000.0,0.0,13100000.0,140700000.0,22.556,310600000.0
3,BR,MRQ,2020-09-30,2020-09-30,2020-09-30,2021-08-12,-62900000.0,4749700000.0,,1120000000.0,3629700000.0,,12.262,-14300000.0,356600000.0,356600000.0,787100000.0,65800000.0,1.506,2.36,1776100000.0,0.0,1776100000.0,1776100000.0,284100000.0,41700000.0,0.0,0.017,0.575,88000000.0,129700000.0,0.127,129700000.0,88000000.0,73600000.0,0.57,0.56,0.57,1413800000.0,,1413800000.0,16512218396.0,25.0,20.037,-58500000.0,-0.507,1.0,230300000.0,0.226,2261900000.0,14400000.0,3163400000.0,,0.0,0.0,0.0,0.0,3335900000.0,743900000.0,2592000000.0,15201318396.0,-120000000.0,0.0,20300000.0,-20000000.0,-62200000.0,-72700000.0,-8700000.0,0.0,-44200000.0,5500000.0,65800000.0,65800000.0,65800000.0,0.0,0.0,0.065,151700000.0,78600000.0,632300000.0,1.009,10.752,32.179,32.039,161700000.0,0.0,132.0,3.306,3.31,619100000.0,2302100000.0,1017400000.0,1017400000.0,0.0,,,,,10400000.0,151700000.0,1.0,115161503.0,115300000.0,117400000.0,8.824,2487800000.0,0.0,7800000.0,134800000.0,21.577,376100000.0
4,BR,MRQ,2020-06-30,2020-06-30,2020-06-30,2021-08-12,-100400000.0,4889800000.0,,1328000000.0,3561800000.0,,11.709,-14200000.0,476600000.0,476600000.0,884200000.0,229700000.0,0.99,2.631,1787500000.0,399900000.0,1387600000.0,1787500000.0,286600000.0,43900000.0,0.0,0.017,0.54,310300000.0,354200000.0,0.26,354200000.0,310300000.0,294700000.0,2.0,1.96,2.0,1346500000.0,,1346500000.0,16166417675.0,25.0,19.843,428400000.0,3.725,1.0,477700000.0,0.351,2258300000.0,15600000.0,2601400000.0,,0.0,0.0,0.0,0.0,3543200000.0,1341000000.0,2202200000.0,14488817675.0,74500000.0,0.0,-3400000.0,-285600000.0,-61800000.0,-350400000.0,-13800000.0,0.0,442600000.0,-3900000.0,229700000.0,229700000.0,229700000.0,0.0,0.0,0.169,178900000.0,298800000.0,829900000.0,0.27,10.76,31.327,31.313,161600000.0,0.0,126.19,3.199,3.196,711300000.0,2302600000.0,1361900000.0,1361900000.0,0.0,,,,,13200000.0,178900000.0,1.0,114817479.0,115000000.0,116700000.0,11.843,2631500000.0,0.0,65000000.0,126800000.0,22.883,-13000000.0
5,BR,MRQ,2020-03-31,2020-03-31,2020-03-31,2021-08-12,-67200000.0,4913500000.0,,1361000000.0,3552500000.0,,10.493,-16900000.0,402100000.0,402100000.0,872500000.0,166800000.0,1.084,3.086,2079700000.0,399800000.0,1679900000.0,2079700000.0,277700000.0,41400000.0,0.0,0.022,0.54,226600000.0,268000000.0,0.214,268000000.0,226600000.0,210400000.0,1.46,1.43,1.46,1202500000.0,,1202500000.0,12501525722.0,22.0,16.803,127200000.0,1.11,1.0,377400000.0,0.302,2315900000.0,16200000.0,3020200000.0,,0.0,0.0,0.0,0.0,3710900000.0,1255000000.0,2455900000.0,10886725722.0,168100000.0,-69500000.0,-45700000.0,230400000.0,-62000000.0,121100000.0,-96700000.0,0.0,144100000.0,-400000.0,166800000.0,166800000.0,166800000.0,0.0,0.0,0.133,151100000.0,226300000.0,737200000.0,0.37,9.053,26.164,26.124,153900000.0,0.0,94.83,2.486,2.482,814700000.0,2135100000.0,1249900000.0,1249900000.0,0.0,,,,,17300000.0,151100000.0,1.0,114802549.0,114600000.0,117000000.0,10.907,2597600000.0,0.0,43600000.0,112800000.0,22.667,106000000.0
6,BR,MRQ,2019-12-31,2019-12-31,2019-12-31,2021-08-12,-67700000.0,4384600000.0,,1010600000.0,3374000000.0,,9.812,-17500000.0,234000000.0,234000000.0,780900000.0,10100000.0,0.898,2.896,1848800000.0,399500000.0,1449300000.0,1848800000.0,260200000.0,47800000.0,0.0,0.017,0.54,24400000.0,72200000.0,0.075,72200000.0,24400000.0,10500000.0,0.09,0.09,0.09,1125400000.0,,1125400000.0,15573282777.0,27.0,20.682,80400000.0,0.701,1.0,187800000.0,0.194,2272000000.0,13900000.0,2602600000.0,,0.0,0.0,0.0,0.0,3259200000.0,1124800000.0,2134400000.0,14163382777.0,-124300000.0,-221500000.0,3100000.0,86800000.0,-61800000.0,22400000.0,-244900000.0,0.0,97900000.0,200000.0,10100000.0,10100000.0,10100000.0,0.0,0.0,0.01,161000000.0,26800000.0,615400000.0,6.0,12.585,33.602,33.754,137500000.0,0.0,123.54,3.253,3.255,616000000.0,2030100000.0,968700000.0,968700000.0,0.0,,,,,18500000.0,161000000.0,1.0,114646129.0,114700000.0,117200000.0,8.446,2112600000.0,0.0,400000.0,98900000.0,18.418,-114200000.0
7,BR,MRQ,2019-09-30,2019-09-30,2019-09-30,2021-08-12,-79500000.0,4220100000.0,,1095100000.0,3125000000.0,,9.995,-14100000.0,358300000.0,358300000.0,727500000.0,55900000.0,1.052,2.691,1768200000.0,399400000.0,1368800000.0,1768200000.0,248200000.0,43300000.0,0.0,0.016,0.54,76900000.0,120200000.0,0.127,120200000.0,76900000.0,63800000.0,0.49,0.48,0.49,1143400000.0,,1143400000.0,15417399845.0,25.0,19.269,-100500000.0,-0.878,1.0,221100000.0,0.233,2041900000.0,13100000.0,2547200000.0,,0.0,0.0,0.0,0.0,3076600000.0,1040900000.0,2035700000.0,14220199845.0,85100000.0,-48100000.0,18500000.0,297500000.0,-55400000.0,258100000.0,-86300000.0,0.0,-86400000.0,-200000.0,55900000.0,55900000.0,55900000.0,0.0,0.0,0.059,148000000.0,73100000.0,547900000.0,1.102,12.437,30.826,31.108,186200000.0,0.0,124.43,3.278,3.281,600700000.0,2082000000.0,948600000.0,948600000.0,0.0,,,,,11800000.0,148000000.0,1.0,114282728.0,114400000.0,117100000.0,8.292,2178200000.0,0.0,7900000.0,96000000.0,19.04,54200000.0
8,BR,MRQ,2019-06-30,2019-06-30,2019-06-30,2021-08-12,-71200000.0,3880700000.0,,1042300000.0,2838400000.0,,9.779,-19700000.0,273200000.0,273200000.0,811600000.0,183300000.0,1.299,2.442,1470400000.0,0.0,1470400000.0,1470400000.0,251600000.0,42100000.0,0.0,0.015,0.485,241500000.0,283600000.0,0.234,283600000.0,241500000.0,230100000.0,1.59,1.55,1.59,1127500000.0,,1127500000.0,15710915135.0,24.0,19.12,379400000.0,3.291,1.0,399600000.0,0.33,2056200000.0,11400000.0,2219100000.0,,0.0,0.0,0.0,0.0,2753200000.0,802600000.0,1950600000.0,14828615135.0,-19000000.0,-354700000.0,-270000000.0,295700000.0,-56100000.0,-34300000.0,-384400000.0,0.0,399100000.0,800000.0,183300000.0,183300000.0,183300000.0,0.0,0.0,0.151,158800000.0,240800000.0,711700000.0,0.305,13.152,30.758,30.692,189000000.0,0.0,127.68,3.399,3.392,664000000.0,2087700000.0,1211200000.0,1211200000.0,0.0,,,,,11600000.0,158800000.0,1.0,116138903.0,115300000.0,117900000.0,10.505,1824500000.0,0.0,46800000.0,86700000.0,15.824,239700000.0
9,BR,MRQ,2019-03-31,2019-03-31,2019-03-31,2021-08-12,-64100000.0,3602100000.0,,1195400000.0,2406700000.0,,10.939,-9900000.0,292100000.0,292100000.0,847300000.0,172200000.0,1.695,1.846,1174400000.0,0.0,1174400000.0,1174400000.0,253300000.0,43400000.0,0.0,0.018,0.485,233600000.0,277000000.0,0.226,277000000.0,233600000.0,223600000.0,1.49,1.45,1.49,1265600000.0,,1265600000.0,12939239871.0,19.0,15.397,125900000.0,1.088,1.0,377500000.0,0.308,1683700000.0,10000000.0,2095500000.0,,0.0,0.0,0.0,0.0,2336500000.0,705200000.0,1631300000.0,11994939871.0,42300000.0,0.0,4500000.0,-20000000.0,-56100000.0,-76900000.0,-17100000.0,0.0,135800000.0,400000.0,172200000.0,172200000.0,172200000.0,0.0,0.0,0.141,143900000.0,233600000.0,610500000.0,0.326,9.478,23.724,23.837,183400000.0,0.0,103.69,2.683,2.683,792800000.0,1959900000.0,1224800000.0,1224800000.0,0.0,,,,,17400000.0,143900000.0,1.0,115680778.0,115700000.0,118500000.0,10.586,1918400000.0,0.0,51400000.0,100900000.0,16.581,490200000.0
10,BR,MRQ,2018-12-31,2018-12-31,2018-12-31,2021-08-12,-69200000.0,3357600000.0,,966400000.0,2391200000.0,,9.653,-12300000.0,249800000.0,249800000.0,734000000.0,49900000.0,1.616,1.991,1194100000.0,0.0,1194100000.0,1194100000.0,258000000.0,44300000.0,0.0,0.018,0.485,75000000.0,119300000.0,0.125,119300000.0,75000000.0,64300000.0,0.43,0.42,0.43,1122600000.0,,1122600000.0,12176236876.0,21.0,16.657,165300000.0,1.421,1.0,219400000.0,0.23,1699700000.0,10700000.0,2004300000.0,,0.0,0.0,0.0,0.0,2234900000.0,597900000.0,1637000000.0,11237236876.0,45200000.0,0.0,-107700000.0,50000000.0,-56500000.0,-116100000.0,-15700000.0,0.0,177600000.0,-700000.0,49900000.0,49900000.0,49900000.0,0.0,0.0,0.052,141200000.0,78200000.0,509100000.0,1.128,10.01,25.395,25.396,187900000.0,0.0,96.25,2.602,2.592,607400000.0,1843800000.0,953400000.0,953400000.0,0.0,,,,,18700000.0,141200000.0,1.0,116750513.0,116300000.0,119100000.0,8.198,1657900000.0,0.0,14400000.0,74000000.0,14.255,368500000.0
11,BR,MRQ,2018-09-30,2018-09-30,2018-09-30,2021-08-12,-63500000.0,3381700000.0,,967900000.0,2413800000.0,,10.601,-8700000.0,204700000.0,204700000.0,739000000.0,76700000.0,1.688,1.74,1143700000.0,0.0,1143700000.0,1143700000.0,240100000.0,42800000.0,0.0,0.012,0.485,98900000.0,141700000.0,0.146,141700000.0,98900000.0,89300000.0,0.66,0.64,0.66,1234000000.0,,1234000000.0,16138604862.0,26.0,21.297,-104200000.0,-0.895,1.0,233800000.0,0.24,1728800000.0,9600000.0,2018600000.0,,0.0,0.0,0.0,0.0,2147700000.0,573300000.0,1574400000.0,15349104862.0,-59300000.0,0.0,6500000.0,90000000.0,-42500000.0,54200000.0,-16300000.0,0.0,-95500000.0,-1600000.0,76700000.0,76700000.0,76700000.0,0.0,0.0,0.079,133700000.0,100100000.0,471800000.0,0.735,12.438,33.757,33.92,192500000.0,0.0,131.95,3.506,3.508,650100000.0,1850000000.0,972800000.0,972800000.0,0.0,,,,,10700000.0,133700000.0,1.0,116325160.0,116400000.0,119700000.0,8.357,1652900000.0,0.0,12600000.0,84200000.0,14.2,394600000.0
12,BR,MRQ,2018-06-30,2018-06-30,2018-06-30,2021-08-12,-51900000.0,3304700000.0,,991100000.0,2313600000.0,,9.345,-21900000.0,263900000.0,263900000.0,869600000.0,206800000.0,1.275,2.02,1053400000.0,0.0,1053400000.0,1053400000.0,181500000.0,34400000.0,0.0,0.013,0.365,268000000.0,302400000.0,0.229,302400000.0,268000000.0,258000000.0,1.77,1.72,1.77,1094300000.0,,1094300000.0,14423578073.0,24.0,19.753,396900000.0,3.389,1.0,450800000.0,0.341,1749000000.0,10000000.0,1567900000.0,,0.0,0.0,0.0,0.0,2210400000.0,777300000.0,1433100000.0,13572578073.0,-88200000.0,-45300000.0,-233400000.0,-150000000.0,-42800000.0,-429700000.0,-71700000.0,0.0,418800000.0,-5700000.0,206800000.0,206800000.0,206800000.0,0.0,0.0,0.157,184700000.0,266100000.0,671000000.0,0.206,12.403,31.719,31.448,204100000.0,0.0,115.1,3.135,3.105,615000000.0,1727000000.0,1320400000.0,1320400000.0,0.0,,,,,15900000.0,184700000.0,1.0,117919879.0,117100000.0,120700000.0,11.276,1555700000.0,0.0,51200000.0,57900000.0,13.285,213800000.0
13,BR,MRQ,2018-03-31,2018-03-31,2018-03-31,2021-08-12,-34600000.0,3484700000.0,,1203000000.0,2281700000.0,,9.938,-52700000.0,352100000.0,352100000.0,802500000.0,109100000.0,1.568,1.999,1203100000.0,0.0,1203100000.0,1203100000.0,262900000.0,33300000.0,0.0,0.013,0.365,134300000.0,167600000.0,0.156,167600000.0,134300000.0,125300000.0,0.93,0.9,0.93,1161800000.0,,1161800000.0,13651997004.0,22.0,18.147,80300000.0,0.687,1.0,269400000.0,0.251,1721500000.0,9000000.0,1846900000.0,,0.0,0.0,0.0,0.0,2323000000.0,767300000.0,1555700000.0,12795797004.0,-14400000.0,-32800000.0,6900000.0,-20000000.0,-42600000.0,-55600000.0,-92200000.0,0.0,133000000.0,500000.0,109100000.0,109100000.0,109100000.0,0.0,0.0,0.102,138600000.0,130800000.0,147400000.0,0.392,11.014,31.347,31.52,197900000.0,0.0,109.69,2.938,2.944,714100000.0,1562600000.0,1071900000.0,1071900000.0,0.0,,,,,14500000.0,138600000.0,1.0,116654180.0,116900000.0,120900000.0,9.169,1763200000.0,0.0,16200000.0,42800000.0,15.083,435700000.0
14,BR,MRQ,2017-12-31,2017-12-31,2017-12-31,2021-08-12,-38400000.0,3249900000.0,,1051200000.0,2198700000.0,,9.211,-12400000.0,366500000.0,366500000.0,769300000.0,62100000.0,1.794,2.026,1222700000.0,0.0,1222700000.0,1222700000.0,162600000.0,32400000.0,0.0,0.015,0.365,113700000.0,146100000.0,0.144,146100000.0,113700000.0,103500000.0,0.53,0.52,0.53,1074000000.0,,1074000000.0,11560925178.0,19.0,15.869,222700000.0,1.91,1.0,243500000.0,0.24,1657200000.0,10200000.0,1862900000.0,,0.0,0.0,0.0,0.0,2175900000.0,586000000.0,1589900000.0,10557325178.0,77700000.0,-26500000.0,1900000.0,-70000000.0,-42500000.0,-110700000.0,-44200000.0,0.0,235100000.0,-2400000.0,62100000.0,62100000.0,62100000.0,0.0,0.0,0.061,127700000.0,115800000.0,134300000.0,0.689,9.83,28.153,28.395,202500000.0,0.0,90.58,2.46,2.461,575100000.0,1496300000.0,1012800000.0,1012800000.0,0.0,,,,,16200000.0,127700000.0,1.0,116552497.0,116600000.0,120300000.0,8.686,1592700000.0,0.0,41400000.0,52500000.0,13.66,465200000.0
15,BR,MRQ,2017-09-30,2017-09-30,2017-09-30,2021-08-12,-37100000.0,3224500000.0,,1034300000.0,2190200000.0,,8.909,-29700000.0,288800000.0,288800000.0,726000000.0,49900000.0,1.697,2.107,1292400000.0,0.0,1292400000.0,1292400000.0,196500000.0,30500000.0,0.0,0.017,0.365,83700000.0,114200000.0,0.123,114200000.0,83700000.0,74300000.0,0.43,0.42,0.43,1037900000.0,,1037900000.0,10244543202.0,19.0,15.387,-123000000.0,-1.056,1.0,198800000.0,0.215,1647200000.0,9400000.0,1971500000.0,,0.0,0.0,0.0,0.0,2186600000.0,609400000.0,1577200000.0,9413543202.0,17700000.0,-3700000.0,-500000.0,190000000.0,-37900000.0,146100000.0,-41200000.0,0.0,-93300000.0,6000000.0,49900000.0,49900000.0,49900000.0,0.0,0.0,0.054,113500000.0,85300000.0,157300000.0,0.849,9.07,27.445,27.773,207600000.0,0.0,80.82,2.256,2.257,624400000.0,1477000000.0,924800000.0,924800000.0,0.0,,,,,8500000.0,113500000.0,1.0,116475417.0,116500000.0,119800000.0,7.938,1577300000.0,0.0,24400000.0,58200000.0,13.539,424900000.0
16,BR,MRQ,2017-06-30,2017-06-30,2017-06-30,2021-08-12,-55800000.0,3149800000.0,,989600000.0,2160200000.0,,8.572,-33700000.0,271100000.0,271100000.0,908400000.0,187100000.0,1.329,2.138,1102100000.0,0.0,1102100000.0,1102100000.0,156700000.0,28800000.0,0.0,0.017,0.33,295600000.0,324400000.0,0.241,324400000.0,295600000.0,284700000.0,1.59,1.55,1.59,1003800000.0,,1003800000.0,9881298743.0,19.0,15.427,320100000.0,2.734,1.0,437400000.0,0.325,1645700000.0,10900000.0,1590200000.0,,0.0,0.0,0.0,0.0,2146000000.0,744900000.0,1401100000.0,8884198743.0,1500000.0,-600000.0,-114700000.0,-165000000.0,-38600000.0,-306800000.0,-46300000.0,4500000.0,353800000.0,800000.0,187100000.0,187100000.0,187100000.0,0.0,0.0,0.139,137900000.0,299500000.0,167200000.0,0.208,8.851,27.185,27.278,198100000.0,0.0,75.56,2.145,2.152,589500000.0,1469400000.0,1345800000.0,1345800000.0,0.0,,,,,-200000.0,137900000.0,1.0,117578067.0,117100000.0,119300000.0,11.493,1504100000.0,0.0,97600000.0,82000000.0,12.845,244700000.0
17,BR,MRQ,2017-03-31,2017-03-31,2017-03-31,2021-08-12,-60500000.0,3242000000.0,,1118200000.0,2123800000.0,,7.999,-31800000.0,269500000.0,269500000.0,773700000.0,75900000.0,1.262,2.441,1266600000.0,125000000.0,1141600000.0,1266600000.0,280000000.0,26700000.0,0.0,0.019,0.33,117100000.0,143800000.0,0.143,143800000.0,117100000.0,106300000.0,0.64,0.63,0.64,942300000.0,,942300000.0,9007157598.0,18.0,14.627,135800000.0,1.153,1.0,235200000.0,0.233,1645400000.0,10800000.0,1707800000.0,,0.0,0.0,0.0,0.0,2299700000.0,885900000.0,1413800000.0,8036857598.0,33800000.0,-19700000.0,-100000000.0,60000000.0,-39600000.0,-75100000.0,-59600000.0,-1500000.0,167600000.0,900000.0,75900000.0,75900000.0,75900000.0,0.0,0.0,0.075,125500000.0,109700000.0,191900000.0,0.516,8.529,25.942,26.034,169500000.0,0.0,67.95,2.131,2.122,661200000.0,1320800000.0,1008900000.0,1008900000.0,0.0,,,,,4900000.0,125500000.0,1.0,118276050.0,117800000.0,120700000.0,8.565,1596600000.0,0.0,30400000.0,70700000.0,13.553,232300000.0
18,BR,MRQ,2016-12-31,2016-12-31,2016-12-31,2021-08-12,-60900000.0,2967300000.0,,899400000.0,2067900000.0,,8.305,-12700000.0,235700000.0,235700000.0,707800000.0,30100000.0,1.409,2.01,1206000000.0,124900000.0,1081100000.0,1206000000.0,150100000.0,27100000.0,0.0,0.019,0.33,56300000.0,83400000.0,0.093,83400000.0,56300000.0,45700000.0,0.25,0.25,0.25,985800000.0,,985800000.0,8793344814.0,18.0,14.846,69200000.0,0.583,1.0,184800000.0,0.207,1625500000.0,10600000.0,1673900000.0,,0.0,0.0,0.0,0.0,1981500000.0,638200000.0,1343300000.0,7894844814.0,8300000.0,-26400000.0,-68600000.0,80000000.0,-38500000.0,-25900000.0,-45000000.0,-1400000.0,81900000.0,-2600000.0,30100000.0,30100000.0,30100000.0,0.0,0.0,0.034,126000000.0,58800000.0,140600000.0,1.32,8.009,26.528,26.414,145500000.0,0.0,66.3,2.288,2.28,515500000.0,1283500000.0,892600000.0,892600000.0,0.0,,,,,12900000.0,126000000.0,1.0,119077599.0,118700000.0,121500000.0,7.52,1341800000.0,0.0,15600000.0,72800000.0,11.304,261200000.0
19,BR,MRQ,2016-09-30,2016-09-30,2016-09-30,2021-08-12,-48900000.0,2942300000.0,,885800000.0,2056500000.0,,8.872,-97200000.0,227400000.0,227400000.0,717900000.0,33700000.0,1.38,1.799,1125900000.0,124900000.0,1001000000.0,1125900000.0,144000000.0,27000000.0,0.0,0.018,0.33,62000000.0,89000000.0,0.099,89000000.0,62000000.0,51600000.0,0.28,0.28,0.28,1051300000.0,,1051300000.0,8312855248.0,17.0,13.948,-184600000.0,-1.558,1.0,177400000.0,0.198,1628500000.0,10400000.0,1570500000.0,,0.0,0.0,0.0,0.0,1891000000.0,641800000.0,1249200000.0,8018055248.0,-500300000.0,-402000000.0,1400000.0,110000000.0,-35500000.0,96100000.0,-508400000.0,-1600000.0,-87400000.0,-700000.0,33700000.0,33700000.0,33700000.0,0.0,0.0,0.038,111300000.0,66100000.0,134100000.0,1.179,7.627,26.058,26.073,130700000.0,0.0,67.79,2.508,2.512,499400000.0,1292400000.0,895300000.0,895300000.0,0.0,,,,,-12100000.0,111300000.0,1.0,118277847.0,118500000.0,121600000.0,7.555,1313800000.0,0.0,17900000.0,61400000.0,11.087,244000000.0
20,BR,MRQ,2016-06-30,2016-06-30,2016-06-30,2021-08-12,-38200000.0,2872700000.0,,1289100000.0,1583600000.0,,8.838,-14600000.0,727700000.0,727700000.0,586300000.0,170100000.0,1.86,1.748,1015500000.0,124800000.0,890700000.0,1015500000.0,153000000.0,30500000.0,0.0,0.018,0.3,269100000.0,299600000.0,0.307,299600000.0,269100000.0,262600000.0,1.44,1.4,1.44,1045500000.0,,1045500000.0,8172739777.0,17.0,13.999,262000000.0,2.215,1.0,388200000.0,0.398,1209600000.0,6500000.0,1258000000.0,,0.0,0.0,0.0,0.0,1827300000.0,692900000.0,1134400000.0,7707639777.0,373300000.0,-37600000.0,-19000000.0,202900000.0,-35200000.0,147500000.0,-58700000.0,3300000.0,276600000.0,8000000.0,170100000.0,170100000.0,170100000.0,0.0,0.0,0.175,117900000.0,270300000.0,133200000.0,0.208,7.372,25.065,25.077,112200000.0,0.0,65.2,2.661,2.662,453400000.0,1297800000.0,974500000.0,974500000.0,0.0,,,,,-1600000.0,117900000.0,1.0,118215334.0,118300000.0,121000000.0,8.238,1663100000.0,0.0,92500000.0,61600000.0,14.058,596200000.0
21,BR,MRQ,2016-03-31,2016-03-31,2016-03-31,2021-08-12,-47700000.0,2524000000.0,,1003800000.0,1520200000.0,,7.636,-14400000.0,354400000.0,354400000.0,486500000.0,63700000.0,1.727,1.796,819500000.0,0.0,819500000.0,819500000.0,242300000.0,20400000.0,0.0,0.02,0.3,99900000.0,120300000.0,0.175,120300000.0,99900000.0,93400000.0,0.54,0.52,0.54,902600000.0,,902600000.0,7497437245.0,15.0,13.3,104100000.0,0.881,1.0,202300000.0,0.294,1154900000.0,6500000.0,1252900000.0,,0.0,0.0,0.0,0.0,1621500000.0,581300000.0,1040200000.0,7048037245.0,49400000.0,-2100000.0,-76400000.0,65000000.0,-35600000.0,-41400000.0,-26200000.0,-1500000.0,118500000.0,-1500000.0,63700000.0,63700000.0,63700000.0,0.0,0.0,0.092,101700000.0,100600000.0,123800000.0,0.556,7.809,23.238,23.35,108200000.0,0.0,59.31,2.471,2.458,503800000.0,1163200000.0,688800000.0,688800000.0,0.0,,,,,6700000.0,101700000.0,1.0,118833877.0,118200000.0,121700000.0,5.827,1369100000.0,0.0,29700000.0,41400000.0,11.583,422500000.0
22,BR,MRQ,2015-12-31,2015-12-31,2015-12-31,2021-08-12,-38000000.0,2353600000.0,,828200000.0,1525400000.0,,7.945,-13800000.0,305100000.0,305100000.0,464500000.0,40200000.0,1.933,1.5,754500000.0,0.0,754500000.0,754500000.0,147900000.0,19400000.0,0.0,0.021,0.3,67700000.0,87100000.0,0.136,87100000.0,67700000.0,61300000.0,0.34,0.33,0.34,941500000.0,,941500000.0,6819733034.0,14.0,12.357,53400000.0,0.451,1.0,174400000.0,0.273,1166600000.0,6400000.0,1208000000.0,,0.0,0.0,0.0,0.0,1412000000.0,428400000.0,983600000.0,6371633034.0,18800000.0,-13300000.0,300000.0,20000000.0,-35400000.0,-11200000.0,-33900000.0,-1500000.0,67200000.0,-3400000.0,40200000.0,40200000.0,40200000.0,0.0,0.0,0.063,104200000.0,70200000.0,113000000.0,0.882,6.768,21.702,21.931,106000000.0,0.0,53.73,2.278,2.276,409800000.0,1134800000.0,638900000.0,638900000.0,0.0,,,,,9100000.0,104200000.0,1.0,118586135.0,118500000.0,122000000.0,5.392,1187000000.0,0.0,21100000.0,47600000.0,10.017,399800000.0
23,BR,MRQ,2015-09-30,2015-09-30,2015-09-30,2021-08-12,-32900000.0,2299500000.0,,795500000.0,1504000000.0,,7.812,-14900000.0,286300000.0,286300000.0,438600000.0,33500000.0,1.926,1.488,734400000.0,0.0,734400000.0,734400000.0,153600000.0,18900000.0,0.0,0.02,0.3,57800000.0,76700000.0,0.129,76700000.0,57800000.0,51600000.0,0.28,0.28,0.28,924200000.0,,924200000.0,6911702469.0,15.0,12.755,-39500000.0,-0.334,1.0,156100000.0,0.262,1158100000.0,6200000.0,1176500000.0,,0.0,0.0,0.0,0.0,1375300000.0,413000000.0,962300000.0,6546402469.0,-37800000.0,0.0,100000.0,45000000.0,-32000000.0,13700000.0,-18100000.0,-300000.0,-24600000.0,-8800000.0,33500000.0,33500000.0,33500000.0,0.0,0.0,0.056,97100000.0,59000000.0,111700000.0,1.071,7.083,22.723,23.062,100400000.0,0.0,55.35,2.395,2.396,410800000.0,1130100000.0,594700000.0,594700000.0,0.0,,,,,7600000.0,97100000.0,1.0,118272854.0,118300000.0,121700000.0,5.027,1141400000.0,0.0,18100000.0,52700000.0,9.648,382500000.0
24,BR,MRQ,2015-06-30,2015-06-30,2015-06-30,2021-08-12,-20900000.0,2368100000.0,,861400000.0,1506700000.0,,7.797,-27400000.0,324100000.0,324100000.0,555100000.0,165900000.0,1.693,1.552,689400000.0,0.0,689400000.0,689400000.0,147800000.0,1600000.0,0.0,0.022,0.27,278000000.0,279600000.0,0.301,279600000.0,278000000.0,255400000.0,1.38,1.35,1.38,927800000.0,,927800000.0,6314142449.0,14.0,11.682,247400000.0,2.079,1.0,374500000.0,0.403,1166200000.0,22600000.0,1058300000.0,,0.0,0.0,0.0,0.0,1440300000.0,508900000.0,931400000.0,5994942449.0,14000000.0,-138000000.0,-133900000.0,60000000.0,-32200000.0,-87000000.0,-175400000.0,-2000000.0,274800000.0,1600000.0,165900000.0,165900000.0,165900000.0,0.0,0.0,0.178,112800000.0,261700000.0,115900000.0,0.196,6.461,20.881,20.925,97300000.0,0.0,50.01,2.225,2.226,444500000.0,1132000000.0,929600000.0,929600000.0,0.0,,,,,-10400000.0,112800000.0,1.0,119874874.0,119000000.0,122800000.0,7.812,1201900000.0,0.0,89500000.0,61700000.0,10.1,352500000.0
25,BR,MRQ,2015-03-31,2015-03-31,2015-03-31,2021-08-12,-22200000.0,2281200000.0,,932000000.0,1349200000.0,,7.452,-9000000.0,310100000.0,310100000.0,452600000.0,54000000.0,1.756,1.538,629300000.0,0.0,629300000.0,629300000.0,235200000.0,26600000.0,0.0,0.019,0.27,81900000.0,108500000.0,0.171,108500000.0,81900000.0,81900000.0,0.45,0.43,0.45,898700000.0,,898700000.0,6858887823.0,18.0,13.91,76800000.0,0.637,1.0,181600000.0,0.286,1026100000.0,0.0,1043600000.0,,0.0,0.0,0.0,0.0,1382500000.0,530700000.0,851800000.0,6648687823.0,-4000000.0,-33300000.0,-110200000.0,105000000.0,-32500000.0,-26900000.0,-50100000.0,-2000000.0,85800000.0,-12800000.0,54000000.0,54000000.0,54000000.0,0.0,0.0,0.085,92600000.0,89000000.0,117900000.0,0.6,7.398,25.435,25.234,81400000.0,0.0,55.01,2.508,2.503,486400000.0,998000000.0,634200000.0,634200000.0,0.0,,,,,-500000.0,92600000.0,1.0,120863258.0,120600000.0,125000000.0,5.259,1255100000.0,0.0,27900000.0,44100000.0,10.407,401300000.0
26,BR,MRQ,2014-12-31,2014-12-31,2014-12-31,2021-08-12,-5500000.0,2099800000.0,,780400000.0,1319400000.0,,8.176,-7900000.0,314100000.0,314100000.0,414000000.0,34700000.0,2.17,1.137,524300000.0,0.0,524300000.0,524300000.0,135500000.0,25500000.0,0.0,0.021,0.27,51600000.0,77100000.0,0.134,77100000.0,51600000.0,51600000.0,0.29,0.28,0.29,982700000.0,,982700000.0,5735208355.0,15.0,11.779,45800000.0,0.381,1.0,160600000.0,0.279,999000000.0,0.0,951300000.0,,0.0,0.0,0.0,0.0,1117100000.0,359700000.0,757400000.0,5542308355.0,-17200000.0,-31600000.0,4200000.0,0.0,-32400000.0,-22800000.0,-41700000.0,-1700000.0,53700000.0,-6400000.0,34700000.0,34700000.0,34700000.0,0.0,0.0,0.06,101500000.0,59100000.0,93500000.0,0.931,5.64,21.465,21.479,82200000.0,0.0,46.18,2.113,2.117,366600000.0,976200000.0,574600000.0,574600000.0,0.0,,,,,5800000.0,101500000.0,1.0,120015339.0,120200000.0,124400000.0,4.78,1100800000.0,0.0,16900000.0,51000000.0,9.158,420700000.0
27,BR,MRQ,2014-09-30,2014-09-30,2014-09-30,2021-08-12,5700000.0,2078600000.0,,775600000.0,1303000000.0,,8.105,-6000000.0,331300000.0,331300000.0,406500000.0,32500000.0,2.131,1.141,524200000.0,0.0,524200000.0,524200000.0,125300000.0,25300000.0,0.0,0.022,0.27,50000000.0,75300000.0,0.135,75300000.0,50000000.0,50000000.0,0.27,0.26,0.27,971000000.0,,971000000.0,5152715282.0,14.0,10.827,11100000.0,0.093,1.0,149300000.0,0.269,976800000.0,0.0,930700000.0,,0.0,0.0,0.0,0.0,1107600000.0,364000000.0,743600000.0,4976215282.0,-16300000.0,0.0,300000.0,0.0,-25200000.0,-21600000.0,-9200000.0,-1800000.0,17100000.0,-2600000.0,32500000.0,32500000.0,32500000.0,0.0,0.0,0.058,92200000.0,57100000.0,108900000.0,1.0,5.125,19.818,19.919,84500000.0,0.0,41.63,1.937,1.942,361100000.0,974000000.0,555800000.0,555800000.0,0.0,,,,,3200000.0,92200000.0,1.0,119534357.0,119800000.0,123900000.0,4.639,1101800000.0,0.0,17500000.0,55900000.0,9.197,411600000.0
28,BR,MRQ,2014-06-30,2014-06-30,2014-06-30,2021-08-12,10300000.0,2192100000.0,,880600000.0,1311500000.0,,7.981,3400000.0,347600000.0,347600000.0,551200000.0,140200000.0,1.818,1.279,524100000.0,0.0,524100000.0,524100000.0,120500000.0,25600000.0,0.0,0.02,0.21,206600000.0,232200000.0,0.262,232200000.0,206600000.0,206600000.0,1.17,1.13,1.17,961700000.0,,961700000.0,5304412874.0,13.0,10.762,203700000.0,1.69,1.0,334700000.0,0.378,986100000.0,0.0,898100000.0,,0.0,0.0,0.0,0.0,1230400000.0,484400000.0,746000000.0,5024712874.0,103200000.0,200000.0,-79400000.0,0.0,-25200000.0,-89500000.0,-9500000.0,0.0,200300000.0,1900000.0,140200000.0,140200000.0,140200000.0,0.0,0.0,0.158,105400000.0,229300000.0,116300000.0,0.179,5.225,19.105,18.927,88300000.0,0.0,41.64,1.964,1.947,424800000.0,973900000.0,885900000.0,885900000.0,0.0,,,,,-5500000.0,123300000.0,1.0,120670338.0,120500000.0,124400000.0,7.352,1206000000.0,0.0,66400000.0,62400000.0,10.008,396200000.0
29,BR,MRQ,2014-03-31,2014-03-31,2014-03-31,2021-08-12,7800000.0,2129900000.0,,814200000.0,1315700000.0,,7.51,-12900000.0,244400000.0,244400000.0,427600000.0,50800000.0,1.649,1.369,524100000.0,0.0,524100000.0,524100000.0,205600000.0,25400000.0,0.0,0.022,0.21,76900000.0,102300000.0,0.169,102300000.0,76900000.0,76900000.0,0.42,0.41,0.42,898900000.0,,898900000.0,4719961636.0,12.0,9.724,83600000.0,0.698,1.0,178700000.0,0.295,991700000.0,0.0,924200000.0,,0.0,0.0,0.0,0.0,1231000000.0,493700000.0,737300000.0,4436161636.0,4100000.0,-59400000.0,900000.0,0.0,-25000000.0,-19100000.0,-72300000.0,0.0,96500000.0,-1000000.0,50800000.0,50800000.0,50800000.0,0.0,0.0,0.084,101800000.0,76900000.0,124800000.0,0.5,4.935,17.235,17.437,87200000.0,0.0,37.14,1.748,1.752,426300000.0,858900000.0,606300000.0,606300000.0,0.0,,,,,5300000.0,95600000.0,1.0,119444309.0,119700000.0,124800000.0,5.065,1138200000.0,0.0,26100000.0,58200000.0,9.509,320500000.0
30,BR,MRQ,2013-12-31,2013-12-31,2013-12-31,2021-08-12,8100000.0,1939000000.0,,687200000.0,1251800000.0,,7.194,-17500000.0,240300000.0,240300000.0,385100000.0,27600000.0,1.998,1.261,524100000.0,0.0,524100000.0,524100000.0,108100000.0,23400000.0,0.0,0.02,0.21,42700000.0,66100000.0,0.127,66100000.0,42700000.0,42700000.0,0.23,0.22,0.23,857500000.0,,857500000.0,5051015756.0,13.0,10.67,78800000.0,0.661,1.0,135500000.0,0.26,933800000.0,0.0,945100000.0,,0.0,0.0,0.0,0.0,1081500000.0,343900000.0,737600000.0,4710115756.0,57200000.0,0.0,300000.0,0.0,-25000000.0,-23000000.0,-17500000.0,0.0,96300000.0,1400000.0,27600000.0,27600000.0,27600000.0,0.0,0.0,0.053,92800000.0,42700000.0,96600000.0,0.913,5.493,18.84,19.092,87000000.0,0.0,39.52,1.878,1.879,336000000.0,833200000.0,520600000.0,520600000.0,0.0,,,,,8200000.0,86000000.0,1.0,119183091.0,119200000.0,124100000.0,4.367,1005200000.0,0.0,15100000.0,64400000.0,8.433,343300000.0
31,BR,MRQ,2013-09-30,2013-09-30,2013-09-30,2021-08-12,2500000.0,1907200000.0,,656600000.0,1250600000.0,,7.036,-13300000.0,183100000.0,183100000.0,397500000.0,44400000.0,1.942,1.276,524000000.0,0.0,524000000.0,524000000.0,99400000.0,23000000.0,0.0,0.024,0.21,69300000.0,92300000.0,0.169,92300000.0,69300000.0,69300000.0,0.37,0.36,0.37,838000000.0,,838000000.0,4038883441.0,11.0,8.861,-18700000.0,-0.157,1.0,147700000.0,0.271,934600000.0,0.0,975400000.0,,0.0,0.0,0.0,0.0,1069200000.0,338100000.0,731100000.0,3780383441.0,-82900000.0,-37700000.0,-2000000.0,-500000.0,-21500000.0,-27300000.0,-51000000.0,0.0,-5400000.0,800000.0,44400000.0,44400000.0,44400000.0,0.0,0.0,0.081,78400000.0,69300000.0,110500000.0,0.568,4.511,15.871,16.117,82100000.0,0.0,31.75,1.524,1.525,372200000.0,831100000.0,545200000.0,545200000.0,0.0,,,,,3800000.0,73500000.0,1.0,119067195.0,119100000.0,123100000.0,4.578,972600000.0,0.0,24900000.0,69300000.0,8.166,318500000.0
32,BR,MRQ,2013-06-30,2013-06-30,2013-06-30,2021-08-12,4200000.0,2018200000.0,,807000000.0,1211200000.0,,6.777,-15300000.0,266000000.0,266000000.0,564000000.0,134600000.0,1.719,1.473,524500000.0,0.0,524500000.0,524500000.0,89400000.0,22500000.0,0.0,0.027,0.18,202200000.0,224700000.0,0.26,224700000.0,202200000.0,202200000.0,1.11,1.07,1.11,816000000.0,,816000000.0,3564450825.0,11.0,8.556,183300000.0,1.522,1.0,301100000.0,0.348,899000000.0,0.0,908200000.0,,0.0,0.0,0.0,0.0,1202200000.0,469500000.0,732700000.0,3222150825.0,83800000.0,0.0,-80900000.0,0.0,-21600000.0,-97500000.0,-16400000.0,0.0,198600000.0,-900000.0,134600000.0,134600000.0,134600000.0,0.0,0.0,0.156,98900000.0,202200000.0,143100000.0,0.162,3.949,15.192,15.276,80900000.0,0.0,26.58,1.326,1.333,442400000.0,811300000.0,865100000.0,865100000.0,0.0,,,,,3500000.0,94500000.0,1.0,121224636.0,120400000.0,123900000.0,7.185,1119200000.0,0.0,67600000.0,71200000.0,9.296,337500000.0
33,BR,MRQ,2013-03-31,2013-03-31,2013-03-31,2021-08-12,2800000.0,1921900000.0,,711300000.0,1210600000.0,,6.361,-16600000.0,182200000.0,182200000.0,426200000.0,43400000.0,1.583,1.493,524500000.0,0.0,524500000.0,524500000.0,170500000.0,22600000.0,0.0,0.028,0.18,67700000.0,90300000.0,0.157,90300000.0,67700000.0,67700000.0,0.36,0.35,0.36,771000000.0,,771000000.0,3292180734.0,13.0,9.387,-17800000.0,-0.147,1.0,150500000.0,0.261,899700000.0,0.0,915300000.0,,0.0,0.0,0.0,0.0,1150900000.0,449200000.0,701700000.0,3026880734.0,-76900000.0,0.0,-36200000.0,0.0,-21900000.0,-57500000.0,-16600000.0,0.0,-1200000.0,-1600000.0,43400000.0,43400000.0,43400000.0,0.0,0.0,0.075,82800000.0,67700000.0,130200000.0,0.5,3.926,18.812,18.962,80900000.0,0.0,24.84,1.279,1.272,412200000.0,698100000.0,576700000.0,576700000.0,0.0,,,,,7400000.0,79000000.0,1.0,121855102.0,121200000.0,125000000.0,4.758,1022200000.0,0.0,24300000.0,53500000.0,8.434,262100000.0
34,BR,MRQ,2012-12-31,2012-12-31,2012-12-31,2021-08-12,9200000.0,1856200000.0,,653600000.0,1202600000.0,,6.421,-10900000.0,259100000.0,259100000.0,387600000.0,15800000.0,1.898,1.369,524400000.0,0.0,524400000.0,524400000.0,90100000.0,23800000.0,0.0,0.03,0.18,24700000.0,48500000.0,0.098,48500000.0,24700000.0,24700000.0,0.13,0.13,0.13,783400000.0,,783400000.0,3109112896.0,14.0,9.936,78200000.0,0.641,1.0,105600000.0,0.214,909400000.0,0.0,867700000.0,,0.0,0.0,0.0,0.0,1072800000.0,344400000.0,728400000.0,2796512896.0,47300000.0,0.0,-8800000.0,0.0,-22000000.0,-31300000.0,-10900000.0,0.0,89100000.0,400000.0,15800000.0,15800000.0,15800000.0,0.0,0.0,0.032,80900000.0,24700000.0,97700000.0,1.385,3.57,20.838,20.991,76500000.0,0.0,22.88,1.197,1.195,305200000.0,676300000.0,493200000.0,493200000.0,0.0,,,,,7900000.0,77200000.0,1.0,122225214.0,122000000.0,125500000.0,4.043,946800000.0,0.0,8900000.0,56300000.0,7.761,309200000.0
35,BR,MRQ,2012-09-30,2012-09-30,2012-09-30,2021-08-12,8300000.0,1830500000.0,,620900000.0,1209600000.0,,6.367,-8100000.0,211800000.0,211800000.0,390000000.0,18300000.0,1.98,1.319,524400000.0,0.0,524400000.0,524400000.0,87500000.0,24500000.0,0.0,0.028,0.18,28600000.0,53100000.0,0.107,53100000.0,28600000.0,28600000.0,0.15,0.14,0.15,789500000.0,,789500000.0,3117903508.0,15.0,10.473,-23700000.0,-0.191,1.0,105800000.0,0.213,917000000.0,0.0,912500000.0,,0.0,0.0,0.0,0.0,1041000000.0,313600000.0,727400000.0,2914003508.0,-108700000.0,0.0,-66300000.0,0.0,-20300000.0,-86900000.0,-8100000.0,0.0,-15600000.0,1900000.0,18300000.0,18300000.0,18300000.0,0.0,0.0,0.037,77200000.0,28600000.0,88900000.0,1.2,3.691,23.275,23.099,76300000.0,0.0,23.33,1.254,1.245,321400000.0,682500000.0,495800000.0,495800000.0,0.0,,,,,3700000.0,72900000.0,1.0,124903708.0,124000000.0,127100000.0,3.998,913500000.0,0.0,10300000.0,61100000.0,7.367,307300000.0
36,BR,MRQ,2012-06-30,2012-06-30,2012-06-30,2021-08-12,3500000.0,1987600000.0,,777400000.0,1210200000.0,,6.804,-14300000.0,320500000.0,320500000.0,528900000.0,83400000.0,1.895,1.337,524400000.0,0.0,524400000.0,524400000.0,85800000.0,23500000.0,0.0,0.03,0.16,135300000.0,158800000.0,0.198,158800000.0,135300000.0,135300000.0,0.67,0.65,0.67,850500000.0,,850500000.0,3002020479.0,15.0,10.299,167300000.0,1.338,1.0,271400000.0,0.339,923300000.0,0.0,857900000.0,,0.0,0.0,0.0,0.0,1137100000.0,410300000.0,726800000.0,2656520479.0,101700000.0,0.0,-9300000.0,-40000000.0,-19900000.0,-68200000.0,-7800000.0,0.0,181600000.0,-3900000.0,83400000.0,83400000.0,83400000.0,0.0,0.0,0.104,136100000.0,135300000.0,102200000.0,0.239,3.123,21.493,21.27,79000000.0,0.0,21.27,1.153,1.146,370700000.0,686100000.0,800300000.0,800300000.0,0.0,,,,,4700000.0,91100000.0,1.0,124895180.0,125000000.0,127800000.0,6.402,1064300000.0,0.0,51900000.0,63200000.0,8.514,367100000.0
37,BR,MRQ,2012-03-31,2012-03-31,2012-03-31,2021-08-12,11600000.0,2014300000.0,,749600000.0,1264700000.0,,6.458,-10800000.0,218800000.0,218800000.0,420800000.0,16700000.0,1.71,1.515,564300000.0,0.0,564300000.0,564300000.0,174900000.0,25100000.0,0.0,0.026,0.16,27400000.0,52500000.0,0.096,52500000.0,27400000.0,27400000.0,0.14,0.13,0.14,800800000.0,,800800000.0,3321783975.0,13.0,9.892,3700000.0,0.03,1.0,126200000.0,0.231,943300000.0,0.0,978200000.0,,0.0,0.0,0.0,0.0,1213500000.0,438300000.0,775200000.0,2965683975.0,-19400000.0,-100000.0,2500000.0,-30000000.0,-100000.0,-27000000.0,-8800000.0,2100000.0,14500000.0,1900000.0,16700000.0,16700000.0,16700000.0,1400000.0,0.0,0.031,97400000.0,28800000.0,107100000.0,1.143,3.703,18.962,18.976,78500000.0,0.0,23.91,1.301,1.301,388500000.0,622700000.0,547000000.0,547000000.0,0.0,,,,,6000000.0,70600000.0,1.0,124035298.0,124000000.0,128400000.0,4.411,1071000000.0,0.0,10700000.0,65200000.0,8.637,311300000.0
38,BR,MRQ,2011-12-31,2011-12-31,2011-12-31,2021-08-12,6300000.0,1896900000.0,,634900000.0,1262000000.0,,6.336,-15000000.0,238200000.0,238200000.0,382600000.0,6800000.0,2.111,1.42,594300000.0,0.0,594300000.0,594300000.0,90900000.0,22700000.0,0.0,0.027,0.16,10600000.0,33300000.0,0.069,33300000.0,10600000.0,10600000.0,0.05,0.05,0.05,783800000.0,,783800000.0,3160285876.0,12.0,9.011,49800000.0,0.403,1.0,97200000.0,0.203,950200000.0,0.0,1002000000.0,,0.0,0.0,0.0,0.0,1113100000.0,300800000.0,812300000.0,2798785876.0,-14600000.0,400000.0,1300000.0,-20000000.0,-39600000.0,-60400000.0,-14600000.0,0.0,64800000.0,-4400000.0,6800000.0,6800000.0,6800000.0,0.0,0.0,0.014,86600000.0,10600000.0,92600000.0,3.2,3.571,16.522,16.581,78500000.0,0.0,22.55,1.239,1.235,296600000.0,625800000.0,479800000.0,479800000.0,0.0,,,,,8300000.0,73500000.0,1.0,124114673.0,123700000.0,127200000.0,3.879,946700000.0,0.0,3800000.0,63400000.0,7.653,334100000.0
39,BR,MRQ,2011-09-30,2011-09-30,2011-09-30,2021-08-12,11700000.0,1927200000.0,,685300000.0,1241900000.0,,6.407,-6600000.0,252800000.0,252800000.0,382800000.0,16700000.0,2.334,1.432,614300000.0,0.0,614300000.0,614300000.0,89200000.0,20700000.0,0.0,0.03,0.16,26200000.0,46900000.0,0.098,46900000.0,26200000.0,26200000.0,0.14,0.13,0.14,792500000.0,,792500000.0,2771171437.0,10.0,7.913,16700000.0,0.135,1.0,93600000.0,0.196,958300000.0,0.0,1036800000.0,,0.0,0.0,0.0,0.0,1134700000.0,293600000.0,841100000.0,2488371437.0,11300000.0,-72700000.0,-2500000.0,90000000.0,-18500000.0,66900000.0,-79300000.0,0.0,23300000.0,400000.0,16700000.0,16700000.0,16700000.0,0.0,0.0,0.035,67400000.0,26200000.0,93500000.0,1.143,3.14,14.384,14.489,78900000.0,0.0,20.14,1.12,1.121,328500000.0,639100000.0,476400000.0,476400000.0,0.0,,,,,5400000.0,64700000.0,1.0,123553696.0,123700000.0,126700000.0,3.851,968900000.0,0.0,9500000.0,68000000.0,7.833,391700000.0
40,BR,MRQ,2011-06-30,2011-06-30,2011-06-30,2021-08-12,16100000.0,1904000000.0,,751400000.0,1152600000.0,,6.466,-17300000.0,241500000.0,241500000.0,517300000.0,116200000.0,0.96,1.388,524300000.0,400000000.0,124300000.0,524300000.0,80700000.0,21000000.0,0.0,0.025,0.15,182100000.0,203100000.0,0.262,203100000.0,182100000.0,182100000.0,0.93,0.9,0.93,797300000.0,,797300000.0,3382303686.0,13.0,9.954,143000000.0,1.16,1.0,258800000.0,0.333,882800000.0,0.0,521300000.0,,0.0,0.0,0.0,0.0,1106700000.0,782700000.0,324000000.0,2969403686.0,90200000.0,-200000.0,2000000.0,-40000000.0,-18400000.0,-54100000.0,-17500000.0,0.0,160300000.0,1500000.0,116200000.0,116200000.0,116200000.0,-900000.0,0.0,0.15,77600000.0,181200000.0,119000000.0,0.161,3.724,17.508,17.699,83100000.0,0.0,24.07,1.37,1.386,406600000.0,642200000.0,776100000.0,776100000.0,0.0,,,,,5200000.0,74700000.0,1.0,123365338.0,123300000.0,126800000.0,6.294,1021200000.0,0.0,65900000.0,71300000.0,8.282,-31300000.0
41,BR,MRQ,2011-03-31,2011-03-31,2011-03-31,2021-08-12,18900000.0,1853400000.0,,705600000.0,1147800000.0,,5.574,-13700000.0,151300000.0,151300000.0,406600000.0,29700000.0,0.825,1.677,564200000.0,440000000.0,124200000.0,564200000.0,151000000.0,19200000.0,0.0,0.026,0.15,48200000.0,67400000.0,0.128,67400000.0,48200000.0,48200000.0,0.24,0.23,0.24,692300000.0,,692300000.0,2979590009.0,12.0,9.23,800000.0,0.006,1.0,120500000.0,0.229,879400000.0,0.0,531800000.0,,0.0,0.0,0.0,0.0,1161100000.0,855100000.0,306000000.0,2843190009.0,-36500000.0,-197600000.0,-63800000.0,240000000.0,-18700000.0,158400000.0,-211300000.0,0.0,14500000.0,1900000.0,29700000.0,29700000.0,29700000.0,2900000.0,0.0,0.056,69400000.0,51100000.0,109800000.0,0.625,4.107,17.938,18.752,84600000.0,0.0,22.69,1.328,1.316,395300000.0,544600000.0,527100000.0,527100000.0,0.0,,,,,8000000.0,66900000.0,1.0,125305862.0,124200000.0,128200000.0,4.244,974000000.0,0.0,18500000.0,59000000.0,7.842,-149500000.0
42,BR,MRQ,2010-12-31,2010-12-31,2010-12-31,2021-08-12,10200000.0,1515000000.0,,608000000.0,907000000.0,,5.83,-9200000.0,187800000.0,187800000.0,356600000.0,10400000.0,2.114,1.079,324200000.0,0.0,324200000.0,324200000.0,79000000.0,16500000.0,0.0,0.026,0.15,16300000.0,32800000.0,0.074,32800000.0,16300000.0,16300000.0,0.08,0.08,0.08,728700000.0,,728700000.0,2885298118.0,11.0,9.242,43300000.0,0.346,1.0,85700000.0,0.194,652800000.0,0.0,711000000.0,,0.0,0.0,0.0,0.0,786300000.0,287600000.0,498700000.0,2741798118.0,7100000.0,-18300000.0,-1200000.0,0.0,-18900000.0,-19400000.0,-27500000.0,0.0,52500000.0,1500000.0,10400000.0,10400000.0,10400000.0,200000.0,0.0,0.024,69200000.0,16500000.0,76500000.0,1.875,3.763,17.839,19.07,84600000.0,0.0,21.93,1.303,1.302,291300000.0,533200000.0,442300000.0,442300000.0,0.0,,,,,8500000.0,66900000.0,1.0,125024994.0,125000000.0,128500000.0,3.538,862200000.0,0.0,5900000.0,44600000.0,6.898,320400000.0
43,BR,MRQ,2010-09-30,2010-09-30,2010-09-30,2021-08-12,5300000.0,1519300000.0,,640300000.0,879000000.0,,5.728,-7100000.0,180700000.0,180700000.0,336600000.0,13300000.0,2.191,1.097,324200000.0,0.0,324200000.0,324200000.0,82400000.0,15600000.0,0.0,0.025,0.15,20900000.0,36500000.0,0.087,36500000.0,20900000.0,20900000.0,0.11,0.1,0.11,724600000.0,,724600000.0,2809896037.0,10.0,8.156,-20100000.0,-0.159,1.0,84800000.0,0.201,630100000.0,0.0,740400000.0,,0.0,0.0,0.0,0.0,794700000.0,292300000.0,502400000.0,2898396037.0,-231900000.0,-77400000.0,-111300000.0,0.0,-18800000.0,-137400000.0,-84500000.0,0.0,-13000000.0,3000000.0,13300000.0,13300000.0,13300000.0,0.0,0.0,0.032,63900000.0,20900000.0,70500000.0,1.364,4.0,16.384,17.326,86500000.0,0.0,22.87,1.322,1.32,293700000.0,541400000.0,421400000.0,421400000.0,0.0,,,,,6200000.0,61500000.0,1.0,126733539.0,126500000.0,129600000.0,3.331,889200000.0,0.0,7600000.0,46100000.0,7.029,348000000.0
44,BR,MRQ,2010-06-30,2010-06-30,2010-06-30,2021-08-12,-1400000.0,1794400000.0,,992400000.0,802000000.0,,5.979,-24100000.0,412600000.0,412600000.0,497300000.0,105100000.0,2.04,1.223,324100000.0,0.0,324100000.0,324100000.0,82600000.0,14500000.0,0.0,0.029,0.14,171600000.0,186100000.0,0.248,186100000.0,171600000.0,171600000.0,0.78,0.76,0.78,807100000.0,,807100000.0,2740548177.0,9.0,7.529,267900000.0,1.984,1.0,253200000.0,0.337,555600000.0,0.0,663900000.0,,0.0,0.0,0.0,0.0,987300000.0,486400000.0,500900000.0,2594348177.0,106800000.0,-23900000.0,-109200000.0,0.0,-19000000.0,-135400000.0,-48000000.0,0.0,292000000.0,-1800000.0,105100000.0,105100000.0,105100000.0,11100000.0,0.0,0.14,70500000.0,182700000.0,91300000.0,0.179,3.214,13.654,13.607,87400000.0,0.0,19.05,1.174,1.172,354300000.0,546900000.0,750500000.0,750500000.0,0.0,,,,,9000000.0,69800000.0,1.0,136186256.0,135000000.0,137600000.0,5.559,1238800000.0,0.0,66500000.0,56200000.0,9.176,506000000.0
45,BR,MRQ,2010-03-31,2010-03-31,2010-03-31,2021-08-12,7000000.0,2863900000.0,,2138200000.0,725700000.0,,6.358,-14800000.0,177900000.0,177900000.0,380900000.0,24900000.0,1.354,2.342,324100000.0,0.0,324100000.0,324100000.0,145200000.0,14300000.0,0.0,0.023,0.14,42500000.0,56800000.0,0.116,56800000.0,42500000.0,42500000.0,0.18,0.18,0.18,857000000.0,,857000000.0,3058432351.0,10.0,8.128,-204300000.0,-1.516,1.0,109900000.0,0.224,525900000.0,0.0,904700000.0,,0.0,0.0,0.0,0.0,2006900000.0,1579500000.0,427400000.0,2881432351.0,-216800000.0,-5500000.0,1500000.0,-600000.0,-18800000.0,-5900000.0,-20300000.0,0.0,-189500000.0,-1100000.0,24900000.0,24900000.0,24900000.0,5900000.0,0.0,0.051,61500000.0,48400000.0,94400000.0,0.778,3.362,14.279,14.644,75500000.0,0.0,21.38,1.325,1.325,354500000.0,460400000.0,490800000.0,490800000.0,0.0,,,,,5500000.0,60000000.0,1.0,134772327.0,134800000.0,138800000.0,3.641,2338000000.0,0.0,17600000.0,0.0,17.344,558700000.0
46,BR,MRQ,2009-12-31,2009-12-31,2009-12-31,2021-08-12,13700000.0,2695700000.0,,1980000000.0,715700000.0,,6.239,-10500000.0,147100000.0,147100000.0,399700000.0,33600000.0,1.394,2.184,324100000.0,0.0,324100000.0,324100000.0,74500000.0,14500000.0,0.0,0.019,0.14,50600000.0,65100000.0,0.123,65100000.0,50600000.0,50600000.0,0.25,0.24,0.25,846700000.0,,846700000.0,2989240425.0,9.0,7.726,382600000.0,2.819,1.0,130000000.0,0.245,514100000.0,0.0,938200000.0,,0.0,0.0,0.0,0.0,1849000000.0,1420400000.0,428600000.0,3087640425.0,291100000.0,-5800000.0,-46200000.0,600000.0,-19000000.0,-87100000.0,-16300000.0,0.0,393100000.0,1400000.0,33600000.0,33600000.0,33600000.0,17900000.0,0.0,0.063,61500000.0,68500000.0,70200000.0,0.56,3.647,14.176,14.369,75600000.0,0.0,22.56,1.438,1.425,314600000.0,454400000.0,529700000.0,529700000.0,0.0,,,,,6900000.0,58400000.0,1.0,136863494.0,135700000.0,139500000.0,3.903,2181600000.0,0.0,17000000.0,0.0,16.077,559600000.0
47,BR,MRQ,2009-09-30,2009-09-30,2009-09-30,2021-08-12,10700000.0,2886200000.0,,2123600000.0,762600000.0,,6.283,-3700000.0,422500000.0,422500000.0,338500000.0,26400000.0,1.351,2.326,324100000.0,0.0,324100000.0,324100000.0,97800000.0,13700000.0,0.0,0.017,0.14,42300000.0,56000000.0,0.128,56000000.0,42300000.0,42300000.0,0.19,0.19,0.19,867700000.0,,867700000.0,2596589277.0,8.0,6.778,-5700000.0,-0.041,1.0,99700000.0,0.228,552400000.0,0.0,663400000.0,,0.0,0.0,0.0,0.0,2018500000.0,1572000000.0,446500000.0,2799889277.0,-49400000.0,0.0,-57800000.0,0.0,-9800000.0,-45300000.0,-3700000.0,0.0,-2000000.0,1600000.0,26400000.0,26400000.0,26400000.0,200000.0,0.0,0.06,57200000.0,42500000.0,1348200000.0,0.737,3.227,13.077,13.137,71300000.0,0.0,20.1,1.362,1.35,1590800000.0,439700000.0,438200000.0,438200000.0,0.0,,,,,5700000.0,53400000.0,1.0,139297974.0,138100000.0,140400000.0,3.173,2333800000.0,0.0,15900000.0,0.0,16.899,551600000.0
48,BR,MRQ,2009-06-30,2009-06-30,2009-06-30,2021-08-12,6900000.0,2774700000.0,,2051800000.0,722900000.0,,6.493,-14500000.0,173400000.0,173400000.0,476400000.0,116900000.0,1.435,2.052,324100000.0,0.0,324100000.0,324100000.0,85500000.0,13600000.0,0.0,0.017,0.07,184800000.0,198400000.0,0.277,198400000.0,184800000.0,184800000.0,0.84,0.83,0.84,909000000.0,,909000000.0,2190616054.0,6.0,5.478,33100000.0,0.236,1.0,239900000.0,0.335,511200000.0,0.0,984300000.0,,0.0,0.0,0.0,0.0,1865700000.0,1429900000.0,435800000.0,2325816054.0,-29400000.0,-45900000.0,-14100000.0,0.0,-9800000.0,-23600000.0,-60400000.0,0.0,47600000.0,7000000.0,116900000.0,116900000.0,116900000.0,-1100000.0,0.0,0.163,56200000.0,183700000.0,72000000.0,0.083,2.559,10.416,10.363,75400000.0,0.0,16.58,1.122,1.12,381000000.0,432300000.0,716300000.0,716300000.0,0.0,,,,,6700000.0,48500000.0,1.0,140278411.0,140000000.0,141600000.0,5.116,2263500000.0,0.0,67900000.0,23200000.0,16.168,621900000.0
49,BR,MRQ,2009-03-31,2009-03-31,2009-03-31,2021-08-12,-9100000.0,2444200000.0,,1730100000.0,714100000.0,,5.68,-7500000.0,460000000.0,460000000.0,357300000.0,40900000.0,1.421,2.085,324800000.0,800000.0,324000000.0,324800000.0,136600000.0,13200000.0,0.0,0.015,0.07,54200000.0,67400000.0,0.145,67400000.0,54200000.0,54200000.0,0.29,0.29,0.29,792300000.0,,792300000.0,2553791378.0,8.0,6.71,26800000.0,0.192,1.0,106400000.0,0.229,499500000.0,0.0,591700000.0,,0.0,0.0,0.0,0.0,1651900000.0,1217800000.0,434100000.0,2612491378.0,11200000.0,-200000.0,-5000000.0,0.0,-9800000.0,-14300000.0,-7700000.0,0.0,34300000.0,-1100000.0,40900000.0,40900000.0,40900000.0,300000.0,0.0,0.088,51900000.0,54500000.0,955900000.0,0.241,3.297,12.794,12.834,68900000.0,0.0,18.61,1.25,1.243,1144900000.0,325100000.0,463700000.0,463700000.0,0.0,,,,,6300000.0,48700000.0,1.0,140381052.0,139500000.0,141200000.0,3.324,1944700000.0,0.0,13300000.0,0.0,13.941,512300000.0
50,BR,MRQ,2008-12-31,2008-12-31,2008-12-31,2021-08-12,-5100000.0,2402600000.0,,1681500000.0,721100000.0,,5.452,-5200000.0,382700000.0,382700000.0,328200000.0,29900000.0,1.395,2.143,324000000.0,0.0,324000000.0,324000000.0,68300000.0,12700000.0,0.0,0.021,0.07,48600000.0,61300000.0,0.14,61300000.0,48600000.0,48600000.0,0.21,0.21,0.21,764400000.0,,764400000.0,1842133114.0,6.0,4.92,518000000.0,3.695,1.0,109300000.0,0.25,503200000.0,0.0,635100000.0,,0.0,0.0,0.0,0.0,1638200000.0,1205600000.0,432600000.0,1773133114.0,231100000.0,0.0,-11200000.0,-253300000.0,-9900000.0,-283100000.0,-5200000.0,0.0,523200000.0,-3800000.0,29900000.0,29900000.0,29900000.0,100000.0,0.0,0.068,60600000.0,48700000.0,1032400000.0,0.333,2.32,9.197,9.153,70900000.0,0.0,12.54,0.835,0.828,1213100000.0,294000000.0,437500000.0,437500000.0,0.0,,,,,9600000.0,62000000.0,1.0,141398175.0,140200000.0,141300000.0,3.121,1899400000.0,0.0,18700000.0,0.0,13.548,475900000.0
51,BR,MRQ,2008-09-30,2008-09-30,2008-09-30,2021-08-12,18700000.0,3690500000.0,,2941600000.0,748900000.0,,5.479,-2700000.0,493000000.0,493000000.0,363000000.0,35600000.0,1.187,3.798,562000000.0,238000000.0,324000000.0,562000000.0,73500000.0,14200000.0,0.0,0.016,0.07,58200000.0,72400000.0,0.153,72400000.0,58200000.0,58200000.0,0.25,0.25,0.25,769200000.0,,769200000.0,2377817468.0,7.0,6.378,-249000000.0,-1.774,1.0,109400000.0,0.232,519900000.0,0.0,760800000.0,,0.0,0.0,0.0,0.0,2921300000.0,2478800000.0,442500000.0,2161917468.0,-130300000.0,-14700000.0,1800000.0,138900000.0,-8400000.0,132400000.0,-17400000.0,0.0,-246300000.0,1000000.0,35600000.0,35600000.0,35600000.0,0.0,0.0,0.075,51200000.0,58200000.0,2049400000.0,0.28,2.811,11.272,11.234,75900000.0,0.0,15.39,1.005,1.004,2388300000.0,274000000.0,472400000.0,472400000.0,0.0,,,,,5600000.0,56700000.0,1.0,140475469.0,140400000.0,142200000.0,3.365,3170600000.0,0.0,22600000.0,0.0,22.583,462800000.0
52,BR,MRQ,2008-06-30,2008-06-30,2008-06-30,2021-08-12,28700000.0,2833600000.0,,2079200000.0,754400000.0,,5.354,-14700000.0,232000000.0,232000000.0,484800000.0,97800000.0,1.363,2.799,447900000.0,0.0,447900000.0,447900000.0,86400000.0,10800000.0,0.0,0.011,0.06,168700000.0,179500000.0,0.251,179500000.0,168700000.0,168700000.0,0.7,0.69,0.7,745800000.0,,745800000.0,3196900856.0,10.0,8.596,7800000.0,0.056,1.0,230900000.0,0.323,514400000.0,0.0,1009700000.0,,0.0,0.0,0.0,0.0,2087800000.0,1525400000.0,562400000.0,2948400856.0,-71500000.0,0.0,6200000.0,59200000.0,-8400000.0,-78200000.0,-14700000.0,0.0,22500000.0,-1100000.0,97800000.0,97800000.0,97800000.0,-3800000.0,0.0,0.137,66000000.0,164900000.0,1247300000.0,0.086,3.953,15.34,15.254,82600000.0,0.0,21.05,1.384,1.379,1785300000.0,248200000.0,715700000.0,715700000.0,0.0,,,,,7900000.0,60800000.0,1.0,140066549.0,139300000.0,141300000.0,5.138,2319200000.0,0.0,70900000.0,0.0,16.649,553800000.0
53,BR,MRQ,2008-03-31,2008-03-31,2008-03-31,2021-08-12,31800000.0,3237000000.0,,2487400000.0,749600000.0,,4.58,-13400000.0,272300000.0,272300000.0,383100000.0,29500000.0,1.251,4.051,520800000.0,38000000.0,482800000.0,520800000.0,174400000.0,12800000.0,0.0,0.014,0.06,48400000.0,61200000.0,0.123,61200000.0,48400000.0,48400000.0,0.21,0.21,0.21,640800000.0,,640800000.0,3305503502.0,11.0,8.951,598800000.0,4.28,1.0,115700000.0,0.232,516600000.0,0.0,981000000.0,,0.0,0.0,0.0,0.0,2596200000.0,1987900000.0,608300000.0,2464003502.0,165600000.0,0.0,3000000.0,-429200000.0,-8400000.0,-434300000.0,-13400000.0,0.0,612200000.0,1100000.0,29500000.0,29500000.0,29500000.0,0.0,0.0,0.059,67300000.0,48400000.0,1668500000.0,0.286,3.845,12.76,12.662,78300000.0,0.0,17.6,1.126,1.125,2077100000.0,158800000.0,498800000.0,498800000.0,0.0,,,,,9100000.0,60000000.0,1.0,140000199.0,139900000.0,141300000.0,3.565,2720400000.0,0.0,18900000.0,0.0,19.445,499500000.0
54,BR,MRQ,2007-12-31,2007-12-31,2007-12-31,2021-08-12,34200000.0,2911300000.0,,2168800000.0,742500000.0,,4.378,-12400000.0,107300000.0,107300000.0,345700000.0,28900000.0,1.303,3.774,948800000.0,426000000.0,522800000.0,948800000.0,64500000.0,12400000.0,0.0,0.008,0.06,47300000.0,59700000.0,0.128,59700000.0,47300000.0,47300000.0,0.21,0.21,0.21,609800000.0,,609800000.0,3655198720.0,11.0,9.324,-284900000.0,-2.045,1.0,119400000.0,0.257,519000000.0,0.0,1569100000.0,,0.0,0.0,0.0,0.0,2301500000.0,1664700000.0,636800000.0,3127198720.0,17800000.0,0.0,8900000.0,302000000.0,-8400000.0,302500000.0,-12400000.0,0.0,-272500000.0,200000.0,28900000.0,28900000.0,28900000.0,0.0,0.0,0.062,72100000.0,47300000.0,1044600000.0,0.286,5.128,15.218,15.155,77700000.0,0.0,22.43,1.433,1.431,1998300000.0,137700000.0,465100000.0,465100000.0,0.0,,,,,9400000.0,62500000.0,1.0,139420362.0,139300000.0,140900000.0,3.339,2392300000.0,0.0,18400000.0,0.0,17.174,504100000.0
55,BR,MRQ,2007-09-30,2007-09-30,2007-09-30,2021-08-12,28200000.0,2574900000.0,,1844900000.0,730000000.0,,4.063,-6000000.0,113400000.0,113400000.0,334200000.0,36000000.0,1.342,3.556,641400000.0,108700000.0,532700000.0,641400000.0,61200000.0,12400000.0,0.0,0.006,0.06,59100000.0,71500000.0,0.158,71500000.0,59100000.0,59100000.0,0.26,0.26,0.26,565200000.0,,565200000.0,3212470089.0,10.0,8.176,113800000.0,0.818,1.0,117000000.0,0.259,517400000.0,0.0,1210400000.0,,0.0,0.0,0.0,0.0,2009700000.0,1375100000.0,634600000.0,2640570089.0,-2200000.0,-6100000.0,0.0,-102000000.0,-8400000.0,-110400000.0,-12100000.0,0.0,119800000.0,500000.0,36000000.0,36000000.0,36000000.0,0.0,0.0,0.08,57900000.0,59100000.0,1054500000.0,0.231,4.672,12.906,12.891,74500000.0,0.0,18.95,1.229,1.227,1664800000.0,117200000.0,451200000.0,451200000.0,0.0,,,,,5600000.0,49100000.0,1.0,139344068.0,139100000.0,139800000.0,3.244,2057500000.0,0.0,23100000.0,0.0,14.792,469800000.0
56,BR,MRQ,2007-06-30,2007-06-30,2007-06-30,2021-08-12,26600000.0,2678200000.0,,1960000000.0,718200000.0,,3.826,-13900000.0,155000000.0,155000000.0,537200000.0,98700000.0,1.372,4.043,726900000.0,109200000.0,617700000.0,726900000.0,64400000.0,18400000.0,0.0,0.003,0.06,158500000.0,176900000.0,0.229,176900000.0,158500000.0,158500000.0,0.71,0.71,0.71,531100000.0,,531100000.0,3246361757.0,10.0,8.47,71000000.0,0.512,1.0,236500000.0,0.306,511600000.0,0.0,1309900000.0,,0.0,0.0,0.0,0.0,2147100000.0,1428600000.0,718500000.0,2661761757.0,45400000.0,0.0,4300000.0,-26600000.0,0.0,-25800000.0,-13900000.0,0.0,84900000.0,200000.0,98700000.0,98700000.0,98700000.0,0.0,0.0,0.128,78000000.0,158500000.0,1006900000.0,0.085,5.012,13.505,13.465,77400000.0,0.0,19.12,1.245,1.241,1743900000.0,90300000.0,773700000.0,773700000.0,0.0,,,,,6000000.0,67500000.0,1.0,139213481.0,138800000.0,139600000.0,5.574,2166600000.0,0.0,59800000.0,0.0,15.61,531400000.0
57,BR,MRQ,2007-03-31,2007-03-31,2007-03-31,2021-08-12,21700000.0,2326300000.0,,1613600000.0,712700000.0,,3.066,-11700000.0,186400000.0,186400000.0,375100000.0,41900000.0,1.18,4.467,771000000.0,331000000.0,440000000.0,771000000.0,79900000.0,14000000.0,0.0,,0.0,69900000.0,83900000.0,0.17,83900000.0,69900000.0,69900000.0,0.3,0.3,0.3,425500000.0,,425500000.0,,,,-153000000.0,-1.102,1.0,117700000.0,0.239,513100000.0,0.0,1030200000.0,,0.0,0.0,0.0,0.0,1900800000.0,1367600000.0,533200000.0,,-41600000.0,0.0,0.0,686600000.0,0.0,111600000.0,-11700000.0,0.0,-141300000.0,-200000.0,41900000.0,41900000.0,41900000.0,0.0,0.0,0.085,47800000.0,69900000.0,815900000.0,0.0,,,,73500000.0,0.0,,,,1311700000.0,,492800000.0,492800000.0,0.0,,,,,6200000.0,47600000.0,1.0,139213481.0,138800000.0,138800000.0,3.55,1813200000.0,0.0,28000000.0,0.0,13.063,246000000.0
58,BR,MRQ,2006-12-31,2006-12-31,2006-12-31,2021-08-12,,,,,,,,-8700000.0,,,333200000.0,28000000.0,,,,,,,,14600000.0,,,0.0,46000000.0,60600000.0,0.141,60600000.0,46000000.0,46000000.0,0.2,0.2,0.2,,,,,,,170500000.0,1.228,1.0,98100000.0,0.227,,0.0,,,,,,,,,,,68900000.0,0.0,0.0,200000.0,0.0,-101600000.0,-8700000.0,0.0,179200000.0,0.0,28000000.0,28000000.0,28000000.0,0.0,0.0,0.065,52100000.0,46000000.0,,0.0,,,,,0.0,,,,,,431300000.0,431300000.0,0.0,,,,,6400000.0,51100000.0,1.0,139213481.0,138800000.0,138800000.0,3.107,,,18000000.0,,,
59,BR,MRQ,2006-09-30,2006-09-30,2006-09-30,2021-08-12,,,,,,,,-3600000.0,,,342600000.0,28500000.0,,,,,,,,15500000.0,,,0.0,46400000.0,61900000.0,0.141,61900000.0,46400000.0,46400000.0,0.21,0.21,0.21,,,,,,,34100000.0,0.246,1.0,97500000.0,0.222,,0.0,,,,,,,,,,,-34200000.0,0.0,0.0,-31700000.0,0.0,-68200000.0,-3600000.0,0.0,37700000.0,-100000.0,28500000.0,28500000.0,28500000.0,0.0,0.0,0.065,50500000.0,47000000.0,,0.0,,,,,0.0,,,,,,440100000.0,440100000.0,0.0,,,,,5700000.0,50500000.0,1.0,139213481.0,138800000.0,138800000.0,3.171,,,17900000.0,,,
60,BR,MRQ,2006-06-30,2006-06-30,2006-06-30,2021-08-12,45200000.0,2134700000.0,,1405900000.0,728800000.0,,7.516,-13800000.0,90400000.0,90400000.0,497700000.0,100700000.0,1.42,1.046,0.0,0.0,0.0,0.0,51300000.0,20800000.0,0.0,,0.0,168900000.0,189700000.0,0.264,189700000.0,168900000.0,168900000.0,0.72,0.72,0.72,1043200000.0,,1043200000.0,,,,80300000.0,0.579,1.0,220400000.0,0.307,536800000.0,0.0,517200000.0,,0.0,0.0,0.0,0.0,1091500000.0,990300000.0,101200000.0,,-36800000.0,0.0,0.0,32000000.0,0.0,-117500000.0,-13800000.0,0.0,94100000.0,400000.0,100700000.0,100700000.0,100700000.0,-100000.0,0.0,0.14,53500000.0,166900000.0,807900000.0,0.0,,,,80700000.0,0.0,,,,1241000000.0,0.0,718100000.0,718100000.0,0.0,,,,,7100000.0,51800000.0,1.0,139213481.0,138800000.0,138800000.0,5.174,1597900000.0,0.0,68200000.0,0.0,11.512,415600000.0
61,BR,MRQ,2006-03-31,2006-03-31,2006-03-31,2021-08-12,,,,,,,,,,,348400000.0,33600000.0,,,,,,,,,,,0.0,56100000.0,,,,56100000.0,56100000.0,0.24,0.24,0.24,,,,,,,,,1.0,102100000.0,0.227,,0.0,,,,,,,,,,,,,,,,,,,,,33600000.0,33600000.0,33600000.0,-300000.0,0.0,0.075,45000000.0,57100000.0,,0.0,,,,,0.0,,,,,,450500000.0,450500000.0,0.0,,,,,,45000000.0,1.0,,138800000.0,138800000.0,3.246,,,22500000.0,,,
62,BR,MRQ,2005-06-30,2005-06-30,2005-06-30,2021-08-12,17200000.0,2422700000.0,,1682100000.0,740600000.0,,9.269,,236300000.0,236300000.0,,,1.579,0.883,0.0,0.0,0.0,0.0,67000000.0,,0.0,,0.0,,,,,,,,,,1286500000.0,,1286500000.0,,,,,,1.0,,,558200000.0,,562900000.0,,0.0,0.0,0.0,0.0,1136200000.0,1065300000.0,70900000.0,,,,,,,,,,,,,,,,,,,,864000000.0,,,,,75400000.0,,,,,1327400000.0,,,,,,,,,,,1.0,,138800000.0,,,1864500000.0,0.0,,0.0,13.433,616800000.0
0,BR,MRT,2021-06-30,2021-06-30,2021-06-30,2021-08-12,9200000.0,8119800000.0,5728650000.0,1261300000.0,6858500000.0,0.872,15.636,-51900000.0,274500000.0,274500000.0,3570800000.0,547500000.0,0.979,3.488,3887600000.0,0.0,3887600000.0,3887600000.0,382500000.0,181000000.0,0.0,0.014,2.3,751400000.0,932400000.0,0.187,932400000.0,751400000.0,696200000.0,4.73,4.65,4.73,1809100000.0,1561550000.0,1809100000.0,20139682383.0,27.0,21.6,588200000.0,5.084,1.0,1422900000.0,0.285,5145100000.0,55200000.0,5299800000.0,3734000000.0,0.0,0.0,0.0,0.0,6310600000.0,1288000000.0,5022600000.0,18757782383.0,-202100000.0,-2603600000.0,13800000.0,2094300000.0,-261700000.0,1797800000.0,-2653700000.0,0.0,640100000.0,13800000.0,547500000.0,547500000.0,547500000.0,0.0,0.0,0.11,744300000.0,678600000.0,1102700000.0,0.486,10.369,34.261,34.15,177200000.0,0.0,161.53,3.756,3.743,820300000.0,2583800000.0,4993700000.0,4993700000.0,0.0,0.096,0.351,0.201,0.15,58600000.0,744300000.0,1.0,116125688.0,115700000.0,117800000.0,43.161,2974700000.0,0.0,148700000.0,400700000.0,25.71,-26700000.0
1,BR,MRT,2021-03-31,2021-03-31,2021-03-31,2021-08-12,-24100000.0,5186800000.0,4921150000.0,1378600000.0,3808200000.0,0.98,13.725,-55700000.0,355800000.0,355800000.0,3438300000.0,516800000.0,1.375,2.264,1737700000.0,0.0,1737700000.0,1737700000.0,314200000.0,174600000.0,0.0,0.015,2.265,707500000.0,882100000.0,0.183,882100000.0,707500000.0,654600000.0,4.48,4.4,4.48,1589300000.0,1445900000.0,1589300000.0,19133798883.0,27.0,21.691,576400000.0,4.978,1.0,1385700000.0,0.287,2270100000.0,52900000.0,3296000000.0,3059400000.0,0.0,0.0,0.0,0.0,3597400000.0,1002600000.0,2594800000.0,17728798883.0,-46300000.0,0.0,29500000.0,-341200000.0,-256900000.0,-605500000.0,-78800000.0,0.0,632100000.0,5800000.0,516800000.0,516800000.0,516800000.0,0.0,0.0,0.107,689600000.0,696100000.0,876100000.0,0.506,11.155,34.305,34.174,167200000.0,0.0,153.1,3.675,3.675,871000000.0,2390200000.0,4824000000.0,4824000000.0,0.0,0.105,0.357,0.231,0.147,59600000.0,689600000.0,1.0,115798817.0,115800000.0,118000000.0,41.658,2916700000.0,0.0,137800000.0,157400000.0,25.187,376000000.0
2,BR,MRT,2020-12-31,2020-12-31,2020-12-31,2021-08-12,-57100000.0,4858300000.0,4852825000.0,1148500000.0,3709800000.0,0.965,12.394,-61200000.0,365600000.0,365600000.0,3350300000.0,518600000.0,1.371,2.388,1770600000.0,0.0,1770600000.0,1770600000.0,294900000.0,169500000.0,0.0,0.015,2.23,705400000.0,874900000.0,0.187,874900000.0,705400000.0,648100000.0,4.52,4.43,4.52,1434000000.0,1349200000.0,1434000000.0,19132404183.0,27.0,21.868,608800000.0,5.262,1.0,1333800000.0,0.285,2248600000.0,57300000.0,3176800000.0,2990450000.0,0.0,0.0,0.0,0.0,3424300000.0,837900000.0,2586400000.0,17712904183.0,131600000.0,-69500000.0,-22300000.0,-83000000.0,-252300000.0,-385900000.0,-154400000.0,0.0,670000000.0,1900000.0,518600000.0,518600000.0,518600000.0,0.0,0.0,0.111,650700000.0,683100000.0,719000000.0,0.493,12.352,34.155,33.894,167100000.0,0.0,153.2,3.781,3.784,625000000.0,2291800000.0,4684100000.0,4684100000.0,0.0,0.107,0.384,0.236,0.151,59200000.0,650700000.0,1.0,115619479.0,115700000.0,117800000.0,40.485,2609700000.0,0.0,129500000.0,140700000.0,22.556,310600000.0
3,BR,MRT,2020-09-30,2020-09-30,2020-09-30,2021-08-12,-62900000.0,4749700000.0,4734400000.0,1120000000.0,3629700000.0,0.971,12.262,-62900000.0,356600000.0,356600000.0,3324700000.0,472400000.0,1.506,2.36,1776100000.0,0.0,1776100000.0,1776100000.0,284100000.0,174800000.0,0.0,0.017,2.195,649300000.0,824100000.0,0.179,824100000.0,649300000.0,589200000.0,4.12,4.04,4.12,1413800000.0,1272050000.0,1413800000.0,16512218396.0,25.0,20.037,577500000.0,5.009,1.0,1273200000.0,0.277,2261900000.0,60100000.0,3163400000.0,2846900000.0,0.0,0.0,0.0,0.0,3335900000.0,743900000.0,2592000000.0,15201318396.0,-1700000.0,-291000000.0,-25700000.0,11600000.0,-247800000.0,-279600000.0,-364100000.0,0.0,640400000.0,1400000.0,472400000.0,472400000.0,472400000.0,0.0,0.0,0.103,642700000.0,630500000.0,632300000.0,0.533,10.752,32.179,32.039,161700000.0,0.0,132.0,3.306,3.31,619100000.0,2302100000.0,4597900000.0,4597900000.0,0.0,0.1,0.371,0.228,0.141,59400000.0,642700000.0,1.0,115161503.0,115300000.0,117400000.0,39.878,2487800000.0,0.0,116800000.0,134800000.0,21.577,376100000.0
4,BR,MRT,2020-06-30,2020-06-30,2020-06-30,2021-08-12,-100400000.0,4889800000.0,4602000000.0,1328000000.0,3561800000.0,0.984,11.739,-62700000.0,476600000.0,476600000.0,3265100000.0,462500000.0,0.99,2.631,1787500000.0,399900000.0,1387600000.0,1787500000.0,286600000.0,176400000.0,0.0,0.017,2.16,638300000.0,814700000.0,0.18,814700000.0,638300000.0,579500000.0,4.03,3.95,4.03,1346500000.0,1204450000.0,1346500000.0,16166417675.0,25.0,19.843,535500000.0,4.669,1.0,1263900000.0,0.279,2258300000.0,58800000.0,2601400000.0,2692850000.0,0.0,0.0,0.0,0.0,3543200000.0,1341000000.0,2202200000.0,14488817675.0,203400000.0,-339100000.0,-27500000.0,329100000.0,-241000000.0,51200000.0,-441700000.0,0.0,598200000.0,-4300000.0,462500000.0,462500000.0,462500000.0,0.0,0.0,0.102,639000000.0,624900000.0,829900000.0,0.536,10.76,31.327,31.313,161600000.0,0.0,126.19,3.199,3.196,711300000.0,2302600000.0,4529000000.0,4529000000.0,0.0,0.1,0.384,0.237,0.141,60800000.0,639000000.0,1.0,114817479.0,114700000.0,117000000.0,39.486,2631500000.0,0.0,117000000.0,126800000.0,22.942,-13000000.0
5,BR,MRT,2020-03-31,2020-03-31,2020-03-31,2021-08-12,-67200000.0,4913500000.0,4349725000.0,1361000000.0,3552500000.0,1.007,10.493,-68200000.0,402100000.0,402100000.0,3192500000.0,416100000.0,1.084,3.086,2079700000.0,399800000.0,1679900000.0,2079700000.0,277700000.0,174600000.0,0.0,0.022,2.105,569400000.0,744000000.0,0.17,744000000.0,569400000.0,514800000.0,3.63,3.55,3.63,1202500000.0,1149700000.0,1202500000.0,12501525722.0,22.0,16.803,486500000.0,4.245,1.0,1185900000.0,0.271,2315900000.0,54600000.0,3020200000.0,2597275000.0,0.0,0.0,0.0,0.0,3710900000.0,1255000000.0,2455900000.0,10886725722.0,109900000.0,-693800000.0,-294100000.0,910400000.0,-235300000.0,367300000.0,-812300000.0,0.0,554700000.0,400000.0,416100000.0,416100000.0,416100000.0,0.0,0.0,0.095,618900000.0,567000000.0,737200000.0,0.58,9.053,26.164,26.124,153900000.0,0.0,94.83,2.486,2.482,814700000.0,2135100000.0,4378400000.0,4378400000.0,0.0,0.096,0.362,0.219,0.13,59200000.0,618900000.0,1.0,114802549.0,114600000.0,117000000.0,38.206,2597600000.0,0.0,98700000.0,112800000.0,22.667,106000000.0
6,BR,MRT,2019-12-31,2019-12-31,2019-12-31,2021-08-12,-67700000.0,4384600000.0,4021875000.0,1010600000.0,3374000000.0,1.082,9.812,-61200000.0,234000000.0,234000000.0,3167300000.0,421500000.0,0.898,2.896,1848800000.0,399500000.0,1449300000.0,1848800000.0,260200000.0,176600000.0,0.0,0.017,2.05,576400000.0,753000000.0,0.173,753000000.0,576400000.0,528000000.0,3.66,3.57,3.66,1125400000.0,1165475000.0,1125400000.0,15573282777.0,27.0,20.682,485200000.0,4.23,1.0,1186000000.0,0.272,2272000000.0,48400000.0,2602600000.0,2366100000.0,0.0,0.0,0.0,0.0,3259200000.0,1124800000.0,2134400000.0,14163382777.0,-15900000.0,-624300000.0,-243900000.0,660000000.0,-229400000.0,169300000.0,-732700000.0,0.0,546400000.0,1200000.0,421500000.0,421500000.0,421500000.0,0.0,0.0,0.097,611700000.0,574300000.0,615400000.0,0.56,12.585,33.602,33.754,137500000.0,0.0,123.54,3.253,3.255,616000000.0,2030100000.0,4353300000.0,4353300000.0,0.0,0.105,0.362,0.244,0.132,59300000.0,611700000.0,1.0,114646129.0,114700000.0,117200000.0,37.954,2112600000.0,0.0,106500000.0,98900000.0,18.418,-114200000.0
7,BR,MRT,2019-09-30,2019-09-30,2019-09-30,2021-08-12,-79500000.0,4220100000.0,3765125000.0,1095100000.0,3125000000.0,1.152,9.995,-56000000.0,358300000.0,358300000.0,3120400000.0,461300000.0,1.052,2.691,1768200000.0,399400000.0,1368800000.0,1768200000.0,248200000.0,173100000.0,0.0,0.016,1.995,627000000.0,800100000.0,0.184,800100000.0,627000000.0,581800000.0,4.0,3.9,4.0,1143400000.0,1164775000.0,1143400000.0,15417399845.0,25.0,19.269,570100000.0,4.983,1.0,1217600000.0,0.281,2041900000.0,45200000.0,2547200000.0,2216525000.0,0.0,0.0,0.0,0.0,3076600000.0,1040900000.0,2035700000.0,14220199845.0,153600000.0,-402800000.0,-354700000.0,623200000.0,-224100000.0,30800000.0,-503500000.0,0.0,626100000.0,300000.0,461300000.0,461300000.0,461300000.0,0.0,0.0,0.106,591900000.0,625700000.0,547900000.0,0.499,12.437,30.826,31.108,186200000.0,0.0,124.43,3.278,3.281,600700000.0,2082000000.0,4338000000.0,4338000000.0,0.0,0.123,0.396,0.283,0.145,59500000.0,591900000.0,1.0,114282728.0,114400000.0,117100000.0,37.92,2178200000.0,0.0,120500000.0,96000000.0,19.04,54200000.0
8,BR,MRT,2019-06-30,2019-06-30,2019-06-30,2021-08-12,-71200000.0,3880700000.0,3555525000.0,1042300000.0,2838400000.0,1.227,9.728,-50600000.0,273200000.0,273200000.0,3131900000.0,482100000.0,1.299,2.442,1470400000.0,0.0,1470400000.0,1470400000.0,251600000.0,172600000.0,0.0,0.015,1.94,649100000.0,821700000.0,0.188,821700000.0,649100000.0,607300000.0,4.16,4.06,4.16,1127500000.0,1187425000.0,1127500000.0,15710915135.0,24.0,19.12,566400000.0,4.887,1.0,1230300000.0,0.282,2056200000.0,41800000.0,2219100000.0,2084375000.0,0.0,0.0,0.0,0.0,2753200000.0,802600000.0,1950600000.0,14828615135.0,9200000.0,-354700000.0,-366700000.0,415700000.0,-211200000.0,-173100000.0,-433500000.0,0.0,617000000.0,-1100000.0,482100000.0,482100000.0,482100000.0,0.0,0.0,0.111,577500000.0,652800000.0,711700000.0,0.466,13.152,30.758,30.692,189000000.0,0.0,127.68,3.399,3.392,664000000.0,2087700000.0,4362200000.0,4362200000.0,0.0,0.136,0.406,0.311,0.149,58400000.0,577500000.0,1.0,116138903.0,115900000.0,118800000.0,37.638,1824500000.0,0.0,125200000.0,86700000.0,15.742,239700000.0
9,BR,MRT,2019-03-31,2019-03-31,2019-03-31,2021-08-12,-64100000.0,3602100000.0,3411525000.0,1195400000.0,2406700000.0,1.311,10.939,-52800000.0,292100000.0,292100000.0,3189900000.0,505600000.0,1.695,1.846,1174400000.0,0.0,1174400000.0,1174400000.0,253300000.0,164900000.0,0.0,0.018,1.82,675500000.0,840400000.0,0.188,840400000.0,675500000.0,635200000.0,4.35,4.23,4.35,1265600000.0,1179125000.0,1265600000.0,12939239871.0,19.0,15.397,583900000.0,5.047,1.0,1281500000.0,0.287,1683700000.0,40300000.0,2095500000.0,1921575000.0,0.0,0.0,0.0,0.0,2336500000.0,705200000.0,1631300000.0,11994939871.0,-60000000.0,-45300000.0,-330100000.0,-30000000.0,-197900000.0,-568500000.0,-120800000.0,0.0,636700000.0,-7600000.0,505600000.0,505600000.0,505600000.0,0.0,0.0,0.113,603500000.0,678000000.0,610500000.0,0.418,9.478,23.724,23.837,183400000.0,0.0,103.69,2.683,2.683,792800000.0,1959900000.0,4471400000.0,4471400000.0,0.0,0.148,0.429,0.352,0.151,62700000.0,603500000.0,1.0,115680778.0,115700000.0,118500000.0,38.646,1918400000.0,0.0,129600000.0,100900000.0,16.581,490200000.0
10,BR,MRT,2018-12-31,2018-12-31,2018-12-31,2021-08-12,-69200000.0,3357600000.0,3382175000.0,966400000.0,2391200000.0,1.277,9.653,-95600000.0,249800000.0,249800000.0,3145100000.0,442500000.0,1.616,1.991,1194100000.0,0.0,1194100000.0,1194100000.0,258000000.0,154800000.0,0.0,0.018,1.7,576200000.0,731000000.0,0.169,731000000.0,576200000.0,536900000.0,3.79,3.68,3.79,1122600000.0,1153175000.0,1122600000.0,12176236876.0,21.0,16.657,538300000.0,4.629,1.0,1173400000.0,0.272,1699700000.0,39300000.0,2004300000.0,1859425000.0,0.0,0.0,0.0,0.0,2234900000.0,597900000.0,1637000000.0,11237236876.0,-116700000.0,-78100000.0,-327700000.0,-30000000.0,-184400000.0,-547200000.0,-195900000.0,0.0,633900000.0,-7500000.0,442500000.0,442500000.0,442500000.0,0.0,0.0,0.102,598200000.0,575200000.0,509100000.0,0.449,10.01,25.395,25.396,187900000.0,0.0,96.25,2.602,2.592,607400000.0,1843800000.0,4318500000.0,4318500000.0,0.0,0.131,0.384,0.31,0.133,59800000.0,598200000.0,1.0,116750513.0,116300000.0,119100000.0,37.132,1657900000.0,0.0,94400000.0,74000000.0,14.255,368500000.0
11,BR,MRT,2018-09-30,2018-09-30,2018-09-30,2021-08-12,-63500000.0,3381700000.0,3355250000.0,967900000.0,2413800000.0,1.305,10.601,-95700000.0,204700000.0,204700000.0,3180400000.0,454700000.0,1.688,1.74,1143700000.0,0.0,1143700000.0,1143700000.0,240100000.0,142900000.0,0.0,0.012,1.58,614900000.0,757800000.0,0.173,757800000.0,614900000.0,576100000.0,3.89,3.78,3.89,1234000000.0,1141025000.0,1234000000.0,16138604862.0,26.0,21.297,595700000.0,5.118,1.0,1197500000.0,0.274,1728800000.0,38800000.0,2018600000.0,1824075000.0,0.0,0.0,0.0,0.0,2147700000.0,573300000.0,1574400000.0,15349104862.0,-84200000.0,-104600000.0,-218100000.0,-150000000.0,-170400000.0,-541800000.0,-224400000.0,0.0,691400000.0,-9200000.0,454700000.0,454700000.0,454700000.0,0.0,0.0,0.104,584700000.0,612800000.0,471800000.0,0.406,12.438,33.757,33.92,192500000.0,0.0,131.95,3.506,3.508,650100000.0,1850000000.0,4377900000.0,4377900000.0,0.0,0.136,0.399,0.337,0.14,57300000.0,584700000.0,1.0,116325160.0,116400000.0,119700000.0,37.611,1652900000.0,0.0,121400000.0,84200000.0,14.2,394600000.0
12,BR,MRT,2018-06-30,2018-06-30,2018-06-30,2021-08-12,-51900000.0,3304700000.0,3315950000.0,991100000.0,2313600000.0,1.306,9.369,-116700000.0,263900000.0,263900000.0,3167400000.0,427900000.0,1.275,2.02,1053400000.0,0.0,1053400000.0,1053400000.0,181500000.0,130600000.0,0.0,0.013,1.46,599600000.0,730200000.0,0.169,730200000.0,599600000.0,561000000.0,3.66,3.56,3.66,1094300000.0,1092000000.0,1094300000.0,14423578073.0,24.0,19.753,576900000.0,4.939,1.0,1162500000.0,0.268,1749000000.0,38600000.0,1567900000.0,1812300000.0,0.0,0.0,0.0,0.0,2210400000.0,777300000.0,1433100000.0,13572578073.0,-7200000.0,-108300000.0,-225100000.0,-50000000.0,-165800000.0,-449900000.0,-249300000.0,0.0,693600000.0,-1600000.0,427900000.0,427900000.0,427900000.0,0.0,0.0,0.099,564500000.0,598000000.0,671000000.0,0.399,12.403,31.719,31.448,204100000.0,0.0,115.1,3.135,3.105,615000000.0,1727000000.0,4329900000.0,4329900000.0,0.0,0.129,0.392,0.331,0.138,55100000.0,564500000.0,1.0,117919879.0,116800000.0,120400000.0,37.071,1555700000.0,0.0,133100000.0,57900000.0,13.319,213800000.0
13,BR,MRT,2018-03-31,2018-03-31,2018-03-31,2021-08-12,-34600000.0,3484700000.0,3277225000.0,1203000000.0,2281700000.0,1.329,9.938,-128500000.0,352100000.0,352100000.0,3206200000.0,408200000.0,1.568,1.999,1203100000.0,0.0,1203100000.0,1203100000.0,262900000.0,125000000.0,0.0,0.013,1.425,627300000.0,752300000.0,0.173,752300000.0,627300000.0,587800000.0,3.48,3.39,3.48,1161800000.0,1069375000.0,1161800000.0,13651997004.0,22.0,18.147,500100000.0,4.278,1.0,1149100000.0,0.264,1721500000.0,39500000.0,1846900000.0,1817875000.0,0.0,0.0,0.0,0.0,2323000000.0,767300000.0,1555700000.0,12795797004.0,82500000.0,-63600000.0,-106400000.0,-65000000.0,-161600000.0,-327000000.0,-223900000.0,4500000.0,628600000.0,4900000.0,408200000.0,408200000.0,408200000.0,0.0,0.0,0.094,517700000.0,631400000.0,147400000.0,0.409,11.014,31.347,31.52,197900000.0,0.0,109.69,2.938,2.944,714100000.0,1562600000.0,4355300000.0,4355300000.0,0.0,0.125,0.382,0.345,0.144,39000000.0,517700000.0,1.0,116654180.0,116900000.0,120900000.0,37.257,1763200000.0,0.0,179600000.0,42800000.0,15.083,435700000.0
14,BR,MRT,2017-12-31,2017-12-31,2017-12-31,2021-08-12,-38400000.0,3249900000.0,3216550000.0,1051200000.0,2198700000.0,1.334,9.211,-107600000.0,366500000.0,366500000.0,3177400000.0,375000000.0,1.794,2.026,1222700000.0,0.0,1222700000.0,1222700000.0,162600000.0,118400000.0,0.0,0.015,1.39,610100000.0,728500000.0,0.17,728500000.0,610100000.0,568800000.0,3.19,3.12,3.19,1074000000.0,1014500000.0,1074000000.0,11560925178.0,19.0,15.869,555600000.0,4.765,1.0,1114900000.0,0.26,1657200000.0,41300000.0,1862900000.0,1783100000.0,0.0,0.0,0.0,0.0,2175900000.0,586000000.0,1589900000.0,10557325178.0,130700000.0,-50500000.0,-213300000.0,15000000.0,-158600000.0,-346500000.0,-191300000.0,3000000.0,663200000.0,5300000.0,375000000.0,375000000.0,375000000.0,0.0,0.0,0.087,504600000.0,610300000.0,134300000.0,0.436,9.83,28.153,28.395,202500000.0,0.0,90.58,2.46,2.461,575100000.0,1496300000.0,4292300000.0,4292300000.0,0.0,0.117,0.37,0.342,0.142,29400000.0,504600000.0,1.0,116552497.0,116600000.0,120300000.0,36.812,1592700000.0,0.0,193800000.0,52500000.0,13.66,465200000.0
15,BR,MRT,2017-09-30,2017-09-30,2017-09-30,2021-08-12,-37100000.0,3224500000.0,3145900000.0,1034300000.0,2190200000.0,1.326,8.909,-107900000.0,288800000.0,288800000.0,3115900000.0,343000000.0,1.697,2.107,1292400000.0,0.0,1292400000.0,1292400000.0,196500000.0,113100000.0,0.0,0.017,1.355,552700000.0,665800000.0,0.16,665800000.0,552700000.0,511000000.0,2.91,2.85,2.91,1037900000.0,992450000.0,1037900000.0,10244543202.0,19.0,15.387,402100000.0,3.452,1.0,1056200000.0,0.253,1647200000.0,41700000.0,1971500000.0,1735850000.0,0.0,0.0,0.0,0.0,2186600000.0,609400000.0,1577200000.0,9413543202.0,61300000.0,-50400000.0,-283800000.0,165000000.0,-154600000.0,-261700000.0,-192100000.0,1600000.0,510000000.0,5100000.0,343000000.0,343000000.0,343000000.0,0.0,0.0,0.082,502900000.0,553300000.0,157300000.0,0.466,9.07,27.445,27.773,207600000.0,0.0,80.82,2.256,2.257,624400000.0,1477000000.0,4172100000.0,4172100000.0,0.0,0.109,0.346,0.318,0.132,26100000.0,502900000.0,1.0,116475417.0,116500000.0,119800000.0,35.812,1577300000.0,0.0,168000000.0,58200000.0,13.539,424900000.0
16,BR,MRT,2017-06-30,2017-06-30,2017-06-30,2021-08-12,-55800000.0,3149800000.0,3075350000.0,989600000.0,2160200000.0,1.347,8.507,-175400000.0,271100000.0,271100000.0,3107900000.0,326800000.0,1.329,2.138,1102100000.0,0.0,1102100000.0,1102100000.0,156700000.0,109600000.0,0.0,0.017,1.32,530900000.0,640500000.0,0.155,640500000.0,530900000.0,488200000.0,2.77,2.7,2.77,1003800000.0,995800000.0,1003800000.0,9881298743.0,19.0,15.427,340500000.0,2.886,1.0,1034700000.0,0.25,1645700000.0,42700000.0,1590200000.0,1635600000.0,0.0,0.0,0.0,0.0,2146000000.0,744900000.0,1401100000.0,8884198743.0,-456700000.0,-448700000.0,-281900000.0,85000000.0,-152200000.0,-311700000.0,-659300000.0,0.0,515900000.0,-1600000.0,326800000.0,326800000.0,326800000.0,0.0,0.0,0.079,500700000.0,534000000.0,167200000.0,0.477,8.851,27.185,27.278,198100000.0,0.0,75.56,2.145,2.152,589500000.0,1469400000.0,4142600000.0,4142600000.0,0.0,0.106,0.328,0.325,0.128,5500000.0,500700000.0,1.0,117578067.0,118000000.0,120800000.0,35.107,1504100000.0,0.0,161400000.0,82000000.0,12.747,244700000.0
17,BR,MRT,2017-03-31,2017-03-31,2017-03-31,2021-08-12,-60500000.0,3242000000.0,3006075000.0,1118200000.0,2123800000.0,1.255,7.999,-156300000.0,269500000.0,269500000.0,2785700000.0,309800000.0,1.262,2.441,1266600000.0,125000000.0,1141600000.0,1266600000.0,280000000.0,111300000.0,0.0,0.019,1.29,504500000.0,615800000.0,0.163,615800000.0,504500000.0,466200000.0,2.61,2.56,2.61,942300000.0,1006225000.0,942300000.0,9007157598.0,18.0,14.627,282400000.0,2.397,1.0,985600000.0,0.261,1645400000.0,38300000.0,1707800000.0,1552550000.0,0.0,0.0,0.0,0.0,2299700000.0,885900000.0,1413800000.0,8036857598.0,-84900000.0,-485700000.0,-186200000.0,452900000.0,-148800000.0,142600000.0,-671700000.0,-1200000.0,438700000.0,5600000.0,309800000.0,309800000.0,309800000.0,0.0,0.0,0.082,480700000.0,504900000.0,191900000.0,0.494,8.529,25.942,26.034,169500000.0,0.0,67.95,2.131,2.122,661200000.0,1320800000.0,3771300000.0,3771300000.0,0.0,0.103,0.308,0.325,0.134,4100000.0,480700000.0,1.0,118276050.0,117800000.0,120700000.0,32.014,1596600000.0,0.0,156400000.0,70700000.0,13.553,232300000.0
18,BR,MRT,2016-12-31,2016-12-31,2016-12-31,2021-08-12,-60900000.0,2967300000.0,2826575000.0,899400000.0,2067900000.0,1.221,8.305,-138900000.0,235700000.0,235700000.0,2498500000.0,297600000.0,1.409,2.01,1206000000.0,124900000.0,1081100000.0,1206000000.0,150100000.0,105000000.0,0.0,0.019,1.26,487300000.0,592300000.0,0.172,592300000.0,487300000.0,453300000.0,2.51,2.45,2.51,985800000.0,996300000.0,985800000.0,8793344814.0,18.0,14.846,250700000.0,2.112,1.0,952700000.0,0.276,1625500000.0,34000000.0,1673900000.0,1438825000.0,0.0,0.0,0.0,0.0,1981500000.0,638200000.0,1343300000.0,7894844814.0,-69300000.0,-468100000.0,-162600000.0,457900000.0,-144800000.0,176300000.0,-638300000.0,-1200000.0,389600000.0,3200000.0,297600000.0,297600000.0,297600000.0,0.0,0.0,0.086,456900000.0,495800000.0,140600000.0,0.502,8.009,26.528,26.414,145500000.0,0.0,66.3,2.288,2.28,515500000.0,1283500000.0,3451200000.0,3451200000.0,0.0,0.105,0.299,0.339,0.141,5900000.0,456900000.0,1.0,119077599.0,118700000.0,121500000.0,29.075,1341800000.0,0.0,155700000.0,72800000.0,11.304,261200000.0
19,BR,MRT,2016-09-30,2016-09-30,2016-09-30,2021-08-12,-48900000.0,2942300000.0,2673150000.0,885800000.0,2056500000.0,1.196,8.872,-140000000.0,227400000.0,227400000.0,2255200000.0,307700000.0,1.38,1.799,1125900000.0,124900000.0,1001000000.0,1125900000.0,144000000.0,97300000.0,0.0,0.018,1.23,498700000.0,596000000.0,0.186,596000000.0,498700000.0,468900000.0,2.6,2.53,2.6,1051300000.0,985225000.0,1051300000.0,8312855248.0,17.0,13.948,234900000.0,1.982,1.0,942300000.0,0.295,1628500000.0,29800000.0,1570500000.0,1322350000.0,0.0,0.0,0.0,0.0,1891000000.0,641800000.0,1249200000.0,8018055248.0,-58800000.0,-455000000.0,-93700000.0,397900000.0,-141700000.0,191000000.0,-627200000.0,-1300000.0,374900000.0,2400000.0,307700000.0,307700000.0,307700000.0,0.0,0.0,0.096,435100000.0,507200000.0,134100000.0,0.473,7.627,26.058,26.073,130700000.0,0.0,67.79,2.508,2.512,499400000.0,1292400000.0,3197500000.0,3197500000.0,0.0,0.115,0.312,0.377,0.156,2100000.0,435100000.0,1.0,118277847.0,118500000.0,121600000.0,26.983,1313800000.0,0.0,161200000.0,61400000.0,11.087,244000000.0
20,BR,MRT,2016-06-30,2016-06-30,2016-06-30,2021-08-12,-38200000.0,2872700000.0,2512450000.0,1289100000.0,1583600000.0,1.153,8.838,-57700000.0,727700000.0,727700000.0,1975900000.0,307500000.0,1.86,1.748,1015500000.0,124800000.0,890700000.0,1015500000.0,153000000.0,89200000.0,0.0,0.018,1.2,494600000.0,583800000.0,0.202,583800000.0,494600000.0,468900000.0,2.6,2.53,2.6,1045500000.0,953450000.0,1045500000.0,8172739777.0,17.0,13.999,380000000.0,3.212,1.0,921100000.0,0.318,1209600000.0,25700000.0,1258000000.0,1223850000.0,0.0,0.0,0.0,0.0,1827300000.0,692900000.0,1134400000.0,7707639777.0,403700000.0,-53000000.0,-95000000.0,332900000.0,-138200000.0,108600000.0,-136900000.0,0.0,437700000.0,-5700000.0,307500000.0,307500000.0,307500000.0,0.0,0.0,0.106,420900000.0,500200000.0,133200000.0,0.462,7.372,25.065,25.077,112200000.0,0.0,65.2,2.661,2.662,453400000.0,1297800000.0,2897000000.0,2897000000.0,0.0,0.122,0.323,0.404,0.171,21800000.0,420900000.0,1.0,118215334.0,118300000.0,121600000.0,24.489,1663100000.0,0.0,161400000.0,61600000.0,14.058,596200000.0
21,BR,MRT,2016-03-31,2016-03-31,2016-03-31,2021-08-12,-47700000.0,2524000000.0,2386300000.0,1003800000.0,1520200000.0,1.195,7.636,-70500000.0,354400000.0,354400000.0,1944700000.0,303300000.0,1.727,1.796,819500000.0,0.0,819500000.0,819500000.0,242300000.0,60300000.0,0.0,0.02,1.17,503400000.0,563700000.0,0.198,563700000.0,503400000.0,461700000.0,2.54,2.48,2.54,902600000.0,924025000.0,902600000.0,7497437245.0,15.0,13.3,365400000.0,3.091,1.0,907300000.0,0.318,1154900000.0,41700000.0,1252900000.0,1173925000.0,0.0,0.0,0.0,0.0,1621500000.0,581300000.0,1040200000.0,7048037245.0,44400000.0,-153400000.0,-209900000.0,190000000.0,-135200000.0,-125900000.0,-253600000.0,-5300000.0,435900000.0,-12100000.0,303300000.0,303300000.0,303300000.0,0.0,0.0,0.106,415800000.0,491500000.0,123800000.0,0.461,7.809,23.238,23.35,108200000.0,0.0,59.31,2.471,2.458,503800000.0,1163200000.0,2852000000.0,2852000000.0,0.0,0.127,0.328,0.429,0.177,13000000.0,415800000.0,1.0,118833877.0,118200000.0,121700000.0,24.129,1369100000.0,0.0,158400000.0,41400000.0,11.583,422500000.0
22,BR,MRT,2015-12-31,2015-12-31,2015-12-31,2021-08-12,-38000000.0,2353600000.0,2325600000.0,828200000.0,1525400000.0,1.203,7.945,-65100000.0,305100000.0,305100000.0,1910800000.0,293600000.0,1.933,1.5,754500000.0,0.0,754500000.0,754500000.0,147900000.0,66500000.0,0.0,0.021,1.14,485400000.0,551900000.0,0.197,551900000.0,485400000.0,450200000.0,2.45,2.39,2.45,941500000.0,923050000.0,941500000.0,6819733034.0,14.0,12.357,338100000.0,2.853,1.0,886600000.0,0.317,1166600000.0,35200000.0,1208000000.0,1121600000.0,0.0,0.0,0.0,0.0,1412000000.0,428400000.0,983600000.0,6371633034.0,-9000000.0,-184600000.0,-243700000.0,230000000.0,-132100000.0,-111400000.0,-277500000.0,-5800000.0,403200000.0,-23400000.0,293600000.0,293600000.0,293600000.0,0.0,0.0,0.105,406700000.0,479900000.0,113000000.0,0.465,6.768,21.702,21.931,106000000.0,0.0,53.73,2.278,2.276,409800000.0,1134800000.0,2797400000.0,2797400000.0,0.0,0.126,0.318,0.433,0.174,5800000.0,406700000.0,1.0,118586135.0,118500000.0,122000000.0,23.607,1187000000.0,0.0,156600000.0,47600000.0,10.017,399800000.0
23,BR,MRT,2015-09-30,2015-09-30,2015-09-30,2021-08-12,-32900000.0,2299500000.0,2262150000.0,795500000.0,1504000000.0,1.208,7.812,-59200000.0,286300000.0,286300000.0,1860300000.0,288100000.0,1.926,1.488,734400000.0,0.0,734400000.0,734400000.0,153600000.0,72600000.0,0.0,0.02,1.11,469300000.0,541900000.0,0.198,541900000.0,469300000.0,440500000.0,2.4,2.34,2.4,924200000.0,933350000.0,924200000.0,6911702469.0,15.0,12.755,330500000.0,2.794,1.0,872800000.0,0.319,1158100000.0,28800000.0,1176500000.0,1057425000.0,0.0,0.0,0.0,0.0,1375300000.0,413000000.0,962300000.0,6546402469.0,-45000000.0,-202900000.0,-239800000.0,210000000.0,-129100000.0,-123000000.0,-285300000.0,-6000000.0,389700000.0,-26400000.0,288100000.0,288100000.0,288100000.0,0.0,0.0,0.105,404000000.0,468800000.0,111700000.0,0.463,7.083,22.723,23.062,100400000.0,0.0,55.35,2.395,2.396,410800000.0,1130100000.0,2733100000.0,2733100000.0,0.0,0.127,0.309,0.444,0.172,2500000.0,404000000.0,1.0,118272854.0,118300000.0,121700000.0,23.103,1141400000.0,0.0,152400000.0,52700000.0,9.648,382500000.0
24,BR,MRT,2015-06-30,2015-06-30,2015-06-30,2021-08-12,-20900000.0,2368100000.0,2206925000.0,861400000.0,1506700000.0,1.221,7.738,-50300000.0,324100000.0,324100000.0,1828200000.0,287100000.0,1.693,1.552,689400000.0,0.0,689400000.0,689400000.0,147800000.0,79000000.0,0.0,0.022,1.08,461500000.0,540500000.0,0.201,540500000.0,461500000.0,438900000.0,2.39,2.32,2.39,927800000.0,945050000.0,927800000.0,6314142449.0,14.0,11.682,381100000.0,3.178,1.0,866000000.0,0.321,1166200000.0,22600000.0,1058300000.0,995975000.0,0.0,0.0,0.0,0.0,1440300000.0,508900000.0,931400000.0,5994942449.0,-23500000.0,-202900000.0,-239600000.0,165000000.0,-122300000.0,-158300000.0,-276400000.0,-7500000.0,431400000.0,-20200000.0,287100000.0,287100000.0,287100000.0,0.0,0.0,0.107,399100000.0,466900000.0,115900000.0,0.452,6.461,20.881,20.925,97300000.0,0.0,50.01,2.225,2.226,444500000.0,1132000000.0,2694200000.0,2694200000.0,0.0,0.13,0.304,0.463,0.171,-1900000.0,399100000.0,1.0,119874874.0,119900000.0,124000000.0,22.47,1201900000.0,0.0,151800000.0,61700000.0,10.024,352500000.0
25,BR,MRT,2015-03-31,2015-03-31,2015-03-31,2021-08-12,-22200000.0,2281200000.0,2162925000.0,932000000.0,1349200000.0,1.225,7.452,-19500000.0,310100000.0,310100000.0,1824300000.0,261400000.0,1.756,1.538,629300000.0,0.0,629300000.0,629300000.0,235200000.0,103000000.0,0.0,0.019,1.02,390100000.0,493100000.0,0.186,493100000.0,390100000.0,390100000.0,2.18,2.1,2.18,898700000.0,953525000.0,898700000.0,6858887823.0,18.0,13.91,337400000.0,2.798,1.0,826200000.0,0.312,1026100000.0,0.0,1043600000.0,955925000.0,0.0,0.0,0.0,0.0,1382500000.0,530700000.0,851800000.0,6648687823.0,65700000.0,-64700000.0,-185100000.0,105000000.0,-115300000.0,-160800000.0,-110500000.0,-5500000.0,356900000.0,-19900000.0,261400000.0,261400000.0,261400000.0,0.0,0.0,0.099,391700000.0,434500000.0,117900000.0,0.468,7.398,25.435,25.234,81400000.0,0.0,55.01,2.508,2.503,486400000.0,998000000.0,2650500000.0,2650500000.0,0.0,0.121,0.274,0.408,0.147,3000000.0,409600000.0,1.0,120863258.0,120600000.0,125000000.0,21.978,1255100000.0,0.0,128700000.0,44100000.0,10.407,401300000.0
26,BR,MRT,2014-12-31,2014-12-31,2014-12-31,2021-08-12,-5500000.0,2099800000.0,2125100000.0,780400000.0,1319400000.0,1.234,8.176,-23400000.0,314100000.0,314100000.0,1799300000.0,258200000.0,2.17,1.137,524300000.0,0.0,524300000.0,524300000.0,135500000.0,101800000.0,0.0,0.021,0.96,385100000.0,486900000.0,0.186,486900000.0,385100000.0,385100000.0,2.15,2.08,2.15,982700000.0,953575000.0,982700000.0,5735208355.0,15.0,11.779,344200000.0,2.864,1.0,823300000.0,0.314,999000000.0,0.0,951300000.0,926075000.0,0.0,0.0,0.0,0.0,1117100000.0,359700000.0,757400000.0,5542308355.0,73800000.0,-90800000.0,-74000000.0,0.0,-107800000.0,-153000000.0,-132700000.0,-3500000.0,367600000.0,-8100000.0,258200000.0,258200000.0,258200000.0,0.0,0.0,0.098,400900000.0,422400000.0,93500000.0,0.447,5.64,21.465,21.479,82200000.0,0.0,46.18,2.113,2.117,366600000.0,976200000.0,2622600000.0,2622600000.0,0.0,0.122,0.271,0.416,0.147,8800000.0,412600000.0,1.0,120015339.0,120200000.0,124400000.0,21.819,1100800000.0,0.0,126900000.0,51000000.0,9.158,420700000.0
27,BR,MRT,2014-09-30,2014-09-30,2014-09-30,2021-08-12,5700000.0,2078600000.0,2084900000.0,775600000.0,1303000000.0,1.232,8.105,-33000000.0,331300000.0,331300000.0,1770400000.0,251100000.0,2.131,1.141,524200000.0,0.0,524200000.0,524200000.0,125300000.0,99700000.0,0.0,0.022,0.9,376200000.0,475900000.0,0.185,475900000.0,376200000.0,376200000.0,2.09,2.02,2.09,971000000.0,922275000.0,971000000.0,5152715282.0,14.0,10.827,377200000.0,3.149,1.0,798200000.0,0.311,976800000.0,0.0,930700000.0,924525000.0,0.0,0.0,0.0,0.0,1107600000.0,364000000.0,743600000.0,4976215282.0,148200000.0,-59200000.0,-77900000.0,0.0,-100400000.0,-153200000.0,-108500000.0,-1800000.0,410200000.0,-300000.0,251100000.0,251100000.0,251100000.0,0.0,0.0,0.098,392200000.0,406000000.0,108900000.0,0.431,5.125,19.818,19.919,84500000.0,0.0,41.63,1.937,1.942,361100000.0,974000000.0,2568600000.0,2568600000.0,0.0,0.12,0.272,0.407,0.146,11200000.0,397100000.0,1.0,119534357.0,119800000.0,123900000.0,21.441,1101800000.0,0.0,125100000.0,55900000.0,9.197,411600000.0
28,BR,MRT,2014-06-30,2014-06-30,2014-06-30,2021-08-12,10300000.0,2192100000.0,2042050000.0,880600000.0,1311500000.0,1.253,8.041,-40300000.0,347600000.0,347600000.0,1761400000.0,263000000.0,1.818,1.279,524100000.0,0.0,524100000.0,524100000.0,120500000.0,97400000.0,0.0,0.02,0.84,395500000.0,492900000.0,0.193,492900000.0,395500000.0,395500000.0,2.2,2.12,2.2,961700000.0,889025000.0,961700000.0,5304412874.0,13.0,10.762,347400000.0,2.905,1.0,796600000.0,0.311,986100000.0,0.0,898100000.0,935700000.0,0.0,0.0,0.0,0.0,1230400000.0,484400000.0,746000000.0,5024712874.0,81600000.0,-96900000.0,-80200000.0,-500000.0,-96700000.0,-158900000.0,-150300000.0,0.0,387700000.0,3100000.0,263000000.0,263000000.0,263000000.0,0.0,0.0,0.103,378400000.0,418200000.0,116300000.0,0.382,5.225,19.105,18.927,88300000.0,0.0,41.64,1.964,1.947,424800000.0,973900000.0,2558000000.0,2558000000.0,0.0,0.129,0.296,0.423,0.155,11800000.0,378400000.0,1.0,120670338.0,119600000.0,124100000.0,21.388,1206000000.0,0.0,132500000.0,62400000.0,10.084,396200000.0
29,BR,MRT,2014-03-31,2014-03-31,2014-03-31,2021-08-12,7800000.0,2129900000.0,1998575000.0,814200000.0,1315700000.0,1.27,7.51,-59000000.0,244400000.0,244400000.0,1774200000.0,257400000.0,1.649,1.369,524100000.0,0.0,524100000.0,524100000.0,205600000.0,94300000.0,0.0,0.022,0.81,391100000.0,485400000.0,0.191,485400000.0,391100000.0,391100000.0,2.13,2.06,2.13,898900000.0,852600000.0,898900000.0,4719961636.0,12.0,9.724,327000000.0,2.732,1.0,763000000.0,0.301,991700000.0,0.0,924200000.0,938225000.0,0.0,0.0,0.0,0.0,1231000000.0,493700000.0,737300000.0,4436161636.0,62200000.0,-97100000.0,-81700000.0,-500000.0,-93100000.0,-166900000.0,-157200000.0,0.0,386000000.0,300000.0,257400000.0,257400000.0,257400000.0,0.0,0.0,0.101,371900000.0,391100000.0,124800000.0,0.38,4.935,17.235,17.437,87200000.0,0.0,37.14,1.748,1.752,426300000.0,858900000.0,2537200000.0,2537200000.0,0.0,0.129,0.302,0.417,0.154,20800000.0,349600000.0,1.0,119444309.0,119700000.0,124800000.0,21.196,1138200000.0,0.0,133700000.0,58200000.0,9.509,320500000.0
30,BR,MRT,2013-12-31,2013-12-31,2013-12-31,2021-08-12,8100000.0,1939000000.0,1946575000.0,687200000.0,1251800000.0,1.288,7.194,-62700000.0,240300000.0,240300000.0,1772800000.0,250000000.0,1.998,1.261,524100000.0,0.0,524100000.0,524100000.0,108100000.0,91500000.0,0.0,0.02,0.78,381900000.0,473400000.0,0.189,473400000.0,381900000.0,381900000.0,2.07,2.0,2.07,857500000.0,820625000.0,857500000.0,5051015756.0,13.0,10.67,225600000.0,1.893,1.0,734800000.0,0.293,933800000.0,0.0,945100000.0,936000000.0,0.0,0.0,0.0,0.0,1081500000.0,343900000.0,737600000.0,4710115756.0,-18800000.0,-37700000.0,-118800000.0,-500000.0,-90000000.0,-205300000.0,-101500000.0,0.0,288300000.0,-300000.0,250000000.0,250000000.0,250000000.0,0.0,0.0,0.1,352900000.0,381900000.0,96600000.0,0.377,5.493,18.84,19.092,87000000.0,0.0,39.52,1.878,1.879,336000000.0,833200000.0,2507600000.0,2507600000.0,0.0,0.128,0.305,0.408,0.152,22900000.0,333000000.0,1.0,119183091.0,119200000.0,124100000.0,21.037,1005200000.0,0.0,131900000.0,64400000.0,8.433,343300000.0
31,BR,MRT,2013-09-30,2013-09-30,2013-09-30,2021-08-12,2500000.0,1907200000.0,1925875000.0,656600000.0,1250600000.0,1.288,7.036,-56100000.0,183100000.0,183100000.0,1775300000.0,238200000.0,1.942,1.276,524000000.0,0.0,524000000.0,524000000.0,99400000.0,91900000.0,0.0,0.024,0.75,363900000.0,455800000.0,0.184,455800000.0,363900000.0,363900000.0,1.97,1.91,1.97,838000000.0,802100000.0,838000000.0,4038883441.0,11.0,8.861,225000000.0,1.889,1.0,704900000.0,0.284,934600000.0,0.0,975400000.0,916650000.0,0.0,0.0,0.0,0.0,1069200000.0,338100000.0,731100000.0,3780383441.0,-28700000.0,-37700000.0,-127900000.0,-500000.0,-87000000.0,-213600000.0,-94900000.0,0.0,281100000.0,-1300000.0,238200000.0,238200000.0,238200000.0,0.0,0.0,0.096,341000000.0,363900000.0,110500000.0,0.381,4.511,15.871,16.117,82100000.0,0.0,31.75,1.524,1.525,372200000.0,831100000.0,2480200000.0,2480200000.0,0.0,0.124,0.297,0.397,0.147,22600000.0,324200000.0,1.0,119067195.0,119100000.0,123100000.0,20.825,972600000.0,0.0,125700000.0,69300000.0,8.166,318500000.0
32,BR,MRT,2013-06-30,2013-06-30,2013-06-30,2021-08-12,4200000.0,2018200000.0,1906700000.0,807000000.0,1211200000.0,1.275,6.694,-50900000.0,266000000.0,266000000.0,1767800000.0,212100000.0,1.719,1.473,524500000.0,0.0,524500000.0,524500000.0,89400000.0,93400000.0,0.0,0.027,0.72,323200000.0,416600000.0,0.171,416600000.0,323200000.0,323200000.0,1.74,1.69,1.74,816000000.0,789975000.0,816000000.0,3564450825.0,11.0,8.556,220000000.0,1.805,1.0,663000000.0,0.273,899000000.0,0.0,908200000.0,900925000.0,0.0,0.0,0.0,0.0,1202200000.0,469500000.0,732700000.0,3222150825.0,-54500000.0,0.0,-192200000.0,0.0,-85800000.0,-273200000.0,-52000000.0,0.0,270900000.0,-200000.0,212100000.0,212100000.0,212100000.0,0.0,0.0,0.087,339800000.0,323200000.0,143100000.0,0.414,3.949,15.192,15.276,80900000.0,0.0,26.58,1.326,1.333,442400000.0,811300000.0,2430800000.0,2430800000.0,0.0,0.111,0.268,0.359,0.133,22500000.0,323600000.0,1.0,121224636.0,121900000.0,125400000.0,19.941,1119200000.0,0.0,111100000.0,71200000.0,9.181,337500000.0
33,BR,MRT,2013-03-31,2013-03-31,2013-03-31,2021-08-12,2800000.0,1921900000.0,1899050000.0,711300000.0,1210600000.0,1.246,6.361,-49900000.0,182200000.0,182200000.0,1732700000.0,160900000.0,1.583,1.493,524500000.0,0.0,524500000.0,524500000.0,170500000.0,94400000.0,0.0,0.028,0.7,256300000.0,350700000.0,0.148,350700000.0,256300000.0,256300000.0,1.31,1.27,1.31,771000000.0,798600000.0,771000000.0,3292180734.0,13.0,9.387,204000000.0,1.683,1.0,633300000.0,0.268,899700000.0,0.0,915300000.0,888350000.0,0.0,0.0,0.0,0.0,1150900000.0,449200000.0,701700000.0,3026880734.0,-36600000.0,0.0,-120600000.0,-40000000.0,-84100000.0,-243900000.0,-43400000.0,0.0,253900000.0,-3200000.0,160900000.0,160900000.0,160900000.0,0.0,0.0,0.068,377000000.0,256300000.0,130200000.0,0.534,3.926,18.812,18.962,80900000.0,0.0,24.84,1.279,1.272,412200000.0,698100000.0,2366000000.0,2366000000.0,0.0,0.085,0.201,0.289,0.108,23700000.0,320200000.0,1.0,121855102.0,121200000.0,125000000.0,19.521,1022200000.0,0.0,95400000.0,53500000.0,8.434,262100000.0
34,BR,MRT,2012-12-31,2012-12-31,2012-12-31,2021-08-12,9200000.0,1856200000.0,1922150000.0,653600000.0,1202600000.0,1.215,6.421,-44100000.0,259100000.0,259100000.0,1727300000.0,134200000.0,1.898,1.369,524400000.0,0.0,524400000.0,524400000.0,90100000.0,96900000.0,0.0,0.03,0.68,216000000.0,312900000.0,0.134,312900000.0,216000000.0,216000000.0,1.09,1.05,1.09,783400000.0,806050000.0,783400000.0,3109112896.0,14.0,9.936,225500000.0,1.848,1.0,609000000.0,0.261,909400000.0,0.0,867700000.0,904075000.0,0.0,0.0,0.0,0.0,1072800000.0,344400000.0,728400000.0,2796512896.0,20900000.0,-100000.0,-81900000.0,-70000000.0,-62300000.0,-213400000.0,-35600000.0,2100000.0,269600000.0,300000.0,134200000.0,134200000.0,134200000.0,1400000.0,0.0,0.057,391600000.0,217400000.0,97700000.0,0.624,3.57,20.838,20.991,76500000.0,0.0,22.88,1.197,1.195,305200000.0,676300000.0,2336300000.0,2336300000.0,0.0,0.07,0.166,0.239,0.092,22300000.0,311800000.0,1.0,122225214.0,122000000.0,125500000.0,19.15,946800000.0,0.0,81800000.0,56300000.0,7.761,309200000.0
35,BR,MRT,2012-09-30,2012-09-30,2012-09-30,2021-08-12,8300000.0,1830500000.0,1932325000.0,620900000.0,1209600000.0,1.202,6.367,-48200000.0,211800000.0,211800000.0,1722300000.0,125200000.0,1.98,1.319,524400000.0,0.0,524400000.0,524400000.0,87500000.0,95800000.0,0.0,0.028,0.66,201900000.0,297700000.0,0.128,297700000.0,201900000.0,201900000.0,1.01,0.97,1.01,789500000.0,806150000.0,789500000.0,3117903508.0,15.0,10.473,197100000.0,1.59,1.0,600600000.0,0.259,917000000.0,0.0,912500000.0,937650000.0,0.0,0.0,0.0,0.0,1041000000.0,313600000.0,727400000.0,2914003508.0,-41000000.0,300000.0,-71800000.0,-90000000.0,-79900000.0,-242500000.0,-39300000.0,2100000.0,245300000.0,-4500000.0,125200000.0,125200000.0,125200000.0,1400000.0,0.0,0.054,397300000.0,203300000.0,88900000.0,0.653,3.691,23.275,23.099,76300000.0,0.0,23.33,1.254,1.245,321400000.0,682500000.0,2322900000.0,2322900000.0,0.0,0.065,0.155,0.215,0.087,22700000.0,308100000.0,1.0,124903708.0,124000000.0,127100000.0,18.733,913500000.0,0.0,76700000.0,61100000.0,7.367,307300000.0
36,BR,MRT,2012-06-30,2012-06-30,2012-06-30,2021-08-12,3500000.0,1987600000.0,1956500000.0,777400000.0,1210200000.0,1.177,6.853,-46700000.0,320500000.0,320500000.0,1715100000.0,123600000.0,1.895,1.337,524400000.0,0.0,524400000.0,524400000.0,85800000.0,92000000.0,0.0,0.03,0.64,199500000.0,291500000.0,0.127,291500000.0,199500000.0,199500000.0,1.0,0.97,1.0,850500000.0,806900000.0,850500000.0,3002020479.0,15.0,10.299,237500000.0,1.914,1.0,588400000.0,0.255,923300000.0,0.0,857900000.0,968725000.0,0.0,0.0,0.0,0.0,1137100000.0,410300000.0,726800000.0,2656520479.0,79000000.0,-72400000.0,-8000000.0,0.0,-78100000.0,-88700000.0,-110500000.0,2100000.0,284200000.0,-6000000.0,123600000.0,123600000.0,123600000.0,1400000.0,0.0,0.054,387500000.0,200900000.0,102200000.0,0.64,3.123,21.493,21.27,79000000.0,0.0,21.27,1.153,1.146,370700000.0,686100000.0,2303500000.0,2303500000.0,0.0,0.063,0.153,0.206,0.087,24400000.0,299900000.0,1.0,124895180.0,124100000.0,127500000.0,18.562,1064300000.0,0.0,75900000.0,63200000.0,8.576,367100000.0
37,BR,MRT,2012-03-31,2012-03-31,2012-03-31,2021-08-12,11600000.0,2014300000.0,1935600000.0,749600000.0,1264700000.0,1.178,6.458,-49700000.0,218800000.0,218800000.0,1703500000.0,156400000.0,1.71,1.515,564300000.0,0.0,564300000.0,564300000.0,174900000.0,89500000.0,0.0,0.026,0.63,246300000.0,335800000.0,0.147,335800000.0,246300000.0,246300000.0,1.26,1.21,1.26,800800000.0,793600000.0,800800000.0,3321783975.0,13.0,9.892,213200000.0,1.719,1.0,575800000.0,0.253,943300000.0,0.0,978200000.0,884575000.0,0.0,0.0,0.0,0.0,1213500000.0,438300000.0,775200000.0,2965683975.0,67500000.0,-72600000.0,3300000.0,0.0,-76600000.0,-74600000.0,-120200000.0,2100000.0,262900000.0,-600000.0,156400000.0,156400000.0,156400000.0,500000.0,0.0,0.069,329000000.0,246800000.0,107100000.0,0.5,3.703,18.962,18.976,78500000.0,0.0,23.91,1.301,1.301,388500000.0,622700000.0,2279300000.0,2279300000.0,0.0,0.081,0.197,0.278,0.108,24900000.0,283500000.0,1.0,124035298.0,124000000.0,128400000.0,18.381,1071000000.0,0.0,89900000.0,65200000.0,8.637,311300000.0
38,BR,MRT,2011-12-31,2011-12-31,2011-12-31,2021-08-12,6300000.0,1896900000.0,1895375000.0,634900000.0,1262000000.0,1.192,6.336,-52600000.0,238200000.0,238200000.0,1689300000.0,169400000.0,2.111,1.42,594300000.0,0.0,594300000.0,594300000.0,90900000.0,83600000.0,0.0,0.027,0.62,267100000.0,350700000.0,0.155,350700000.0,267100000.0,267100000.0,1.36,1.31,1.36,783800000.0,766475000.0,783800000.0,3160285876.0,12.0,9.011,210300000.0,1.7,1.0,570100000.0,0.252,950200000.0,0.0,1002000000.0,772975000.0,0.0,0.0,0.0,0.0,1113100000.0,300800000.0,812300000.0,2798785876.0,50400000.0,-270100000.0,-63000000.0,270000000.0,-95200000.0,110800000.0,-322700000.0,0.0,262900000.0,-600000.0,169400000.0,169400000.0,169400000.0,2000000.0,0.0,0.075,301000000.0,269100000.0,92600000.0,0.456,3.571,16.522,16.581,78500000.0,0.0,22.55,1.239,1.235,296600000.0,625800000.0,2259400000.0,2259400000.0,0.0,0.089,0.221,0.346,0.118,26900000.0,279800000.0,1.0,124114673.0,123700000.0,127200000.0,18.265,946700000.0,0.0,97700000.0,63400000.0,7.653,334100000.0
39,BR,MRT,2011-09-30,2011-09-30,2011-09-30,2021-08-12,11700000.0,1927200000.0,1799900000.0,685300000.0,1241900000.0,1.234,6.407,-46800000.0,252800000.0,252800000.0,1663300000.0,173000000.0,2.334,1.432,614300000.0,0.0,614300000.0,614300000.0,89200000.0,77400000.0,0.0,0.03,0.61,272800000.0,350200000.0,0.158,350200000.0,272800000.0,272800000.0,1.39,1.34,1.39,792500000.0,752700000.0,792500000.0,2771171437.0,10.0,7.913,203800000.0,1.648,1.0,558600000.0,0.251,958300000.0,0.0,1036800000.0,700225000.0,0.0,0.0,0.0,0.0,1134700000.0,293600000.0,841100000.0,2488371437.0,72100000.0,-288800000.0,-65500000.0,290000000.0,-74500000.0,151800000.0,-335600000.0,0.0,250600000.0,5300000.0,173000000.0,173000000.0,173000000.0,2200000.0,0.0,0.078,283600000.0,275000000.0,93500000.0,0.439,3.14,14.384,14.489,78900000.0,0.0,20.14,1.12,1.121,328500000.0,639100000.0,2221900000.0,2221900000.0,0.0,0.096,0.23,0.39,0.123,27100000.0,273200000.0,1.0,123553696.0,123700000.0,126700000.0,17.962,968900000.0,0.0,99800000.0,68000000.0,7.833,391700000.0
40,BR,MRT,2011-06-30,2011-06-30,2011-06-30,2021-08-12,16100000.0,1904000000.0,1697925000.0,751400000.0,1152600000.0,1.276,6.389,-47300000.0,241500000.0,241500000.0,1617100000.0,169600000.0,0.96,1.388,524300000.0,400000000.0,124300000.0,524300000.0,80700000.0,72300000.0,0.0,0.025,0.6,267500000.0,339800000.0,0.157,339800000.0,267500000.0,267500000.0,1.36,1.32,1.36,797300000.0,735725000.0,797300000.0,3382303686.0,13.0,9.954,167000000.0,1.338,1.0,549800000.0,0.254,882800000.0,0.0,521300000.0,626125000.0,0.0,0.0,0.0,0.0,1106700000.0,782700000.0,324000000.0,2969403686.0,-171100000.0,-293500000.0,-174300000.0,200000000.0,-74800000.0,-52500000.0,-340800000.0,0.0,214300000.0,7900000.0,169600000.0,169600000.0,169600000.0,2200000.0,0.0,0.078,280100000.0,269700000.0,119000000.0,0.441,3.724,17.508,17.699,83100000.0,0.0,24.07,1.37,1.386,406600000.0,642200000.0,2166900000.0,2166900000.0,0.0,0.1,0.231,0.427,0.123,27900000.0,270000000.0,1.0,123365338.0,124800000.0,128300000.0,17.363,1021200000.0,0.0,97900000.0,71300000.0,8.183,-31300000.0
41,BR,MRT,2011-03-31,2011-03-31,2011-03-31,2021-08-12,18900000.0,1853400000.0,1670525000.0,705600000.0,1147800000.0,1.282,5.574,-54100000.0,151300000.0,151300000.0,1597100000.0,158500000.0,0.825,1.677,564200000.0,440000000.0,124200000.0,564200000.0,151000000.0,65800000.0,0.0,0.026,0.59,257000000.0,322800000.0,0.151,322800000.0,257000000.0,257000000.0,1.21,1.17,1.21,692300000.0,738175000.0,692300000.0,2979590009.0,12.0,9.23,291900000.0,2.35,1.0,544200000.0,0.254,879400000.0,0.0,531800000.0,661775000.0,0.0,0.0,0.0,0.0,1161100000.0,855100000.0,306000000.0,2843190009.0,-154500000.0,-317200000.0,-285500000.0,240000000.0,-75400000.0,-133800000.0,-371300000.0,0.0,346000000.0,4600000.0,158500000.0,158500000.0,158500000.0,14200000.0,0.0,0.074,273000000.0,271200000.0,109800000.0,0.488,4.107,17.938,18.752,84600000.0,0.0,22.69,1.328,1.316,395300000.0,544600000.0,2141300000.0,2141300000.0,0.0,0.095,0.215,0.388,0.12,31700000.0,265100000.0,1.0,125305862.0,124200000.0,128200000.0,17.241,974000000.0,0.0,98500000.0,59000000.0,7.842,-149500000.0
42,BR,MRT,2010-12-31,2010-12-31,2010-12-31,2021-08-12,10200000.0,1515000000.0,1923150000.0,608000000.0,907000000.0,1.095,5.83,-55200000.0,187800000.0,187800000.0,1571400000.0,153700000.0,2.114,1.079,324200000.0,0.0,324200000.0,324200000.0,79000000.0,60900000.0,0.0,0.026,0.58,251300000.0,312200000.0,0.148,312200000.0,251300000.0,251300000.0,1.15,1.12,1.15,728700000.0,779350000.0,728700000.0,2885298118.0,11.0,9.242,86800000.0,0.694,1.0,533600000.0,0.253,652800000.0,0.0,711000000.0,755000000.0,0.0,0.0,0.0,0.0,786300000.0,287600000.0,498700000.0,2741798118.0,-334800000.0,-125100000.0,-220200000.0,-600000.0,-75500000.0,-298100000.0,-180300000.0,0.0,142000000.0,1600000.0,153700000.0,153700000.0,153700000.0,17200000.0,0.0,0.073,265100000.0,268500000.0,76500000.0,0.504,3.763,17.839,19.07,84600000.0,0.0,21.93,1.303,1.302,291300000.0,533200000.0,2105000000.0,2105000000.0,0.0,0.08,0.197,0.333,0.119,29200000.0,258200000.0,1.0,125024994.0,125000000.0,128500000.0,16.84,862200000.0,0.0,97600000.0,44600000.0,6.898,320400000.0
43,BR,MRT,2010-09-30,2010-09-30,2010-09-30,2021-08-12,5300000.0,1519300000.0,2218325000.0,640300000.0,879000000.0,0.988,5.728,-56500000.0,180700000.0,180700000.0,1614500000.0,176900000.0,2.191,1.097,324200000.0,0.0,324200000.0,324200000.0,82400000.0,58900000.0,0.0,0.025,0.57,285600000.0,344500000.0,0.157,344500000.0,285600000.0,285600000.0,1.32,1.28,1.32,724600000.0,808850000.0,724600000.0,2809896037.0,10.0,8.156,426100000.0,3.368,1.0,577900000.0,0.264,630100000.0,0.0,740400000.0,811800000.0,0.0,0.0,0.0,0.0,794700000.0,292300000.0,502400000.0,2898396037.0,-50800000.0,-112600000.0,-265200000.0,0.0,-75600000.0,-365800000.0,-169100000.0,0.0,482600000.0,1500000.0,176900000.0,176900000.0,176900000.0,34900000.0,0.0,0.081,257400000.0,320500000.0,70500000.0,0.432,4.0,16.384,17.326,86500000.0,0.0,22.87,1.322,1.32,293700000.0,541400000.0,2192400000.0,2192400000.0,0.0,0.08,0.219,0.352,0.13,27600000.0,249700000.0,1.0,126733539.0,126500000.0,129600000.0,17.331,889200000.0,0.0,108700000.0,46100000.0,7.029,348000000.0
44,BR,MRT,2010-06-30,2010-06-30,2010-06-30,2021-08-12,-1400000.0,1794400000.0,2560050000.0,992400000.0,802000000.0,0.863,5.939,-53100000.0,412600000.0,412600000.0,1616400000.0,190000000.0,2.04,1.223,324100000.0,0.0,324100000.0,324100000.0,82600000.0,57000000.0,0.0,0.029,0.56,307000000.0,364000000.0,0.165,364000000.0,307000000.0,307000000.0,1.4,1.37,1.4,807100000.0,844625000.0,807100000.0,2740548177.0,9.0,7.529,440500000.0,3.241,1.0,592800000.0,0.268,555600000.0,0.0,663900000.0,792550000.0,0.0,0.0,0.0,0.0,987300000.0,486400000.0,500900000.0,2594348177.0,131700000.0,-35200000.0,-211700000.0,0.0,-66600000.0,-273700000.0,-88300000.0,0.0,493600000.0,100000.0,190000000.0,190000000.0,190000000.0,35100000.0,0.0,0.086,250700000.0,342100000.0,91300000.0,0.4,3.214,13.654,13.607,87400000.0,0.0,19.05,1.174,1.172,354300000.0,546900000.0,2209200000.0,2209200000.0,0.0,0.074,0.225,0.387,0.139,27100000.0,241600000.0,1.0,136186256.0,135900000.0,139100000.0,16.256,1238800000.0,0.0,117000000.0,56200000.0,9.116,506000000.0
45,BR,MRT,2010-03-31,2010-03-31,2010-03-31,2021-08-12,7000000.0,2863900000.0,2805125000.0,2138200000.0,725700000.0,0.775,6.358,-43500000.0,177900000.0,177900000.0,1595500000.0,201800000.0,1.354,2.342,324100000.0,0.0,324100000.0,324100000.0,145200000.0,56100000.0,0.0,0.023,0.49,320200000.0,376300000.0,0.173,376300000.0,320200000.0,320200000.0,1.46,1.44,1.46,857000000.0,870100000.0,857000000.0,3058432351.0,10.0,8.128,205700000.0,1.526,1.0,579500000.0,0.266,525900000.0,0.0,904700000.0,872650000.0,0.0,0.0,0.0,0.0,2006900000.0,1579500000.0,427400000.0,2881432351.0,-4500000.0,-57200000.0,-116600000.0,0.0,-57400000.0,-161900000.0,-100700000.0,0.0,249200000.0,8900000.0,201800000.0,201800000.0,201800000.0,22900000.0,0.0,0.093,236400000.0,343100000.0,94400000.0,0.336,3.362,14.279,14.644,75500000.0,0.0,21.38,1.325,1.325,354500000.0,460400000.0,2175000000.0,2175000000.0,0.0,0.072,0.232,0.367,0.147,24800000.0,220300000.0,1.0,134772327.0,134800000.0,138800000.0,16.135,2338000000.0,0.0,118400000.0,0.0,17.344,558700000.0
46,BR,MRT,2009-12-31,2009-12-31,2009-12-31,2021-08-12,13700000.0,2695700000.0,2700200000.0,1980000000.0,715700000.0,0.795,6.239,-36200000.0,147100000.0,147100000.0,1571900000.0,217800000.0,1.394,2.184,324100000.0,0.0,324100000.0,324100000.0,74500000.0,55000000.0,0.0,0.019,0.42,331900000.0,386900000.0,0.18,386900000.0,331900000.0,331900000.0,1.57,1.55,1.57,846700000.0,853925000.0,846700000.0,2989240425.0,9.0,7.726,436800000.0,3.219,1.0,576000000.0,0.268,514100000.0,0.0,938200000.0,794400000.0,0.0,0.0,0.0,0.0,1849000000.0,1420400000.0,428600000.0,3087640425.0,223500000.0,-51900000.0,-123100000.0,600000.0,-48400000.0,-170300000.0,-88100000.0,0.0,473000000.0,8900000.0,217800000.0,217800000.0,217800000.0,17300000.0,0.0,0.101,226800000.0,349200000.0,70200000.0,0.268,3.647,14.176,14.369,75600000.0,0.0,22.56,1.438,1.425,314600000.0,454400000.0,2147900000.0,2147900000.0,0.0,0.081,0.255,0.418,0.155,25600000.0,209000000.0,1.0,136863494.0,135700000.0,139500000.0,15.828,2181600000.0,0.0,114100000.0,0.0,16.077,559600000.0
47,BR,MRT,2009-09-30,2009-09-30,2009-09-30,2021-08-12,10700000.0,2886200000.0,2626925000.0,2123600000.0,762600000.0,0.783,6.283,-30900000.0,422500000.0,422500000.0,1500400000.0,214100000.0,1.351,2.326,324100000.0,0.0,324100000.0,324100000.0,97800000.0,53200000.0,0.0,0.017,0.35,329900000.0,383100000.0,0.186,383100000.0,329900000.0,329900000.0,1.53,1.52,1.53,867700000.0,833350000.0,867700000.0,2596589277.0,8.0,6.778,572200000.0,4.143,1.0,555300000.0,0.27,552400000.0,0.0,663400000.0,718625000.0,0.0,0.0,0.0,0.0,2018500000.0,1572000000.0,446500000.0,2799889277.0,163500000.0,-46100000.0,-88100000.0,-253300000.0,-39300000.0,-366300000.0,-77000000.0,0.0,603100000.0,3700000.0,214100000.0,214100000.0,214100000.0,-500000.0,0.0,0.104,225900000.0,329400000.0,1348200000.0,0.229,3.227,13.077,13.137,71300000.0,0.0,20.1,1.362,1.35,1590800000.0,439700000.0,2055700000.0,2055700000.0,0.0,0.082,0.257,0.459,0.16,28300000.0,212600000.0,1.0,139297974.0,138100000.0,140400000.0,14.886,2333800000.0,0.0,115800000.0,0.0,16.899,551600000.0
48,BR,MRT,2009-06-30,2009-06-30,2009-06-30,2021-08-12,6900000.0,2774700000.0,2828000000.0,2051800000.0,722900000.0,0.733,6.493,-29900000.0,173400000.0,173400000.0,1510100000.0,223300000.0,1.435,2.052,324100000.0,0.0,324100000.0,324100000.0,85500000.0,53700000.0,0.0,0.017,0.28,346200000.0,399900000.0,0.193,399900000.0,346200000.0,346200000.0,1.6,1.58,1.6,909000000.0,808725000.0,909000000.0,2190616054.0,6.0,5.478,328900000.0,2.349,1.0,562900000.0,0.272,511200000.0,0.0,984300000.0,742975000.0,0.0,0.0,0.0,0.0,1865700000.0,1429900000.0,435800000.0,2325816054.0,82600000.0,-60800000.0,-28500000.0,-114400000.0,-37900000.0,-188600000.0,-90700000.0,0.0,358800000.0,3100000.0,223300000.0,223300000.0,223300000.0,-200000.0,0.0,0.108,216900000.0,346000000.0,72000000.0,0.175,2.559,10.416,10.363,75400000.0,0.0,16.58,1.122,1.12,381000000.0,432300000.0,2073000000.0,2073000000.0,0.0,0.079,0.276,0.466,0.167,28200000.0,212900000.0,1.0,140278411.0,140000000.0,141600000.0,14.807,2263500000.0,0.0,122900000.0,23200000.0,16.168,621900000.0
49,BR,MRT,2009-03-31,2009-03-31,2009-03-31,2021-08-12,-9100000.0,2444200000.0,2842725000.0,1730100000.0,714100000.0,0.735,5.68,-30100000.0,460000000.0,460000000.0,1533300000.0,204200000.0,1.421,2.085,324800000.0,800000.0,324000000.0,324800000.0,136600000.0,50900000.0,0.0,0.015,0.27,329700000.0,380600000.0,0.182,380600000.0,329700000.0,329700000.0,1.45,1.44,1.45,792300000.0,767925000.0,792300000.0,2553791378.0,8.0,6.71,303600000.0,2.176,1.0,556000000.0,0.266,499500000.0,0.0,591700000.0,749325000.0,0.0,0.0,0.0,0.0,1651900000.0,1217800000.0,434100000.0,2612491378.0,40500000.0,-14900000.0,-8200000.0,-55200000.0,-36500000.0,-243200000.0,-45000000.0,0.0,333700000.0,-5000000.0,204200000.0,204200000.0,204200000.0,-3400000.0,0.0,0.098,229700000.0,326300000.0,955900000.0,0.186,3.297,12.794,12.834,68900000.0,0.0,18.61,1.25,1.243,1144900000.0,325100000.0,2089300000.0,2089300000.0,0.0,0.072,0.266,0.44,0.158,29400000.0,228200000.0,1.0,140381052.0,139500000.0,141200000.0,14.977,1944700000.0,0.0,125500000.0,0.0,13.941,512300000.0
50,BR,MRT,2008-12-31,2008-12-31,2008-12-31,2021-08-12,-5100000.0,2402600000.0,3040925000.0,1681500000.0,721100000.0,0.699,5.452,-36000000.0,382700000.0,382700000.0,1559100000.0,192800000.0,1.395,2.143,324000000.0,0.0,324000000.0,324000000.0,68300000.0,50500000.0,0.0,0.021,0.26,323900000.0,374400000.0,0.176,374400000.0,323900000.0,323900000.0,1.37,1.36,1.37,764400000.0,730050000.0,764400000.0,1842133114.0,6.0,4.92,875600000.0,6.245,1.0,565300000.0,0.266,503200000.0,0.0,635100000.0,846650000.0,0.0,0.0,0.0,0.0,1638200000.0,1205600000.0,432600000.0,1773133114.0,194900000.0,-14700000.0,-200000.0,-484400000.0,-35100000.0,-663200000.0,-50700000.0,0.0,911600000.0,-2800000.0,192800000.0,192800000.0,192800000.0,-3700000.0,0.0,0.091,245100000.0,320200000.0,1032400000.0,0.19,2.32,9.197,9.153,70900000.0,0.0,12.54,0.835,0.828,1213100000.0,294000000.0,2124400000.0,2124400000.0,0.0,0.063,0.264,0.383,0.152,32200000.0,239500000.0,1.0,141398175.0,140200000.0,141300000.0,15.153,1899400000.0,0.0,131100000.0,0.0,13.548,475900000.0
51,BR,MRT,2008-09-30,2008-09-30,2008-09-30,2021-08-12,18700000.0,3690500000.0,3168100000.0,2941600000.0,748900000.0,0.679,5.479,-43200000.0,493000000.0,493000000.0,1576600000.0,191800000.0,1.187,3.798,562000000.0,238000000.0,324000000.0,562000000.0,73500000.0,50200000.0,0.0,0.016,0.25,322600000.0,372800000.0,0.173,372800000.0,322600000.0,322600000.0,1.37,1.36,1.37,769200000.0,691400000.0,769200000.0,2377817468.0,7.0,6.378,72700000.0,0.518,1.0,575400000.0,0.267,519900000.0,0.0,760800000.0,1080150000.0,0.0,0.0,0.0,0.0,2921300000.0,2478800000.0,442500000.0,2161917468.0,-18400000.0,-14700000.0,19900000.0,70900000.0,-33600000.0,-77600000.0,-57900000.0,0.0,115900000.0,1200000.0,191800000.0,191800000.0,191800000.0,-3800000.0,0.0,0.089,256600000.0,318800000.0,2049400000.0,0.182,2.811,11.272,11.234,75900000.0,0.0,15.39,1.005,1.004,2388300000.0,274000000.0,2152000000.0,2152000000.0,0.0,0.061,0.277,0.299,0.15,32000000.0,240000000.0,1.0,140475469.0,140400000.0,142200000.0,15.328,3170600000.0,0.0,130800000.0,0.0,22.583,462800000.0
52,BR,MRT,2008-06-30,2008-06-30,2008-06-30,2021-08-12,28700000.0,2833600000.0,2889200000.0,2079200000.0,754400000.0,0.738,5.342,-46500000.0,232000000.0,232000000.0,1547800000.0,192200000.0,1.363,2.799,447900000.0,0.0,447900000.0,447900000.0,86400000.0,48400000.0,0.0,0.011,0.24,323500000.0,371900000.0,0.175,371900000.0,323500000.0,323500000.0,1.38,1.36,1.38,745800000.0,640400000.0,745800000.0,3196900856.0,10.0,8.596,435500000.0,3.12,1.0,583000000.0,0.274,514400000.0,0.0,1009700000.0,1192550000.0,0.0,0.0,0.0,0.0,2087800000.0,1525400000.0,562400000.0,2948400856.0,109700000.0,-6100000.0,18100000.0,-170000000.0,-33600000.0,-320400000.0,-52600000.0,0.0,482000000.0,700000.0,192200000.0,192200000.0,192200000.0,-3800000.0,0.0,0.09,263300000.0,319700000.0,1247300000.0,0.174,3.953,15.34,15.254,82600000.0,0.0,21.05,1.384,1.379,1785300000.0,248200000.0,2130800000.0,2130800000.0,0.0,0.067,0.3,0.271,0.152,32000000.0,232400000.0,1.0,140066549.0,139600000.0,141000000.0,15.264,2319200000.0,0.0,131300000.0,0.0,16.613,553800000.0
53,BR,MRT,2008-03-31,2008-03-31,2008-03-31,2021-08-12,31800000.0,3237000000.0,2850350000.0,2487400000.0,749600000.0,0.768,4.58,-45700000.0,272300000.0,272300000.0,1600200000.0,193100000.0,1.251,4.051,520800000.0,38000000.0,482800000.0,520800000.0,174400000.0,56000000.0,0.0,0.014,0.24,313300000.0,369300000.0,0.169,369300000.0,313300000.0,313300000.0,1.39,1.39,1.39,640800000.0,586725000.0,640800000.0,3305503502.0,11.0,8.951,498700000.0,3.565,1.0,588600000.0,0.269,516600000.0,0.0,981000000.0,1267600000.0,0.0,0.0,0.0,0.0,2596200000.0,1987900000.0,608300000.0,2464003502.0,226600000.0,-6100000.0,16200000.0,-255800000.0,-25200000.0,-268000000.0,-51800000.0,0.0,544400000.0,2000000.0,193100000.0,193100000.0,193100000.0,0.0,0.0,0.088,275300000.0,313300000.0,1668500000.0,0.173,3.845,12.76,12.662,78300000.0,0.0,17.6,1.126,1.125,2077100000.0,158800000.0,2188800000.0,2188800000.0,0.0,0.068,0.329,0.247,0.143,30100000.0,239100000.0,1.0,140000199.0,139900000.0,141300000.0,15.645,2720400000.0,0.0,120200000.0,0.0,19.445,499500000.0
54,BR,MRT,2007-12-31,2007-12-31,2007-12-31,2021-08-12,34200000.0,2911300000.0,2622675000.0,2168800000.0,742500000.0,0.832,4.378,-44000000.0,107300000.0,107300000.0,1592200000.0,205500000.0,1.303,3.774,948800000.0,426000000.0,522800000.0,948800000.0,64500000.0,57200000.0,0.0,0.008,0.18,334800000.0,392000000.0,0.18,392000000.0,334800000.0,334800000.0,1.48,1.48,1.48,609800000.0,532900000.0,609800000.0,3655198720.0,11.0,9.324,-253100000.0,-1.817,1.0,590600000.0,0.271,519000000.0,0.0,1569100000.0,1279900000.0,0.0,0.0,0.0,0.0,2301500000.0,1664700000.0,636800000.0,3127198720.0,19400000.0,-6100000.0,13200000.0,860000000.0,-16800000.0,277900000.0,-50100000.0,0.0,-209100000.0,700000.0,205500000.0,205500000.0,205500000.0,0.0,0.0,0.094,255800000.0,334800000.0,1044600000.0,0.122,5.128,15.218,15.155,77700000.0,0.0,22.43,1.433,1.431,1998300000.0,137700000.0,2182800000.0,2182800000.0,0.0,0.078,0.386,0.262,0.153,27200000.0,226700000.0,1.0,139420362.0,139300000.0,140900000.0,15.67,2392300000.0,0.0,129300000.0,0.0,17.174,504100000.0
55,BR,MRT,2007-09-30,2007-09-30,2007-09-30,2021-08-12,28200000.0,2574900000.0,,1844900000.0,730000000.0,,4.063,-40300000.0,113400000.0,113400000.0,1579700000.0,204600000.0,1.342,3.556,641400000.0,108700000.0,532700000.0,641400000.0,61200000.0,59400000.0,0.0,0.006,0.12,333500000.0,392900000.0,0.183,392900000.0,333500000.0,333500000.0,1.47,1.47,1.47,565200000.0,,565200000.0,3212470089.0,10.0,8.176,202300000.0,1.454,1.0,569300000.0,0.265,517400000.0,0.0,1210400000.0,,0.0,0.0,0.0,0.0,2009700000.0,1375100000.0,634600000.0,2640570089.0,70500000.0,-6100000.0,4300000.0,558200000.0,-8400000.0,-126200000.0,-46400000.0,0.0,242600000.0,500000.0,204600000.0,204600000.0,204600000.0,0.0,0.0,0.095,235800000.0,333500000.0,1054500000.0,0.082,4.672,12.906,12.891,74500000.0,0.0,18.95,1.229,1.227,1664800000.0,117200000.0,2149000000.0,2149000000.0,0.0,,,,0.155,24200000.0,215300000.0,1.0,139344068.0,139100000.0,139800000.0,15.449,2057500000.0,0.0,128900000.0,0.0,14.792,469800000.0
56,BR,MRT,2007-06-30,2007-06-30,2007-06-30,2021-08-12,26600000.0,2678200000.0,2406450000.0,1960000000.0,718200000.0,0.888,3.826,-37900000.0,155000000.0,155000000.0,1588100000.0,197100000.0,1.372,4.043,726900000.0,109200000.0,617700000.0,726900000.0,64400000.0,62500000.0,0.0,0.003,0.06,320800000.0,383300000.0,0.179,383300000.0,320800000.0,320800000.0,1.42,1.42,1.42,531100000.0,787150000.0,531100000.0,3246361757.0,10.0,8.47,122600000.0,0.883,1.0,549800000.0,0.257,511600000.0,0.0,1309900000.0,913550000.0,0.0,0.0,0.0,0.0,2147100000.0,1428600000.0,718500000.0,2661761757.0,38500000.0,0.0,4300000.0,628500000.0,0.0,-84000000.0,-37900000.0,0.0,160500000.0,-100000.0,197100000.0,197100000.0,197100000.0,0.0,0.0,0.092,229000000.0,320800000.0,1006900000.0,0.042,5.012,13.505,13.465,77400000.0,0.0,19.12,1.245,1.241,1743900000.0,90300000.0,2137900000.0,2137900000.0,0.0,0.082,0.25,0.351,0.15,24300000.0,216700000.0,1.0,139213481.0,138800000.0,139000000.0,15.403,2166600000.0,0.0,123700000.0,0.0,15.61,531400000.0
57,BR,MRT,2007-03-31,2007-03-31,2007-03-31,2021-08-12,21700000.0,2326300000.0,,1613600000.0,712700000.0,,3.066,-37800000.0,186400000.0,186400000.0,1548600000.0,199100000.0,1.18,4.467,771000000.0,331000000.0,440000000.0,771000000.0,79900000.0,64900000.0,0.0,,0.0,331200000.0,396100000.0,0.19,396100000.0,331200000.0,331200000.0,1.43,1.43,1.43,425500000.0,,425500000.0,,,,131900000.0,0.95,1.0,533700000.0,0.256,513100000.0,0.0,1030200000.0,,0.0,0.0,0.0,0.0,1900800000.0,1367600000.0,533200000.0,,-43700000.0,0.0,0.0,687100000.0,0.0,-175700000.0,-37800000.0,0.0,169700000.0,100000.0,199100000.0,199100000.0,199100000.0,-100000.0,0.0,0.096,203900000.0,329800000.0,815900000.0,0.0,,,,73500000.0,0.0,,,,1311700000.0,,2082300000.0,2082300000.0,0.0,,,,0.159,25400000.0,201000000.0,1.0,139213481.0,138800000.0,138800000.0,15.002,1813200000.0,0.0,132100000.0,0.0,13.063,246000000.0
58,BR,MRT,2006-12-31,2006-12-31,2006-12-31,2021-08-12,,,,,,,,,,,1521900000.0,190800000.0,,,,,,,,,,,0.0,317400000.0,,,,317400000.0,317400000.0,1.37,1.37,1.37,,,,,,,,,1.0,518100000.0,0.254,,0.0,,,,,,,,,,,,,,,,,,,,,190800000.0,190800000.0,190800000.0,-400000.0,0.0,0.094,201100000.0,317000000.0,,0.0,,,,,0.0,,,,,,2040000000.0,2040000000.0,0.0,,,,0.156,,198400000.0,1.0,139213481.0,138800000.0,138800000.0,14.697,,,126600000.0,,,
59,BR,MRT,2006-09-30,2006-09-30,2006-09-30,2021-08-12,,,,,,,,,,,,,,,,,,,,,,,0.0,,,,,,,,,,,,,,,,,,1.0,,,,,,,,,,,,,,,,,,,,,,,,,,,,,,,,,,,,,,,,,,,,,,,,,,,,,,1.0,139213481.0,138800000.0,,,,,,,,
60,BR,MRT,2006-06-30,2006-06-30,2006-06-30,2021-08-12,45200000.0,2134700000.0,2278700000.0,1405900000.0,728800000.0,0.848,7.516,-40700000.0,90400000.0,90400000.0,1433000000.0,166700000.0,1.42,1.046,0.0,0.0,0.0,0.0,51300000.0,74300000.0,0.0,,0.0,288900000.0,363200000.0,0.188,363200000.0,288900000.0,288900000.0,1.2,1.2,1.2,1043200000.0,1164850000.0,1043200000.0,,,,385400000.0,2.777,1.0,500300000.0,0.259,536800000.0,0.0,517200000.0,540050000.0,0.0,0.0,0.0,0.0,1091500000.0,990300000.0,101200000.0,,17600000.0,19900000.0,0.0,50700000.0,0.0,-387900000.0,-20800000.0,0.0,426100000.0,200000.0,166700000.0,166700000.0,166700000.0,13800000.0,0.0,0.086,197600000.0,302700000.0,807900000.0,0.0,,,,80700000.0,0.0,,,,1241000000.0,0.0,1933300000.0,1933300000.0,0.0,0.073,0.143,0.535,0.149,24600000.0,195900000.0,1.0,139213481.0,138800000.0,138800000.0,13.929,1597900000.0,0.0,122200000.0,0.0,11.512,415600000.0
61,BR,MRT,2006-03-31,2006-03-31,2006-03-31,2021-08-12,,,,,,,,,,,,,,,,,,,,,,,0.0,,,,,,,,,,,,,,,,,,1.0,,,,,,,,,,,,,,,,,,,,,,,,,,,,,,,,,,,,,,,,,,,,,,,,,,,,,,1.0,,138800000.0,,,,,,,,
62,BR,MRT,2005-06-30,2005-06-30,2005-06-30,2021-08-12,17200000.0,2422700000.0,,1682100000.0,740600000.0,,9.269,-38800000.0,236300000.0,236300000.0,1273200000.0,165400000.0,1.579,0.883,0.0,0.0,0.0,0.0,67000000.0,69100000.0,0.0,,0.0,272900000.0,342000000.0,0.199,342000000.0,272900000.0,272900000.0,1.19,1.19,1.19,1286500000.0,,1286500000.0,,,,-29600000.0,-0.213,1.0,443900000.0,0.259,558200000.0,0.0,562900000.0,,0.0,0.0,0.0,0.0,1136200000.0,1065300000.0,70900000.0,,6400000.0,-360800000.0,0.0,39800000.0,0.0,397600000.0,-400700000.0,0.0,9200000.0,300000.0,165400000.0,165400000.0,165400000.0,1000000.0,0.0,0.096,168500000.0,275400000.0,864000000.0,0.0,,,,75400000.0,0.0,,,,1327400000.0,,1717100000.0,1717100000.0,0.0,,,,0.159,2200000.0,168500000.0,1.0,,138800000.0,138800000.0,12.371,1864500000.0,0.0,107500000.0,0.0,13.433,616800000.0
63,BR,MRT,2004-06-30,2004-06-30,2004-06-30,2021-08-12,,,,,,,,-79700000.0,,,1132500000.0,147300000.0,,,,,,,,63800000.0,,,0.0,251500000.0,315300000.0,0.207,315300000.0,251500000.0,251500000.0,,,,,,,,,,92400000.0,,1.0,393300000.0,0.258,,0.0,,,,,,,,,,,-22800000.0,13600000.0,0.0,14500000.0,0.0,-128500000.0,-66500000.0,0.0,172100000.0,100000.0,147300000.0,147300000.0,147300000.0,-1100000.0,0.0,0.097,142000000.0,251300000.0,,,,,,,0.0,,,,,,1525800000.0,1525800000.0,0.0,,,,0.165,1700000.0,142000000.0,1.0,,,,,,,104200000.0,,,
