None,ticker,dimension,calendardate,datekey,reportperiod,lastupdated,accoci,assets,assetsavg,assetsc,assetsnc,assetturnover,bvps,capex,cashneq,cashnequsd,cor,consolinc,currentratio,de,debt,debtc,debtnc,debtusd,deferredrev,depamor,deposits,divyield,dps,ebit,ebitda,ebitdamargin,ebitdausd,ebitusd,ebt,eps,epsdil,epsusd,equity,equityavg,equityusd,ev,evebit,evebitda,fcf,fcfps,fxusd,gp,grossmargin,intangibles,intexp,invcap,invcapavg,inventory,investments,investmentsc,investmentsnc,liabilities,liabilitiesc,liabilitiesnc,marketcap,ncf,ncfbus,ncfcommon,ncfdebt,ncfdiv,ncff,ncfi,ncfinv,ncfo,ncfx,netinc,netinccmn,netinccmnusd,netincdis,netincnci,netmargin,opex,opinc,payables,payoutratio,pb,pe,pe1,ppnenet,prefdivis,price,ps,ps1,receivables,retearn,revenue,revenueusd,rnd,roa,roe,roic,ros,sbcomp,sgna,sharefactor,sharesbas,shareswa,shareswadil,sps,tangibles,taxassets,taxexp,taxliabilities,tbvps,workingcapital
0,HLT,MRY,2020-12-31,2020-12-31,2020-12-31,2021-08-25,-860000000.0,16755000000.0,16699500000.0,4202000000.0,12553000000.0,0.258,-5.37,-92000000.0,3263000000.0,3263000000.0,620000000.0,-720000000.0,1.729,-12.242,11458000000.0,56000000.0,11402000000.0,11458000000.0,1374000000.0,331000000.0,0.0,0.001,0.15,-490000000.0,-159000000.0,-0.037,-159000000.0,-490000000.0,-919000000.0,-2.58,-2.56,-2.58,-1490000000.0,-1256750000.0,-1490000000.0,38844676339.0,-79.0,-244.306,616000000.0,2.22,1.0,3687000000.0,0.856,10918000000.0,429000000.0,11601000000.0,11540250000.0,0.0,0.0,0.0,0.0,18241000000.0,2431000000.0,15810000000.0,30868676339.0,2633000000.0,0.0,-296000000.0,2398000000.0,-42000000.0,2032000000.0,-107000000.0,4000000.0,708000000.0,0.0,-715000000.0,-715000000.0,-715000000.0,0.0,-5000000.0,-0.166,4105000000.0,-418000000.0,1302000000.0,-0.058,-20.717,-43.173,-43.124,1118000000.0,0.0,111.26,7.167,7.167,771000000.0,-6732000000.0,4307000000.0,4307000000.0,0.0,-0.043,0.569,-0.042,-0.114,97000000.0,311000000.0,1.0,277446309.0,277446309.0,,15.524,5837000000.0,194000000.0,-204000000.0,649000000.0,21.038,1771000000.0
1,HLT,MRY,2019-12-31,2019-12-31,2019-12-31,2021-08-25,-840000000.0,14957000000.0,15004250000.0,2093000000.0,12864000000.0,0.63,-1.708,-205000000.0,630000000.0,630000000.0,1254000000.0,886000000.0,0.729,-32.01,9030000000.0,37000000.0,8993000000.0,9030000000.0,1159000000.0,346000000.0,0.0,0.005,0.6,1653000000.0,1999000000.0,0.211,1999000000.0,1653000000.0,1239000000.0,3.07,3.04,3.07,-482000000.0,-155000000.0,-482000000.0,39294695114.0,24.0,19.657,1179000000.0,4.178,1.0,8198000000.0,0.867,11237000000.0,414000000.0,9249000000.0,9067250000.0,0.0,0.0,0.0,0.0,15429000000.0,2871000000.0,12558000000.0,31294695114.0,146000000.0,120000000.0,-1538000000.0,624000000.0,-172000000.0,-1113000000.0,-123000000.0,3000000.0,1384000000.0,-2000000.0,881000000.0,881000000.0,881000000.0,0.0,5000000.0,0.093,6541000000.0,1657000000.0,1703000000.0,0.195,-64.927,35.522,36.127,1247000000.0,0.0,110.91,3.311,3.311,1261000000.0,-5965000000.0,9452000000.0,9452000000.0,0.0,0.059,-5.684,0.182,0.175,154000000.0,441000000.0,1.0,282162971.0,282162971.0,,33.498,3720000000.0,100000000.0,358000000.0,795000000.0,13.184,-778000000.0
2,HLT,MRY,2018-12-31,2018-12-31,2018-12-31,2021-08-25,-782000000.0,13995000000.0,14096000000.0,1983000000.0,12012000000.0,0.632,1.858,-159000000.0,484000000.0,484000000.0,1332000000.0,769000000.0,0.758,24.387,7282000000.0,16000000.0,7266000000.0,7282000000.0,1176000000.0,325000000.0,0.0,0.008,0.6,1444000000.0,1769000000.0,0.199,1769000000.0,1444000000.0,1073000000.0,2.53,2.5,2.53,551000000.0,855500000.0,551000000.0,28167725641.0,20.0,15.923,1096000000.0,3.696,1.0,7574000000.0,0.85,11316000000.0,371000000.0,6862000000.0,6912500000.0,0.0,0.0,0.0,0.0,13437000000.0,2615000000.0,10822000000.0,21293725641.0,-186000000.0,0.0,-1721000000.0,650000000.0,-181000000.0,-1300000000.0,-131000000.0,50000000.0,1255000000.0,-10000000.0,764000000.0,764000000.0,764000000.0,0.0,5000000.0,0.086,6142000000.0,1432000000.0,1549000000.0,0.237,38.646,27.871,28.379,367000000.0,0.0,71.8,2.391,2.391,1150000000.0,-6417000000.0,8906000000.0,8906000000.0,0.0,0.054,0.893,0.209,0.162,127000000.0,443000000.0,1.0,296569995.0,296569995.0,,30.03,2679000000.0,90000000.0,309000000.0,898000000.0,9.033,-632000000.0
3,HLT,MRY,2017-12-31,2017-12-31,2017-12-31,2021-08-25,-741000000.0,14228000000.0,14251750000.0,2007000000.0,12221000000.0,0.571,5.276,-133000000.0,670000000.0,670000000.0,1269000000.0,1089000000.0,0.815,7.427,6602000000.0,46000000.0,6556000000.0,6602000000.0,1195000000.0,336000000.0,0.0,0.008,0.6,1099000000.0,1435000000.0,0.176,1435000000.0,1099000000.0,748000000.0,3.34,3.32,3.34,1688000000.0,1562000000.0,1688000000.0,31368320721.0,29.0,21.859,716000000.0,2.238,1.0,6862000000.0,0.844,11466000000.0,351000000.0,6232000000.0,6505250000.0,0.0,0.0,0.0,0.0,12537000000.0,2462000000.0,10075000000.0,25551320721.0,-1014000000.0,0.0,-891000000.0,-36000000.0,-195000000.0,-1724000000.0,-147000000.0,7000000.0,849000000.0,8000000.0,1084000000.0,1084000000.0,1084000000.0,0.0,5000000.0,0.133,5730000000.0,1132000000.0,1416000000.0,0.18,15.137,23.571,23.91,353000000.0,0.0,79.86,3.142,3.142,1005000000.0,-6981000000.0,8131000000.0,8131000000.0,0.0,0.076,0.694,0.169,0.135,121000000.0,439000000.0,1.0,319951424.0,319951424.0,,25.413,2762000000.0,147000000.0,-336000000.0,943000000.0,8.633,-455000000.0
4,HLT,MRY,2016-12-31,2016-12-31,2016-12-31,2021-08-25,-1001000000.0,26211000000.0,25914000000.0,3557000000.0,22654000000.0,0.254,17.88,-398000000.0,1183000000.0,1183000000.0,1279000000.0,354000000.0,1.325,3.452,6616000000.0,33000000.0,6583000000.0,6616000000.0,42000000.0,673000000.0,0.0,0.01,0.84,1229000000.0,1902000000.0,0.289,1902000000.0,1229000000.0,895000000.0,1.03,1.03,1.03,5899000000.0,6256750000.0,5899000000.0,36192102904.0,29.0,19.028,912000000.0,2.764,1.0,5297000000.0,0.806,11476000000.0,334000000.0,17484000000.0,19504500000.0,0.0,0.0,0.0,0.0,20362000000.0,2684000000.0,17678000000.0,26922102904.0,828000000.0,0.0,0.0,356000000.0,-277000000.0,-44000000.0,-423000000.0,3000000.0,1310000000.0,-15000000.0,338000000.0,338000000.0,338000000.0,-371000000.0,16000000.0,0.051,4429000000.0,868000000.0,1821000000.0,0.816,4.564,79.651,79.223,341000000.0,0.0,81.6,4.094,4.094,755000000.0,-3323000000.0,6576000000.0,6576000000.0,0.0,0.013,0.054,0.063,0.187,91000000.0,409000000.0,1.0,329927732.0,329927732.0,,19.932,14735000000.0,95000000.0,557000000.0,1834000000.0,44.661,873000000.0
5,HLT,MRY,2015-12-31,2015-12-31,2015-12-31,2021-08-25,-784000000.0,25622000000.0,25877500000.0,2585000000.0,23037000000.0,0.276,18.183,-372000000.0,856000000.0,856000000.0,1414000000.0,1416000000.0,1.058,3.287,10453000000.0,204000000.0,10249000000.0,10453000000.0,283000000.0,692000000.0,0.0,0.007,0.42,1433000000.0,2125000000.0,0.298,2125000000.0,1433000000.0,1056000000.0,4.27,4.26,4.27,5985000000.0,5241500000.0,5985000000.0,31043469847.0,22.0,14.609,1074000000.0,3.263,1.0,5719000000.0,0.802,12541000000.0,377000000.0,20235000000.0,20931250000.0,442000000.0,138000000.0,0.0,138000000.0,19671000000.0,2443000000.0,17228000000.0,21131469847.0,88000000.0,-1402000000.0,0.0,-1576000000.0,-138000000.0,-1753000000.0,414000000.0,0.0,1446000000.0,-19000000.0,1404000000.0,1404000000.0,1404000000.0,-535000000.0,12000000.0,0.197,4819000000.0,900000000.0,2206000000.0,0.098,3.531,15.051,15.035,9119000000.0,0.0,64.2,2.962,2.962,1892000000.0,-3392000000.0,7133000000.0,7133000000.0,0.0,0.054,0.268,0.068,0.201,124000000.0,537000000.0,1.0,329150621.0,329150621.0,,21.671,13081000000.0,175000000.0,-348000000.0,4663000000.0,39.742,142000000.0
6,HLT,MRY,2014-12-31,2014-12-31,2014-12-31,2021-08-25,-628000000.0,26125000000.0,26334750000.0,2499000000.0,23626000000.0,0.399,14.479,-337000000.0,768000000.0,768000000.0,4019000000.0,682000000.0,1.107,4.506,11692000000.0,137000000.0,11555000000.0,11692000000.0,495000000.0,628000000.0,0.0,0.0,0.0,1756000000.0,2384000000.0,0.227,2384000000.0,1756000000.0,1138000000.0,2.05,2.05,2.05,4752000000.0,4728000000.0,4752000000.0,36921667053.0,21.0,15.487,970000000.0,2.955,1.0,6483000000.0,0.617,13097000000.0,618000000.0,21695000000.0,22300000000.0,404000000.0,170000000.0,0.0,170000000.0,21411000000.0,2257000000.0,19154000000.0,25688667053.0,-92000000.0,0.0,13000000.0,-1083000000.0,0.0,-1075000000.0,-310000000.0,0.0,1307000000.0,-14000000.0,673000000.0,673000000.0,673000000.0,0.0,9000000.0,0.064,4810000000.0,1673000000.0,2099000000.0,0.0,5.406,38.17,38.18,9026000000.0,0.0,78.27,2.446,2.446,1794000000.0,-4658000000.0,10502000000.0,10502000000.0,0.0,0.026,0.142,0.079,0.167,78000000.0,491000000.0,1.0,328205788.0,328205788.0,,31.998,13028000000.0,287000000.0,465000000.0,5237000000.0,39.695,242000000.0
7,HLT,MRY,2013-12-31,2013-12-31,2013-12-31,2021-08-25,-264000000.0,26562000000.0,26814000000.0,2383000000.0,24179000000.0,0.363,13.294,-332000000.0,860000000.0,860000000.0,3877000000.0,460000000.0,1.113,5.108,12723000000.0,52000000.0,12671000000.0,12723000000.0,674000000.0,603000000.0,0.0,0.0,0.0,1273000000.0,1876000000.0,0.193,1876000000.0,1273000000.0,653000000.0,1.35,1.35,1.35,4363000000.0,3332000000.0,4363000000.0,36597692316.0,29.0,19.508,1769000000.0,5.39,1.0,5858000000.0,0.602,13436000000.0,620000000.0,22847000000.0,24342000000.0,396000000.0,260000000.0,0.0,260000000.0,22286000000.0,2142000000.0,20144000000.0,21907692316.0,-161000000.0,-34000000.0,1243000000.0,-3295000000.0,0.0,-1863000000.0,-382000000.0,-5000000.0,2101000000.0,-17000000.0,415000000.0,415000000.0,415000000.0,0.0,45000000.0,0.043,4756000000.0,1102000000.0,2079000000.0,0.0,5.021,52.79,49.444,9058000000.0,0.0,66.75,2.25,2.25,1681000000.0,-5331000000.0,9735000000.0,9735000000.0,0.0,0.015,0.125,0.052,0.131,262000000.0,748000000.0,1.0,328205128.0,328205128.0,,29.661,13126000000.0,291000000.0,238000000.0,5064000000.0,39.993,241000000.0
8,HLT,MRY,2012-12-31,2012-12-31,2012-12-31,2021-08-25,-406000000.0,27066000000.0,27189000000.0,2827000000.0,24239000000.0,0.341,7.011,-536000000.0,1305000000.0,1305000000.0,3988000000.0,359000000.0,1.203,10.826,15995000000.0,407000000.0,15588000000.0,15995000000.0,82000000.0,550000000.0,0.0,,0.0,1135000000.0,1685000000.0,0.182,1685000000.0,1135000000.0,566000000.0,1.14,1.14,1.14,2301000000.0,2084500000.0,2301000000.0,,,,574000000.0,1.749,1.0,5288000000.0,0.57,13570000000.0,569000000.0,25837000000.0,26322000000.0,415000000.0,291000000.0,0.0,291000000.0,24911000000.0,2349000000.0,22562000000.0,,-26000000.0,-3000000.0,0.0,-758000000.0,0.0,-576000000.0,-558000000.0,4000000.0,1110000000.0,-2000000.0,352000000.0,352000000.0,352000000.0,0.0,7000000.0,0.038,4188000000.0,1100000000.0,1922000000.0,0.0,,,,9197000000.0,0.0,,,,1653000000.0,-5746000000.0,9276000000.0,9276000000.0,0.0,0.013,0.169,0.043,0.122,50000000.0,460000000.0,1.0,328205128.0,328205128.0,,28.263,13496000000.0,180000000.0,214000000.0,4968000000.0,41.121,478000000.0
9,HLT,MRY,2011-12-31,2011-12-31,2011-12-31,2021-08-25,-489000000.0,27312000000.0,,3033000000.0,24279000000.0,,,-482000000.0,1439000000.0,1439000000.0,3881000000.0,255000000.0,1.374,13.71,16792000000.0,384000000.0,16408000000.0,16792000000.0,0.0,564000000.0,0.0,,0.0,837000000.0,1401000000.0,0.16,1401000000.0,837000000.0,194000000.0,0.81,0.81,0.81,1868000000.0,,1868000000.0,,,,685000000.0,,1.0,4902000000.0,0.558,13651000000.0,643000000.0,26807000000.0,,552000000.0,334000000.0,0.0,334000000.0,25610000000.0,2207000000.0,23403000000.0,,-15000000.0,-23000000.0,0.0,-686000000.0,0.0,-714000000.0,-463000000.0,7000000.0,1167000000.0,-5000000.0,253000000.0,253000000.0,253000000.0,0.0,2000000.0,0.029,3927000000.0,975000000.0,1806000000.0,0.0,,,,9117000000.0,0.0,,,,1511000000.0,-6098000000.0,8783000000.0,8783000000.0,0.0,,,,0.095,19000000.0,416000000.0,1.0,,,,,13661000000.0,186000000.0,-59000000.0,5023000000.0,,826000000.0
10,HLT,MRY,2010-12-31,2010-12-31,2010-12-31,2021-08-25,,,,,,,,-168000000.0,,,3643000000.0,111000000.0,,,,,,,,574000000.0,,,0.0,1382000000.0,1956000000.0,0.242,1956000000.0,1382000000.0,436000000.0,,,,,,,,,,665000000.0,,1.0,4425000000.0,0.548,,946000000.0,,,,,,,,,,,58000000.0,-220000000.0,0.0,-295000000.0,0.0,-703000000.0,-68000000.0,2000000.0,833000000.0,-4000000.0,128000000.0,128000000.0,128000000.0,0.0,-17000000.0,0.016,3872000000.0,553000000.0,,,,,,,0.0,,,,,,8068000000.0,8068000000.0,0.0,,,,0.171,56000000.0,637000000.0,1.0,,,,,,,308000000.0,,,
0,HLT,MRQ,2021-06-30,2021-06-30,2021-06-30,2021-08-25,-866000000.0,15090000000.0,,2379000000.0,12711000000.0,,-5.087,-14000000.0,1127000000.0,1127000000.0,142000000.0,128000000.0,0.856,-11.649,9721000000.0,50000000.0,9671000000.0,9721000000.0,1185000000.0,46000000.0,0.0,0.0,0.0,230000000.0,276000000.0,0.208,276000000.0,230000000.0,129000000.0,0.47,0.46,0.47,-1417000000.0,,-1417000000.0,42075737548.0,-1026.0,202.287,-143000000.0,-0.513,1.0,1187000000.0,0.893,10937000000.0,101000000.0,9968000000.0,,0.0,0.0,0.0,0.0,16506000000.0,2779000000.0,13727000000.0,33596737548.0,-1320000000.0,0.0,0.0,-1202000000.0,0.0,-1194000000.0,2000000.0,0.0,-129000000.0,1000000.0,130000000.0,130000000.0,130000000.0,0.0,-2000000.0,0.098,963000000.0,224000000.0,1351000000.0,0.0,-23.71,-119.561,-118.255,1076000000.0,0.0,120.62,8.345,8.345,952000000.0,-6710000000.0,1329000000.0,1329000000.0,0.0,,,,,53000000.0,98000000.0,1.0,278533722.0,278533722.0,,4.771,4153000000.0,257000000.0,-1000000.0,685000000.0,14.91,-400000000.0
1,HLT,MRQ,2021-03-31,2021-03-31,2021-03-31,2021-08-25,-880000000.0,15974000000.0,,3468000000.0,12506000000.0,,-5.846,-11000000.0,2447000000.0,2447000000.0,110000000.0,-109000000.0,1.401,-10.84,10926000000.0,48000000.0,10878000000.0,10926000000.0,1294000000.0,51000000.0,0.0,0.0,0.0,-40000000.0,11000000.0,0.013,11000000.0,-40000000.0,-143000000.0,-0.39,-0.39,-0.39,-1623000000.0,,-1623000000.0,41763335055.0,-69.0,-132.162,-182000000.0,-0.656,1.0,764000000.0,0.874,10911000000.0,103000000.0,11066000000.0,,0.0,0.0,0.0,0.0,17594000000.0,2476000000.0,15118000000.0,33568335055.0,-816000000.0,0.0,0.0,-516000000.0,0.0,-624000000.0,-16000000.0,0.0,-171000000.0,-5000000.0,-108000000.0,-108000000.0,-108000000.0,0.0,-1000000.0,-0.124,743000000.0,21000000.0,1271000000.0,0.0,-20.683,-39.915,-39.776,1090000000.0,0.0,120.92,10.294,10.294,797000000.0,-6840000000.0,874000000.0,874000000.0,0.0,,,,,39000000.0,97000000.0,1.0,277607799.0,277607799.0,,3.148,5063000000.0,194000000.0,-35000000.0,616000000.0,18.238,992000000.0
2,HLT,MRQ,2020-12-31,2020-12-31,2020-12-31,2021-08-25,-860000000.0,16755000000.0,,4202000000.0,12553000000.0,,-5.37,-16000000.0,3263000000.0,3263000000.0,142000000.0,-225000000.0,1.729,-12.242,11458000000.0,56000000.0,11402000000.0,11458000000.0,1374000000.0,62000000.0,0.0,0.001,0.0,-235000000.0,-173000000.0,-0.194,-173000000.0,-235000000.0,-348000000.0,-0.81,-0.8,-0.81,-1490000000.0,,-1490000000.0,38844676339.0,-79.0,-244.306,-154000000.0,-0.555,1.0,748000000.0,0.84,10918000000.0,113000000.0,11601000000.0,,0.0,0.0,0.0,0.0,18241000000.0,2431000000.0,15810000000.0,30868676339.0,-205000000.0,0.0,0.0,-64000000.0,0.0,-55000000.0,-18000000.0,4000000.0,-138000000.0,6000000.0,-224000000.0,-224000000.0,-224000000.0,0.0,-1000000.0,-0.252,943000000.0,-195000000.0,1302000000.0,0.0,-20.717,-43.173,-43.124,1118000000.0,0.0,111.26,7.167,7.167,771000000.0,-6732000000.0,890000000.0,890000000.0,0.0,,,,,60000000.0,122000000.0,1.0,277446309.0,277446309.0,,3.208,5837000000.0,194000000.0,-124000000.0,649000000.0,21.038,1771000000.0
3,HLT,MRQ,2020-09-30,2020-09-30,2020-09-30,2021-08-25,-853000000.0,17129000000.0,,4584000000.0,12545000000.0,,-4.774,-13000000.0,3468000000.0,3468000000.0,144000000.0,-81000000.0,1.994,-13.934,11444000000.0,51000000.0,11393000000.0,11444000000.0,1655000000.0,90000000.0,0.0,0.004,0.0,4000000.0,94000000.0,0.101,94000000.0,4000000.0,-112000000.0,-0.29,-0.28,-0.29,-1324000000.0,,-1324000000.0,31493033913.0,325.0,69.064,-113000000.0,-0.407,1.0,789000000.0,0.846,10992000000.0,116000000.0,11814000000.0,,0.0,0.0,0.0,0.0,18448000000.0,2299000000.0,16149000000.0,23660033913.0,-107000000.0,0.0,0.0,-1000000.0,0.0,5000000.0,-13000000.0,0.0,-100000000.0,1000000.0,-79000000.0,-79000000.0,-79000000.0,0.0,-2000000.0,-0.085,778000000.0,11000000.0,1387000000.0,0.0,-17.87,-74.874,-74.191,1118000000.0,0.0,85.32,4.089,4.089,890000000.0,-6508000000.0,933000000.0,933000000.0,0.0,,,,,25000000.0,66000000.0,1.0,277309352.0,277309352.0,,3.364,6137000000.0,120000000.0,-33000000.0,658000000.0,22.131,2285000000.0
4,HLT,MRQ,2020-06-30,2020-06-30,2020-06-30,2021-08-25,-881000000.0,17126000000.0,,4577000000.0,12549000000.0,,-4.685,-34000000.0,3575000000.0,3575000000.0,95000000.0,-432000000.0,1.985,-14.178,11408000000.0,45000000.0,11363000000.0,11408000000.0,1687000000.0,88000000.0,0.0,0.006,0.0,-336000000.0,-248000000.0,-0.44,-248000000.0,-336000000.0,-442000000.0,-1.55,-1.55,-1.55,-1299000000.0,,-1299000000.0,29021856147.0,47.0,29.858,783000000.0,2.824,1.0,469000000.0,0.832,11032000000.0,106000000.0,11621000000.0,,0.0,0.0,0.0,0.0,18417000000.0,2306000000.0,16111000000.0,20364856147.0,1770000000.0,0.0,0.0,992000000.0,0.0,982000000.0,-29000000.0,0.0,817000000.0,0.0,-430000000.0,-430000000.0,-430000000.0,0.0,-2000000.0,-0.762,771000000.0,-302000000.0,1372000000.0,0.0,-15.677,399.311,489.667,1095000000.0,0.0,73.45,2.81,2.81,827000000.0,-6429000000.0,564000000.0,564000000.0,0.0,,,,,24000000.0,63000000.0,1.0,277261486.0,277261486.0,,2.034,6094000000.0,118000000.0,-12000000.0,669000000.0,21.979,2271000000.0
5,HLT,MRQ,2020-03-31,2020-03-31,2020-03-31,2021-08-25,-899000000.0,15788000000.0,,3149000000.0,12639000000.0,,-3.294,-29000000.0,1805000000.0,1805000000.0,239000000.0,18000000.0,1.418,-18.263,10462000000.0,41000000.0,10421000000.0,10462000000.0,1171000000.0,91000000.0,0.0,0.009,0.15,77000000.0,168000000.0,0.087,168000000.0,77000000.0,-17000000.0,0.06,0.06,0.06,-914000000.0,,-914000000.0,27333032140.0,19.0,15.46,100000000.0,0.36,1.0,1681000000.0,0.876,11100000000.0,94000000.0,11125000000.0,,0.0,0.0,0.0,0.0,16692000000.0,2220000000.0,14472000000.0,18933032140.0,1175000000.0,0.0,-296000000.0,1485000000.0,-42000000.0,1100000000.0,-47000000.0,0.0,129000000.0,-7000000.0,18000000.0,18000000.0,18000000.0,0.0,0.0,0.009,1613000000.0,68000000.0,1460000000.0,2.5,-20.714,25.551,26.246,1126000000.0,0.0,68.24,2.065,2.065,1111000000.0,-5999000000.0,1920000000.0,1920000000.0,0.0,,,,,-12000000.0,60000000.0,1.0,277447716.0,277447716.0,,6.92,4688000000.0,116000000.0,-35000000.0,750000000.0,16.897,929000000.0
6,HLT,MRQ,2019-12-31,2019-12-31,2019-12-31,2021-08-25,-840000000.0,14957000000.0,,2093000000.0,12864000000.0,,-1.708,-60000000.0,630000000.0,630000000.0,312000000.0,176000000.0,0.729,-32.01,9030000000.0,37000000.0,8993000000.0,9030000000.0,1159000000.0,90000000.0,0.0,0.005,0.15,352000000.0,442000000.0,0.187,442000000.0,352000000.0,242000000.0,0.63,0.62,0.63,-482000000.0,,-482000000.0,39294695114.0,24.0,19.657,142000000.0,0.503,1.0,2057000000.0,0.868,11237000000.0,110000000.0,9249000000.0,,0.0,0.0,0.0,0.0,15429000000.0,2871000000.0,12558000000.0,31294695114.0,-179000000.0,0.0,-452000000.0,185000000.0,-42000000.0,-305000000.0,-76000000.0,3000000.0,202000000.0,0.0,175000000.0,175000000.0,175000000.0,0.0,1000000.0,0.074,1709000000.0,348000000.0,1703000000.0,0.238,-64.927,35.522,36.127,1247000000.0,0.0,110.91,3.311,3.311,1261000000.0,-5965000000.0,2369000000.0,2369000000.0,0.0,,,,,31000000.0,114000000.0,1.0,282162971.0,282162971.0,,8.396,3720000000.0,100000000.0,67000000.0,795000000.0,13.184,-778000000.0
7,HLT,MRQ,2019-09-30,2019-09-30,2019-09-30,2021-08-25,-848000000.0,15067000000.0,,2255000000.0,12812000000.0,,-0.725,-55000000.0,809000000.0,809000000.0,310000000.0,290000000.0,0.778,-73.394,8809000000.0,38000000.0,8771000000.0,8809000000.0,1124000000.0,86000000.0,0.0,0.006,0.15,524000000.0,610000000.0,0.255,610000000.0,524000000.0,419000000.0,1.01,1.0,1.01,-208000000.0,,-208000000.0,34866025195.0,21.0,17.442,477000000.0,1.663,1.0,2085000000.0,0.871,11199000000.0,105000000.0,8968000000.0,,0.0,0.0,0.0,0.0,15266000000.0,2900000000.0,12366000000.0,26709025195.0,91000000.0,120000000.0,-433000000.0,-12000000.0,-43000000.0,-485000000.0,48000000.0,0.0,532000000.0,-4000000.0,288000000.0,288000000.0,288000000.0,0.0,2000000.0,0.12,1566000000.0,519000000.0,1784000000.0,0.149,-128.409,28.719,29.006,1219000000.0,0.0,93.11,2.85,2.85,1193000000.0,-6097000000.0,2395000000.0,2395000000.0,0.0,,,,,42000000.0,107000000.0,1.0,286854529.0,286854529.0,,8.349,3868000000.0,146000000.0,131000000.0,873000000.0,13.484,-645000000.0
8,HLT,MRQ,2019-06-30,2019-06-30,2019-06-30,2021-08-25,-806000000.0,15140000000.0,,2215000000.0,12925000000.0,,-0.103,-48000000.0,718000000.0,718000000.0,334000000.0,261000000.0,0.797,-505.433,8875000000.0,37000000.0,8838000000.0,8875000000.0,1120000000.0,86000000.0,0.0,0.006,0.15,462000000.0,548000000.0,0.221,548000000.0,462000000.0,361000000.0,0.9,0.89,0.9,-30000000.0,,-30000000.0,36455462531.0,24.0,19.6,238000000.0,0.818,1.0,2150000000.0,0.866,11248000000.0,101000000.0,9269000000.0,,0.0,0.0,0.0,0.0,15163000000.0,2780000000.0,12383000000.0,28448462531.0,257000000.0,0.0,-357000000.0,412000000.0,-43000000.0,20000000.0,-51000000.0,0.0,286000000.0,2000000.0,260000000.0,260000000.0,260000000.0,0.0,1000000.0,0.105,1672000000.0,478000000.0,1657000000.0,0.167,-948.282,35.384,35.542,1309000000.0,0.0,97.74,3.083,3.083,1190000000.0,-6342000000.0,2484000000.0,2484000000.0,0.0,,,,,47000000.0,113000000.0,1.0,291062641.0,291062641.0,,8.534,3892000000.0,146000000.0,101000000.0,861000000.0,13.372,-565000000.0
9,HLT,MRQ,2019-03-31,2019-03-31,2019-03-31,2021-08-25,-798000000.0,14853000000.0,,1876000000.0,12977000000.0,,0.341,-42000000.0,461000000.0,461000000.0,298000000.0,159000000.0,0.671,147.45,8468000000.0,35000000.0,8433000000.0,8468000000.0,1153000000.0,84000000.0,0.0,0.007,0.15,315000000.0,399000000.0,0.181,399000000.0,315000000.0,217000000.0,0.54,0.54,0.54,100000000.0,,100000000.0,31136542178.0,21.0,17.453,322000000.0,1.1,1.0,1906000000.0,0.865,11283000000.0,98000000.0,8783000000.0,,0.0,0.0,0.0,0.0,14745000000.0,2794000000.0,11951000000.0,24338542178.0,-23000000.0,0.0,-296000000.0,39000000.0,-44000000.0,-343000000.0,-44000000.0,0.0,364000000.0,0.0,158000000.0,158000000.0,158000000.0,0.0,1000000.0,0.072,1594000000.0,312000000.0,1679000000.0,0.278,243.385,31.982,32.339,1328000000.0,0.0,83.11,2.694,2.694,1102000000.0,-6558000000.0,2204000000.0,2204000000.0,0.0,,,,,34000000.0,107000000.0,1.0,292847337.0,292847337.0,,7.526,3570000000.0,146000000.0,59000000.0,850000000.0,12.191,-918000000.0
10,HLT,MRQ,2018-12-31,2018-12-31,2018-12-31,2021-08-25,-782000000.0,13995000000.0,,1983000000.0,12012000000.0,,1.858,-46000000.0,484000000.0,484000000.0,329000000.0,225000000.0,0.758,24.387,7282000000.0,16000000.0,7266000000.0,7282000000.0,1176000000.0,83000000.0,0.0,0.008,0.15,359000000.0,442000000.0,0.193,442000000.0,359000000.0,265000000.0,0.76,0.74,0.76,551000000.0,,551000000.0,28167725641.0,20.0,15.923,295000000.0,0.995,1.0,1959000000.0,0.856,11316000000.0,94000000.0,6862000000.0,,0.0,0.0,0.0,0.0,13437000000.0,2615000000.0,10822000000.0,21293725641.0,-216000000.0,0.0,-160000000.0,-304000000.0,-44000000.0,-510000000.0,-51000000.0,1000000.0,341000000.0,4000000.0,224000000.0,224000000.0,224000000.0,0.0,1000000.0,0.098,1597000000.0,362000000.0,1549000000.0,0.197,38.646,27.871,28.379,367000000.0,0.0,71.8,2.391,2.391,1150000000.0,-6417000000.0,2288000000.0,2288000000.0,0.0,,,,,24000000.0,115000000.0,1.0,296569995.0,296569995.0,,7.715,2679000000.0,90000000.0,41000000.0,898000000.0,9.033,-632000000.0
11,HLT,MRQ,2018-09-30,2018-09-30,2018-09-30,2021-08-25,-746000000.0,14143000000.0,,2035000000.0,12108000000.0,,1.925,-47000000.0,700000000.0,700000000.0,331000000.0,164000000.0,0.843,23.629,7574000000.0,15000000.0,7559000000.0,7574000000.0,1113000000.0,81000000.0,0.0,0.007,0.15,390000000.0,471000000.0,0.209,471000000.0,390000000.0,291000000.0,0.55,0.54,0.55,574000000.0,,574000000.0,31157473481.0,23.0,18.524,335000000.0,1.123,1.0,1922000000.0,0.853,11355000000.0,99000000.0,7249000000.0,,0.0,0.0,0.0,0.0,13563000000.0,2413000000.0,11150000000.0,24087473481.0,195000000.0,0.0,-122000000.0,-3000000.0,-45000000.0,-174000000.0,-5000000.0,49000000.0,382000000.0,-8000000.0,162000000.0,162000000.0,162000000.0,0.0,2000000.0,0.072,1537000000.0,385000000.0,1358000000.0,0.273,41.964,18.981,20.045,361000000.0,0.0,80.78,2.773,2.773,1051000000.0,-6580000000.0,2253000000.0,2253000000.0,0.0,,,,,35000000.0,109000000.0,1.0,298186104.0,298186104.0,,7.556,2788000000.0,150000000.0,129000000.0,998000000.0,9.35,-378000000.0
12,HLT,MRQ,2018-06-30,2018-06-30,2018-06-30,2021-08-25,-742000000.0,13986000000.0,,1844000000.0,12142000000.0,,1.847,-41000000.0,505000000.0,505000000.0,352000000.0,217000000.0,0.775,24.191,7575000000.0,11000000.0,7564000000.0,7575000000.0,1127000000.0,79000000.0,0.0,0.008,0.15,393000000.0,472000000.0,0.206,472000000.0,393000000.0,298000000.0,0.72,0.71,0.72,555000000.0,,555000000.0,29703002279.0,23.0,18.189,248000000.0,0.826,1.0,1939000000.0,0.846,11364000000.0,95000000.0,7314000000.0,,0.0,0.0,0.0,0.0,13426000000.0,2378000000.0,11048000000.0,23781002279.0,-178000000.0,0.0,-1329000000.0,971000000.0,-45000000.0,-405000000.0,-49000000.0,0.0,289000000.0,-13000000.0,217000000.0,217000000.0,217000000.0,0.0,0.0,0.095,1533000000.0,406000000.0,1312000000.0,0.208,42.849,18.799,19.94,351000000.0,0.0,79.16,2.79,2.79,1041000000.0,-6697000000.0,2291000000.0,2291000000.0,0.0,,,,,40000000.0,115000000.0,1.0,300416906.0,300416906.0,,7.626,2622000000.0,122000000.0,81000000.0,930000000.0,8.728,-534000000.0
13,HLT,MRQ,2018-03-31,2018-03-31,2018-03-31,2021-08-25,-680000000.0,14260000000.0,,2008000000.0,12252000000.0,,5.511,-25000000.0,683000000.0,683000000.0,320000000.0,163000000.0,0.807,7.183,6605000000.0,47000000.0,6558000000.0,6605000000.0,1170000000.0,82000000.0,0.0,0.008,0.15,302000000.0,384000000.0,0.185,384000000.0,302000000.0,219000000.0,0.51,0.51,0.51,1742000000.0,,1742000000.0,30829462737.0,25.0,19.525,218000000.0,0.69,1.0,1754000000.0,0.846,11469000000.0,83000000.0,6225000000.0,,0.0,0.0,0.0,0.0,12513000000.0,2488000000.0,10025000000.0,24897462737.0,13000000.0,0.0,-110000000.0,-14000000.0,-47000000.0,-211000000.0,-26000000.0,0.0,243000000.0,7000000.0,161000000.0,161000000.0,161000000.0,0.0,2000000.0,0.078,1475000000.0,279000000.0,1344000000.0,0.294,14.292,20.783,21.229,358000000.0,0.0,78.76,2.996,2.996,980000000.0,-6868000000.0,2074000000.0,2074000000.0,0.0,,,,,28000000.0,104000000.0,1.0,316118115.0,316118115.0,,6.561,2791000000.0,111000000.0,58000000.0,964000000.0,8.829,-480000000.0
14,HLT,MRQ,2017-12-31,2017-12-31,2017-12-31,2021-08-25,-741000000.0,14228000000.0,,2007000000.0,12221000000.0,,5.276,-52000000.0,670000000.0,670000000.0,334000000.0,730000000.0,0.815,7.427,6602000000.0,46000000.0,6556000000.0,6602000000.0,1195000000.0,84000000.0,0.0,0.008,0.15,271000000.0,355000000.0,0.172,355000000.0,271000000.0,180000000.0,2.25,2.24,2.25,1688000000.0,,1688000000.0,31368320721.0,29.0,21.859,202000000.0,0.631,1.0,1734000000.0,0.838,11466000000.0,91000000.0,6232000000.0,,0.0,0.0,0.0,0.0,12537000000.0,2462000000.0,10075000000.0,25551320721.0,-126000000.0,0.0,-266000000.0,-11000000.0,-48000000.0,-328000000.0,-52000000.0,0.0,254000000.0,0.0,729000000.0,729000000.0,729000000.0,0.0,1000000.0,0.353,1475000000.0,259000000.0,1416000000.0,0.067,15.137,23.571,23.91,353000000.0,0.0,79.86,3.142,3.142,1005000000.0,-6981000000.0,2068000000.0,2068000000.0,0.0,,,,,30000000.0,109000000.0,1.0,319951424.0,319951424.0,,6.463,2762000000.0,147000000.0,-549000000.0,943000000.0,8.633,-455000000.0
15,HLT,MRQ,2017-09-30,2017-09-30,2017-09-30,2021-08-25,-820000000.0,14223000000.0,,1905000000.0,12318000000.0,,4.463,-34000000.0,796000000.0,796000000.0,340000000.0,160000000.0,0.937,8.829,6613000000.0,49000000.0,6564000000.0,6613000000.0,95000000.0,83000000.0,0.0,0.01,0.15,339000000.0,422000000.0,0.202,422000000.0,339000000.0,254000000.0,0.49,0.49,0.49,1447000000.0,,1447000000.0,28227560070.0,28.0,19.589,217000000.0,0.669,1.0,1751000000.0,0.837,11422000000.0,85000000.0,6585000000.0,,0.0,0.0,0.0,0.0,12775000000.0,2033000000.0,10742000000.0,22516560070.0,-113000000.0,0.0,-273000000.0,-12000000.0,-49000000.0,-335000000.0,-30000000.0,7000000.0,251000000.0,1000000.0,158000000.0,158000000.0,158000000.0,0.0,2000000.0,0.076,1419000000.0,332000000.0,1911000000.0,0.306,15.561,-536.109,-631.364,346000000.0,0.0,69.45,3.173,3.173,928000000.0,-7384000000.0,2091000000.0,2091000000.0,0.0,,,,,32000000.0,106000000.0,1.0,324212528.0,324212528.0,,6.449,2801000000.0,87000000.0,96000000.0,1723000000.0,8.639,-128000000.0
16,HLT,MRQ,2017-06-30,2017-06-30,2017-06-30,2021-08-25,-867000000.0,14269000000.0,,1999000000.0,12270000000.0,,4.608,-29000000.0,909000000.0,909000000.0,327000000.0,151000000.0,1.005,8.418,6620000000.0,48000000.0,6572000000.0,6620000000.0,99000000.0,83000000.0,0.0,0.012,0.15,335000000.0,418000000.0,0.201,418000000.0,335000000.0,249000000.0,0.46,0.46,0.46,1515000000.0,,1515000000.0,25978117962.0,25.0,16.858,265000000.0,0.806,1.0,1749000000.0,0.842,11398000000.0,86000000.0,6593000000.0,,0.0,0.0,0.0,0.0,12754000000.0,1989000000.0,10765000000.0,20335117962.0,-77000000.0,0.0,-282000000.0,-12000000.0,-49000000.0,-345000000.0,-28000000.0,0.0,294000000.0,2000000.0,150000000.0,150000000.0,150000000.0,0.0,1000000.0,0.072,1425000000.0,324000000.0,1879000000.0,0.326,13.423,-1564.24,-2061.667,338000000.0,0.0,61.85,2.959,2.959,921000000.0,-7514000000.0,2076000000.0,2076000000.0,0.0,,,,,34000000.0,118000000.0,1.0,328781212.0,328781212.0,,6.314,2871000000.0,82000000.0,99000000.0,1735000000.0,8.732,10000000.0
17,HLT,MRQ,2017-03-31,2017-03-31,2017-03-31,2021-08-25,-918000000.0,14287000000.0,,2069000000.0,12218000000.0,,4.846,-18000000.0,986000000.0,986000000.0,268000000.0,48000000.0,1.052,7.942,6629000000.0,41000000.0,6588000000.0,6629000000.0,22000000.0,86000000.0,0.0,0.013,0.15,154000000.0,240000000.0,0.127,240000000.0,154000000.0,65000000.0,0.14,0.14,0.14,1598000000.0,,1598000000.0,28404096884.0,26.0,16.758,32000000.0,0.097,1.0,1628000000.0,0.859,11352000000.0,89000000.0,6611000000.0,,0.0,0.0,0.0,0.0,12691000000.0,1967000000.0,10724000000.0,19276096884.0,-698000000.0,0.0,-70000000.0,-1000000.0,-49000000.0,-716000000.0,-37000000.0,0.0,50000000.0,5000000.0,47000000.0,47000000.0,47000000.0,0.0,1000000.0,0.025,1411000000.0,217000000.0,1798000000.0,1.071,12.063,253.633,243.583,341000000.0,0.0,58.46,2.857,2.857,911000000.0,-7631000000.0,1896000000.0,1896000000.0,0.0,,,,,25000000.0,106000000.0,1.0,329731387.0,329731387.0,,5.75,2935000000.0,82000000.0,18000000.0,1851000000.0,8.901,102000000.0
18,HLT,MRQ,2016-12-31,2016-12-31,2016-12-31,2021-08-25,-1001000000.0,26211000000.0,,3557000000.0,22654000000.0,,17.88,-115000000.0,1183000000.0,1183000000.0,298000000.0,-392000000.0,1.325,3.452,6616000000.0,33000000.0,6583000000.0,6616000000.0,42000000.0,164000000.0,0.0,0.01,0.21,197000000.0,361000000.0,0.349,361000000.0,197000000.0,149000000.0,-1.2,-1.2,-1.2,5899000000.0,,5899000000.0,36192102904.0,29.0,19.028,226000000.0,0.685,1.0,735000000.0,0.712,11476000000.0,48000000.0,17484000000.0,,0.0,0.0,0.0,0.0,20362000000.0,2684000000.0,17678000000.0,26922102904.0,553000000.0,0.0,0.0,450000000.0,-70000000.0,311000000.0,-77000000.0,3000000.0,341000000.0,-22000000.0,-397000000.0,-397000000.0,-397000000.0,-5000000.0,5000000.0,-0.384,575000000.0,160000000.0,1821000000.0,-0.175,4.564,79.651,79.223,341000000.0,0.0,81.6,4.094,4.094,755000000.0,-3323000000.0,1033000000.0,1033000000.0,0.0,,,,,41000000.0,122000000.0,1.0,329927732.0,329927732.0,,3.131,14735000000.0,95000000.0,546000000.0,1834000000.0,44.661,873000000.0
19,HLT,MRQ,2016-09-30,2016-09-30,2016-09-30,2021-08-25,-826000000.0,25871000000.0,,3024000000.0,22847000000.0,,19.75,-79000000.0,1131000000.0,1131000000.0,325000000.0,192000000.0,1.164,2.974,10401000000.0,181000000.0,10220000000.0,10401000000.0,96000000.0,169000000.0,0.0,0.012,0.21,353000000.0,522000000.0,0.28,522000000.0,353000000.0,256000000.0,0.57,0.57,0.57,6516000000.0,,6516000000.0,32057574182.0,36.0,20.406,216000000.0,0.655,1.0,1542000000.0,0.826,12332000000.0,97000000.0,20211000000.0,,508000000.0,132000000.0,0.0,132000000.0,19380000000.0,2598000000.0,16782000000.0,22695574182.0,50000000.0,0.0,0.0,-30000000.0,-69000000.0,-136000000.0,-110000000.0,0.0,295000000.0,1000000.0,187000000.0,187000000.0,187000000.0,-103000000.0,5000000.0,0.1,1277000000.0,265000000.0,2354000000.0,0.368,3.483,14.652,14.605,9020000000.0,0.0,68.79,5.328,5.328,2078000000.0,-2866000000.0,1867000000.0,1867000000.0,0.0,,,,,23000000.0,107000000.0,1.0,329925486.0,329925486.0,,5.659,13539000000.0,92000000.0,69000000.0,4550000000.0,41.037,426000000.0
20,HLT,MRQ,2016-06-30,2016-06-30,2016-06-30,2021-08-25,-826000000.0,25853000000.0,,2930000000.0,22923000000.0,,19.323,-109000000.0,1081000000.0,1081000000.0,349000000.0,244000000.0,1.1,3.06,10443000000.0,186000000.0,10257000000.0,10443000000.0,161000000.0,171000000.0,0.0,0.012,0.21,401000000.0,572000000.0,0.293,572000000.0,401000000.0,302000000.0,0.73,0.72,0.73,6375000000.0,,6375000000.0,31774474797.0,26.0,16.865,226000000.0,0.685,1.0,1601000000.0,0.821,12393000000.0,99000000.0,20159000000.0,,459000000.0,129000000.0,0.0,129000000.0,19507000000.0,2663000000.0,16844000000.0,22299474797.0,108000000.0,0.0,0.0,-32000000.0,-69000000.0,-103000000.0,-126000000.0,0.0,335000000.0,2000000.0,239000000.0,239000000.0,239000000.0,-144000000.0,5000000.0,0.123,1328000000.0,273000000.0,2370000000.0,0.288,3.498,13.589,13.572,9107000000.0,0.0,67.59,4.217,4.217,2039000000.0,-2984000000.0,1950000000.0,1950000000.0,0.0,,,,,16000000.0,97000000.0,1.0,329922693.0,329922693.0,,5.91,13460000000.0,94000000.0,63000000.0,4640000000.0,40.797,267000000.0
21,HLT,MRQ,2016-03-31,2016-03-31,2016-03-31,2021-08-25,-774000000.0,25721000000.0,,2738000000.0,22983000000.0,,18.941,-95000000.0,973000000.0,973000000.0,307000000.0,310000000.0,1.076,3.129,10448000000.0,193000000.0,10255000000.0,10448000000.0,228000000.0,169000000.0,0.0,0.009,0.21,278000000.0,447000000.0,0.259,447000000.0,278000000.0,188000000.0,0.94,0.94,0.94,6237000000.0,,6237000000.0,31937911288.0,25.0,16.463,244000000.0,0.741,1.0,1419000000.0,0.822,12487000000.0,90000000.0,20164000000.0,,469000000.0,127000000.0,0.0,127000000.0,19516000000.0,2545000000.0,16971000000.0,22246911288.0,117000000.0,0.0,0.0,-32000000.0,-69000000.0,-116000000.0,-110000000.0,0.0,339000000.0,4000000.0,309000000.0,309000000.0,309000000.0,-119000000.0,1000000.0,0.179,1249000000.0,170000000.0,2251000000.0,0.223,3.567,14.233,14.283,9098000000.0,0.0,67.56,3.554,3.554,1934000000.0,-3152000000.0,1726000000.0,1726000000.0,0.0,,,,,11000000.0,83000000.0,1.0,329291168.0,329291168.0,,5.242,13234000000.0,105000000.0,-121000000.0,4694000000.0,40.189,193000000.0
22,HLT,MRQ,2015-12-31,2015-12-31,2015-12-31,2021-08-25,-784000000.0,25622000000.0,,2585000000.0,23037000000.0,,18.183,-120000000.0,856000000.0,856000000.0,-1642000000.0,816000000.0,1.058,3.287,10453000000.0,204000000.0,10249000000.0,10453000000.0,283000000.0,173000000.0,0.0,0.007,0.21,-143000000.0,30000000.0,-0.023,30000000.0,-143000000.0,-89000000.0,2.47,2.46,2.47,5985000000.0,,5985000000.0,31043469847.0,22.0,14.609,335000000.0,1.018,1.0,359000000.0,-0.28,12541000000.0,-54000000.0,20235000000.0,,442000000.0,138000000.0,0.0,138000000.0,19671000000.0,2443000000.0,17228000000.0,21131469847.0,26000000.0,13000000.0,0.0,-269000000.0,-69000000.0,-326000000.0,-101000000.0,6000000.0,455000000.0,-2000000.0,814000000.0,814000000.0,814000000.0,-535000000.0,2000000.0,-0.634,1039000000.0,-680000000.0,2206000000.0,0.085,3.531,15.051,15.035,9119000000.0,0.0,64.2,2.962,2.962,1892000000.0,-3392000000.0,-1283000000.0,-1283000000.0,0.0,,,,,10000000.0,44000000.0,1.0,329150621.0,329150621.0,,-3.898,13081000000.0,175000000.0,-903000000.0,4663000000.0,39.742,142000000.0
23,HLT,MRQ,2015-09-30,2015-09-30,2015-09-30,2021-08-25,-793000000.0,25932000000.0,,2646000000.0,23286000000.0,,15.841,-70000000.0,904000000.0,904000000.0,1017000000.0,283000000.0,1.034,3.98,10816000000.0,248000000.0,10568000000.0,10816000000.0,341000000.0,171000000.0,0.0,0.003,0.21,664000000.0,835000000.0,0.288,835000000.0,664000000.0,526000000.0,0.84,0.84,0.84,5214000000.0,,5214000000.0,33083125229.0,16.0,12.271,273000000.0,0.829,1.0,1878000000.0,0.649,12610000000.0,138000000.0,20676000000.0,,430000000.0,154000000.0,0.0,154000000.0,20752000000.0,2558000000.0,18194000000.0,22652125229.0,117000000.0,0.0,0.0,-380000000.0,-69000000.0,-475000000.0,257000000.0,-2000000.0,343000000.0,-8000000.0,279000000.0,279000000.0,279000000.0,0.0,4000000.0,0.096,1215000000.0,663000000.0,2261000000.0,0.25,4.344,30.284,30.451,9132000000.0,0.0,68.82,2.015,2.015,1918000000.0,-4137000000.0,2895000000.0,2895000000.0,0.0,,,,,14000000.0,145000000.0,1.0,329150323.0,329150323.0,,8.795,13322000000.0,196000000.0,247000000.0,5342000000.0,40.474,88000000.0
24,HLT,MRQ,2015-06-30,2015-06-30,2015-06-30,2021-08-25,-673000000.0,26051000000.0,,2501000000.0,23550000000.0,,15.51,-86000000.0,759000000.0,759000000.0,1037000000.0,167000000.0,1.031,4.11,11190000000.0,146000000.0,11044000000.0,11190000000.0,395000000.0,173000000.0,0.0,0.0,0.0,455000000.0,628000000.0,0.215,628000000.0,455000000.0,306000000.0,0.48,0.48,0.48,5105000000.0,,5105000000.0,37818217443.0,21.0,15.212,276000000.0,0.839,1.0,1885000000.0,0.645,12731000000.0,149000000.0,21325000000.0,,424000000.0,156000000.0,0.0,156000000.0,20982000000.0,2426000000.0,18556000000.0,27204217443.0,-36000000.0,-117000000.0,0.0,-217000000.0,0.0,-191000000.0,-207000000.0,-3000000.0,362000000.0,0.0,161000000.0,161000000.0,161000000.0,0.0,6000000.0,0.055,1458000000.0,427000000.0,2260000000.0,0.0,5.329,41.724,41.533,9302000000.0,0.0,82.65,2.475,2.475,1911000000.0,-4347000000.0,2922000000.0,2922000000.0,0.0,,,,,81000000.0,221000000.0,1.0,329149636.0,329149636.0,,8.877,13320000000.0,212000000.0,145000000.0,5212000000.0,40.468,75000000.0
25,HLT,MRQ,2015-03-31,2015-03-31,2015-03-31,2021-08-25,-868000000.0,25905000000.0,,2489000000.0,23416000000.0,,14.204,-96000000.0,816000000.0,816000000.0,1002000000.0,150000000.0,1.083,4.565,11430000000.0,147000000.0,11283000000.0,11430000000.0,447000000.0,175000000.0,0.0,0.0,0.0,457000000.0,632000000.0,0.243,632000000.0,457000000.0,313000000.0,0.45,0.45,0.45,4662000000.0,,4662000000.0,40088589775.0,22.0,16.01,190000000.0,0.579,1.0,1597000000.0,0.614,12732000000.0,144000000.0,21489000000.0,,421000000.0,156000000.0,0.0,156000000.0,21283000000.0,2298000000.0,18985000000.0,29164589775.0,-19000000.0,-1298000000.0,0.0,-710000000.0,0.0,-761000000.0,465000000.0,-1000000.0,286000000.0,-9000000.0,150000000.0,150000000.0,150000000.0,0.0,0.0,0.058,1107000000.0,490000000.0,2132000000.0,0.0,6.256,41.664,41.523,9193000000.0,0.0,88.86,2.716,2.716,1846000000.0,-4508000000.0,2599000000.0,2599000000.0,0.0,,,,,19000000.0,127000000.0,1.0,328208303.0,328208303.0,,7.919,13173000000.0,208000000.0,163000000.0,5363000000.0,40.136,191000000.0
26,HLT,MRQ,2014-12-31,2014-12-31,2014-12-31,2021-08-25,-628000000.0,26125000000.0,,2499000000.0,23626000000.0,,14.479,-108000000.0,768000000.0,768000000.0,1035000000.0,159000000.0,1.107,4.506,11692000000.0,137000000.0,11555000000.0,11692000000.0,495000000.0,158000000.0,0.0,0.0,0.0,443000000.0,601000000.0,0.213,601000000.0,443000000.0,292000000.0,0.49,0.49,0.49,4752000000.0,,4752000000.0,36921667053.0,21.0,15.487,300000000.0,0.914,1.0,1793000000.0,0.634,13097000000.0,151000000.0,21695000000.0,,404000000.0,170000000.0,0.0,170000000.0,21411000000.0,2257000000.0,19154000000.0,25688667053.0,-41000000.0,6000000.0,0.0,-349000000.0,0.0,-332000000.0,-110000000.0,-17000000.0,408000000.0,-7000000.0,158000000.0,158000000.0,158000000.0,0.0,1000000.0,0.056,1338000000.0,455000000.0,2099000000.0,0.0,5.406,38.17,38.18,9026000000.0,0.0,78.27,2.446,2.446,1794000000.0,-4658000000.0,2828000000.0,2828000000.0,0.0,,,,,21000000.0,142000000.0,1.0,328205788.0,328205788.0,,8.617,13028000000.0,287000000.0,134000000.0,5237000000.0,39.695,242000000.0
27,HLT,MRQ,2014-09-30,2014-09-30,2014-09-30,2021-08-25,-404000000.0,26324000000.0,,2414000000.0,23910000000.0,,14.595,-87000000.0,831000000.0,831000000.0,1015000000.0,187000000.0,1.128,4.504,12064000000.0,127000000.0,11937000000.0,12064000000.0,544000000.0,159000000.0,0.0,0.0,0.0,466000000.0,625000000.0,0.236,625000000.0,466000000.0,310000000.0,0.57,0.57,0.57,4790000000.0,,4790000000.0,35736125700.0,22.0,16.083,300000000.0,0.914,1.0,1629000000.0,0.616,13213000000.0,156000000.0,22204000000.0,,350000000.0,174000000.0,0.0,174000000.0,21574000000.0,2140000000.0,19434000000.0,24251125700.0,-2000000.0,-1000000.0,0.0,-299000000.0,0.0,-302000000.0,-79000000.0,16000000.0,387000000.0,-8000000.0,183000000.0,183000000.0,183000000.0,0.0,4000000.0,0.069,1184000000.0,445000000.0,2003000000.0,0.0,5.063,44.826,44.782,9124000000.0,0.0,73.89,2.351,2.351,1796000000.0,-4816000000.0,2644000000.0,2644000000.0,0.0,,,,,16000000.0,119000000.0,1.0,328205788.0,328205788.0,,8.056,13111000000.0,218000000.0,127000000.0,5147000000.0,39.947,274000000.0
28,HLT,MRQ,2014-06-30,2014-06-30,2014-06-30,2021-08-25,-186000000.0,26497000000.0,,2417000000.0,24080000000.0,,14.729,-84000000.0,829000000.0,829000000.0,1021000000.0,212000000.0,1.14,4.499,12314000000.0,110000000.0,12204000000.0,12314000000.0,593000000.0,158000000.0,0.0,0.0,0.0,488000000.0,646000000.0,0.242,646000000.0,488000000.0,330000000.0,0.63,0.63,0.63,4834000000.0,,4834000000.0,34732537981.0,23.0,16.23,281000000.0,0.856,1.0,1646000000.0,0.617,13360000000.0,158000000.0,22502000000.0,,359000000.0,257000000.0,0.0,257000000.0,21750000000.0,2120000000.0,19630000000.0,22941537981.0,110000000.0,-3000000.0,13000000.0,-214000000.0,0.0,-209000000.0,-48000000.0,1000000.0,365000000.0,2000000.0,209000000.0,209000000.0,209000000.0,0.0,3000000.0,0.078,1211000000.0,435000000.0,1999000000.0,0.0,4.746,41.114,40.172,9036000000.0,0.0,69.9,2.267,2.267,1796000000.0,-4999000000.0,2667000000.0,2667000000.0,0.0,,,,,22000000.0,133000000.0,1.0,328205121.0,328205121.0,,8.126,13137000000.0,219000000.0,121000000.0,5069000000.0,40.027,297000000.0
29,HLT,MRQ,2014-03-31,2014-03-31,2014-03-31,2021-08-25,-236000000.0,26393000000.0,,2295000000.0,24098000000.0,,13.821,-58000000.0,722000000.0,722000000.0,948000000.0,124000000.0,1.156,4.838,12513000000.0,44000000.0,12469000000.0,12513000000.0,632000000.0,153000000.0,0.0,0.0,0.0,359000000.0,512000000.0,0.217,512000000.0,359000000.0,206000000.0,0.36,0.36,0.36,4536000000.0,,4536000000.0,33760845695.0,24.0,16.771,89000000.0,0.271,1.0,1415000000.0,0.599,13399000000.0,153000000.0,22799000000.0,,397000000.0,264000000.0,0.0,264000000.0,21946000000.0,1986000000.0,19960000000.0,21897845695.0,-159000000.0,-2000000.0,0.0,-221000000.0,0.0,-232000000.0,-73000000.0,0.0,147000000.0,-1000000.0,123000000.0,123000000.0,123000000.0,0.0,1000000.0,0.052,1077000000.0,338000000.0,1936000000.0,0.0,4.828,43.448,41.185,9031000000.0,0.0,66.72,2.227,2.227,1721000000.0,-5208000000.0,2363000000.0,2363000000.0,0.0,,,,,19000000.0,97000000.0,1.0,328205121.0,328205121.0,,7.2,12994000000.0,218000000.0,83000000.0,5117000000.0,39.591,309000000.0
30,HLT,MRQ,2013-12-31,2013-12-31,2013-12-31,2021-08-25,-264000000.0,26562000000.0,,2383000000.0,24179000000.0,,13.294,-115000000.0,860000000.0,860000000.0,1005000000.0,62000000.0,1.113,5.108,12723000000.0,52000000.0,12671000000.0,12723000000.0,674000000.0,148000000.0,0.0,0.0,0.0,291000000.0,439000000.0,0.166,439000000.0,291000000.0,72000000.0,0.09,0.09,0.09,4363000000.0,,4363000000.0,36597692316.0,29.0,19.508,962000000.0,2.931,1.0,1638000000.0,0.62,13436000000.0,219000000.0,22847000000.0,,396000000.0,260000000.0,0.0,260000000.0,22286000000.0,2142000000.0,20144000000.0,21907692316.0,-130000000.0,0.0,1243000000.0,-2395000000.0,0.0,-1074000000.0,-130000000.0,0.0,1077000000.0,-3000000.0,26000000.0,26000000.0,26000000.0,0.0,36000000.0,0.01,1549000000.0,89000000.0,2079000000.0,0.0,5.021,52.79,49.444,9058000000.0,0.0,66.75,2.25,2.25,1681000000.0,-5331000000.0,2643000000.0,2643000000.0,0.0,,,,,257000000.0,429000000.0,1.0,328205128.0,328205128.0,,8.053,13126000000.0,291000000.0,46000000.0,5064000000.0,39.993,241000000.0
31,HLT,MRQ,2013-09-30,2013-09-30,2013-09-30,2021-08-25,,,,,,,,-70000000.0,,,974000000.0,203000000.0,,,,,,,,146000000.0,,,0.0,397000000.0,543000000.0,0.222,543000000.0,397000000.0,270000000.0,0.66,0.66,0.66,,,,,,,316000000.0,0.963,1.0,1475000000.0,0.602,,127000000.0,,,,,,,,,,,63000000.0,-1000000.0,0.0,-399000000.0,0.0,-255000000.0,-69000000.0,1000000.0,386000000.0,1000000.0,200000000.0,200000000.0,200000000.0,0.0,3000000.0,0.082,1118000000.0,357000000.0,,0.0,,,,,0.0,,,,,,2449000000.0,2449000000.0,0.0,,,,,2000000.0,130000000.0,1.0,328205128.0,328205128.0,,7.462,,,70000000.0,,,
32,HLT,MRQ,2013-06-30,2013-06-30,2013-06-30,2021-08-25,,,,,,,,-79000000.0,,,985000000.0,157000000.0,,,,,,,,149000000.0,,,0.0,370000000.0,519000000.0,0.218,519000000.0,370000000.0,239000000.0,0.51,0.51,0.51,,,,,,,387000000.0,1.179,1.0,1395000000.0,0.586,,131000000.0,,,,,,,,,,,-116000000.0,-32000000.0,0.0,-399000000.0,0.0,-457000000.0,-119000000.0,1000000.0,466000000.0,-6000000.0,155000000.0,155000000.0,155000000.0,0.0,2000000.0,0.065,991000000.0,404000000.0,,0.0,,,,,0.0,,,,,,2380000000.0,2380000000.0,0.0,,,,,1000000.0,92000000.0,1.0,328205128.0,328205128.0,,7.252,,,84000000.0,,,
33,HLT,MRQ,2013-03-31,2013-03-31,2013-03-31,2021-08-25,,,,,,,,-68000000.0,,,913000000.0,38000000.0,,,,,,,,160000000.0,,,0.0,215000000.0,375000000.0,0.166,375000000.0,215000000.0,72000000.0,0.09,0.09,0.09,,,,,,,104000000.0,0.317,1.0,1350000000.0,0.597,,143000000.0,,,,,,,,,,,22000000.0,-1000000.0,0.0,-102000000.0,0.0,-77000000.0,-64000000.0,-7000000.0,172000000.0,-9000000.0,34000000.0,34000000.0,34000000.0,0.0,4000000.0,0.015,1098000000.0,252000000.0,,0.0,,,,,0.0,,,,,,2263000000.0,2263000000.0,0.0,,,,,2000000.0,97000000.0,1.0,328205128.0,328205128.0,,6.895,,,38000000.0,,,
34,HLT,MRQ,2012-12-31,2012-12-31,2012-12-31,2021-08-25,-406000000.0,27066000000.0,,2827000000.0,24239000000.0,,7.011,,1305000000.0,1305000000.0,,,1.203,10.826,15995000000.0,407000000.0,15588000000.0,15995000000.0,82000000.0,,0.0,,0.0,,,,,,,,,,2301000000.0,,2301000000.0,,,,,,1.0,,,13570000000.0,,25837000000.0,,415000000.0,291000000.0,0.0,291000000.0,24911000000.0,2349000000.0,22562000000.0,,,,,,,,,,,,,,,,,,,,1922000000.0,,,,,9197000000.0,,,,,1653000000.0,-5746000000.0,,,,,,,,,,1.0,328205128.0,328205128.0,,,13496000000.0,180000000.0,,4968000000.0,41.121,478000000.0
35,HLT,MRQ,2011-12-31,2011-12-31,2011-12-31,2021-08-25,-489000000.0,27312000000.0,,3033000000.0,24279000000.0,,,,1439000000.0,1439000000.0,,,1.374,13.71,16792000000.0,384000000.0,16408000000.0,16792000000.0,0.0,,0.0,,0.0,,,,,,,,,,1868000000.0,,1868000000.0,,,,,,1.0,,,13651000000.0,,26807000000.0,,552000000.0,334000000.0,0.0,334000000.0,25610000000.0,2207000000.0,23403000000.0,,,,,,,,,,,,,,,,,,,,1806000000.0,,,,,9117000000.0,,,,,1511000000.0,-6098000000.0,,,,,,,,,,1.0,,,,,13661000000.0,186000000.0,,5023000000.0,,826000000.0
0,HLT,MRT,2021-06-30,2021-06-30,2021-06-30,2021-08-25,-866000000.0,15090000000.0,16237000000.0,2379000000.0,12711000000.0,0.248,-5.087,-54000000.0,1127000000.0,1127000000.0,538000000.0,-287000000.0,0.856,-11.649,9721000000.0,50000000.0,9671000000.0,9721000000.0,1185000000.0,249000000.0,0.0,0.0,0.0,-41000000.0,208000000.0,0.052,208000000.0,-41000000.0,-474000000.0,-1.02,-1.01,-1.02,-1417000000.0,-1463500000.0,-1417000000.0,42075737548.0,-1026.0,202.287,-592000000.0,-2.125,1.0,3488000000.0,0.866,10937000000.0,433000000.0,9968000000.0,11112250000.0,0.0,0.0,0.0,0.0,16506000000.0,2779000000.0,13727000000.0,33596737548.0,-2448000000.0,0.0,0.0,-1783000000.0,0.0,-1868000000.0,-45000000.0,4000000.0,-538000000.0,3000000.0,-281000000.0,-281000000.0,-281000000.0,0.0,-6000000.0,-0.07,3427000000.0,61000000.0,1351000000.0,0.0,-23.71,-119.561,-118.255,1076000000.0,0.0,120.62,8.345,8.345,952000000.0,-6710000000.0,4026000000.0,4026000000.0,0.0,-0.017,0.192,-0.004,-0.01,177000000.0,383000000.0,1.0,278533722.0,278533722.0,,14.454,4153000000.0,257000000.0,-193000000.0,685000000.0,14.91,-400000000.0
1,HLT,MRT,2021-03-31,2021-03-31,2021-03-31,2021-08-25,-880000000.0,15974000000.0,16746000000.0,3468000000.0,12506000000.0,0.195,-5.846,-74000000.0,2447000000.0,2447000000.0,491000000.0,-847000000.0,1.401,-10.84,10926000000.0,48000000.0,10878000000.0,10926000000.0,1294000000.0,291000000.0,0.0,0.0,0.0,-607000000.0,-316000000.0,-0.097,-316000000.0,-607000000.0,-1045000000.0,-3.04,-3.02,-3.04,-1623000000.0,-1434000000.0,-1623000000.0,41763335055.0,-69.0,-132.162,334000000.0,1.203,1.0,2770000000.0,0.849,10911000000.0,438000000.0,11066000000.0,11525500000.0,0.0,0.0,0.0,0.0,17594000000.0,2476000000.0,15118000000.0,33568335055.0,642000000.0,0.0,0.0,411000000.0,0.0,308000000.0,-76000000.0,4000000.0,408000000.0,2000000.0,-841000000.0,-841000000.0,-841000000.0,0.0,-6000000.0,-0.258,3235000000.0,-465000000.0,1271000000.0,0.0,-20.683,-39.915,-39.776,1090000000.0,0.0,120.92,10.294,10.294,797000000.0,-6840000000.0,3261000000.0,3261000000.0,0.0,-0.05,0.586,-0.053,-0.186,148000000.0,348000000.0,1.0,277607799.0,277607799.0,,11.747,5063000000.0,194000000.0,-204000000.0,616000000.0,18.238,992000000.0
2,HLT,MRT,2020-12-31,2020-12-31,2020-12-31,2021-08-25,-860000000.0,16755000000.0,16699500000.0,4202000000.0,12553000000.0,0.258,-5.37,-92000000.0,3263000000.0,3263000000.0,620000000.0,-720000000.0,1.729,-12.242,11458000000.0,56000000.0,11402000000.0,11458000000.0,1374000000.0,331000000.0,0.0,0.001,0.15,-490000000.0,-159000000.0,-0.037,-159000000.0,-490000000.0,-919000000.0,-2.58,-2.56,-2.58,-1490000000.0,-1256750000.0,-1490000000.0,38844676339.0,-79.0,-244.306,616000000.0,2.22,1.0,3687000000.0,0.856,10918000000.0,429000000.0,11601000000.0,11540250000.0,0.0,0.0,0.0,0.0,18241000000.0,2431000000.0,15810000000.0,30868676339.0,2633000000.0,0.0,-296000000.0,2398000000.0,-42000000.0,2032000000.0,-107000000.0,4000000.0,708000000.0,0.0,-715000000.0,-715000000.0,-715000000.0,0.0,-5000000.0,-0.166,4105000000.0,-418000000.0,1302000000.0,-0.058,-20.717,-43.173,-43.124,1118000000.0,0.0,111.26,7.167,7.167,771000000.0,-6732000000.0,4307000000.0,4307000000.0,0.0,-0.043,0.569,-0.042,-0.114,97000000.0,311000000.0,1.0,277446309.0,277446309.0,,15.524,5837000000.0,194000000.0,-204000000.0,649000000.0,21.038,1771000000.0
3,HLT,MRT,2020-09-30,2020-09-30,2020-09-30,2021-08-25,-853000000.0,17129000000.0,16250000000.0,4584000000.0,12545000000.0,0.356,-4.774,-136000000.0,3468000000.0,3468000000.0,790000000.0,-319000000.0,1.994,-13.934,11444000000.0,51000000.0,11393000000.0,11444000000.0,1655000000.0,359000000.0,0.0,0.004,0.3,97000000.0,456000000.0,0.079,456000000.0,97000000.0,-329000000.0,-1.15,-1.15,-1.15,-1324000000.0,-1004750000.0,-1324000000.0,31493033913.0,325.0,69.064,912000000.0,3.289,1.0,4996000000.0,0.863,10992000000.0,426000000.0,11814000000.0,10952250000.0,0.0,0.0,0.0,0.0,18448000000.0,2299000000.0,16149000000.0,23660033913.0,2659000000.0,0.0,-748000000.0,2661000000.0,-84000000.0,1782000000.0,-165000000.0,3000000.0,1048000000.0,-6000000.0,-316000000.0,-316000000.0,-316000000.0,0.0,-3000000.0,-0.055,4871000000.0,125000000.0,1387000000.0,-0.261,-17.87,-74.874,-74.191,1118000000.0,0.0,85.32,4.089,4.089,890000000.0,-6508000000.0,5786000000.0,5786000000.0,0.0,-0.019,0.315,0.009,0.017,68000000.0,303000000.0,1.0,277309352.0,277309352.0,,20.865,6137000000.0,120000000.0,-13000000.0,658000000.0,22.131,2285000000.0
4,HLT,MRT,2020-06-30,2020-06-30,2020-06-30,2021-08-25,-881000000.0,17126000000.0,15734500000.0,4577000000.0,12549000000.0,0.461,-4.685,-178000000.0,3575000000.0,3575000000.0,956000000.0,52000000.0,1.985,-14.178,11408000000.0,45000000.0,11363000000.0,11408000000.0,1687000000.0,355000000.0,0.0,0.006,0.45,617000000.0,972000000.0,0.134,972000000.0,617000000.0,202000000.0,0.15,0.13,0.15,-1299000000.0,-725750000.0,-1299000000.0,29021856147.0,47.0,29.858,1502000000.0,5.417,1.0,6292000000.0,0.868,11032000000.0,415000000.0,11621000000.0,10240750000.0,0.0,0.0,0.0,0.0,18417000000.0,2306000000.0,16111000000.0,20364856147.0,2857000000.0,120000000.0,-1181000000.0,2650000000.0,-127000000.0,1292000000.0,-104000000.0,3000000.0,1680000000.0,-11000000.0,51000000.0,51000000.0,51000000.0,0.0,1000000.0,0.007,5659000000.0,633000000.0,1372000000.0,3.0,-15.677,399.311,489.667,1095000000.0,0.0,73.45,2.81,2.81,827000000.0,-6429000000.0,7248000000.0,7248000000.0,0.0,0.003,-0.07,0.06,0.085,85000000.0,344000000.0,1.0,277261486.0,277261486.0,,26.141,6094000000.0,118000000.0,151000000.0,669000000.0,21.979,2271000000.0
5,HLT,MRT,2020-03-31,2020-03-31,2020-03-31,2021-08-25,-899000000.0,15788000000.0,15238000000.0,3149000000.0,12639000000.0,0.602,-3.294,-192000000.0,1805000000.0,1805000000.0,1195000000.0,745000000.0,1.418,-18.263,10462000000.0,41000000.0,10421000000.0,10462000000.0,1171000000.0,353000000.0,0.0,0.009,0.6,1415000000.0,1768000000.0,0.193,1768000000.0,1415000000.0,1005000000.0,2.6,2.57,2.6,-914000000.0,-408500000.0,-914000000.0,27333032140.0,19.0,15.46,957000000.0,3.449,1.0,7973000000.0,0.87,11100000000.0,410000000.0,11125000000.0,9652750000.0,0.0,0.0,0.0,0.0,16692000000.0,2220000000.0,14472000000.0,18933032140.0,1344000000.0,120000000.0,-1538000000.0,2070000000.0,-170000000.0,330000000.0,-126000000.0,3000000.0,1149000000.0,-9000000.0,741000000.0,741000000.0,741000000.0,0.0,4000000.0,0.081,6560000000.0,1413000000.0,1460000000.0,0.231,-20.714,25.551,26.246,1126000000.0,0.0,68.24,2.065,2.065,1111000000.0,-5999000000.0,9168000000.0,9168000000.0,0.0,0.049,-1.814,0.147,0.154,108000000.0,394000000.0,1.0,277447716.0,277447716.0,,33.044,4688000000.0,116000000.0,264000000.0,750000000.0,16.897,929000000.0
6,HLT,MRT,2019-12-31,2019-12-31,2019-12-31,2021-08-25,-840000000.0,14957000000.0,15004250000.0,2093000000.0,12864000000.0,0.63,-1.708,-205000000.0,630000000.0,630000000.0,1254000000.0,886000000.0,0.729,-32.01,9030000000.0,37000000.0,8993000000.0,9030000000.0,1159000000.0,346000000.0,0.0,0.005,0.6,1653000000.0,1999000000.0,0.211,1999000000.0,1653000000.0,1239000000.0,3.07,3.04,3.07,-482000000.0,-155000000.0,-482000000.0,39294695114.0,24.0,19.657,1179000000.0,4.178,1.0,8198000000.0,0.867,11237000000.0,414000000.0,9249000000.0,9067250000.0,0.0,0.0,0.0,0.0,15429000000.0,2871000000.0,12558000000.0,31294695114.0,146000000.0,120000000.0,-1538000000.0,624000000.0,-172000000.0,-1113000000.0,-123000000.0,3000000.0,1384000000.0,-2000000.0,881000000.0,881000000.0,881000000.0,0.0,5000000.0,0.093,6541000000.0,1657000000.0,1703000000.0,0.195,-64.927,35.522,36.127,1247000000.0,0.0,110.91,3.311,3.311,1261000000.0,-5965000000.0,9452000000.0,9452000000.0,0.0,0.059,-5.684,0.182,0.175,154000000.0,441000000.0,1.0,282162971.0,282162971.0,,33.498,3720000000.0,100000000.0,358000000.0,795000000.0,13.184,-778000000.0
7,HLT,MRT,2019-09-30,2019-09-30,2019-09-30,2021-08-25,-848000000.0,15067000000.0,14763750000.0,2255000000.0,12812000000.0,0.635,-0.725,-191000000.0,809000000.0,809000000.0,1271000000.0,935000000.0,0.778,-73.394,8809000000.0,38000000.0,8771000000.0,8809000000.0,1124000000.0,339000000.0,0.0,0.006,0.6,1660000000.0,1999000000.0,0.213,1999000000.0,1660000000.0,1262000000.0,3.21,3.17,3.21,-208000000.0,103250000.0,-208000000.0,34866025195.0,21.0,17.442,1332000000.0,4.643,1.0,8100000000.0,0.864,11199000000.0,398000000.0,8968000000.0,8470500000.0,0.0,0.0,0.0,0.0,15266000000.0,2900000000.0,12366000000.0,26709025195.0,109000000.0,120000000.0,-1246000000.0,135000000.0,-174000000.0,-1318000000.0,-98000000.0,1000000.0,1523000000.0,2000000.0,930000000.0,930000000.0,930000000.0,0.0,5000000.0,0.099,6429000000.0,1671000000.0,1784000000.0,0.187,-128.409,28.719,29.006,1219000000.0,0.0,93.11,2.85,2.85,1193000000.0,-6097000000.0,9371000000.0,9371000000.0,0.0,0.063,9.007,0.196,0.177,147000000.0,442000000.0,1.0,286854529.0,286854529.0,,32.668,3868000000.0,146000000.0,332000000.0,873000000.0,13.484,-645000000.0
8,HLT,MRT,2019-06-30,2019-06-30,2019-06-30,2021-08-25,-806000000.0,15140000000.0,14532750000.0,2215000000.0,12925000000.0,0.635,-0.103,-183000000.0,718000000.0,718000000.0,1292000000.0,809000000.0,0.797,-505.433,8875000000.0,37000000.0,8838000000.0,8875000000.0,1120000000.0,334000000.0,0.0,0.006,0.6,1526000000.0,1860000000.0,0.202,1860000000.0,1526000000.0,1134000000.0,2.75,2.71,2.75,-30000000.0,298750000.0,-30000000.0,36455462531.0,24.0,19.6,1190000000.0,4.088,1.0,7937000000.0,0.86,11248000000.0,392000000.0,9269000000.0,8040750000.0,0.0,0.0,0.0,0.0,15163000000.0,2780000000.0,12383000000.0,28448462531.0,213000000.0,0.0,-935000000.0,144000000.0,-176000000.0,-1007000000.0,-151000000.0,50000000.0,1373000000.0,-2000000.0,804000000.0,804000000.0,804000000.0,0.0,5000000.0,0.087,6400000000.0,1537000000.0,1657000000.0,0.218,-948.282,35.384,35.542,1309000000.0,0.0,97.74,3.083,3.083,1190000000.0,-6342000000.0,9229000000.0,9229000000.0,0.0,0.055,2.691,0.19,0.165,140000000.0,444000000.0,1.0,291062641.0,291062641.0,,31.708,3892000000.0,146000000.0,330000000.0,861000000.0,13.372,-565000000.0
9,HLT,MRT,2019-03-31,2019-03-31,2019-03-31,2021-08-25,-798000000.0,14853000000.0,14244250000.0,1876000000.0,12977000000.0,0.634,0.341,-176000000.0,461000000.0,461000000.0,1310000000.0,765000000.0,0.671,147.45,8468000000.0,35000000.0,8433000000.0,8468000000.0,1153000000.0,327000000.0,0.0,0.007,0.6,1457000000.0,1784000000.0,0.197,1784000000.0,1457000000.0,1071000000.0,2.57,2.53,2.57,100000000.0,445000000.0,100000000.0,31136542178.0,21.0,17.453,1200000000.0,4.098,1.0,7726000000.0,0.855,11283000000.0,386000000.0,8783000000.0,7552000000.0,0.0,0.0,0.0,0.0,14745000000.0,2794000000.0,11951000000.0,24338542178.0,-222000000.0,0.0,-1907000000.0,703000000.0,-178000000.0,-1432000000.0,-149000000.0,50000000.0,1376000000.0,-17000000.0,761000000.0,761000000.0,761000000.0,0.0,4000000.0,0.084,6261000000.0,1465000000.0,1679000000.0,0.233,243.385,31.982,32.339,1328000000.0,0.0,83.11,2.694,2.694,1102000000.0,-6558000000.0,9036000000.0,9036000000.0,0.0,0.053,1.71,0.193,0.161,133000000.0,446000000.0,1.0,292847337.0,292847337.0,,30.856,3570000000.0,146000000.0,310000000.0,850000000.0,12.191,-918000000.0
10,HLT,MRT,2018-12-31,2018-12-31,2018-12-31,2021-08-25,-782000000.0,13995000000.0,14096000000.0,1983000000.0,12012000000.0,0.632,1.858,-159000000.0,484000000.0,484000000.0,1332000000.0,769000000.0,0.758,24.387,7282000000.0,16000000.0,7266000000.0,7282000000.0,1176000000.0,325000000.0,0.0,0.008,0.6,1444000000.0,1769000000.0,0.199,1769000000.0,1444000000.0,1073000000.0,2.53,2.5,2.53,551000000.0,855500000.0,551000000.0,28167725641.0,20.0,15.923,1096000000.0,3.696,1.0,7574000000.0,0.85,11316000000.0,371000000.0,6862000000.0,6912500000.0,0.0,0.0,0.0,0.0,13437000000.0,2615000000.0,10822000000.0,21293725641.0,-186000000.0,0.0,-1721000000.0,650000000.0,-181000000.0,-1300000000.0,-131000000.0,50000000.0,1255000000.0,-10000000.0,764000000.0,764000000.0,764000000.0,0.0,5000000.0,0.086,6142000000.0,1432000000.0,1549000000.0,0.237,38.646,27.871,28.379,367000000.0,0.0,71.8,2.391,2.391,1150000000.0,-6417000000.0,8906000000.0,8906000000.0,0.0,0.054,0.893,0.209,0.162,127000000.0,443000000.0,1.0,296569995.0,296569995.0,,30.03,2679000000.0,90000000.0,309000000.0,898000000.0,9.033,-632000000.0
11,HLT,MRT,2018-09-30,2018-09-30,2018-09-30,2021-08-25,-746000000.0,14143000000.0,14154250000.0,2035000000.0,12108000000.0,0.614,1.925,-165000000.0,700000000.0,700000000.0,1337000000.0,1274000000.0,0.843,23.629,7574000000.0,15000000.0,7559000000.0,7574000000.0,1113000000.0,326000000.0,0.0,0.007,0.6,1356000000.0,1682000000.0,0.194,1682000000.0,1356000000.0,988000000.0,4.03,4.0,4.03,574000000.0,1139750000.0,574000000.0,31157473481.0,23.0,18.524,1003000000.0,3.364,1.0,7349000000.0,0.846,11355000000.0,368000000.0,7249000000.0,6755000000.0,0.0,0.0,0.0,0.0,13563000000.0,2413000000.0,11150000000.0,24087473481.0,-96000000.0,0.0,-1827000000.0,943000000.0,-185000000.0,-1118000000.0,-132000000.0,49000000.0,1168000000.0,-14000000.0,1269000000.0,1269000000.0,1269000000.0,0.0,5000000.0,0.146,6020000000.0,1329000000.0,1358000000.0,0.149,41.964,18.981,20.045,361000000.0,0.0,80.78,2.773,2.773,1051000000.0,-6580000000.0,8686000000.0,8686000000.0,0.0,0.09,1.113,0.201,0.156,133000000.0,437000000.0,1.0,298186104.0,298186104.0,,29.129,2788000000.0,150000000.0,-281000000.0,998000000.0,9.35,-378000000.0
12,HLT,MRT,2018-06-30,2018-06-30,2018-06-30,2021-08-25,-742000000.0,13986000000.0,14174250000.0,1844000000.0,12142000000.0,0.601,1.847,-152000000.0,505000000.0,505000000.0,1346000000.0,1270000000.0,0.775,24.191,7575000000.0,11000000.0,7564000000.0,7575000000.0,1127000000.0,328000000.0,0.0,0.008,0.6,1305000000.0,1633000000.0,0.192,1633000000.0,1305000000.0,951000000.0,3.97,3.95,3.97,555000000.0,1358000000.0,555000000.0,29703002279.0,23.0,18.189,885000000.0,2.946,1.0,7178000000.0,0.842,11364000000.0,354000000.0,7314000000.0,6589000000.0,0.0,0.0,0.0,0.0,13426000000.0,2378000000.0,11048000000.0,23781002279.0,-404000000.0,0.0,-1978000000.0,934000000.0,-189000000.0,-1279000000.0,-157000000.0,7000000.0,1037000000.0,-5000000.0,1265000000.0,1265000000.0,1265000000.0,0.0,5000000.0,0.148,5902000000.0,1276000000.0,1312000000.0,0.151,42.849,18.799,19.94,351000000.0,0.0,79.16,2.79,2.79,1041000000.0,-6697000000.0,8524000000.0,8524000000.0,0.0,0.089,0.932,0.198,0.153,130000000.0,434000000.0,1.0,300416906.0,300416906.0,,28.374,2622000000.0,122000000.0,-314000000.0,930000000.0,8.728,-534000000.0
13,HLT,MRT,2018-03-31,2018-03-31,2018-03-31,2021-08-25,-680000000.0,14260000000.0,14245000000.0,2008000000.0,12252000000.0,0.583,5.511,-140000000.0,683000000.0,683000000.0,1321000000.0,1204000000.0,0.807,7.183,6605000000.0,47000000.0,6558000000.0,6605000000.0,1170000000.0,332000000.0,0.0,0.008,0.6,1247000000.0,1579000000.0,0.19,1579000000.0,1247000000.0,902000000.0,3.71,3.7,3.71,1742000000.0,1598000000.0,1742000000.0,30829462737.0,25.0,19.525,902000000.0,2.853,1.0,6988000000.0,0.841,11469000000.0,345000000.0,6225000000.0,6408750000.0,0.0,0.0,0.0,0.0,12513000000.0,2488000000.0,10025000000.0,24897462737.0,-303000000.0,0.0,-931000000.0,-49000000.0,-193000000.0,-1219000000.0,-136000000.0,7000000.0,1042000000.0,10000000.0,1198000000.0,1198000000.0,1198000000.0,0.0,6000000.0,0.144,5794000000.0,1194000000.0,1344000000.0,0.162,14.292,20.783,21.229,358000000.0,0.0,78.76,2.996,2.996,980000000.0,-6868000000.0,8309000000.0,8309000000.0,0.0,0.084,0.75,0.195,0.15,124000000.0,437000000.0,1.0,316118115.0,316118115.0,,26.284,2791000000.0,111000000.0,-296000000.0,964000000.0,8.829,-480000000.0
14,HLT,MRT,2017-12-31,2017-12-31,2017-12-31,2021-08-25,-741000000.0,14228000000.0,14251750000.0,2007000000.0,12221000000.0,0.571,5.276,-133000000.0,670000000.0,670000000.0,1269000000.0,1089000000.0,0.815,7.427,6602000000.0,46000000.0,6556000000.0,6602000000.0,1195000000.0,336000000.0,0.0,0.008,0.6,1099000000.0,1435000000.0,0.176,1435000000.0,1099000000.0,748000000.0,3.34,3.32,3.34,1688000000.0,1562000000.0,1688000000.0,31368320721.0,29.0,21.859,716000000.0,2.238,1.0,6862000000.0,0.844,11466000000.0,351000000.0,6232000000.0,6505250000.0,0.0,0.0,0.0,0.0,12537000000.0,2462000000.0,10075000000.0,25551320721.0,-1014000000.0,0.0,-891000000.0,-36000000.0,-195000000.0,-1724000000.0,-147000000.0,7000000.0,849000000.0,8000000.0,1084000000.0,1084000000.0,1084000000.0,0.0,5000000.0,0.133,5730000000.0,1132000000.0,1416000000.0,0.18,15.137,23.571,23.91,353000000.0,0.0,79.86,3.142,3.142,1005000000.0,-6981000000.0,8131000000.0,8131000000.0,0.0,0.076,0.694,0.169,0.135,121000000.0,439000000.0,1.0,319951424.0,319951424.0,,25.413,2762000000.0,147000000.0,-336000000.0,943000000.0,8.633,-455000000.0
15,HLT,MRT,2017-09-30,2017-09-30,2017-09-30,2021-08-25,-820000000.0,14223000000.0,17247500000.0,1905000000.0,12318000000.0,0.411,4.463,-196000000.0,796000000.0,796000000.0,1233000000.0,-33000000.0,0.937,8.829,6613000000.0,49000000.0,6564000000.0,6613000000.0,95000000.0,416000000.0,0.0,0.01,0.66,1025000000.0,1441000000.0,0.203,1441000000.0,1025000000.0,717000000.0,-0.11,-0.11,-0.11,1447000000.0,2614750000.0,1447000000.0,28227560070.0,28.0,19.589,740000000.0,2.282,1.0,5863000000.0,0.826,11422000000.0,308000000.0,6585000000.0,9318250000.0,0.0,0.0,0.0,0.0,12775000000.0,2033000000.0,10742000000.0,22516560070.0,-335000000.0,0.0,-625000000.0,425000000.0,-217000000.0,-1085000000.0,-172000000.0,10000000.0,936000000.0,-14000000.0,-42000000.0,-42000000.0,-42000000.0,-5000000.0,9000000.0,-0.006,4830000000.0,1033000000.0,1911000000.0,-6.0,15.561,-536.109,-631.364,346000000.0,0.0,69.45,3.173,3.173,928000000.0,-7384000000.0,7096000000.0,7096000000.0,0.0,-0.002,-0.016,0.11,0.144,132000000.0,452000000.0,1.0,324212528.0,324212528.0,,21.887,2801000000.0,87000000.0,759000000.0,1723000000.0,8.639,-128000000.0
16,HLT,MRT,2017-06-30,2017-06-30,2017-06-30,2021-08-25,-867000000.0,14269000000.0,20159500000.0,1999000000.0,12270000000.0,0.341,4.608,-241000000.0,909000000.0,909000000.0,1218000000.0,-1000000.0,1.005,8.418,6620000000.0,48000000.0,6572000000.0,6620000000.0,99000000.0,502000000.0,0.0,0.012,0.72,1039000000.0,1541000000.0,0.224,1541000000.0,1039000000.0,719000000.0,-0.03,-0.03,-0.03,1515000000.0,3882000000.0,1515000000.0,25978117962.0,25.0,16.858,739000000.0,2.248,1.0,5654000000.0,0.823,11398000000.0,320000000.0,6593000000.0,12724750000.0,0.0,0.0,0.0,0.0,12754000000.0,1989000000.0,10765000000.0,20335117962.0,-172000000.0,0.0,-352000000.0,407000000.0,-237000000.0,-886000000.0,-252000000.0,3000000.0,980000000.0,-14000000.0,-13000000.0,-13000000.0,-13000000.0,-108000000.0,12000000.0,-0.002,4688000000.0,966000000.0,1879000000.0,-24.0,13.423,-1564.24,-2061.667,338000000.0,0.0,61.85,2.959,2.959,921000000.0,-7514000000.0,6872000000.0,6872000000.0,0.0,-0.001,-0.003,0.082,0.151,123000000.0,453000000.0,1.0,328781212.0,328781212.0,,20.901,2871000000.0,82000000.0,732000000.0,1735000000.0,8.732,10000000.0
17,HLT,MRT,2017-03-31,2017-03-31,2017-03-31,2021-08-25,-918000000.0,14287000000.0,23055500000.0,2069000000.0,12218000000.0,0.293,4.846,-321000000.0,986000000.0,986000000.0,1240000000.0,92000000.0,1.052,7.942,6629000000.0,41000000.0,6588000000.0,6629000000.0,22000000.0,590000000.0,0.0,0.013,0.78,1105000000.0,1695000000.0,0.251,1695000000.0,1105000000.0,772000000.0,0.24,0.23,0.24,1598000000.0,5097000000.0,1598000000.0,28404096884.0,26.0,16.758,700000000.0,2.123,1.0,5506000000.0,0.816,11352000000.0,333000000.0,6611000000.0,16116250000.0,0.0,0.0,0.0,0.0,12691000000.0,1967000000.0,10724000000.0,19276096884.0,13000000.0,0.0,-70000000.0,387000000.0,-257000000.0,-644000000.0,-350000000.0,3000000.0,1021000000.0,-14000000.0,76000000.0,76000000.0,76000000.0,-252000000.0,16000000.0,0.011,4591000000.0,915000000.0,1798000000.0,3.25,12.063,253.633,243.583,341000000.0,0.0,58.46,2.857,2.857,911000000.0,-7631000000.0,6746000000.0,6746000000.0,0.0,0.003,0.015,0.069,0.164,105000000.0,432000000.0,1.0,329731387.0,329731387.0,,20.459,2935000000.0,82000000.0,696000000.0,1851000000.0,8.901,102000000.0
18,HLT,MRT,2016-12-31,2016-12-31,2016-12-31,2021-08-25,-1001000000.0,26211000000.0,25914000000.0,3557000000.0,22654000000.0,0.254,17.88,-398000000.0,1183000000.0,1183000000.0,1279000000.0,354000000.0,1.325,3.452,6616000000.0,33000000.0,6583000000.0,6616000000.0,42000000.0,673000000.0,0.0,0.01,0.84,1229000000.0,1902000000.0,0.289,1902000000.0,1229000000.0,895000000.0,1.03,1.03,1.03,5899000000.0,6256750000.0,5899000000.0,36192102904.0,29.0,19.028,912000000.0,2.764,1.0,5297000000.0,0.806,11476000000.0,334000000.0,17484000000.0,19504500000.0,0.0,0.0,0.0,0.0,20362000000.0,2684000000.0,17678000000.0,26922102904.0,828000000.0,0.0,0.0,356000000.0,-277000000.0,-44000000.0,-423000000.0,3000000.0,1310000000.0,-15000000.0,338000000.0,338000000.0,338000000.0,-371000000.0,16000000.0,0.051,4429000000.0,868000000.0,1821000000.0,0.816,4.564,79.651,79.223,341000000.0,0.0,81.6,4.094,4.094,755000000.0,-3323000000.0,6576000000.0,6576000000.0,0.0,0.013,0.054,0.063,0.187,91000000.0,409000000.0,1.0,329927732.0,329927732.0,,19.932,14735000000.0,95000000.0,557000000.0,1834000000.0,44.661,873000000.0
19,HLT,MRT,2016-09-30,2016-09-30,2016-09-30,2021-08-25,-826000000.0,25871000000.0,25766750000.0,3024000000.0,22847000000.0,0.165,19.75,-403000000.0,1131000000.0,1131000000.0,-661000000.0,1562000000.0,1.164,2.974,10401000000.0,181000000.0,10220000000.0,10401000000.0,96000000.0,682000000.0,0.0,0.012,0.84,889000000.0,1571000000.0,0.369,1571000000.0,889000000.0,657000000.0,4.71,4.69,4.71,6516000000.0,6278250000.0,6516000000.0,32057574182.0,36.0,20.406,1021000000.0,3.095,1.0,4921000000.0,1.155,12332000000.0,232000000.0,20211000000.0,20192250000.0,508000000.0,132000000.0,0.0,132000000.0,19380000000.0,2598000000.0,16782000000.0,22695574182.0,301000000.0,13000000.0,0.0,-363000000.0,-276000000.0,-681000000.0,-447000000.0,6000000.0,1424000000.0,5000000.0,1549000000.0,1549000000.0,1549000000.0,-901000000.0,13000000.0,0.364,4893000000.0,28000000.0,2354000000.0,0.178,3.483,14.652,14.605,9020000000.0,0.0,68.79,5.328,5.328,2078000000.0,-2866000000.0,4260000000.0,4260000000.0,0.0,0.06,0.247,0.044,0.209,60000000.0,331000000.0,1.0,329925486.0,329925486.0,,12.912,13539000000.0,92000000.0,-892000000.0,4550000000.0,41.037,426000000.0
20,HLT,MRT,2016-06-30,2016-06-30,2016-06-30,2021-08-25,-826000000.0,25853000000.0,25782000000.0,2930000000.0,22923000000.0,0.205,19.323,-394000000.0,1081000000.0,1081000000.0,31000000.0,1653000000.0,1.1,3.06,10443000000.0,186000000.0,10257000000.0,10443000000.0,161000000.0,684000000.0,0.0,0.012,0.84,1200000000.0,1884000000.0,0.356,1884000000.0,1200000000.0,927000000.0,4.98,4.96,4.98,6375000000.0,5952750000.0,6375000000.0,31774474797.0,26.0,16.865,1078000000.0,3.267,1.0,5257000000.0,0.994,12393000000.0,273000000.0,20159000000.0,20308500000.0,459000000.0,129000000.0,0.0,129000000.0,19507000000.0,2663000000.0,16844000000.0,22299474797.0,368000000.0,13000000.0,0.0,-713000000.0,-276000000.0,-1020000000.0,-80000000.0,4000000.0,1472000000.0,-4000000.0,1641000000.0,1641000000.0,1641000000.0,-798000000.0,12000000.0,0.31,4831000000.0,426000000.0,2370000000.0,0.169,3.498,13.589,13.572,9107000000.0,0.0,67.59,4.217,4.217,2039000000.0,-2984000000.0,5288000000.0,5288000000.0,0.0,0.064,0.276,0.059,0.227,51000000.0,369000000.0,1.0,329922693.0,329922693.0,,16.028,13460000000.0,94000000.0,-714000000.0,4640000000.0,40.797,267000000.0
21,HLT,MRT,2016-03-31,2016-03-31,2016-03-31,2021-08-25,-774000000.0,25721000000.0,25831500000.0,2738000000.0,22983000000.0,0.242,18.941,-371000000.0,973000000.0,973000000.0,719000000.0,1576000000.0,1.076,3.129,10448000000.0,193000000.0,10255000000.0,10448000000.0,228000000.0,686000000.0,0.0,0.009,0.63,1254000000.0,1940000000.0,0.31,1940000000.0,1254000000.0,931000000.0,4.73,4.72,4.73,6237000000.0,5635250000.0,6237000000.0,31937911288.0,25.0,16.463,1128000000.0,3.426,1.0,5541000000.0,0.885,12487000000.0,323000000.0,20164000000.0,20600000000.0,469000000.0,127000000.0,0.0,127000000.0,19516000000.0,2545000000.0,16971000000.0,22246911288.0,224000000.0,-104000000.0,0.0,-898000000.0,-207000000.0,-1108000000.0,-161000000.0,1000000.0,1499000000.0,-6000000.0,1563000000.0,1563000000.0,1563000000.0,-654000000.0,13000000.0,0.25,4961000000.0,580000000.0,2251000000.0,0.133,3.567,14.233,14.283,9098000000.0,0.0,67.56,3.554,3.554,1934000000.0,-3152000000.0,6260000000.0,6260000000.0,0.0,0.061,0.277,0.061,0.2,116000000.0,493000000.0,1.0,329291168.0,329291168.0,,19.011,13234000000.0,105000000.0,-632000000.0,4694000000.0,40.189,193000000.0
22,HLT,MRT,2015-12-31,2015-12-31,2015-12-31,2021-08-25,-784000000.0,25622000000.0,25877500000.0,2585000000.0,23037000000.0,0.276,18.183,-372000000.0,856000000.0,856000000.0,1414000000.0,1416000000.0,1.058,3.287,10453000000.0,204000000.0,10249000000.0,10453000000.0,283000000.0,692000000.0,0.0,0.007,0.42,1433000000.0,2125000000.0,0.298,2125000000.0,1433000000.0,1056000000.0,4.27,4.26,4.27,5985000000.0,5241500000.0,5985000000.0,31043469847.0,22.0,14.609,1074000000.0,3.263,1.0,5719000000.0,0.802,12541000000.0,377000000.0,20235000000.0,20931250000.0,442000000.0,138000000.0,0.0,138000000.0,19671000000.0,2443000000.0,17228000000.0,21131469847.0,88000000.0,-1402000000.0,0.0,-1576000000.0,-138000000.0,-1753000000.0,414000000.0,0.0,1446000000.0,-19000000.0,1404000000.0,1404000000.0,1404000000.0,-535000000.0,12000000.0,0.197,4819000000.0,900000000.0,2206000000.0,0.098,3.531,15.051,15.035,9119000000.0,0.0,64.2,2.962,2.962,1892000000.0,-3392000000.0,7133000000.0,7133000000.0,0.0,0.054,0.268,0.068,0.201,124000000.0,537000000.0,1.0,329150621.0,329150621.0,,21.671,13081000000.0,175000000.0,-348000000.0,4663000000.0,39.742,142000000.0
23,HLT,MRT,2015-09-30,2015-09-30,2015-09-30,2021-08-25,-793000000.0,25932000000.0,26003250000.0,2646000000.0,23286000000.0,0.432,15.841,-360000000.0,904000000.0,904000000.0,4091000000.0,759000000.0,1.034,3.98,10816000000.0,248000000.0,10568000000.0,10816000000.0,341000000.0,677000000.0,0.0,0.003,0.21,2019000000.0,2696000000.0,0.24,2696000000.0,2019000000.0,1437000000.0,2.26,2.26,2.26,5214000000.0,4933250000.0,5214000000.0,33083125229.0,16.0,12.271,1039000000.0,3.157,1.0,7153000000.0,0.636,12610000000.0,582000000.0,20676000000.0,21296250000.0,430000000.0,154000000.0,0.0,154000000.0,20752000000.0,2558000000.0,18194000000.0,22652125229.0,21000000.0,-1409000000.0,0.0,-1656000000.0,-69000000.0,-1759000000.0,405000000.0,-23000000.0,1399000000.0,-24000000.0,748000000.0,748000000.0,748000000.0,0.0,11000000.0,0.067,5118000000.0,2035000000.0,2261000000.0,0.093,4.344,30.284,30.451,9132000000.0,0.0,68.82,2.015,2.015,1918000000.0,-4137000000.0,11244000000.0,11244000000.0,0.0,0.029,0.152,0.095,0.18,135000000.0,635000000.0,1.0,329150323.0,329150323.0,,34.161,13322000000.0,196000000.0,689000000.0,5342000000.0,40.474,88000000.0
24,HLT,MRT,2015-06-30,2015-06-30,2015-06-30,2021-08-25,-673000000.0,26051000000.0,26101250000.0,2501000000.0,23550000000.0,0.421,15.51,-377000000.0,759000000.0,759000000.0,4089000000.0,663000000.0,1.031,4.11,11190000000.0,146000000.0,11044000000.0,11190000000.0,395000000.0,665000000.0,0.0,0.0,0.0,1821000000.0,2486000000.0,0.226,2486000000.0,1821000000.0,1221000000.0,1.99,1.99,1.99,5105000000.0,4827250000.0,5105000000.0,37818217443.0,21.0,15.212,1066000000.0,3.239,1.0,6904000000.0,0.628,12731000000.0,600000000.0,21325000000.0,21678250000.0,424000000.0,156000000.0,0.0,156000000.0,20982000000.0,2426000000.0,18556000000.0,27204217443.0,-98000000.0,-1410000000.0,0.0,-1575000000.0,0.0,-1586000000.0,69000000.0,-5000000.0,1443000000.0,-24000000.0,652000000.0,652000000.0,652000000.0,0.0,11000000.0,0.059,5087000000.0,1817000000.0,2260000000.0,0.0,5.329,41.724,41.533,9302000000.0,0.0,82.65,2.475,2.475,1911000000.0,-4347000000.0,10993000000.0,10993000000.0,0.0,0.025,0.135,0.084,0.166,137000000.0,609000000.0,1.0,329149636.0,329149636.0,,33.398,13320000000.0,212000000.0,569000000.0,5212000000.0,40.468,75000000.0
25,HLT,MRT,2015-03-31,2015-03-31,2015-03-31,2021-08-25,-868000000.0,25905000000.0,26212750000.0,2489000000.0,23416000000.0,0.41,14.204,-375000000.0,816000000.0,816000000.0,4073000000.0,708000000.0,1.083,4.565,11430000000.0,147000000.0,11283000000.0,11430000000.0,447000000.0,650000000.0,0.0,0.0,0.0,1854000000.0,2504000000.0,0.233,2504000000.0,1854000000.0,1245000000.0,2.14,2.14,2.14,4662000000.0,4759500000.0,4662000000.0,40088589775.0,22.0,16.01,1071000000.0,3.263,1.0,6665000000.0,0.621,12732000000.0,609000000.0,21489000000.0,21972500000.0,421000000.0,156000000.0,0.0,156000000.0,21283000000.0,2298000000.0,18985000000.0,29164589775.0,48000000.0,-1296000000.0,13000000.0,-1572000000.0,0.0,-1604000000.0,228000000.0,-1000000.0,1446000000.0,-22000000.0,700000000.0,700000000.0,700000000.0,0.0,8000000.0,0.065,4840000000.0,1825000000.0,2132000000.0,0.0,6.256,41.664,41.523,9193000000.0,0.0,88.86,2.716,2.716,1846000000.0,-4508000000.0,10738000000.0,10738000000.0,0.0,0.027,0.147,0.084,0.173,78000000.0,521000000.0,1.0,328208303.0,328208303.0,,32.717,13173000000.0,208000000.0,545000000.0,5363000000.0,40.136,191000000.0
26,HLT,MRT,2014-12-31,2014-12-31,2014-12-31,2021-08-25,-628000000.0,26125000000.0,26334750000.0,2499000000.0,23626000000.0,0.399,14.479,-337000000.0,768000000.0,768000000.0,4019000000.0,682000000.0,1.107,4.506,11692000000.0,137000000.0,11555000000.0,11692000000.0,495000000.0,628000000.0,0.0,0.0,0.0,1756000000.0,2384000000.0,0.227,2384000000.0,1756000000.0,1138000000.0,2.05,2.05,2.05,4752000000.0,4728000000.0,4752000000.0,36921667053.0,21.0,15.487,970000000.0,2.955,1.0,6483000000.0,0.617,13097000000.0,618000000.0,21695000000.0,22300000000.0,404000000.0,170000000.0,0.0,170000000.0,21411000000.0,2257000000.0,19154000000.0,25688667053.0,-92000000.0,0.0,13000000.0,-1083000000.0,0.0,-1075000000.0,-310000000.0,0.0,1307000000.0,-14000000.0,673000000.0,673000000.0,673000000.0,0.0,9000000.0,0.064,4810000000.0,1673000000.0,2099000000.0,0.0,5.406,38.17,38.18,9026000000.0,0.0,78.27,2.446,2.446,1794000000.0,-4658000000.0,10502000000.0,10502000000.0,0.0,0.026,0.142,0.079,0.167,78000000.0,491000000.0,1.0,328205788.0,328205788.0,,31.998,13028000000.0,287000000.0,465000000.0,5237000000.0,39.695,242000000.0
27,HLT,MRT,2014-09-30,2014-09-30,2014-09-30,2021-08-25,-404000000.0,26324000000.0,26444000000.0,2414000000.0,23910000000.0,0.39,14.595,-344000000.0,831000000.0,831000000.0,3989000000.0,585000000.0,1.128,4.504,12064000000.0,127000000.0,11937000000.0,12064000000.0,544000000.0,618000000.0,0.0,0.0,0.0,1604000000.0,2222000000.0,0.215,2222000000.0,1604000000.0,918000000.0,1.65,1.65,1.65,4790000000.0,4630750000.0,4790000000.0,35736125700.0,22.0,16.083,1632000000.0,4.972,1.0,6328000000.0,0.613,13213000000.0,686000000.0,22204000000.0,22588000000.0,350000000.0,174000000.0,0.0,174000000.0,21574000000.0,2140000000.0,19434000000.0,24251125700.0,-181000000.0,-6000000.0,1256000000.0,-3129000000.0,0.0,-1817000000.0,-330000000.0,17000000.0,1976000000.0,-10000000.0,541000000.0,541000000.0,541000000.0,0.0,44000000.0,0.052,5021000000.0,1307000000.0,2003000000.0,0.0,5.063,44.826,44.782,9124000000.0,0.0,73.89,2.351,2.351,1796000000.0,-4816000000.0,10317000000.0,10317000000.0,0.0,0.02,0.117,0.071,0.155,314000000.0,778000000.0,1.0,328205788.0,328205788.0,,31.435,13111000000.0,218000000.0,377000000.0,5147000000.0,39.947,274000000.0
28,HLT,MRT,2014-06-30,2014-06-30,2014-06-30,2021-08-25,-186000000.0,26497000000.0,,2417000000.0,24080000000.0,,14.729,-327000000.0,829000000.0,829000000.0,3948000000.0,601000000.0,1.14,4.499,12314000000.0,110000000.0,12204000000.0,12314000000.0,593000000.0,605000000.0,0.0,0.0,0.0,1535000000.0,2140000000.0,0.211,2140000000.0,1535000000.0,878000000.0,1.74,1.74,1.74,4834000000.0,,4834000000.0,34732537981.0,23.0,16.23,1648000000.0,5.021,1.0,6174000000.0,0.61,13360000000.0,657000000.0,22502000000.0,,359000000.0,257000000.0,0.0,257000000.0,21750000000.0,2120000000.0,19630000000.0,22941537981.0,-116000000.0,-6000000.0,1256000000.0,-3229000000.0,0.0,-1770000000.0,-320000000.0,2000000.0,1975000000.0,-1000000.0,558000000.0,558000000.0,558000000.0,0.0,43000000.0,0.055,4955000000.0,1219000000.0,1999000000.0,0.0,4.746,41.114,40.172,9036000000.0,0.0,69.9,2.267,2.267,1796000000.0,-4999000000.0,10122000000.0,10122000000.0,0.0,,,,0.152,300000000.0,789000000.0,1.0,328205121.0,328205121.0,,30.84,13137000000.0,219000000.0,320000000.0,5069000000.0,40.027,297000000.0
29,HLT,MRT,2014-03-31,2014-03-31,2014-03-31,2021-08-25,-236000000.0,26393000000.0,,2295000000.0,24098000000.0,,13.821,-322000000.0,722000000.0,722000000.0,3912000000.0,546000000.0,1.156,4.838,12513000000.0,44000000.0,12469000000.0,12513000000.0,632000000.0,596000000.0,0.0,0.0,0.0,1417000000.0,2013000000.0,0.205,2013000000.0,1417000000.0,787000000.0,1.62,1.62,1.62,4536000000.0,,4536000000.0,33760845695.0,24.0,16.771,1754000000.0,5.344,1.0,5923000000.0,0.602,13399000000.0,630000000.0,22799000000.0,,397000000.0,264000000.0,0.0,264000000.0,21946000000.0,1986000000.0,19960000000.0,21897845695.0,-342000000.0,-35000000.0,1243000000.0,-3414000000.0,0.0,-2018000000.0,-391000000.0,2000000.0,2076000000.0,-9000000.0,504000000.0,504000000.0,504000000.0,0.0,42000000.0,0.051,4735000000.0,1188000000.0,1936000000.0,0.0,4.828,43.448,41.185,9031000000.0,0.0,66.72,2.227,2.227,1721000000.0,-5208000000.0,9835000000.0,9835000000.0,0.0,,,,0.144,279000000.0,748000000.0,1.0,328205121.0,328205121.0,,29.966,12994000000.0,218000000.0,283000000.0,5117000000.0,39.591,309000000.0
30,HLT,MRT,2013-12-31,2013-12-31,2013-12-31,2021-08-25,-264000000.0,26562000000.0,26814000000.0,2383000000.0,24179000000.0,0.363,13.294,-332000000.0,860000000.0,860000000.0,3877000000.0,460000000.0,1.113,5.108,12723000000.0,52000000.0,12671000000.0,12723000000.0,674000000.0,603000000.0,0.0,0.0,0.0,1273000000.0,1876000000.0,0.193,1876000000.0,1273000000.0,653000000.0,1.35,1.35,1.35,4363000000.0,3332000000.0,4363000000.0,36597692316.0,29.0,19.508,1769000000.0,5.39,1.0,5858000000.0,0.602,13436000000.0,620000000.0,22847000000.0,24342000000.0,396000000.0,260000000.0,0.0,260000000.0,22286000000.0,2142000000.0,20144000000.0,21907692316.0,-161000000.0,-34000000.0,1243000000.0,-3295000000.0,0.0,-1863000000.0,-382000000.0,-5000000.0,2101000000.0,-17000000.0,415000000.0,415000000.0,415000000.0,0.0,45000000.0,0.043,4756000000.0,1102000000.0,2079000000.0,0.0,5.021,52.79,49.444,9058000000.0,0.0,66.75,2.25,2.25,1681000000.0,-5331000000.0,9735000000.0,9735000000.0,0.0,0.015,0.125,0.052,0.131,262000000.0,748000000.0,1.0,328205128.0,328205128.0,,29.661,13126000000.0,291000000.0,238000000.0,5064000000.0,39.993,241000000.0
31,HLT,MRT,2013-09-30,2013-09-30,2013-09-30,2021-08-25,,,,,,,,,,,,,,,,,,,,,,,0.0,,,,,,,,,,,,,,,,,,1.0,,,,,,,,,,,,,,,,,,,,,,,,,,,,,,,,,,,,,,,,,,,,,,,,,,,,,,1.0,328205128.0,328205128.0,,,,,,,,
32,HLT,MRT,2013-06-30,2013-06-30,2013-06-30,2021-08-25,,,,,,,,,,,,,,,,,,,,,,,0.0,,,,,,,,,,,,,,,,,,1.0,,,,,,,,,,,,,,,,,,,,,,,,,,,,,,,,,,,,,,,,,,,,,,,,,,,,,,1.0,328205128.0,328205128.0,,,,,,,,
33,HLT,MRT,2013-03-31,2013-03-31,2013-03-31,2021-08-25,,,,,,,,,,,,,,,,,,,,,,,0.0,,,,,,,,,,,,,,,,,,1.0,,,,,,,,,,,,,,,,,,,,,,,,,,,,,,,,,,,,,,,,,,,,,,,,,,,,,,1.0,328205128.0,328205128.0,,,,,,,,
34,HLT,MRT,2012-12-31,2012-12-31,2012-12-31,2021-08-25,-406000000.0,27066000000.0,27189000000.0,2827000000.0,24239000000.0,0.341,7.011,-536000000.0,1305000000.0,1305000000.0,3988000000.0,359000000.0,1.203,10.826,15995000000.0,407000000.0,15588000000.0,15995000000.0,82000000.0,550000000.0,0.0,,0.0,1135000000.0,1685000000.0,0.182,1685000000.0,1135000000.0,566000000.0,1.14,1.14,1.14,2301000000.0,2084500000.0,2301000000.0,,,,574000000.0,1.749,1.0,5288000000.0,0.57,13570000000.0,569000000.0,25837000000.0,26322000000.0,415000000.0,291000000.0,0.0,291000000.0,24911000000.0,2349000000.0,22562000000.0,,-26000000.0,-3000000.0,0.0,-758000000.0,0.0,-576000000.0,-558000000.0,4000000.0,1110000000.0,-2000000.0,352000000.0,352000000.0,352000000.0,0.0,7000000.0,0.038,4188000000.0,1100000000.0,1922000000.0,0.0,,,,9197000000.0,0.0,,,,1653000000.0,-5746000000.0,9276000000.0,9276000000.0,0.0,0.013,0.169,0.043,0.122,50000000.0,460000000.0,1.0,328205128.0,328205128.0,,28.263,13496000000.0,180000000.0,214000000.0,4968000000.0,41.121,478000000.0
35,HLT,MRT,2011-12-31,2011-12-31,2011-12-31,2021-08-25,-489000000.0,27312000000.0,,3033000000.0,24279000000.0,,,-482000000.0,1439000000.0,1439000000.0,3881000000.0,255000000.0,1.374,13.71,16792000000.0,384000000.0,16408000000.0,16792000000.0,0.0,564000000.0,0.0,,0.0,837000000.0,1401000000.0,0.16,1401000000.0,837000000.0,194000000.0,0.81,0.81,0.81,1868000000.0,,1868000000.0,,,,685000000.0,,1.0,4902000000.0,0.558,13651000000.0,643000000.0,26807000000.0,,552000000.0,334000000.0,0.0,334000000.0,25610000000.0,2207000000.0,23403000000.0,,-15000000.0,-23000000.0,0.0,-686000000.0,0.0,-714000000.0,-463000000.0,7000000.0,1167000000.0,-5000000.0,253000000.0,253000000.0,253000000.0,0.0,2000000.0,0.029,3927000000.0,975000000.0,1806000000.0,0.0,,,,9117000000.0,0.0,,,,1511000000.0,-6098000000.0,8783000000.0,8783000000.0,0.0,,,,0.095,19000000.0,416000000.0,1.0,,,,,13661000000.0,186000000.0,-59000000.0,5023000000.0,,826000000.0
36,HLT,MRT,2010-12-31,2010-12-31,2010-12-31,2021-08-25,,,,,,,,-168000000.0,,,3643000000.0,111000000.0,,,,,,,,574000000.0,,,0.0,1382000000.0,1956000000.0,0.242,1956000000.0,1382000000.0,436000000.0,,,,,,,,,,665000000.0,,1.0,4425000000.0,0.548,,946000000.0,,,,,,,,,,,58000000.0,-220000000.0,0.0,-295000000.0,0.0,-703000000.0,-68000000.0,2000000.0,833000000.0,-4000000.0,128000000.0,128000000.0,128000000.0,0.0,-17000000.0,0.016,3872000000.0,553000000.0,,,,,,,0.0,,,,,,8068000000.0,8068000000.0,0.0,,,,0.171,56000000.0,637000000.0,1.0,,,,,,,308000000.0,,,
