None,ticker,dimension,calendardate,datekey,reportperiod,lastupdated,accoci,assets,assetsavg,assetsc,assetsnc,assetturnover,bvps,capex,cashneq,cashnequsd,cor,consolinc,currentratio,de,debt,debtc,debtnc,debtusd,deferredrev,depamor,deposits,divyield,dps,ebit,ebitda,ebitdamargin,ebitdausd,ebitusd,ebt,eps,epsdil,epsusd,equity,equityavg,equityusd,ev,evebit,evebitda,fcf,fcfps,fxusd,gp,grossmargin,intangibles,intexp,invcap,invcapavg,inventory,investments,investmentsc,investmentsnc,liabilities,liabilitiesc,liabilitiesnc,marketcap,ncf,ncfbus,ncfcommon,ncfdebt,ncfdiv,ncff,ncfi,ncfinv,ncfo,ncfx,netinc,netinccmn,netinccmnusd,netincdis,netincnci,netmargin,opex,opinc,payables,payoutratio,pb,pe,pe1,ppnenet,prefdivis,price,ps,ps1,receivables,retearn,revenue,revenueusd,rnd,roa,roe,roic,ros,sbcomp,sgna,sharefactor,sharesbas,shareswa,shareswadil,sps,tangibles,taxassets,taxexp,taxliabilities,tbvps,workingcapital
0,FDX,MRY,2021-12-31,2021-05-31,2021-05-31,2021-09-21,-732000000.0,82777000000.0,81093500000.0,20580000000.0,62197000000.0,1.035,91.082,-5884000000.0,7087000000.0,7087000000.0,32039000000.0,5231000000.0,1.507,2.425,36462000000.0,2354000000.0,34108000000.0,36462000000.0,0.0,3793000000.0,0.0,0.008,2.6,7467000000.0,11260000000.0,0.134,11260000000.0,7467000000.0,6674000000.0,19.79,19.45,19.79,24168000000.0,21662500000.0,24168000000.0,113242338631.0,15.0,10.057,4251000000.0,16.021,1.0,51920000000.0,0.618,6992000000.0,793000000.0,91500000000.0,91701250000.0,587000000.0,0.0,0.0,0.0,58609000000.0,13660000000.0,44949000000.0,83532338631.0,2206000000.0,-126000000.0,740000000.0,-2106000000.0,-686000000.0,-2090000000.0,-6010000000.0,0.0,10135000000.0,171000000.0,5231000000.0,5231000000.0,5231000000.0,0.0,0.0,0.062,46063000000.0,5857000000.0,3841000000.0,0.131,3.456,15.969,15.908,51135000000.0,0.0,314.81,0.995,0.995,12069000000.0,29817000000.0,83959000000.0,83959000000.0,0.0,0.065,0.241,0.081,0.089,200000000.0,30173000000.0,1.0,265342075.0,265342075,,316.418,75785000000.0,0.0,1443000000.0,3927000000.0,285.612,6920000000.0
1,FDX,MRY,2020-12-31,2020-05-31,2020-05-31,2021-09-21,-1147000000.0,73537000000.0,70489250000.0,16383000000.0,57154000000.0,0.982,70.029,-5868000000.0,4881000000.0,4881000000.0,27227000000.0,1286000000.0,1.584,3.02,36121000000.0,1974000000.0,34147000000.0,36121000000.0,0.0,3615000000.0,0.0,0.02,2.6,2341000000.0,5956000000.0,0.086,5956000000.0,2341000000.0,1669000000.0,4.92,4.9,4.92,18295000000.0,18487750000.0,18295000000.0,65784771146.0,28.0,11.045,-771000000.0,-2.951,1.0,41990000000.0,0.607,6372000000.0,672000000.0,88061000000.0,84611250000.0,572000000.0,0.0,0.0,0.0,55242000000.0,10344000000.0,44898000000.0,34108771146.0,2562000000.0,22000000.0,61000000.0,4008000000.0,-679000000.0,3381000000.0,-5846000000.0,0.0,5097000000.0,-70000000.0,1286000000.0,1286000000.0,1286000000.0,0.0,0.0,0.019,39573000000.0,2417000000.0,3269000000.0,0.528,1.864,26.523,26.537,47525000000.0,0.0,130.56,0.493,0.493,10102000000.0,25216000000.0,69217000000.0,69217000000.0,0.0,0.018,0.07,0.028,0.034,168000000.0,25031000000.0,1.0,261249779.0,261249779,,264.946,67165000000.0,0.0,383000000.0,3162000000.0,257.091,6039000000.0
2,FDX,MRY,2019-12-31,2019-05-31,2019-05-31,2021-09-21,-865000000.0,54403000000.0,53514250000.0,13086000000.0,41317000000.0,1.302,68.146,-5490000000.0,2319000000.0,2319000000.0,26737000000.0,540000000.0,1.452,2.064,18112000000.0,964000000.0,17148000000.0,18112000000.0,0.0,3353000000.0,0.0,0.017,2.6,1243000000.0,4596000000.0,0.066,4596000000.0,1243000000.0,655000000.0,2.06,2.03,2.06,17757000000.0,19029500000.0,17757000000.0,56257451139.0,45.0,12.241,123000000.0,0.472,1.0,42956000000.0,0.616,6884000000.0,588000000.0,54299000000.0,52965750000.0,553000000.0,0.0,0.0,0.0,36646000000.0,9013000000.0,27633000000.0,40201451139.0,-946000000.0,17000000.0,-1379000000.0,1027000000.0,-683000000.0,-1039000000.0,-5473000000.0,0.0,5613000000.0,-47000000.0,540000000.0,540000000.0,540000000.0,0.0,0.0,0.008,38490000000.0,4466000000.0,3030000000.0,1.262,2.264,74.447,74.893,30429000000.0,0.0,154.28,0.577,0.577,9116000000.0,24648000000.0,69693000000.0,69693000000.0,0.0,0.01,0.028,0.023,0.018,174000000.0,24776000000.0,1.0,260574612.0,260574612,,267.459,47519000000.0,0.0,115000000.0,2821000000.0,182.362,4073000000.0
3,FDX,MRY,2018-12-31,2018-05-31,2018-05-31,2021-09-21,-578000000.0,52330000000.0,50953000000.0,13341000000.0,38989000000.0,1.285,72.661,-5663000000.0,3265000000.0,3265000000.0,24458000000.0,4572000000.0,1.386,1.695,17136000000.0,1342000000.0,15794000000.0,17136000000.0,0.0,3095000000.0,0.0,0.008,2.0,4911000000.0,8006000000.0,0.122,8006000000.0,4911000000.0,4353000000.0,17.08,16.79,17.08,19416000000.0,17995750000.0,19416000000.0,81891652368.0,17.0,10.229,-989000000.0,-3.701,1.0,40992000000.0,0.626,6973000000.0,558000000.0,49601000000.0,48562250000.0,525000000.0,0.0,0.0,0.0,32914000000.0,9627000000.0,23287000000.0,66568652368.0,-704000000.0,-14000000.0,-690000000.0,1442000000.0,-535000000.0,227000000.0,-5677000000.0,0.0,4674000000.0,72000000.0,4572000000.0,4572000000.0,4572000000.0,0.0,0.0,0.07,36720000000.0,4272000000.0,2977000000.0,0.117,3.429,14.56,14.585,28154000000.0,0.0,249.12,1.017,1.017,8481000000.0,24823000000.0,65450000000.0,65450000000.0,0.0,0.09,0.254,0.101,0.075,167000000.0,23795000000.0,1.0,267215207.0,267215207,,244.934,45357000000.0,0.0,-219000000.0,2867000000.0,169.74,3714000000.0
4,FDX,MRY,2017-12-31,2017-05-31,2017-05-31,2021-09-21,-415000000.0,48552000000.0,46814000000.0,12628000000.0,35924000000.0,1.288,60.114,-5116000000.0,3969000000.0,3969000000.0,22017000000.0,2997000000.0,1.595,2.021,15462000000.0,22000000.0,15440000000.0,15462000000.0,0.0,2995000000.0,0.0,0.008,1.6,5091000000.0,8086000000.0,0.134,8086000000.0,5091000000.0,4579000000.0,11.24,11.07,11.24,16073000000.0,14982500000.0,16073000000.0,63868961083.0,13.0,7.899,-186000000.0,-0.696,1.0,38302000000.0,0.635,7154000000.0,512000000.0,44973000000.0,43654250000.0,514000000.0,0.0,0.0,0.0,32479000000.0,7918000000.0,24561000000.0,51827961083.0,435000000.0,135000000.0,-172000000.0,1108000000.0,-426000000.0,528000000.0,-4981000000.0,0.0,4930000000.0,-42000000.0,2997000000.0,2997000000.0,2997000000.0,0.0,0.0,0.05,33736000000.0,4566000000.0,2752000000.0,0.142,3.225,17.293,17.246,25981000000.0,0.0,193.84,0.859,0.859,7599000000.0,20833000000.0,60319000000.0,60319000000.0,0.0,0.064,0.2,0.117,0.084,154000000.0,21989000000.0,1.0,267374954.0,267374954,,225.597,41398000000.0,0.0,1582000000.0,2485000000.0,154.831,4710000000.0
5,FDX,MRY,2016-12-31,2016-05-31,2016-05-31,2021-09-21,-169000000.0,45959000000.0,39848500000.0,11989000000.0,33970000000.0,1.264,51.352,-4818000000.0,3534000000.0,3534000000.0,17327000000.0,1820000000.0,1.497,2.334,14162000000.0,29000000.0,14133000000.0,14162000000.0,0.0,2631000000.0,0.0,0.006,1.0,3076000000.0,5707000000.0,0.113,5707000000.0,3076000000.0,2740000000.0,6.59,6.51,6.59,13784000000.0,14596000000.0,13784000000.0,50651868017.0,16.0,8.875,890000000.0,3.316,1.0,33038000000.0,0.656,6747000000.0,336000000.0,41832000000.0,35677500000.0,496000000.0,0.0,0.0,0.0,32175000000.0,8008000000.0,24167000000.0,44281868017.0,-229000000.0,-4628000000.0,-2539000000.0,6478000000.0,-277000000.0,3611000000.0,-9446000000.0,0.0,5708000000.0,-102000000.0,1820000000.0,1820000000.0,1820000000.0,0.0,0.0,0.036,29961000000.0,3077000000.0,2944000000.0,0.152,3.213,24.331,25.033,24284000000.0,0.0,164.97,0.879,0.879,7252000000.0,18371000000.0,50365000000.0,50365000000.0,0.0,0.046,0.125,0.086,0.061,144000000.0,18581000000.0,1.0,268423762.0,268423762,,187.632,39212000000.0,0.0,920000000.0,1567000000.0,146.082,3981000000.0
6,FDX,MRY,2015-12-31,2015-05-31,2015-05-31,2021-09-21,172000000.0,36531000000.0,34552500000.0,10335000000.0,26196000000.0,1.373,52.838,-4347000000.0,3763000000.0,3763000000.0,16984000000.0,1050000000.0,1.735,1.437,7979000000.0,19000000.0,7960000000.0,7979000000.0,0.0,2611000000.0,0.0,0.005,0.8,1862000000.0,4473000000.0,0.094,4473000000.0,1862000000.0,1627000000.0,3.7,3.65,3.7,14993000000.0,15422250000.0,14993000000.0,53596326220.0,29.0,11.982,1019000000.0,3.591,1.0,30469000000.0,0.642,3810000000.0,235000000.0,30981000000.0,29647500000.0,498000000.0,0.0,0.0,0.0,21538000000.0,5956000000.0,15582000000.0,49152326220.0,855000000.0,-1405000000.0,-934000000.0,2486000000.0,-227000000.0,1349000000.0,-5752000000.0,0.0,5366000000.0,-108000000.0,1050000000.0,1050000000.0,1050000000.0,0.0,0.0,0.022,28602000000.0,1867000000.0,2066000000.0,0.216,3.278,46.812,46.816,20875000000.0,0.0,173.22,1.036,1.036,5719000000.0,16900000000.0,47453000000.0,47453000000.0,0.0,0.03,0.068,0.063,0.039,133000000.0,17110000000.0,1.0,283756646.0,283756646,,167.231,32721000000.0,0.0,577000000.0,1210000000.0,115.314,4379000000.0
7,FDX,MRY,2014-12-31,2014-05-31,2014-05-31,2021-09-21,506000000.0,33070000000.0,33253500000.0,9683000000.0,23387000000.0,1.37,51.696,-3533000000.0,2908000000.0,2908000000.0,17052000000.0,2324000000.0,1.823,1.165,5495000000.0,1000000.0,5494000000.0,5495000000.0,0.0,2587000000.0,0.0,0.004,0.6,3818000000.0,6405000000.0,0.141,6405000000.0,3818000000.0,3658000000.0,7.56,7.48,7.56,15277000000.0,16423000000.0,15277000000.0,45036640043.0,12.0,7.031,731000000.0,2.474,1.0,28515000000.0,0.626,2790000000.0,160000000.0,27555000000.0,26107250000.0,463000000.0,0.0,0.0,0.0,17793000000.0,5312000000.0,12481000000.0,42601640043.0,-2009000000.0,-18000000.0,-4300000000.0,1743000000.0,-187000000.0,-2719000000.0,-3551000000.0,0.0,4264000000.0,-3000000.0,2324000000.0,2324000000.0,2324000000.0,0.0,0.0,0.051,24700000000.0,3815000000.0,1971000000.0,0.079,2.789,18.331,19.069,19550000000.0,0.0,144.16,0.935,0.935,5460000000.0,16229000000.0,45567000000.0,45567000000.0,0.0,0.07,0.142,0.146,0.084,117000000.0,16171000000.0,1.0,295516371.0,295516371,,154.195,30280000000.0,522000000.0,1334000000.0,2114000000.0,102.465,4371000000.0
8,FDX,MRY,2013-12-31,2013-05-31,2013-05-31,2021-09-21,-3820000000.0,33567000000.0,31850000000.0,11274000000.0,22293000000.0,1.39,54.906,-3375000000.0,4917000000.0,4917000000.0,16448000000.0,2716000000.0,1.961,0.929,3768000000.0,251000000.0,3517000000.0,3768000000.0,0.0,2386000000.0,0.0,0.006,0.56,4420000000.0,6806000000.0,0.154,6806000000.0,4420000000.0,4338000000.0,8.61,8.55,8.61,17398000000.0,16019250000.0,17398000000.0,30163151175.0,7.0,4.432,1313000000.0,4.144,1.0,27839000000.0,0.629,2755000000.0,82000000.0,23913000000.0,23870000000.0,457000000.0,0.0,0.0,0.0,16169000000.0,5750000000.0,10419000000.0,30527151175.0,2074000000.0,-428000000.0,34000000.0,1322000000.0,-177000000.0,1184000000.0,-3803000000.0,0.0,4688000000.0,5000000.0,2716000000.0,2716000000.0,2716000000.0,0.0,0.0,0.061,23405000000.0,4434000000.0,1879000000.0,0.065,1.755,11.24,11.189,18484000000.0,0.0,96.34,0.689,0.689,5044000000.0,18519000000.0,44287000000.0,44287000000.0,0.0,0.085,0.17,0.185,0.1,109000000.0,16055000000.0,1.0,316868914.0,316868914,,139.764,30812000000.0,533000000.0,1622000000.0,1652000000.0,97.239,5524000000.0
9,FDX,MRY,2012-12-31,2012-05-31,2012-05-31,2021-09-21,-4953000000.0,29903000000.0,28736250000.0,9056000000.0,20847000000.0,1.485,46.698,-4007000000.0,2843000000.0,2843000000.0,15758000000.0,2032000000.0,1.685,1.03,2451000000.0,417000000.0,2034000000.0,2451000000.0,0.0,2113000000.0,0.0,0.006,0.52,3193000000.0,5306000000.0,0.124,5306000000.0,3193000000.0,3141000000.0,6.44,6.41,6.44,14727000000.0,15731750000.0,14727000000.0,28491895408.0,9.0,5.37,828000000.0,2.626,1.0,26922000000.0,0.631,2387000000.0,52000000.0,21750000000.0,21404750000.0,440000000.0,0.0,0.0,0.0,15176000000.0,5374000000.0,9802000000.0,28111895408.0,515000000.0,-42000000.0,-69000000.0,-29000000.0,-164000000.0,-244000000.0,-4049000000.0,0.0,4835000000.0,-27000000.0,2032000000.0,2032000000.0,2032000000.0,0.0,0.0,0.048,23736000000.0,3186000000.0,1613000000.0,0.081,1.909,13.835,13.842,17248000000.0,0.0,89.14,0.659,0.659,4704000000.0,17134000000.0,42680000000.0,42680000000.0,0.0,0.071,0.129,0.149,0.075,105000000.0,16099000000.0,1.0,315367909.0,315367909,,135.334,27516000000.0,533000000.0,1109000000.0,836000000.0,87.25,3682000000.0
10,FDX,MRY,2011-12-31,2011-05-31,2011-05-31,2021-09-21,-2550000000.0,27385000000.0,26223000000.0,8285000000.0,19100000000.0,1.499,48.217,-3434000000.0,2328000000.0,2328000000.0,14266000000.0,1452000000.0,1.697,0.799,2464000000.0,18000000.0,2446000000.0,2464000000.0,0.0,1973000000.0,0.0,0.005,0.48,2351000000.0,4324000000.0,0.11,4324000000.0,2351000000.0,2265000000.0,4.61,4.57,4.61,15220000000.0,14716500000.0,15220000000.0,30653209783.0,13.0,7.089,607000000.0,1.923,1.0,25038000000.0,0.637,2326000000.0,86000000.0,20313000000.0,20043250000.0,437000000.0,0.0,0.0,0.0,12165000000.0,4882000000.0,7283000000.0,29558209783.0,376000000.0,15000000.0,108000000.0,-262000000.0,-151000000.0,-287000000.0,-3419000000.0,0.0,4041000000.0,41000000.0,1452000000.0,1452000000.0,1452000000.0,0.0,0.0,0.037,22660000000.0,2378000000.0,1702000000.0,0.104,1.942,20.357,20.312,15543000000.0,0.0,93.64,0.752,0.752,4581000000.0,15266000000.0,39304000000.0,39304000000.0,0.0,0.055,0.099,0.117,0.06,98000000.0,15276000000.0,1.0,315657943.0,315657943,,124.515,25059000000.0,610000000.0,813000000.0,1336000000.0,79.387,3403000000.0
11,FDX,MRY,2010-12-31,2010-05-31,2010-05-31,2021-09-21,-2440000000.0,24902000000.0,24557250000.0,7284000000.0,17618000000.0,1.414,44.098,-2816000000.0,1952000000.0,1952000000.0,11908000000.0,1184000000.0,1.568,0.803,2734000000.0,262000000.0,2472000000.0,2734000000.0,0.0,1958000000.0,0.0,0.005,0.44,1973000000.0,3931000000.0,0.113,3931000000.0,1973000000.0,1894000000.0,3.78,3.76,3.78,13811000000.0,14036250000.0,13811000000.0,27318233434.0,14.0,6.949,322000000.0,1.028,1.0,22826000000.0,0.657,2200000000.0,79000000.0,18839000000.0,19185250000.0,389000000.0,0.0,0.0,0.0,11091000000.0,4645000000.0,6446000000.0,26148233434.0,-340000000.0,35000000.0,94000000.0,-653000000.0,-138000000.0,-692000000.0,-2781000000.0,0.0,3138000000.0,-5000000.0,1184000000.0,1184000000.0,1184000000.0,0.0,0.0,0.034,20828000000.0,1998000000.0,1522000000.0,0.116,1.893,22.085,22.087,14385000000.0,0.0,83.49,0.753,0.753,4163000000.0,13966000000.0,34734000000.0,34734000000.0,0.0,0.048,0.084,0.103,0.057,101000000.0,14027000000.0,1.0,313190004.0,313190004,,110.904,22702000000.0,529000000.0,710000000.0,891000000.0,72.486,2639000000.0
12,FDX,MRY,2009-12-31,2009-05-31,2009-05-31,2021-09-21,-1373000000.0,24244000000.0,25944250000.0,7116000000.0,17128000000.0,1.368,43.763,-2459000000.0,2292000000.0,2292000000.0,12672000000.0,98000000.0,1.573,0.779,3385000000.0,653000000.0,2732000000.0,3385000000.0,0.0,1975000000.0,0.0,0.008,0.44,762000000.0,2737000000.0,0.077,2737000000.0,762000000.0,677000000.0,0.31,0.31,0.31,13626000000.0,14949500000.0,13626000000.0,18380592842.0,24.0,6.716,294000000.0,0.944,1.0,22825000000.0,0.643,2229000000.0,85000000.0,18584000000.0,18229500000.0,367000000.0,0.0,0.0,0.0,10618000000.0,4524000000.0,6094000000.0,17258592842.0,753000000.0,76000000.0,41000000.0,499000000.0,-137000000.0,400000000.0,-2383000000.0,0.0,2753000000.0,-17000000.0,98000000.0,98000000.0,98000000.0,0.0,0.0,0.003,22078000000.0,747000000.0,1372000000.0,1.419,1.267,176.108,178.806,13417000000.0,0.0,55.43,0.486,0.486,3391000000.0,12919000000.0,35497000000.0,35497000000.0,0.0,0.004,0.007,0.042,0.021,99000000.0,13767000000.0,1.0,311358341.0,311358341,,114.007,22015000000.0,511000000.0,579000000.0,1071000000.0,70.706,2592000000.0
13,FDX,MRY,2008-12-31,2008-05-31,2008-05-31,2021-09-21,-425000000.0,25633000000.0,24620500000.0,7244000000.0,18389000000.0,1.542,46.848,-2947000000.0,1539000000.0,1539000000.0,13552000000.0,1125000000.0,1.349,0.765,2679000000.0,502000000.0,2177000000.0,2679000000.0,0.0,1946000000.0,0.0,0.004,0.4,2114000000.0,4060000000.0,0.107,4060000000.0,2114000000.0,2016000000.0,3.64,3.6,3.64,14526000000.0,13924750000.0,14526000000.0,30072973750.0,14.0,7.407,518000000.0,1.671,1.0,24401000000.0,0.643,4084000000.0,98000000.0,17321000000.0,16713250000.0,435000000.0,0.0,0.0,0.0,11107000000.0,5368000000.0,5739000000.0,28435973750.0,-30000000.0,50000000.0,108000000.0,-639000000.0,-124000000.0,-617000000.0,-2897000000.0,0.0,3465000000.0,19000000.0,1125000000.0,1125000000.0,1125000000.0,0.0,0.0,0.03,22326000000.0,2075000000.0,2195000000.0,0.11,1.958,25.276,25.195,13478000000.0,0.0,91.71,0.749,0.749,4359000000.0,13002000000.0,37953000000.0,37953000000.0,0.0,0.046,0.081,0.126,0.056,101000000.0,14202000000.0,1.0,310064047.0,310064047,,122.404,21549000000.0,544000000.0,891000000.0,1264000000.0,69.499,1876000000.0
14,FDX,MRY,2007-12-31,2007-05-31,2007-05-31,2021-09-21,-1030000000.0,24000000000.0,24391000000.0,6629000000.0,17371000000.0,1.444,41.117,-2882000000.0,1569000000.0,1569000000.0,11701000000.0,2016000000.0,1.221,0.896,3301000000.0,639000000.0,2662000000.0,3301000000.0,0.0,1742000000.0,0.0,0.003,0.36,3351000000.0,5093000000.0,0.145,5093000000.0,3351000000.0,3215000000.0,6.57,6.48,6.57,12656000000.0,12561250000.0,12656000000.0,36479759228.0,11.0,7.163,675000000.0,2.193,1.0,23513000000.0,0.668,4735000000.0,136000000.0,15569000000.0,16065000000.0,338000000.0,0.0,0.0,0.0,11344000000.0,5428000000.0,5916000000.0,34356759228.0,-368000000.0,-1242000000.0,115000000.0,148000000.0,-110000000.0,193000000.0,-4124000000.0,0.0,3557000000.0,6000000.0,2016000000.0,2016000000.0,2016000000.0,0.0,0.0,0.057,20237000000.0,3276000000.0,2016000000.0,0.055,2.715,17.042,16.989,12636000000.0,0.0,111.62,0.976,0.976,3942000000.0,11970000000.0,35214000000.0,35214000000.0,0.0,0.083,0.16,0.209,0.095,103000000.0,13740000000.0,1.0,307801104.0,307801104,,114.405,19265000000.0,536000000.0,1199000000.0,897000000.0,62.589,1201000000.0
15,FDX,MRY,2006-12-31,2006-05-31,2006-05-31,2021-09-21,-24000000.0,22690000000.0,21506500000.0,6464000000.0,16226000000.0,1.502,37.727,-2518000000.0,1937000000.0,1937000000.0,10674000000.0,1806000000.0,1.181,0.971,3100000000.0,850000000.0,2250000000.0,3100000000.0,0.0,1548000000.0,0.0,0.003,0.32,3041000000.0,4589000000.0,0.142,4589000000.0,3041000000.0,2899000000.0,5.94,5.83,5.94,11511000000.0,10693000000.0,11511000000.0,35307003575.0,12.0,7.694,1158000000.0,3.795,1.0,21620000000.0,0.669,4107000000.0,142000000.0,14273000000.0,14525250000.0,308000000.0,0.0,0.0,0.0,11179000000.0,5473000000.0,5706000000.0,33340003575.0,898000000.0,64000000.0,144000000.0,-369000000.0,-97000000.0,-324000000.0,-2454000000.0,0.0,3676000000.0,0.0,1806000000.0,1806000000.0,1806000000.0,0.0,0.0,0.056,18606000000.0,3014000000.0,1908000000.0,0.054,2.896,18.461,18.396,10770000000.0,0.0,109.27,1.032,1.032,3516000000.0,10068000000.0,32294000000.0,32294000000.0,0.0,0.084,0.169,0.209,0.094,99000000.0,12571000000.0,1.0,305115801.0,305115801,,105.842,18583000000.0,539000000.0,1093000000.0,1367000000.0,60.905,991000000.0
16,FDX,MRY,2005-12-31,2005-05-31,2005-05-31,2021-09-21,-17000000.0,20404000000.0,20048750000.0,5269000000.0,15135000000.0,1.465,31.741,-2236000000.0,1039000000.0,1039000000.0,9246000000.0,1449000000.0,1.113,1.128,3328000000.0,369000000.0,2959000000.0,3328000000.0,0.0,1462000000.0,0.0,0.003,0.28,2473000000.0,3935000000.0,0.134,3935000000.0,2473000000.0,2313000000.0,4.81,4.72,4.81,9588000000.0,8973750000.0,9588000000.0,29834472997.0,12.0,7.582,881000000.0,2.917,1.0,20117000000.0,0.685,4220000000.0,160000000.0,13739000000.0,13688750000.0,250000000.0,0.0,0.0,0.0,10816000000.0,4734000000.0,6082000000.0,27011472997.0,-7000000.0,-122000000.0,99000000.0,-791000000.0,-84000000.0,-776000000.0,-2348000000.0,0.0,3117000000.0,0.0,1449000000.0,1449000000.0,1449000000.0,0.0,0.0,0.049,17646000000.0,2471000000.0,1739000000.0,0.058,2.817,18.641,18.59,9643000000.0,0.0,89.42,0.92,0.92,3297000000.0,8363000000.0,29363000000.0,29363000000.0,0.0,0.072,0.161,0.181,0.084,68000000.0,11963000000.0,1.0,302074178.0,302074178,,97.205,16184000000.0,510000000.0,864000000.0,1206000000.0,53.576,535000000.0
17,FDX,MRY,2004-12-31,2004-05-31,2004-05-31,2021-09-21,-46000000.0,19134000000.0,17290500000.0,4970000000.0,14164000000.0,1.429,26.901,-1271000000.0,1046000000.0,1046000000.0,7379000000.0,838000000.0,1.034,1.381,4090000000.0,750000000.0,3340000000.0,4090000000.0,0.0,1375000000.0,0.0,0.003,0.22,1455000000.0,2830000000.0,0.115,2830000000.0,1455000000.0,1319000000.0,2.8,2.76,2.8,8036000000.0,7593500000.0,8036000000.0,25941798690.0,18.0,9.167,1749000000.0,5.855,1.0,17331000000.0,0.701,4000000000.0,136000000.0,13371000000.0,13221500000.0,249000000.0,0.0,0.0,0.0,11098000000.0,4807000000.0,6291000000.0,21979798690.0,508000000.0,-2410000000.0,-64000000.0,1280000000.0,-66000000.0,1150000000.0,-3662000000.0,0.0,3020000000.0,0.0,838000000.0,838000000.0,838000000.0,0.0,0.0,0.034,15891000000.0,1440000000.0,1615000000.0,0.079,2.735,26.229,26.279,9037000000.0,0.0,73.58,0.89,0.89,3027000000.0,7001000000.0,24710000000.0,24710000000.0,0.0,0.048,0.11,0.11,0.059,43000000.0,10728000000.0,1.0,298719743.0,298719743,,82.72,15134000000.0,489000000.0,481000000.0,1106000000.0,50.663,163000000.0
18,FDX,MRY,2003-12-31,2003-05-31,2003-05-31,2021-09-21,-30000000.0,15385000000.0,14679250000.0,3941000000.0,11444000000.0,1.532,24.428,-1511000000.0,538000000.0,538000000.0,6752000000.0,830000000.0,1.182,1.111,2483000000.0,308000000.0,2175000000.0,2483000000.0,0.0,1351000000.0,0.0,0.003,0.2,1462000000.0,2813000000.0,0.125,2813000000.0,1462000000.0,1338000000.0,2.79,2.74,2.79,7288000000.0,6967250000.0,7288000000.0,21345819816.0,15.0,7.588,360000000.0,1.207,1.0,15735000000.0,0.7,1475000000.0,124000000.0,12520000000.0,12040500000.0,228000000.0,0.0,0.0,0.0,8097000000.0,3335000000.0,4762000000.0,19087819816.0,207000000.0,0.0,-105000000.0,-10000000.0,-60000000.0,-174000000.0,-1490000000.0,0.0,1871000000.0,0.0,830000000.0,830000000.0,830000000.0,0.0,0.0,0.037,14264000000.0,1471000000.0,1168000000.0,0.072,2.619,22.997,22.932,8700000000.0,0.0,63.98,0.849,0.849,2627000000.0,6250000000.0,22487000000.0,22487000000.0,0.0,0.057,0.119,0.121,0.065,20000000.0,9778000000.0,1.0,298340416.0,298340416,,75.374,13910000000.0,416000000.0,508000000.0,882000000.0,46.625,606000000.0
19,FDX,MRY,2002-12-31,2002-05-31,2002-05-31,2021-09-21,-53000000.0,13812000000.0,13671250000.0,3665000000.0,10147000000.0,1.507,21.932,-1615000000.0,331000000.0,331000000.0,5945000000.0,710000000.0,1.285,1.11,2223000000.0,6000000.0,2217000000.0,2223000000.0,0.0,1364000000.0,0.0,0.0,0.0,1289000000.0,2653000000.0,0.129,2653000000.0,1289000000.0,1145000000.0,2.38,2.34,2.38,6545000000.0,6286500000.0,6545000000.0,17976715678.0,14.0,6.776,613000000.0,2.054,1.0,14662000000.0,0.712,1063000000.0,144000000.0,11788000000.0,11539000000.0,251000000.0,0.0,0.0,0.0,7267000000.0,2853000000.0,4414000000.0,16099715678.0,210000000.0,-35000000.0,-89000000.0,-320000000.0,0.0,-406000000.0,-1612000000.0,0.0,2228000000.0,0.0,710000000.0,710000000.0,710000000.0,0.0,0.0,0.034,13341000000.0,1321000000.0,1133000000.0,0.0,2.46,22.676,22.668,8302000000.0,0.0,53.95,0.781,0.781,2491000000.0,5465000000.0,20607000000.0,20607000000.0,0.0,0.052,0.113,0.112,0.063,18000000.0,9099000000.0,1.0,298419197.0,298419197,,69.054,12749000000.0,469000000.0,435000000.0,599000000.0,42.722,812000000.0
20,FDX,MRY,2001-12-31,2001-05-31,2001-05-31,2021-09-21,-56000000.0,13392000000.0,12789165250.0,3501000000.0,9891000000.0,1.535,19.858,-1656000000.0,121000000.0,121000000.0,5676000000.0,584000000.0,1.077,1.27,2121000000.0,221000000.0,1900000000.0,2121000000.0,0.0,1276000000.0,0.0,0.0,0.0,1071000000.0,2347000000.0,0.12,2347000000.0,1071000000.0,927000000.0,2.02,1.99,2.02,5900000000.0,5446783500.0,5900000000.0,14445976720.0,13.0,6.155,388000000.0,1.306,1.0,13953000000.0,0.711,1052000000.0,144000000.0,11090000000.0,10985703500.0,269000000.0,0.0,0.0,0.0,7492000000.0,3250000000.0,4242000000.0,11884368720.0,53000000.0,-440000000.0,29000000.0,94000000.0,0.0,122000000.0,-2113000000.0,0.0,2044000000.0,0.0,584000000.0,584000000.0,584000000.0,0.0,0.0,0.03,12882000000.0,1071000000.0,1256000000.0,0.0,2.014,20.35,19.802,8100000000.0,0.0,40.0,0.605,0.605,2506000000.0,4880000000.0,19629000000.0,19629000000.0,0.0,0.046,0.107,0.097,0.055,0.0,8263000000.0,1.0,297109218.0,297109218,,66.067,12340000000.0,488000000.0,343000000.0,508000000.0,41.534,251000000.0
21,FDX,MRY,2000-12-31,2000-05-31,2000-05-31,2021-09-21,-36074000.0,11527111000.0,11344183250.0,3284744000.0,8242367000.0,1.609,16.669,-1603000000.0,67959000.0,67959000.0,5233000000.0,688000000.0,1.136,1.409,1782790000.0,6537000.0,1776253000.0,1782790000.0,0.0,1155000000.0,0.0,0.0,0.0,1244000000.0,2399000000.0,0.131,2399000000.0,1244000000.0,1138000000.0,2.36,2.32,2.36,4785243000.0,4720906000.0,4785243000.0,12257567702.0,10.0,5.109,22000000.0,0.077,1.0,13024000000.0,0.713,500547000.0,106000000.0,9850369000.0,9588004750.0,255291000.0,0.0,0.0,0.0,6741868000.0,2891026000.0,3850842000.0,10280057702.0,-257000000.0,-92000000.0,-591000000.0,403000000.0,0.0,-174000000.0,-1708000000.0,0.0,1625000000.0,0.0,688000000.0,688000000.0,688000000.0,0.0,0.0,0.038,11803000000.0,1221000000.0,1120855000.0,0.0,2.148,14.942,15.174,7083527000.0,0.0,35.81,0.563,0.563,2547043000.0,4295041000.0,18257000000.0,18257000000.0,0.0,0.061,0.146,0.13,0.068,0.0,7598000000.0,1.0,287072262.0,287072262,,63.597,11026564000.0,317784000.0,450000000.0,344613000.0,38.41,393718000.0
22,FDX,MRY,1999-12-31,1999-05-31,1999-05-31,2021-09-21,-24688000.0,10648211000.0,10311905250.0,3141028000.0,7507183000.0,1.627,15.679,-1426041000.0,325323000.0,325323000.0,4498281000.0,631333000.0,1.128,1.283,1374606000.0,14938000.0,1359668000.0,1374606000.0,0.0,1035118000.0,0.0,0.0,0.0,1159255000.0,2194373000.0,0.131,2194373000.0,1159255000.0,1061064000.0,2.13,2.1,2.13,4663692000.0,4365367500.0,4663692000.0,17742399067.0,15.0,8.085,346079000.0,1.164,1.0,12275189000.0,0.732,344002000.0,98191000.0,8568735000.0,8380256250.0,291922000.0,0.0,0.0,0.0,5984519000.0,2784757000.0,3199762000.0,16302915067.0,95758000.0,0.0,41764000.0,-269367000.0,0.0,-227605000.0,-1448757000.0,0.0,1772120000.0,0.0,631333000.0,631333000.0,631333000.0,0.0,0.0,0.038,11112103000.0,1163086000.0,1133952000.0,0.0,3.496,25.823,25.732,6559217000.0,0.0,54.81,0.972,0.972,2153166000.0,3615797000.0,16773470000.0,16773470000.0,0.0,0.061,0.145,0.138,0.069,0.0,7087728000.0,1.0,297444172.0,297444172,,56.392,10304209000.0,290721000.0,429731000.0,293462000.0,34.642,356271000.0
23,FDX,MRY,1998-12-31,1998-05-31,1998-05-31,2021-09-21,-27277000.0,9686060000.0,8796183000.0,2880132000.0,6805928000.0,1.805,13.461,-1287658000.0,229565000.0,229565000.0,4387062000.0,503030000.0,1.027,1.445,1642709000.0,257529000.0,1385180000.0,1642709000.0,0.0,963732000.0,0.0,0.0,0.0,1028806000.0,1992538000.0,0.126,1992538000.0,1028806000.0,904393000.0,1.72,1.69,1.72,3961230000.0,3513305750.0,3961230000.0,11064423705.0,11.0,5.553,317614000.0,1.079,1.0,11485748000.0,0.724,356272000.0,124413000.0,7939093000.0,7432078000.0,364714000.0,0.0,0.0,0.0,5724830000.0,2803839000.0,2920991000.0,9435709705.0,68204000.0,0.0,26876000.0,-266397000.0,-7793000.0,-247204000.0,-1288129000.0,0.0,1605272000.0,0.0,503030000.0,503030000.0,503030000.0,-4875000.0,0.0,0.032,10475088000.0,1010660000.0,1145410000.0,0.0,2.382,18.758,18.642,5935050000.0,0.0,32.065,0.594,0.594,1943423000.0,2999354000.0,15872810000.0,15872810000.0,0.0,0.057,0.143,0.138,0.065,0.0,6647140000.0,1.0,294268196.0,294268196,,53.94,9329788000.0,232790000.0,401363000.0,274147000.0,31.705,76293000.0
24,FDX,MRY,1997-12-31,1997-05-31,1997-05-31,2021-09-21,0.0,9044316000.0,7579947750.0,2643728000.0,6400588000.0,1.878,15.138,-1474549000.0,160852000.0,160852000.0,3900078000.0,196104000.0,1.025,1.583,1954620000.0,356666000.0,1597954000.0,1954620000.0,0.0,928833000.0,0.0,0.0,0.0,530060000.0,1458893000.0,0.102,1458893000.0,530060000.0,425865000.0,0.67,0.67,0.67,3501161000.0,2928113250.0,3501161000.0,7443566892.0,14.0,5.102,-365371000.0,-1.58,1.0,10337814000.0,0.726,370342000.0,104195000.0,7888255000.0,6689758000.0,339353000.0,0.0,0.0,0.0,5543155000.0,2579487000.0,2963668000.0,5992973892.0,32525000.0,-2527000.0,31013000.0,423734000.0,-34825000.0,410181000.0,-1476032000.0,0.0,1109178000.0,0.0,196104000.0,196104000.0,196104000.0,0.0,0.0,0.014,9830812000.0,507002000.0,999782000.0,0.0,1.712,30.56,39.09,5470399000.0,0.0,26.19,0.421,0.425,1877972000.0,2621511000.0,14237892000.0,14237892000.0,0.0,0.026,0.067,0.079,0.037,0.0,6150247000.0,1.0,228826800.0,231282000,,61.561,8673974000.0,196959000.0,229761000.0,181835000.0,37.504,64241000.0
25,FDX,MRY,1996-12-31,1996-05-31,1996-05-31,2021-09-21,0.0,6698971000.0,6630082750.0,1728261000.0,4970710000.0,1.919,11.272,-1347398000.0,93419000.0,93419000.0,3377377000.0,280572000.0,1.068,1.6,1333286000.0,8009000.0,1325277000.0,1333286000.0,0.0,857951000.0,0.0,0.0,0.0,672670000.0,1530621000.0,0.12,1530621000.0,672670000.0,582480000.0,0.97,0.96,0.97,2576139000.0,2443502250.0,2576139000.0,5788817052.0,9.0,3.782,-162865000.0,-0.713,1.0,9344414000.0,0.735,380748000.0,90190000.0,5939693000.0,5877830000.0,222110000.0,0.0,0.0,0.0,4122832000.0,1618397000.0,2504435000.0,4384377052.0,-244001000.0,-60000000.0,36566000.0,-49206000.0,-54688000.0,-72226000.0,-1330190000.0,0.0,1184533000.0,0.0,280572000.0,280572000.0,280572000.0,119614000.0,0.0,0.022,8564862000.0,779552000.0,705532000.0,0.0,1.702,15.627,19.91,4116601000.0,0.0,19.312,0.345,0.347,1271599000.0,1766578000.0,12721791000.0,12721791000.0,0.0,0.042,0.115,0.114,0.053,0.0,5557962000.0,1.0,227022760.0,228552000,,55.663,6318223000.0,92606000.0,301908000.0,64034000.0,27.645,109864000.0
26,FDX,MRY,1995-12-31,1995-05-31,1995-05-31,2021-09-21,0.0,6433372000.0,6173419000.0,1869082000.0,4564290000.0,1.521,9.937,-863035000.0,357548000.0,357548000.0,1865186000.0,297588000.0,1.051,1.865,1580159000.0,255448000.0,1324711000.0,1580159000.0,0.0,652287000.0,0.0,0.0,0.0,636771000.0,1289058000.0,0.137,1289058000.0,636771000.0,522084000.0,1.315,,1.315,2245569000.0,2115447500.0,2245569000.0,4628416329.0,7.0,3.591,167682000.0,0.742,1.0,7526887000.0,0.801,397272000.0,114687000.0,5480176000.0,5472668500.0,193251000.0,0.0,0.0,0.0,4187803000.0,1778535000.0,2409268000.0,3357956329.0,-35375000.0,0.0,13081000.0,-304063000.0,0.0,-290982000.0,-775110000.0,0.0,1030717000.0,0.0,297588000.0,297588000.0,297588000.0,0.0,0.0,0.032,6935743000.0,591144000.0,618621000.0,0.0,1.495,11.284,11.384,3715244000.0,0.0,14.97,0.358,0.36,1130254000.0,1466427000.0,9392073000.0,9392073000.0,0.0,0.048,0.141,0.116,0.068,0.0,4425202000.0,1.0,224312380.0,225974000,,41.563,6036100000.0,115801000.0,224496000.0,55956000.0,26.711,90547000.0
27,FDX,MRY,1994-12-31,1994-05-31,1994-05-31,2021-09-21,0.0,5992498000.0,5892781000.0,1761696000.0,4230802000.0,1.439,8.591,-421366000.0,392923000.0,392923000.0,1640371000.0,204370000.0,1.147,2.113,1830382000.0,198180000.0,1632202000.0,1830382000.0,0.0,599357000.0,0.0,0.0,0.0,520854000.0,1120211000.0,0.132,1120211000.0,520854000.0,378462000.0,0.912,,0.912,1924705000.0,1798043000.0,1924705000.0,5911066025.0,11.0,5.277,345912000.0,1.544,1.0,6839085000.0,0.807,415178000.0,142392000.0,5478351000.0,5625277500.0,173993000.0,0.0,0.0,0.0,4067793000.0,1536428000.0,2531365000.0,4269071025.0,237467000.0,0.0,53759000.0,-187466000.0,0.0,-136288000.0,-393523000.0,0.0,767278000.0,0.0,204370000.0,204370000.0,204370000.0,0.0,0.0,0.024,6308453000.0,530632000.0,518849000.0,0.0,2.218,20.889,20.97,3449093000.0,0.0,19.125,0.503,0.505,1020511000.0,1162160000.0,8479456000.0,8479456000.0,0.0,0.035,0.114,0.093,0.061,0.0,4104800000.0,1.0,223219400.0,224048000,,37.847,5577320000.0,113035000.0,174092000.0,3563000.0,24.893,225268000.0
28,FDX,MRY,1993-12-31,1993-05-31,1993-05-31,2021-09-21,0.0,5793064000.0,,1439718000.0,4353346000.0,,7.636,-801295000.0,155456000.0,155456000.0,1558161000.0,53866000.0,0.993,2.466,2016076000.0,133797000.0,1882279000.0,2016076000.0,0.0,579896000.0,0.0,0.0,0.0,308556000.0,888452000.0,0.114,888452000.0,308556000.0,147633000.0,0.245,,0.245,1671381000.0,,1671381000.0,,,,-76214000.0,-0.348,1.0,6249882000.0,0.8,432215000.0,160923000.0,5772204000.0,,164087000.0,0.0,0.0,0.0,4121683000.0,1449265000.0,2672418000.0,,77279000.0,0.0,24512000.0,141165000.0,0.0,151501000.0,-799303000.0,0.0,725081000.0,0.0,53866000.0,53866000.0,53866000.0,0.0,0.0,0.007,5872709000.0,377173000.0,554111000.0,0.0,,,50.0,3476268000.0,0.0,12.25,,0.343,922727000.0,969515000.0,7808043000.0,7808043000.0,0.0,,,,0.04,0.0,3807493000.0,1.0,,218876000,,35.673,5360849000.0,133875000.0,93767000.0,72479000.0,24.493,-9547000.0
29,FDX,MRY,1992-12-31,1992-05-31,1992-05-31,2021-09-21,,,,,,,,-502594000.0,,,1585038000.0,-113782000.0,,,,,,,,577157000.0,,0.0,0.0,17487000.0,594644000.0,0.079,594644000.0,17487000.0,-146828000.0,-0.527,,-0.527,,,,,,,18227000.0,0.084,1.0,5965022000.0,0.79,,164315000.0,,,,,,,,,,,-39515000.0,0.0,19272000.0,-69574000.0,0.0,-58363000.0,-501973000.0,0.0,520821000.0,0.0,-113782000.0,-113782000.0,-113782000.0,0.0,0.0,-0.015,5942055000.0,22967000.0,,0.0,,,-19.331,,0.0,10.188,,0.291,,,7550060000.0,7550060000.0,0.0,,,,0.002,0.0,3637080000.0,1.0,,215844000,,34.979,,,-33046000.0,,,
0,FDX,MRQ,2021-09-30,2021-08-31,2021-08-31,2021-09-21,-881000000.0,82048000000.0,,19546000000.0,62502000000.0,,90.971,-1570000000.0,6853000000.0,6853000000.0,8670000000.0,1112000000.0,1.514,2.374,36324000000.0,2388000000.0,33936000000.0,36324000000.0,0.0,971000000.0,0.0,0.01,0.75,1617000000.0,2588000000.0,0.118,2588000000.0,1617000000.0,1457000000.0,4.17,4.09,4.17,24321000000.0,,24321000000.0,100406751760.0,14.0,9.02,514000000.0,1.923,1.0,13333000000.0,0.606,6843000000.0,160000000.0,91766000000.0,,577000000.0,0.0,0.0,0.0,57727000000.0,12910000000.0,44817000000.0,71031751760.0,-234000000.0,20000000.0,-465000000.0,-64000000.0,-200000000.0,-730000000.0,-1550000000.0,0.0,2084000000.0,-38000000.0,1112000000.0,1112000000.0,1112000000.0,0.0,0.0,0.051,11935000000.0,1398000000.0,3822000000.0,0.18,2.921,13.933,13.831,51895000000.0,0.0,265.69,0.82,0.82,11125000000.0,30462000000.0,22003000000.0,22003000000.0,0.0,,,,,69000000.0,7776000000.0,1.0,267348232.0,267348232,,82.301,75205000000.0,0.0,345000000.0,3969000000.0,281.3,6636000000.0
1,FDX,MRQ,2021-06-30,2021-05-31,2021-05-31,2021-09-21,-732000000.0,82777000000.0,,20580000000.0,62197000000.0,,91.082,-1682000000.0,7087000000.0,7087000000.0,8533000000.0,1868000000.0,1.507,2.425,36462000000.0,2354000000.0,34108000000.0,36462000000.0,0.0,975000000.0,0.0,0.008,0.65,2851000000.0,3826000000.0,0.17,3826000000.0,2851000000.0,2613000000.0,7.04,6.9,7.04,24168000000.0,,24168000000.0,113242338631.0,15.0,10.057,1061000000.0,3.999,1.0,14032000000.0,0.622,6992000000.0,238000000.0,91500000000.0,,587000000.0,0.0,0.0,0.0,58609000000.0,13660000000.0,44949000000.0,83532338631.0,-1769000000.0,11000000.0,258000000.0,-2971000000.0,-173000000.0,-2911000000.0,-1671000000.0,0.0,2743000000.0,70000000.0,1868000000.0,1868000000.0,1868000000.0,0.0,0.0,0.083,12235000000.0,1797000000.0,3841000000.0,0.092,3.456,15.969,15.908,51135000000.0,0.0,314.81,0.995,0.995,12069000000.0,29817000000.0,22565000000.0,22565000000.0,0.0,,,,,39000000.0,7868000000.0,1.0,265342075.0,265342075,,85.041,75785000000.0,0.0,745000000.0,3927000000.0,285.612,6920000000.0
2,FDX,MRQ,2021-03-31,2021-02-28,2021-02-28,2021-09-21,-764000000.0,82793000000.0,,21710000000.0,61083000000.0,,82.925,-1376000000.0,8856000000.0,8856000000.0,8369000000.0,892000000.0,1.6,2.767,38566000000.0,2779000000.0,35787000000.0,38566000000.0,0.0,956000000.0,0.0,0.01,0.65,1236000000.0,2192000000.0,0.102,2192000000.0,1236000000.0,1049000000.0,3.36,3.3,3.36,21981000000.0,,21981000000.0,97571465664.0,22.0,11.797,786000000.0,2.965,1.0,13141000000.0,0.611,6977000000.0,187000000.0,91960000000.0,,583000000.0,0.0,0.0,0.0,60812000000.0,13566000000.0,47246000000.0,67460465664.0,517000000.0,-151000000.0,51000000.0,-30000000.0,-172000000.0,-152000000.0,-1527000000.0,0.0,2162000000.0,34000000.0,892000000.0,892000000.0,892000000.0,0.0,0.0,0.041,12136000000.0,1005000000.0,3990000000.0,0.193,3.069,22.272,22.208,49954000000.0,0.0,254.5,0.857,0.857,11481000000.0,27924000000.0,21510000000.0,21510000000.0,0.0,,,,,40000000.0,8010000000.0,1.0,265070592.0,265070592,,81.148,75816000000.0,0.0,157000000.0,3563000000.0,286.022,8144000000.0
3,FDX,MRQ,2020-12-31,2020-11-30,2020-11-30,2021-09-21,-898000000.0,81156000000.0,,21265000000.0,59891000000.0,,80.12,-1402000000.0,8339000000.0,8339000000.0,7853000000.0,1226000000.0,1.755,2.857,38450000000.0,2220000000.0,36230000000.0,38450000000.0,0.0,936000000.0,0.0,0.009,0.65,1590000000.0,2526000000.0,0.123,2526000000.0,1590000000.0,1406000000.0,4.64,4.55,4.64,21039000000.0,,21039000000.0,106328614787.0,28.0,14.061,1177000000.0,4.482,1.0,12710000000.0,0.618,6702000000.0,184000000.0,92450000000.0,,587000000.0,0.0,0.0,0.0,60117000000.0,12115000000.0,48002000000.0,75253614787.0,1385000000.0,8000000.0,349000000.0,-19000000.0,-171000000.0,148000000.0,-1394000000.0,0.0,2579000000.0,52000000.0,1226000000.0,1226000000.0,1226000000.0,0.0,0.0,0.06,11245000000.0,1465000000.0,3733000000.0,0.14,3.577,30.691,30.782,49455000000.0,0.0,286.58,1.007,1.007,11417000000.0,27208000000.0,20563000000.0,20563000000.0,0.0,,,,,46000000.0,7443000000.0,1.0,262591998.0,262591998,,78.308,74454000000.0,0.0,180000000.0,3471000000.0,283.535,9150000000.0
4,FDX,MRQ,2020-09-30,2020-08-31,2020-08-31,2021-09-21,-1020000000.0,77648000000.0,,18903000000.0,58745000000.0,,74.295,-1424000000.0,6954000000.0,6954000000.0,7284000000.0,1245000000.0,1.689,2.99,38029000000.0,2111000000.0,35918000000.0,38029000000.0,0.0,926000000.0,0.0,0.012,0.65,1790000000.0,2716000000.0,0.141,2716000000.0,1790000000.0,1606000000.0,4.75,4.72,4.75,19462000000.0,,19462000000.0,88828076401.0,30.0,13.338,1227000000.0,4.684,1.0,12037000000.0,0.623,6633000000.0,184000000.0,90895000000.0,,593000000.0,0.0,0.0,0.0,58186000000.0,11195000000.0,46991000000.0,57588076401.0,2073000000.0,6000000.0,82000000.0,914000000.0,-170000000.0,825000000.0,-1418000000.0,0.0,2651000000.0,15000000.0,1245000000.0,1245000000.0,1245000000.0,0.0,0.0,0.064,10447000000.0,1590000000.0,3339000000.0,0.137,2.959,32.244,32.235,48758000000.0,0.0,219.84,0.806,0.806,10508000000.0,26108000000.0,19321000000.0,19321000000.0,0.0,,,,,75000000.0,6852000000.0,1.0,261954496.0,261954496,,73.757,71015000000.0,0.0,361000000.0,3171000000.0,271.097,7708000000.0
5,FDX,MRQ,2020-06-30,2020-05-31,2020-05-31,2021-09-21,-1147000000.0,73537000000.0,,16383000000.0,57154000000.0,,70.029,-1163000000.0,4881000000.0,4881000000.0,6640000000.0,-334000000.0,1.584,3.02,36121000000.0,1974000000.0,34147000000.0,36121000000.0,0.0,927000000.0,0.0,0.02,0.65,-90000000.0,837000000.0,0.048,837000000.0,-90000000.0,-319000000.0,-1.29,-1.27,-1.29,18295000000.0,,18295000000.0,65784771146.0,28.0,11.045,656000000.0,2.511,1.0,10718000000.0,0.617,6372000000.0,229000000.0,88061000000.0,,572000000.0,0.0,0.0,0.0,55242000000.0,10344000000.0,44898000000.0,34108771146.0,3115000000.0,7000000.0,26000000.0,2662000000.0,-170000000.0,2514000000.0,-1156000000.0,0.0,1819000000.0,-62000000.0,-334000000.0,-334000000.0,-334000000.0,0.0,0.0,-0.019,10243000000.0,475000000.0,3269000000.0,-0.504,1.864,26.523,26.537,47525000000.0,0.0,130.56,0.493,0.493,10102000000.0,25216000000.0,17358000000.0,17358000000.0,0.0,,,,,31000000.0,6327000000.0,1.0,261249779.0,261249779,,66.442,67165000000.0,0.0,15000000.0,3162000000.0,257.091,6039000000.0
6,FDX,MRQ,2020-03-31,2020-02-29,2020-02-29,2021-09-21,-887000000.0,70014000000.0,,12541000000.0,57473000000.0,,72.117,-1439000000.0,1766000000.0,1766000000.0,7085000000.0,315000000.0,1.215,2.718,33442000000.0,2237000000.0,31205000000.0,33442000000.0,0.0,908000000.0,0.0,0.018,0.65,575000000.0,1483000000.0,0.085,1483000000.0,575000000.0,420000000.0,1.21,1.2,1.21,18831000000.0,,18831000000.0,68048179677.0,945.0,18.767,-235000000.0,-0.9,1.0,10402000000.0,0.595,6814000000.0,155000000.0,84551000000.0,,568000000.0,0.0,0.0,0.0,51183000000.0,10325000000.0,40858000000.0,36862179677.0,-265000000.0,11000000.0,12000000.0,124000000.0,-170000000.0,-34000000.0,-1428000000.0,0.0,1204000000.0,-7000000.0,315000000.0,315000000.0,315000000.0,0.0,0.0,0.018,9991000000.0,411000000.0,3193000000.0,0.537,1.958,-105.622,-111.157,47287000000.0,0.0,141.17,0.529,0.529,9323000000.0,25569000000.0,17487000000.0,17487000000.0,0.0,,,,,33000000.0,6382000000.0,1.0,261119074.0,261119074,,66.969,63200000000.0,0.0,105000000.0,3101000000.0,242.035,2216000000.0
7,FDX,MRQ,2019-12-31,2019-11-30,2019-11-30,2021-09-21,-866000000.0,69954000000.0,,13198000000.0,56756000000.0,,71.515,-1848000000.0,2031000000.0,2031000000.0,6916000000.0,560000000.0,1.251,2.749,33217000000.0,2094000000.0,31123000000.0,33217000000.0,0.0,901000000.0,0.0,0.016,0.65,723000000.0,1624000000.0,0.094,1624000000.0,723000000.0,572000000.0,2.15,2.13,2.15,18659000000.0,,18659000000.0,72163694955.0,128.0,17.774,-339000000.0,-1.299,1.0,10408000000.0,0.601,6861000000.0,151000000.0,83732000000.0,,576000000.0,0.0,0.0,0.0,51295000000.0,10547000000.0,40748000000.0,41758694955.0,-358000000.0,5000000.0,14000000.0,114000000.0,-169000000.0,-41000000.0,-1843000000.0,0.0,1509000000.0,17000000.0,560000000.0,560000000.0,560000000.0,0.0,0.0,0.032,9854000000.0,554000000.0,3283000000.0,0.302,2.238,556.783,457.286,46505000000.0,0.0,160.05,0.604,0.604,9709000000.0,25431000000.0,17324000000.0,17324000000.0,0.0,,,,,37000000.0,6235000000.0,1.0,260910309.0,260910309,,66.398,63093000000.0,0.0,12000000.0,3072000000.0,241.819,2651000000.0
8,FDX,MRQ,2019-09-30,2019-08-31,2019-08-31,2021-09-21,-918000000.0,68452000000.0,,13017000000.0,55435000000.0,,69.653,-1418000000.0,2389000000.0,2389000000.0,6586000000.0,745000000.0,1.31,2.768,32794000000.0,1931000000.0,30863000000.0,32794000000.0,0.0,879000000.0,0.0,0.016,0.65,1133000000.0,2012000000.0,0.118,2012000000.0,1133000000.0,996000000.0,2.86,2.84,2.86,18166000000.0,,18166000000.0,57159821910.0,50.0,12.502,-853000000.0,-3.271,1.0,10462000000.0,0.614,6821000000.0,137000000.0,82101000000.0,,574000000.0,0.0,0.0,0.0,50286000000.0,9935000000.0,40351000000.0,41366821910.0,70000000.0,-1000000.0,9000000.0,1108000000.0,-170000000.0,942000000.0,-1419000000.0,0.0,565000000.0,-18000000.0,745000000.0,745000000.0,745000000.0,0.0,0.0,0.044,9485000000.0,977000000.0,3179000000.0,0.227,2.277,91.926,90.119,45429000000.0,0.0,158.61,0.594,0.594,9312000000.0,25048000000.0,17048000000.0,17048000000.0,0.0,,,,,67000000.0,6087000000.0,1.0,260808410.0,260808410,,65.366,61631000000.0,0.0,251000000.0,2953000000.0,236.308,3082000000.0
9,FDX,MRQ,2019-06-30,2019-05-31,2019-05-31,2021-09-21,-865000000.0,54403000000.0,,13086000000.0,41317000000.0,,68.146,-1733000000.0,2319000000.0,2319000000.0,6549000000.0,-1969000000.0,1.452,2.064,18112000000.0,964000000.0,17148000000.0,18112000000.0,0.0,866000000.0,0.0,0.017,0.65,-2359000000.0,-1493000000.0,-0.084,-1493000000.0,-2359000000.0,-2554000000.0,-7.49,-7.38,-7.49,17757000000.0,,17757000000.0,56257451139.0,45.0,12.241,557000000.0,2.138,1.0,11258000000.0,0.632,6884000000.0,195000000.0,54299000000.0,,553000000.0,0.0,0.0,0.0,36646000000.0,9013000000.0,27633000000.0,40201451139.0,-553000000.0,-45000000.0,-72000000.0,-782000000.0,-169000000.0,-1032000000.0,-1778000000.0,0.0,2290000000.0,-33000000.0,-1969000000.0,-1969000000.0,-1969000000.0,0.0,0.0,-0.111,9942000000.0,1316000000.0,3030000000.0,-0.087,2.264,74.447,74.893,30429000000.0,0.0,154.28,0.577,0.577,9116000000.0,24648000000.0,17807000000.0,17807000000.0,0.0,,,,,33000000.0,6187000000.0,1.0,260574612.0,260574612,,68.337,47519000000.0,0.0,-585000000.0,2821000000.0,182.362,4073000000.0
10,FDX,MRQ,2019-03-31,2019-02-28,2019-02-28,2021-09-21,-737000000.0,54464000000.0,,13500000000.0,40964000000.0,,76.209,-1123000000.0,2872000000.0,2872000000.0,6692000000.0,739000000.0,1.459,1.738,18928000000.0,1198000000.0,17730000000.0,18928000000.0,0.0,851000000.0,0.0,0.014,0.65,1066000000.0,1917000000.0,0.113,1917000000.0,1066000000.0,931000000.0,2.83,2.8,2.83,19894000000.0,,19894000000.0,63021896125.0,12.0,7.464,21000000.0,0.08,1.0,10318000000.0,0.607,6916000000.0,135000000.0,54348000000.0,,546000000.0,0.0,0.0,0.0,34570000000.0,9256000000.0,25314000000.0,47248896125.0,749000000.0,9000000.0,-81000000.0,1113000000.0,-341000000.0,695000000.0,-1114000000.0,0.0,1144000000.0,24000000.0,739000000.0,739000000.0,739000000.0,0.0,0.0,0.043,9407000000.0,911000000.0,3156000000.0,0.23,2.375,12.995,13.145,29768000000.0,0.0,181.0,0.683,0.683,9037000000.0,26650000000.0,17010000000.0,17010000000.0,0.0,,,,,33000000.0,6069000000.0,1.0,261043625.0,261043625,,65.162,47548000000.0,0.0,192000000.0,3211000000.0,182.146,4244000000.0
11,FDX,MRQ,2018-12-31,2018-11-30,2018-11-30,2021-09-21,-817000000.0,53289000000.0,,13438000000.0,39851000000.0,,73.218,-1455000000.0,2123000000.0,2123000000.0,6985000000.0,935000000.0,1.415,1.762,17896000000.0,892000000.0,17004000000.0,17896000000.0,0.0,828000000.0,0.0,0.01,0.65,1308000000.0,2136000000.0,0.12,2136000000.0,1308000000.0,1177000000.0,3.56,3.51,3.56,19294000000.0,,19294000000.0,75477131253.0,15.0,9.081,23000000.0,0.087,1.0,10839000000.0,0.608,6908000000.0,131000000.0,52658000000.0,,522000000.0,0.0,0.0,0.0,33995000000.0,9496000000.0,24499000000.0,60345131253.0,-246000000.0,-25000000.0,-626000000.0,399000000.0,0.0,-230000000.0,-1480000000.0,0.0,1478000000.0,-14000000.0,935000000.0,935000000.0,935000000.0,0.0,0.0,0.052,9671000000.0,1168000000.0,3400000000.0,0.183,3.128,12.139,12.259,29387000000.0,0.0,229.0,0.878,0.878,9573000000.0,26080000000.0,17824000000.0,17824000000.0,0.0,,,,,40000000.0,6260000000.0,1.0,263515857.0,263515857,,67.639,46381000000.0,0.0,242000000.0,3253000000.0,176.008,3942000000.0
12,FDX,MRQ,2018-09-30,2018-08-31,2018-08-31,2021-09-21,-763000000.0,51901000000.0,,12641000000.0,39260000000.0,,72.099,-1179000000.0,2369000000.0,2369000000.0,6511000000.0,835000000.0,1.316,1.707,17501000000.0,1703000000.0,15798000000.0,17501000000.0,0.0,808000000.0,0.0,0.009,0.65,1228000000.0,2036000000.0,0.119,2036000000.0,1228000000.0,1101000000.0,3.15,3.1,3.15,19173000000.0,,19173000000.0,78743364718.0,16.0,9.609,-478000000.0,-1.798,1.0,10541000000.0,0.618,6869000000.0,127000000.0,50558000000.0,,523000000.0,0.0,0.0,0.0,32728000000.0,9606000000.0,23122000000.0,64872364718.0,-896000000.0,78000000.0,-600000000.0,297000000.0,-173000000.0,-472000000.0,-1101000000.0,0.0,701000000.0,-24000000.0,835000000.0,835000000.0,835000000.0,0.0,0.0,0.049,9470000000.0,1071000000.0,3066000000.0,0.206,3.384,13.484,13.545,28779000000.0,0.0,243.95,0.965,0.965,8716000000.0,25315000000.0,17052000000.0,17052000000.0,0.0,,,,,68000000.0,6260000000.0,1.0,265924840.0,265924840,,64.123,45032000000.0,0.0,266000000.0,2948000000.0,169.341,3035000000.0
13,FDX,MRQ,2018-06-30,2018-05-31,2018-05-31,2021-09-21,-578000000.0,52330000000.0,,13341000000.0,38989000000.0,,72.661,-1669000000.0,3265000000.0,3265000000.0,6309000000.0,1127000000.0,1.386,1.695,17136000000.0,1342000000.0,15794000000.0,17136000000.0,0.0,802000000.0,0.0,0.008,0.5,1553000000.0,2355000000.0,0.136,2355000000.0,1553000000.0,1358000000.0,4.23,4.16,4.23,19416000000.0,,19416000000.0,81891652368.0,17.0,10.229,1843000000.0,6.897,1.0,11005000000.0,0.636,6973000000.0,195000000.0,49601000000.0,,525000000.0,0.0,0.0,0.0,32914000000.0,9627000000.0,23287000000.0,66568652368.0,476000000.0,9000000.0,-416000000.0,-805000000.0,-133000000.0,-1350000000.0,-1660000000.0,0.0,3512000000.0,-26000000.0,1127000000.0,1127000000.0,1127000000.0,0.0,0.0,0.065,9677000000.0,1328000000.0,2977000000.0,0.118,3.429,14.56,14.585,28154000000.0,0.0,249.12,1.017,1.017,8481000000.0,24823000000.0,17314000000.0,17314000000.0,0.0,,,,,32000000.0,6118000000.0,1.0,267215207.0,267215207,,64.794,45357000000.0,0.0,231000000.0,2867000000.0,169.74,3714000000.0
14,FDX,MRQ,2018-03-31,2018-02-28,2018-02-28,2021-09-21,-357000000.0,51851000000.0,,13575000000.0,38276000000.0,,70.529,-1373000000.0,2789000000.0,2789000000.0,6350000000.0,2074000000.0,1.428,1.744,18112000000.0,1563000000.0,16549000000.0,18112000000.0,0.0,786000000.0,0.0,0.008,0.5,999000000.0,1785000000.0,0.108,1785000000.0,999000000.0,874000000.0,7.74,7.59,7.74,18894000000.0,,18894000000.0,79316682003.0,16.0,9.886,-1709000000.0,-6.379,1.0,10176000000.0,0.616,7464000000.0,125000000.0,50207000000.0,,523000000.0,0.0,0.0,0.0,32957000000.0,9503000000.0,23454000000.0,66010682003.0,21000000.0,9000000.0,-209000000.0,2025000000.0,-134000000.0,1685000000.0,-1364000000.0,0.0,-336000000.0,36000000.0,2074000000.0,2074000000.0,2074000000.0,0.0,0.0,0.125,9318000000.0,858000000.0,3102000000.0,0.065,3.494,14.784,14.791,27697000000.0,0.0,246.41,1.034,1.034,8671000000.0,23710000000.0,16526000000.0,16526000000.0,0.0,,,,,32000000.0,6124000000.0,1.0,267889623.0,267889623,,61.69,44387000000.0,0.0,-1200000000.0,2401000000.0,165.691,4072000000.0
15,FDX,MRQ,2017-12-31,2017-11-30,2017-11-30,2021-09-21,-434000000.0,50281000000.0,,12881000000.0,37400000000.0,,63.603,-1577000000.0,2768000000.0,2768000000.0,6158000000.0,775000000.0,1.566,1.948,16074000000.0,261000000.0,15813000000.0,16074000000.0,0.0,756000000.0,0.0,0.008,0.5,1263000000.0,2019000000.0,0.124,2019000000.0,1263000000.0,1139000000.0,2.89,2.84,2.89,17055000000.0,,17055000000.0,74293459235.0,15.0,9.262,-669000000.0,-2.495,1.0,10155000000.0,0.623,7325000000.0,124000000.0,48035000000.0,,533000000.0,0.0,0.0,0.0,33226000000.0,8227000000.0,24999000000.0,62065459235.0,-735000000.0,-38000000.0,-129000000.0,234000000.0,-134000000.0,-20000000.0,-1615000000.0,0.0,908000000.0,-8000000.0,775000000.0,775000000.0,775000000.0,0.0,0.0,0.048,9040000000.0,1115000000.0,3147000000.0,0.173,3.639,21.018,20.985,27290000000.0,0.0,231.46,0.996,0.996,8655000000.0,21785000000.0,16313000000.0,16313000000.0,0.0,,,,,41000000.0,5889000000.0,1.0,268147668.0,268147668,,60.836,42956000000.0,0.0,364000000.0,3088000000.0,160.195,4654000000.0
16,FDX,MRQ,2017-09-30,2017-08-31,2017-08-31,2021-09-21,-325000000.0,49350000000.0,,12722000000.0,36628000000.0,,61.948,-1044000000.0,3503000000.0,3503000000.0,5641000000.0,596000000.0,1.633,1.97,15731000000.0,19000000.0,15712000000.0,15731000000.0,0.0,751000000.0,0.0,0.008,0.5,1096000000.0,1847000000.0,0.121,1847000000.0,1096000000.0,982000000.0,2.22,2.19,2.22,16618000000.0,,16618000000.0,69002028701.0,14.0,8.692,-454000000.0,-1.692,1.0,9656000000.0,0.631,7382000000.0,114000000.0,46406000000.0,,516000000.0,0.0,0.0,0.0,32732000000.0,7790000000.0,24942000000.0,57509028701.0,-466000000.0,6000000.0,64000000.0,-12000000.0,-134000000.0,-88000000.0,-1038000000.0,0.0,590000000.0,70000000.0,596000000.0,596000000.0,596000000.0,0.0,0.0,0.039,8685000000.0,971000000.0,2938000000.0,0.225,3.461,19.982,19.905,26235000000.0,0.0,214.38,0.943,0.943,8006000000.0,21156000000.0,15297000000.0,15297000000.0,0.0,,,,,62000000.0,5664000000.0,1.0,268257434.0,268257434,,57.024,41968000000.0,0.0,386000000.0,2730000000.0,156.447,4932000000.0
17,FDX,MRQ,2017-06-30,2017-05-31,2017-05-31,2021-09-21,-415000000.0,48552000000.0,,12628000000.0,35924000000.0,,60.114,-1326000000.0,3969000000.0,3969000000.0,5614000000.0,1020000000.0,1.595,2.021,15462000000.0,22000000.0,15440000000.0,15462000000.0,0.0,754000000.0,0.0,0.008,0.4,1618000000.0,2372000000.0,0.151,2372000000.0,1618000000.0,1460000000.0,3.81,3.76,3.81,16073000000.0,,16073000000.0,63868961083.0,13.0,7.899,959000000.0,3.587,1.0,10114000000.0,0.643,7154000000.0,158000000.0,44973000000.0,,514000000.0,0.0,0.0,0.0,32479000000.0,7918000000.0,24561000000.0,51827961083.0,796000000.0,12000000.0,-79000000.0,-33000000.0,-107000000.0,-203000000.0,-1314000000.0,0.0,2285000000.0,28000000.0,1020000000.0,1020000000.0,1020000000.0,0.0,0.0,0.065,9004000000.0,1110000000.0,2752000000.0,0.105,3.225,17.293,17.246,25981000000.0,0.0,193.84,0.859,0.859,7599000000.0,20833000000.0,15728000000.0,15728000000.0,0.0,,,,,31000000.0,5930000000.0,1.0,267374954.0,267374954,,58.824,41398000000.0,0.0,440000000.0,2485000000.0,154.831,4710000000.0
18,FDX,MRQ,2017-03-31,2017-02-28,2017-02-28,2021-09-21,-334000000.0,46781000000.0,,11938000000.0,34843000000.0,,56.974,-1109000000.0,3173000000.0,3173000000.0,5655000000.0,562000000.0,1.602,2.081,15214000000.0,45000000.0,15169000000.0,15214000000.0,0.0,762000000.0,0.0,0.008,0.4,1021000000.0,1783000000.0,0.119,1783000000.0,1021000000.0,899000000.0,2.11,2.07,2.11,15184000000.0,,15184000000.0,62514962784.0,18.0,9.895,-1099000000.0,-4.124,1.0,9342000000.0,0.623,7000000000.0,122000000.0,44372000000.0,,527000000.0,0.0,0.0,0.0,31597000000.0,7450000000.0,24147000000.0,51430962784.0,114000000.0,23000000.0,77000000.0,1184000000.0,-106000000.0,1162000000.0,-1086000000.0,0.0,10000000.0,28000000.0,562000000.0,562000000.0,562000000.0,0.0,0.0,0.037,8317000000.0,1025000000.0,2707000000.0,0.19,3.387,26.97,26.692,25613000000.0,0.0,192.98,0.893,0.893,7418000000.0,19830000000.0,14997000000.0,14997000000.0,0.0,,,,,30000000.0,5395000000.0,1.0,266509290.0,266509290,,56.272,39781000000.0,0.0,337000000.0,2299000000.0,149.267,4488000000.0
19,FDX,MRQ,2016-12-31,2016-11-30,2016-11-30,2021-09-21,-425000000.0,46348000000.0,,12052000000.0,34296000000.0,,54.677,-1466000000.0,3059000000.0,3059000000.0,5470000000.0,700000000.0,1.544,2.19,14143000000.0,43000000.0,14100000000.0,14143000000.0,0.0,740000000.0,0.0,0.007,0.4,1197000000.0,1937000000.0,0.13,1937000000.0,1197000000.0,1078000000.0,2.63,2.59,2.63,14531000000.0,,14531000000.0,62188098831.0,19.0,10.26,198000000.0,0.745,1.0,9461000000.0,0.634,6921000000.0,119000000.0,42704000000.0,,517000000.0,0.0,0.0,0.0,31817000000.0,7807000000.0,24010000000.0,50938098831.0,70000000.0,91000000.0,12000000.0,-31000000.0,-107000000.0,-118000000.0,-1375000000.0,0.0,1664000000.0,-101000000.0,700000000.0,700000000.0,700000000.0,0.0,0.0,0.047,8294000000.0,1167000000.0,2954000000.0,0.152,3.505,27.504,27.46,25307000000.0,0.0,191.67,0.922,0.922,7575000000.0,19410000000.0,14931000000.0,14931000000.0,0.0,,,,,36000000.0,5353000000.0,1.0,265759372.0,265759372,,56.182,39427000000.0,0.0,378000000.0,2148000000.0,148.356,4245000000.0
20,FDX,MRQ,2016-09-30,2016-08-31,2016-08-31,2021-09-21,-176000000.0,45575000000.0,,11401000000.0,34174000000.0,,53.261,-1215000000.0,2989000000.0,2989000000.0,5278000000.0,715000000.0,1.525,2.223,14239000000.0,47000000.0,14192000000.0,14239000000.0,0.0,739000000.0,0.0,0.007,0.4,1255000000.0,1994000000.0,0.136,1994000000.0,1255000000.0,1142000000.0,2.69,2.65,2.69,14142000000.0,,14142000000.0,54525926592.0,17.0,9.232,-244000000.0,-0.919,1.0,9385000000.0,0.64,6783000000.0,113000000.0,42568000000.0,,512000000.0,0.0,0.0,0.0,31433000000.0,7474000000.0,23959000000.0,43792926592.0,-545000000.0,9000000.0,-182000000.0,-12000000.0,-106000000.0,-313000000.0,-1206000000.0,0.0,971000000.0,3000000.0,715000000.0,715000000.0,715000000.0,0.0,0.0,0.049,8121000000.0,1264000000.0,2851000000.0,0.149,3.097,23.762,24.183,24804000000.0,0.0,164.93,0.83,0.83,7233000000.0,18862000000.0,14663000000.0,14663000000.0,0.0,,,,,57000000.0,5311000000.0,1.0,265524323.0,265524323,,55.223,38792000000.0,0.0,427000000.0,1762000000.0,146.096,3927000000.0
21,FDX,MRQ,2016-06-30,2016-05-31,2016-05-31,2021-09-21,-169000000.0,45959000000.0,,11989000000.0,33970000000.0,,51.352,-1256000000.0,3534000000.0,3534000000.0,4256000000.0,-70000000.0,1.497,2.334,14162000000.0,29000000.0,14133000000.0,14162000000.0,0.0,667000000.0,0.0,0.006,0.25,-63000000.0,604000000.0,0.047,604000000.0,-63000000.0,-181000000.0,-0.2,-0.2,-0.2,13784000000.0,,13784000000.0,50651868017.0,16.0,8.875,656000000.0,2.444,1.0,8723000000.0,0.672,6747000000.0,118000000.0,41832000000.0,,496000000.0,0.0,0.0,0.0,32175000000.0,8008000000.0,24167000000.0,44281868017.0,693000000.0,-4611000000.0,-485000000.0,5268000000.0,-67000000.0,4672000000.0,-5867000000.0,0.0,1912000000.0,-24000000.0,-70000000.0,-70000000.0,-70000000.0,0.0,0.0,-0.005,8791000000.0,-68000000.0,2944000000.0,-1.25,3.213,24.331,25.033,24284000000.0,0.0,164.97,0.879,0.879,7252000000.0,18371000000.0,12979000000.0,12979000000.0,0.0,,,,,29000000.0,4774000000.0,1.0,268423762.0,268423762,,48.353,39212000000.0,0.0,-111000000.0,1567000000.0,146.082,3981000000.0
22,FDX,MRQ,2016-03-31,2016-02-29,2016-02-29,2021-09-21,-159000000.0,37819000000.0,,10237000000.0,27582000000.0,,51.982,-1000000000.0,2841000000.0,2841000000.0,4408000000.0,507000000.0,1.724,1.64,9211000000.0,11000000.0,9200000000.0,9211000000.0,0.0,663000000.0,0.0,0.007,0.25,863000000.0,1526000000.0,0.121,1526000000.0,863000000.0,782000000.0,1.86,1.84,1.86,14327000000.0,,14327000000.0,43414214872.0,24.0,9.809,342000000.0,1.241,1.0,8246000000.0,0.652,3764000000.0,81000000.0,34486000000.0,,476000000.0,0.0,0.0,0.0,23492000000.0,5939000000.0,17553000000.0,37726214872.0,-806000000.0,-29000000.0,-1015000000.0,-11000000.0,-69000000.0,-1094000000.0,-1029000000.0,0.0,1342000000.0,-25000000.0,507000000.0,507000000.0,507000000.0,0.0,0.0,0.04,7382000000.0,864000000.0,2024000000.0,0.134,2.633,37.878,37.708,22552000000.0,0.0,136.88,0.762,0.762,5634000000.0,18481000000.0,12654000000.0,12654000000.0,0.0,,,,,29000000.0,4712000000.0,1.0,275615246.0,275615246,,45.912,34055000000.0,608000000.0,275000000.0,2046000000.0,123.56,4298000000.0
23,FDX,MRQ,2015-12-31,2015-11-30,2015-11-30,2021-09-21,-41000000.0,38371000000.0,,11152000000.0,27219000000.0,,53.085,-1353000000.0,3647000000.0,3647000000.0,4364000000.0,691000000.0,1.874,1.56,9335000000.0,14000000.0,9321000000.0,9335000000.0,0.0,653000000.0,0.0,0.006,0.25,1129000000.0,1782000000.0,0.143,1782000000.0,1129000000.0,1055000000.0,2.47,2.44,2.47,14990000000.0,,14990000000.0,49249437369.0,25.0,10.718,-140000000.0,-0.496,1.0,8089000000.0,0.65,3806000000.0,74000000.0,34302000000.0,,493000000.0,0.0,0.0,0.0,23381000000.0,5951000000.0,17430000000.0,44768437369.0,104000000.0,2000000.0,-895000000.0,1236000000.0,-70000000.0,257000000.0,-1351000000.0,0.0,1213000000.0,-15000000.0,691000000.0,691000000.0,691000000.0,0.0,0.0,0.055,6952000000.0,1137000000.0,2129000000.0,0.101,2.987,40.079,39.834,22278000000.0,0.0,158.54,0.922,0.922,5865000000.0,18048000000.0,12453000000.0,12453000000.0,0.0,,,,,33000000.0,4570000000.0,1.0,282379446.0,282379446,,44.1,34565000000.0,687000000.0,364000000.0,1759000000.0,122.406,5201000000.0
24,FDX,MRQ,2015-09-30,2015-08-31,2015-08-31,2021-09-21,10000000.0,37245000000.0,,10703000000.0,26542000000.0,,54.112,-1209000000.0,3543000000.0,3543000000.0,4299000000.0,692000000.0,1.831,1.437,8024000000.0,14000000.0,8010000000.0,8024000000.0,0.0,648000000.0,0.0,0.006,0.25,1147000000.0,1795000000.0,0.146,1795000000.0,1147000000.0,1084000000.0,2.45,2.42,2.45,15283000000.0,,15283000000.0,46752813627.0,24.0,10.26,32000000.0,0.113,1.0,7980000000.0,0.65,3792000000.0,63000000.0,32090000000.0,,488000000.0,0.0,0.0,0.0,21962000000.0,5844000000.0,16118000000.0,42536813627.0,-220000000.0,10000000.0,-144000000.0,-15000000.0,-71000000.0,-224000000.0,-1199000000.0,0.0,1241000000.0,-38000000.0,692000000.0,692000000.0,692000000.0,0.0,0.0,0.056,6836000000.0,1144000000.0,2049000000.0,0.102,2.783,39.06,39.119,21483000000.0,0.0,150.61,0.885,0.885,5617000000.0,17434000000.0,12279000000.0,12279000000.0,0.0,,,,,53000000.0,4525000000.0,1.0,282430208.0,282430208,,43.476,33453000000.0,606000000.0,392000000.0,1781000000.0,118.447,4859000000.0
25,FDX,MRQ,2015-06-30,2015-05-31,2015-05-31,2021-09-21,172000000.0,36531000000.0,,10335000000.0,26196000000.0,,52.838,-1378000000.0,3763000000.0,3763000000.0,3985000000.0,-894000000.0,1.735,1.437,7979000000.0,19000000.0,7960000000.0,7979000000.0,0.0,657000000.0,0.0,0.005,0.2,-1334000000.0,-677000000.0,-0.056,-677000000.0,-1334000000.0,-1416000000.0,-3.15,-3.1,-3.15,14993000000.0,,14993000000.0,53596326220.0,29.0,11.982,515000000.0,1.815,1.0,8129000000.0,0.671,3810000000.0,82000000.0,30981000000.0,,498000000.0,0.0,0.0,0.0,21538000000.0,5956000000.0,15582000000.0,49152326220.0,285000000.0,8000000.0,-190000000.0,-4000000.0,-56000000.0,-234000000.0,-1370000000.0,0.0,1893000000.0,-4000000.0,-894000000.0,-894000000.0,-894000000.0,0.0,0.0,-0.074,9450000000.0,-1321000000.0,2066000000.0,-0.063,3.278,46.812,46.816,20875000000.0,0.0,173.22,1.036,1.036,5719000000.0,16900000000.0,12114000000.0,12114000000.0,0.0,,,,,27000000.0,4432000000.0,1.0,283756646.0,283756646,,42.692,32721000000.0,0.0,-522000000.0,1210000000.0,115.314,4379000000.0
26,FDX,MRQ,2015-03-31,2015-02-28,2015-02-28,2021-09-21,-3909000000.0,36108000000.0,,10482000000.0,25626000000.0,,56.517,-1079000000.0,3478000000.0,3478000000.0,4166000000.0,628000000.0,1.999,1.255,7922000000.0,0.0,7922000000.0,7922000000.0,0.0,652000000.0,0.0,0.004,0.2,1043000000.0,1695000000.0,0.145,1695000000.0,1043000000.0,985000000.0,2.21,2.18,2.21,16012000000.0,,16012000000.0,53441667488.0,11.0,7.251,243000000.0,0.858,1.0,7550000000.0,0.644,3805000000.0,58000000.0,31504000000.0,,488000000.0,0.0,0.0,0.0,20096000000.0,5243000000.0,14853000000.0,50140667488.0,1212000000.0,-1420000000.0,14000000.0,2491000000.0,-57000000.0,2433000000.0,-2499000000.0,0.0,1322000000.0,-44000000.0,628000000.0,628000000.0,628000000.0,0.0,0.0,0.054,6512000000.0,1038000000.0,2050000000.0,0.09,3.131,17.284,17.663,20425000000.0,0.0,176.98,1.063,1.063,5584000000.0,21880000000.0,11716000000.0,11716000000.0,0.0,,,,,27000000.0,4335000000.0,1.0,283312620.0,283312620,,41.354,32303000000.0,510000000.0,357000000.0,2497000000.0,114.019,5239000000.0
27,FDX,MRQ,2014-12-31,2014-11-30,2014-11-30,2021-09-21,-3787000000.0,32984000000.0,,9212000000.0,23772000000.0,,54.945,-1170000000.0,2266000000.0,2266000000.0,4443000000.0,663000000.0,1.781,1.119,5567000000.0,0.0,5567000000.0,5567000000.0,0.0,651000000.0,0.0,0.004,0.2,1093000000.0,1744000000.0,0.146,1744000000.0,1093000000.0,1046000000.0,2.34,2.31,2.34,15563000000.0,,15563000000.0,53536839810.0,12.0,7.693,-1000000.0,-0.004,1.0,7496000000.0,0.628,2734000000.0,47000000.0,28378000000.0,,476000000.0,0.0,0.0,0.0,17421000000.0,5173000000.0,12248000000.0,50468839810.0,-150000000.0,3000000.0,-64000000.0,-1000000.0,-57000000.0,-109000000.0,-1167000000.0,0.0,1169000000.0,-43000000.0,663000000.0,663000000.0,663000000.0,0.0,0.0,0.056,6408000000.0,1088000000.0,1968000000.0,0.085,3.243,19.038,19.688,19893000000.0,0.0,178.18,1.079,1.079,5592000000.0,21480000000.0,11939000000.0,11939000000.0,0.0,,,,,31000000.0,4229000000.0,1.0,283246379.0,283246379,,42.151,30250000000.0,497000000.0,383000000.0,2104000000.0,106.797,4039000000.0
28,FDX,MRQ,2014-09-30,2014-08-31,2014-08-31,2021-09-21,-3694000000.0,32587000000.0,,9250000000.0,23337000000.0,,52.977,-720000000.0,2416000000.0,2416000000.0,4390000000.0,653000000.0,1.795,1.155,5484000000.0,1000000.0,5483000000.0,5484000000.0,0.0,651000000.0,0.0,0.004,0.2,1060000000.0,1711000000.0,0.146,1711000000.0,1060000000.0,1012000000.0,2.29,2.26,2.29,15121000000.0,,15121000000.0,44795374535.0,11.0,6.702,262000000.0,0.918,1.0,7294000000.0,0.624,2775000000.0,48000000.0,27727000000.0,,481000000.0,0.0,0.0,0.0,17466000000.0,5153000000.0,12313000000.0,42208374535.0,-492000000.0,4000000.0,-694000000.0,0.0,-57000000.0,-741000000.0,-716000000.0,0.0,982000000.0,-17000000.0,653000000.0,653000000.0,653000000.0,0.0,0.0,0.056,6232000000.0,1062000000.0,1973000000.0,0.087,2.791,16.965,17.838,19424000000.0,0.0,147.88,0.913,0.913,5487000000.0,20921000000.0,11684000000.0,11684000000.0,0.0,,,,,48000000.0,4114000000.0,1.0,285423144.0,285423144,,40.936,29812000000.0,497000000.0,359000000.0,2107000000.0,104.448,4097000000.0
29,FDX,MRQ,2014-06-30,2014-05-31,2014-05-31,2021-09-21,506000000.0,33070000000.0,,9683000000.0,23387000000.0,,51.696,-979000000.0,2908000000.0,2908000000.0,4320000000.0,957000000.0,1.823,1.165,5495000000.0,1000000.0,5494000000.0,5495000000.0,0.0,649000000.0,0.0,0.004,0.15,1571000000.0,2220000000.0,0.188,2220000000.0,1571000000.0,1506000000.0,3.18,3.14,3.18,15277000000.0,,15277000000.0,45036640043.0,12.0,7.031,707000000.0,2.392,1.0,7519000000.0,0.635,2790000000.0,65000000.0,27555000000.0,,463000000.0,0.0,0.0,0.0,17793000000.0,5312000000.0,12481000000.0,42601640043.0,-134000000.0,-41000000.0,-778000000.0,0.0,-45000000.0,-807000000.0,-1020000000.0,0.0,1686000000.0,7000000.0,957000000.0,957000000.0,957000000.0,0.0,0.0,0.081,5967000000.0,1552000000.0,1971000000.0,0.047,2.789,18.331,19.069,19550000000.0,0.0,144.16,0.935,0.935,5460000000.0,16229000000.0,11839000000.0,11839000000.0,0.0,,,,,23000000.0,3779000000.0,1.0,295516371.0,295516371,,40.062,30280000000.0,522000000.0,549000000.0,2114000000.0,102.465,4371000000.0
30,FDX,MRQ,2014-03-31,2014-02-28,2014-02-28,2021-09-21,-3754000000.0,32729000000.0,,9781000000.0,22948000000.0,,48.769,-864000000.0,3042000000.0,3042000000.0,4326000000.0,378000000.0,1.949,1.149,5477000000.0,1000000.0,5476000000.0,5477000000.0,0.0,652000000.0,0.0,0.004,0.15,632000000.0,1284000000.0,0.114,1284000000.0,632000000.0,594000000.0,1.24,1.23,1.24,15227000000.0,,15227000000.0,41566383506.0,9.0,5.768,105000000.0,0.336,1.0,6975000000.0,0.617,2739000000.0,38000000.0,27406000000.0,,462000000.0,0.0,0.0,0.0,17502000000.0,5019000000.0,12483000000.0,41629383506.0,-893000000.0,4000000.0,-2683000000.0,1746000000.0,-47000000.0,-995000000.0,-860000000.0,0.0,969000000.0,-7000000.0,378000000.0,378000000.0,378000000.0,0.0,0.0,0.033,6334000000.0,641000000.0,1903000000.0,0.121,2.734,14.736,14.847,19285000000.0,0.0,133.33,0.922,0.922,5197000000.0,19699000000.0,11301000000.0,11301000000.0,0.0,,,,,23000000.0,4167000000.0,1.0,312228182.0,312228182,,36.195,29990000000.0,624000000.0,216000000.0,2083000000.0,96.052,4762000000.0
31,FDX,MRQ,2013-12-31,2013-11-30,2013-11-30,2021-09-21,-3769000000.0,33542000000.0,,10866000000.0,22676000000.0,,55.372,-1118000000.0,3935000000.0,3935000000.0,4303000000.0,500000000.0,2.01,0.913,3872000000.0,251000000.0,3621000000.0,3872000000.0,0.0,647000000.0,0.0,0.003,0.15,822000000.0,1469000000.0,0.129,1469000000.0,822000000.0,792000000.0,1.58,1.57,1.58,17533000000.0,,17533000000.0,42612280907.0,9.0,6.006,-438000000.0,-1.383,1.0,7100000000.0,0.623,2737000000.0,30000000.0,25336000000.0,,458000000.0,0.0,0.0,0.0,16009000000.0,5406000000.0,10603000000.0,43918280907.0,-1161000000.0,9000000.0,-692000000.0,-3000000.0,-47000000.0,-736000000.0,-1109000000.0,0.0,680000000.0,4000000.0,500000000.0,500000000.0,500000000.0,0.0,0.0,0.044,6273000000.0,827000000.0,1868000000.0,0.095,2.505,15.64,15.619,19120000000.0,0.0,138.7,0.98,0.98,5377000000.0,19366000000.0,11403000000.0,11403000000.0,0.0,,,,,26000000.0,4148000000.0,1.0,316642256.0,316642256,,36.012,30805000000.0,655000000.0,292000000.0,1945000000.0,97.286,5460000000.0
32,FDX,MRQ,2013-09-30,2013-08-31,2013-08-31,2021-09-21,-3857000000.0,33673000000.0,,11493000000.0,22180000000.0,,55.767,-572000000.0,5096000000.0,5096000000.0,4103000000.0,489000000.0,2.081,0.907,3790000000.0,254000000.0,3536000000.0,3790000000.0,0.0,639000000.0,0.0,0.005,0.15,793000000.0,1432000000.0,0.13,1432000000.0,793000000.0,766000000.0,1.54,1.53,1.54,17655000000.0,,17655000000.0,32839508162.0,7.0,4.74,357000000.0,1.128,1.0,6921000000.0,0.628,2712000000.0,27000000.0,24132000000.0,,451000000.0,0.0,0.0,0.0,16018000000.0,5523000000.0,10495000000.0,33988508162.0,179000000.0,10000000.0,-147000000.0,0.0,-48000000.0,-181000000.0,-562000000.0,0.0,929000000.0,-7000000.0,489000000.0,489000000.0,489000000.0,0.0,0.0,0.044,6126000000.0,795000000.0,1879000000.0,0.097,1.925,12.377,12.354,18437000000.0,0.0,107.36,0.763,0.763,4990000000.0,18913000000.0,11024000000.0,11024000000.0,0.0,,,,,45000000.0,4077000000.0,1.0,316584465.0,316584465,,34.822,30961000000.0,604000000.0,277000000.0,1820000000.0,97.797,5970000000.0
33,FDX,MRQ,2013-06-30,2013-05-31,2013-05-31,2021-09-21,-3820000000.0,33567000000.0,,11274000000.0,22293000000.0,,54.906,-945000000.0,4917000000.0,4917000000.0,4084000000.0,1458000000.0,1.961,0.929,3768000000.0,251000000.0,3517000000.0,3768000000.0,0.0,622000000.0,0.0,0.006,0.14,2400000000.0,3022000000.0,0.264,3022000000.0,2400000000.0,2355000000.0,4.62,4.58,4.62,17398000000.0,,17398000000.0,30163151175.0,7.0,4.432,767000000.0,2.421,1.0,7351000000.0,0.643,2755000000.0,45000000.0,23913000000.0,,457000000.0,0.0,0.0,0.0,16169000000.0,5750000000.0,10419000000.0,30527151175.0,1545000000.0,10000000.0,59000000.0,748000000.0,-45000000.0,767000000.0,-935000000.0,0.0,1712000000.0,1000000.0,1458000000.0,1458000000.0,1458000000.0,0.0,0.0,0.128,4966000000.0,2385000000.0,1879000000.0,0.03,1.755,11.24,11.189,18484000000.0,0.0,96.34,0.689,0.689,5044000000.0,18519000000.0,11435000000.0,11435000000.0,0.0,,,,,22000000.0,3677000000.0,1.0,316868914.0,316868914,,36.087,30812000000.0,533000000.0,897000000.0,1652000000.0,97.239,5524000000.0
34,FDX,MRQ,2013-03-31,2013-02-28,2013-02-28,2021-09-21,-4710000000.0,31830000000.0,,9745000000.0,22085000000.0,,51.237,-542000000.0,3372000000.0,3372000000.0,4150000000.0,361000000.0,1.911,0.976,3008000000.0,251000000.0,2757000000.0,3008000000.0,0.0,599000000.0,0.0,0.005,0.0,573000000.0,1172000000.0,0.107,1172000000.0,573000000.0,564000000.0,1.14,1.13,1.14,16112000000.0,,16112000000.0,33788676578.0,12.0,6.502,716000000.0,2.277,1.0,6803000000.0,0.621,2765000000.0,9000000.0,23602000000.0,,460000000.0,0.0,0.0,0.0,15718000000.0,5099000000.0,10619000000.0,33153676578.0,855000000.0,25000000.0,168000000.0,0.0,-44000000.0,127000000.0,-517000000.0,0.0,1258000000.0,-13000000.0,361000000.0,361000000.0,361000000.0,0.0,0.0,0.033,6214000000.0,589000000.0,1730000000.0,0.0,2.058,18.337,18.368,18328000000.0,0.0,105.43,0.756,0.756,4950000000.0,18216000000.0,10953000000.0,10953000000.0,0.0,,,,,23000000.0,4150000000.0,1.0,314461506.0,314461506,,34.831,29065000000.0,510000000.0,203000000.0,1139000000.0,92.428,4646000000.0
35,FDX,MRQ,2012-12-31,2012-11-30,2012-11-30,2021-09-21,-4770000000.0,31312000000.0,,9159000000.0,22153000000.0,,49.486,-916000000.0,2517000000.0,2517000000.0,4236000000.0,438000000.0,1.897,1.015,3152000000.0,1000000.0,3151000000.0,3152000000.0,0.0,592000000.0,0.0,0.008,0.28,710000000.0,1302000000.0,0.117,1302000000.0,710000000.0,692000000.0,1.39,1.39,1.39,15543000000.0,,15543000000.0,28575488175.0,9.0,5.319,-101000000.0,-0.322,1.0,6871000000.0,0.619,2757000000.0,18000000.0,24362000000.0,,456000000.0,0.0,0.0,0.0,15769000000.0,4828000000.0,10941000000.0,28120488175.0,-226000000.0,8000000.0,23000000.0,-116000000.0,-44000000.0,-135000000.0,-908000000.0,0.0,815000000.0,2000000.0,438000000.0,438000000.0,438000000.0,0.0,0.0,0.039,6153000000.0,718000000.0,1730000000.0,0.201,1.809,14.289,14.302,18349000000.0,0.0,89.53,0.647,0.647,5202000000.0,17899000000.0,11107000000.0,11107000000.0,0.0,,,,,24000000.0,4133000000.0,1.0,314090117.0,314090117,,35.362,28555000000.0,510000000.0,254000000.0,973000000.0,90.913,4331000000.0
36,FDX,MRQ,2012-09-30,2012-08-31,2012-08-31,2021-09-21,-4847000000.0,30691000000.0,,8877000000.0,21814000000.0,,47.454,-972000000.0,2743000000.0,2743000000.0,3978000000.0,459000000.0,1.846,1.043,3198000000.0,117000000.0,3081000000.0,3198000000.0,0.0,573000000.0,0.0,0.006,0.14,737000000.0,1310000000.0,0.121,1310000000.0,737000000.0,727000000.0,1.46,1.45,1.46,15024000000.0,,15024000000.0,27351636443.0,9.0,5.092,-69000000.0,-0.218,1.0,6814000000.0,0.631,2734000000.0,10000000.0,23603000000.0,,465000000.0,0.0,0.0,0.0,15667000000.0,4809000000.0,10858000000.0,27743636443.0,-100000000.0,-471000000.0,-216000000.0,690000000.0,-44000000.0,425000000.0,-1443000000.0,0.0,903000000.0,15000000.0,459000000.0,459000000.0,459000000.0,0.0,0.0,0.043,6072000000.0,742000000.0,1643000000.0,0.096,1.847,13.687,13.607,17866000000.0,0.0,87.63,0.646,0.646,4780000000.0,17505000000.0,10792000000.0,10792000000.0,0.0,,,,,40000000.0,4103000000.0,1.0,316599754.0,316599754,,34.087,27957000000.0,518000000.0,268000000.0,879000000.0,88.304,4068000000.0
37,FDX,MRQ,2012-06-30,2012-05-31,2012-05-31,2021-09-21,-4953000000.0,29903000000.0,,9056000000.0,20847000000.0,,46.698,-1061000000.0,2843000000.0,2843000000.0,3979000000.0,550000000.0,1.685,1.03,2451000000.0,417000000.0,2034000000.0,2451000000.0,0.0,543000000.0,0.0,0.006,0.13,870000000.0,1413000000.0,0.128,1413000000.0,870000000.0,848000000.0,1.75,1.74,1.75,14727000000.0,,14727000000.0,28491895408.0,9.0,5.37,757000000.0,2.4,1.0,7029000000.0,0.639,2387000000.0,22000000.0,21750000000.0,,440000000.0,0.0,0.0,0.0,15176000000.0,5374000000.0,9802000000.0,28111895408.0,803000000.0,52000000.0,45000000.0,-1000000.0,-41000000.0,14000000.0,-1009000000.0,0.0,1818000000.0,-20000000.0,550000000.0,550000000.0,550000000.0,0.0,0.0,0.05,6173000000.0,856000000.0,1613000000.0,0.074,1.909,13.835,13.842,17248000000.0,0.0,89.14,0.659,0.659,4704000000.0,17134000000.0,11008000000.0,11008000000.0,0.0,,,,,22000000.0,4092000000.0,1.0,315367909.0,315367909,,34.905,27516000000.0,533000000.0,298000000.0,836000000.0,87.25,3682000000.0
38,FDX,MRQ,2012-03-31,2012-02-29,2012-02-29,2021-09-21,-2483000000.0,28752000000.0,,8198000000.0,20554000000.0,,52.686,-729000000.0,2040000000.0,2040000000.0,3936000000.0,521000000.0,1.591,0.735,2420000000.0,419000000.0,2001000000.0,2420000000.0,0.0,543000000.0,0.0,0.006,0.13,804000000.0,1347000000.0,0.128,1347000000.0,804000000.0,792000000.0,1.66,1.65,1.66,16569000000.0,,16569000000.0,28980423619.0,9.0,5.491,120000000.0,0.382,1.0,6628000000.0,0.627,2419000000.0,12000000.0,21561000000.0,,447000000.0,0.0,0.0,0.0,12183000000.0,5152000000.0,7031000000.0,28300423619.0,144000000.0,5000000.0,51000000.0,-10000000.0,-41000000.0,2000000.0,-724000000.0,0.0,849000000.0,17000000.0,521000000.0,521000000.0,521000000.0,0.0,0.0,0.049,5815000000.0,813000000.0,1687000000.0,0.078,1.708,13.873,13.93,16843000000.0,0.0,89.99,0.67,0.67,4635000000.0,16584000000.0,10564000000.0,10564000000.0,0.0,,,,,23000000.0,4021000000.0,1.0,314484094.0,314484094,,33.592,26333000000.0,617000000.0,271000000.0,2030000000.0,83.734,3046000000.0
39,FDX,MRQ,2011-12-31,2011-11-30,2011-11-30,2021-09-21,-2581000000.0,28452000000.0,,8168000000.0,20284000000.0,,50.177,-1107000000.0,1896000000.0,1896000000.0,3910000000.0,497000000.0,1.518,0.788,2576000000.0,428000000.0,2148000000.0,2576000000.0,0.0,518000000.0,0.0,0.005,0.13,784000000.0,1302000000.0,0.123,1302000000.0,784000000.0,777000000.0,1.57,1.57,1.57,15917000000.0,,15917000000.0,26887448676.0,10.0,5.592,201000000.0,0.634,1.0,6677000000.0,0.631,2399000000.0,7000000.0,21353000000.0,,440000000.0,0.0,0.0,0.0,12535000000.0,5380000000.0,7155000000.0,26354448676.0,-63000000.0,7000000.0,-193000000.0,-1000000.0,-41000000.0,-234000000.0,-1100000000.0,0.0,1308000000.0,-37000000.0,497000000.0,497000000.0,497000000.0,0.0,0.0,0.047,5897000000.0,780000000.0,1646000000.0,0.083,1.656,15.06,15.024,16709000000.0,0.0,83.08,0.638,0.638,4837000000.0,16103000000.0,10587000000.0,10587000000.0,0.0,,,,,23000000.0,3982000000.0,1.0,317217726.0,317217726,,33.375,26053000000.0,628000000.0,280000000.0,1555000000.0,82.13,2788000000.0
40,FDX,MRQ,2011-09-30,2011-08-31,2011-08-31,2021-09-21,-2501000000.0,27838000000.0,,7963000000.0,19875000000.0,,49.567,-1110000000.0,1959000000.0,1959000000.0,3933000000.0,464000000.0,1.599,0.772,2492000000.0,301000000.0,2191000000.0,2492000000.0,0.0,509000000.0,0.0,0.006,0.13,735000000.0,1244000000.0,0.118,1244000000.0,735000000.0,724000000.0,1.46,1.46,1.46,15714000000.0,,15714000000.0,25092371501.0,10.0,5.616,-250000000.0,-0.789,1.0,6588000000.0,0.626,2435000000.0,11000000.0,20955000000.0,,418000000.0,0.0,0.0,0.0,12124000000.0,4981000000.0,7143000000.0,24956371501.0,-369000000.0,-106000000.0,28000000.0,-17000000.0,-41000000.0,-26000000.0,-1216000000.0,0.0,860000000.0,13000000.0,464000000.0,464000000.0,464000000.0,0.0,0.0,0.044,5851000000.0,737000000.0,1563000000.0,0.089,1.588,16.248,16.198,15820000000.0,0.0,78.72,0.618,0.618,4624000000.0,15648000000.0,10521000000.0,10521000000.0,0.0,,,,,37000000.0,4004000000.0,1.0,317027077.0,317027077,,33.186,25403000000.0,610000000.0,260000000.0,1441000000.0,80.129,2982000000.0
41,FDX,MRQ,2011-06-30,2011-05-31,2011-05-31,2021-09-21,-2550000000.0,27385000000.0,,8285000000.0,19100000000.0,,48.217,-731000000.0,2328000000.0,2328000000.0,3909000000.0,558000000.0,1.697,0.799,2464000000.0,18000000.0,2446000000.0,2464000000.0,0.0,499000000.0,0.0,0.005,0.12,886000000.0,1385000000.0,0.131,1385000000.0,886000000.0,865000000.0,1.77,1.75,1.77,15220000000.0,,15220000000.0,30653209783.0,13.0,7.089,853000000.0,2.702,1.0,6643000000.0,0.63,2326000000.0,21000000.0,20313000000.0,,437000000.0,0.0,0.0,0.0,12165000000.0,4882000000.0,7283000000.0,29558209783.0,969000000.0,96000000.0,44000000.0,0.0,-38000000.0,13000000.0,-635000000.0,0.0,1584000000.0,7000000.0,558000000.0,558000000.0,558000000.0,0.0,0.0,0.053,5755000000.0,888000000.0,1702000000.0,0.068,1.942,20.357,20.312,15543000000.0,0.0,93.64,0.752,0.752,4581000000.0,15266000000.0,10552000000.0,10552000000.0,0.0,,,,,20000000.0,3866000000.0,1.0,315657943.0,315657943,,33.429,25059000000.0,610000000.0,307000000.0,1336000000.0,79.387,3403000000.0
42,FDX,MRQ,2011-03-31,2011-02-28,2011-02-28,2021-09-21,-2256000000.0,26202000000.0,,7238000000.0,18964000000.0,,47.235,-644000000.0,1359000000.0,1359000000.0,3596000000.0,231000000.0,1.582,0.761,2454000000.0,18000000.0,2436000000.0,2454000000.0,0.0,493000000.0,0.0,0.005,0.0,384000000.0,877000000.0,0.091,877000000.0,384000000.0,360000000.0,0.73,0.73,0.73,14880000000.0,,14880000000.0,29312149551.0,14.0,7.104,-198000000.0,-0.629,1.0,6067000000.0,0.628,2321000000.0,24000000.0,20402000000.0,,413000000.0,0.0,0.0,0.0,11322000000.0,4574000000.0,6748000000.0,28358149551.0,-518000000.0,-88000000.0,39000000.0,-250000000.0,-37000000.0,-241000000.0,-732000000.0,0.0,446000000.0,9000000.0,231000000.0,231000000.0,231000000.0,0.0,0.0,0.024,5674000000.0,393000000.0,1590000000.0,0.0,1.906,21.598,21.536,15328000000.0,0.0,90.02,0.743,0.743,4478000000.0,14709000000.0,9663000000.0,9663000000.0,0.0,,,,,22000000.0,3828000000.0,1.0,315020546.0,315020546,,30.674,23881000000.0,540000000.0,129000000.0,1328000000.0,75.808,2664000000.0
43,FDX,MRQ,2010-12-31,2010-11-30,2010-11-30,2021-09-21,-2316000000.0,26093000000.0,,7398000000.0,18695000000.0,,46.278,-1047000000.0,1877000000.0,1877000000.0,3429000000.0,283000000.0,1.521,0.792,2831000000.0,251000000.0,2580000000.0,2831000000.0,0.0,502000000.0,0.0,0.006,0.24,460000000.0,962000000.0,0.1,962000000.0,460000000.0,437000000.0,0.9,0.89,0.9,14561000000.0,,14561000000.0,29708164279.0,14.0,7.181,168000000.0,0.534,1.0,6203000000.0,0.644,2224000000.0,23000000.0,19960000000.0,,400000000.0,0.0,0.0,0.0,11532000000.0,4863000000.0,6669000000.0,28670164279.0,168000000.0,4000000.0,17000000.0,0.0,-38000000.0,-18000000.0,-1043000000.0,0.0,1215000000.0,14000000.0,283000000.0,283000000.0,283000000.0,0.0,0.0,0.029,5734000000.0,469000000.0,1561000000.0,0.267,1.969,21.703,21.644,15266000000.0,0.0,91.12,0.77,0.77,4279000000.0,14515000000.0,9632000000.0,9632000000.0,0.0,,,,,22000000.0,3779000000.0,1.0,314641838.0,314641838,,30.613,23869000000.0,540000000.0,154000000.0,976000000.0,75.861,2535000000.0
44,FDX,MRQ,2010-09-30,2010-08-31,2010-08-31,2021-09-21,-2386000000.0,25212000000.0,,7036000000.0,18176000000.0,,45.161,-1012000000.0,1709000000.0,1709000000.0,3332000000.0,380000000.0,1.549,0.775,2747000000.0,251000000.0,2496000000.0,2747000000.0,0.0,479000000.0,0.0,0.006,0.12,621000000.0,1100000000.0,0.116,1100000000.0,621000000.0,603000000.0,1.21,1.2,1.21,14205000000.0,,14205000000.0,25331858005.0,11.0,5.997,-216000000.0,-0.687,1.0,6125000000.0,0.648,2211000000.0,18000000.0,19498000000.0,,377000000.0,0.0,0.0,0.0,11007000000.0,4541000000.0,6466000000.0,24549858005.0,-243000000.0,3000000.0,8000000.0,-12000000.0,-38000000.0,-41000000.0,-1009000000.0,0.0,796000000.0,11000000.0,380000000.0,380000000.0,380000000.0,0.0,0.0,0.04,5497000000.0,628000000.0,1423000000.0,0.099,1.728,17.751,17.698,14679000000.0,0.0,78.05,0.679,0.679,4135000000.0,14270000000.0,9457000000.0,9457000000.0,0.0,,,,,34000000.0,3803000000.0,1.0,314540141.0,314540141,,30.066,23001000000.0,529000000.0,223000000.0,902000000.0,73.126,2495000000.0
45,FDX,MRQ,2010-06-30,2010-05-31,2010-05-31,2021-09-21,-2440000000.0,24902000000.0,,7284000000.0,17618000000.0,,44.098,-835000000.0,1952000000.0,1952000000.0,3280000000.0,419000000.0,1.568,0.803,2734000000.0,262000000.0,2472000000.0,2734000000.0,0.0,488000000.0,0.0,0.005,0.11,699000000.0,1187000000.0,0.126,1187000000.0,699000000.0,672000000.0,1.34,1.33,1.34,13811000000.0,,13811000000.0,27318233434.0,14.0,6.949,395000000.0,1.261,1.0,6148000000.0,0.652,2200000000.0,27000000.0,18839000000.0,,389000000.0,0.0,0.0,0.0,11091000000.0,4645000000.0,6446000000.0,26148233434.0,403000000.0,4000000.0,58000000.0,-21000000.0,-35000000.0,14000000.0,-831000000.0,0.0,1230000000.0,-10000000.0,419000000.0,419000000.0,419000000.0,0.0,0.0,0.044,5452000000.0,696000000.0,1522000000.0,0.082,1.893,22.085,22.087,14385000000.0,0.0,83.49,0.753,0.753,4163000000.0,13966000000.0,9428000000.0,9428000000.0,0.0,,,,,21000000.0,3677000000.0,1.0,313190004.0,313190004,,30.103,22702000000.0,529000000.0,253000000.0,891000000.0,72.486,2639000000.0
46,FDX,MRQ,2010-03-31,2010-02-28,2010-02-28,2021-09-21,-1362000000.0,24876000000.0,,6683000000.0,18193000000.0,,45.955,-432000000.0,1549000000.0,1549000000.0,3027000000.0,239000000.0,1.529,0.73,2719000000.0,283000000.0,2436000000.0,2719000000.0,0.0,488000000.0,0.0,0.005,0.11,400000000.0,888000000.0,0.102,888000000.0,400000000.0,381000000.0,0.76,0.76,0.76,14380000000.0,,14380000000.0,27905703032.0,62.0,11.565,119000000.0,0.38,1.0,5674000000.0,0.652,2229000000.0,19000000.0,19445000000.0,,380000000.0,0.0,0.0,0.0,10496000000.0,4372000000.0,6124000000.0,26522703032.0,84000000.0,-2000000.0,12000000.0,-7000000.0,-34000000.0,-25000000.0,-434000000.0,0.0,551000000.0,-8000000.0,239000000.0,239000000.0,239000000.0,0.0,0.0,0.027,5258000000.0,416000000.0,1489000000.0,0.145,1.844,-238.943,-223.053,14003000000.0,0.0,84.76,0.8,0.8,3937000000.0,13546000000.0,8701000000.0,8701000000.0,0.0,,,,,22000000.0,3549000000.0,1.0,312915326.0,312915326,,27.806,22647000000.0,517000000.0,142000000.0,1384000000.0,72.374,2311000000.0
47,FDX,MRQ,2009-12-31,2009-11-30,2009-11-30,2021-09-21,-1334000000.0,24594000000.0,,6434000000.0,18160000000.0,,45.335,-669000000.0,1465000000.0,1465000000.0,2902000000.0,345000000.0,1.562,0.736,2848000000.0,40000000.0,2808000000.0,2848000000.0,0.0,487000000.0,0.0,0.005,0.11,562000000.0,1049000000.0,0.122,1049000000.0,562000000.0,547000000.0,1.1,1.1,1.1,14168000000.0,,14168000000.0,27490188085.0,122.0,12.501,-210000000.0,-0.672,1.0,5694000000.0,0.662,2237000000.0,15000000.0,19621000000.0,,391000000.0,0.0,0.0,0.0,10426000000.0,4119000000.0,6307000000.0,26392188085.0,-324000000.0,7000000.0,17000000.0,-117000000.0,-35000000.0,-131000000.0,-662000000.0,0.0,459000000.0,10000000.0,345000000.0,345000000.0,345000000.0,0.0,0.0,0.04,5123000000.0,571000000.0,1417000000.0,0.1,1.863,-104.317,-101.747,13937000000.0,0.0,84.45,0.81,0.81,3771000000.0,13342000000.0,8596000000.0,8596000000.0,0.0,,,,,23000000.0,3424000000.0,1.0,312518509.0,312518509,,27.506,22357000000.0,515000000.0,202000000.0,1228000000.0,71.538,2315000000.0
48,FDX,MRQ,2009-09-30,2009-08-31,2009-08-31,2021-09-21,-1363000000.0,23857000000.0,,6388000000.0,17469000000.0,,44.139,-880000000.0,1789000000.0,1789000000.0,2699000000.0,181000000.0,1.644,0.731,2887000000.0,158000000.0,2729000000.0,2887000000.0,0.0,495000000.0,0.0,0.006,0.11,312000000.0,807000000.0,0.101,807000000.0,312000000.0,294000000.0,0.58,0.58,0.58,13786000000.0,,13786000000.0,22553483981.0,50.0,9.3,18000000.0,0.058,1.0,5310000000.0,0.663,2233000000.0,18000000.0,18836000000.0,,372000000.0,0.0,0.0,0.0,10071000000.0,3886000000.0,6185000000.0,21460483981.0,-503000000.0,26000000.0,7000000.0,-508000000.0,-34000000.0,-550000000.0,-854000000.0,0.0,898000000.0,3000000.0,181000000.0,181000000.0,181000000.0,0.0,0.0,0.023,4995000000.0,315000000.0,1311000000.0,0.19,1.557,-204.386,-202.088,13538000000.0,0.0,68.71,0.64,0.64,3410000000.0,13031000000.0,8009000000.0,8009000000.0,0.0,,,,,35000000.0,3377000000.0,1.0,312334216.0,312334216,,25.642,21624000000.0,510000000.0,113000000.0,1132000000.0,69.234,2502000000.0
49,FDX,MRQ,2009-06-30,2009-05-31,2009-05-31,2021-09-21,-1373000000.0,24244000000.0,,7116000000.0,17128000000.0,,43.763,-472000000.0,2292000000.0,2292000000.0,2538000000.0,-876000000.0,1.573,0.779,3385000000.0,653000000.0,2732000000.0,3385000000.0,0.0,496000000.0,0.0,0.008,0.11,-827000000.0,-331000000.0,-0.042,-331000000.0,-827000000.0,-874000000.0,-2.82,-2.81,-2.82,13626000000.0,,13626000000.0,18380592842.0,24.0,6.716,60000000.0,0.193,1.0,5314000000.0,0.677,2229000000.0,47000000.0,18584000000.0,,367000000.0,0.0,0.0,0.0,10618000000.0,4524000000.0,6094000000.0,17258592842.0,-381000000.0,41000000.0,31000000.0,-500000000.0,-34000000.0,-500000000.0,-431000000.0,0.0,532000000.0,18000000.0,-876000000.0,-876000000.0,-876000000.0,0.0,0.0,-0.112,6163000000.0,-849000000.0,1372000000.0,-0.039,1.267,176.108,178.806,13417000000.0,0.0,55.43,0.486,0.486,3391000000.0,12919000000.0,7852000000.0,7852000000.0,0.0,,,,,21000000.0,3265000000.0,1.0,311358341.0,311358341,,25.219,22015000000.0,511000000.0,2000000.0,1071000000.0,70.706,2592000000.0
50,FDX,MRQ,2009-03-31,2009-02-28,2009-02-28,2021-09-21,-272000000.0,27006000000.0,,7373000000.0,19633000000.0,,49.956,-600000000.0,2673000000.0,2673000000.0,2754000000.0,97000000.0,1.507,0.737,3795000000.0,1089000000.0,2706000000.0,3795000000.0,0.0,496000000.0,0.0,0.01,0.11,178000000.0,674000000.0,0.083,674000000.0,178000000.0,159000000.0,0.31,0.31,0.31,15551000000.0,,15551000000.0,14575926801.0,10.0,4.227,166000000.0,0.533,1.0,5383000000.0,0.662,4311000000.0,19000000.0,18924000000.0,,370000000.0,0.0,0.0,0.0,11455000000.0,4893000000.0,6562000000.0,13450926801.0,1131000000.0,5000000.0,2000000.0,1000000000.0,-35000000.0,960000000.0,-595000000.0,0.0,766000000.0,0.0,97000000.0,97000000.0,97000000.0,0.0,0.0,0.012,5201000000.0,182000000.0,1392000000.0,0.355,0.865,18.351,18.309,13619000000.0,0.0,43.21,0.359,0.359,3520000000.0,13795000000.0,8137000000.0,8137000000.0,0.0,,,,,22000000.0,3414000000.0,1.0,311291988.0,311291988,,26.139,22695000000.0,516000000.0,62000000.0,1522000000.0,72.906,2480000000.0
51,FDX,MRQ,2008-12-31,2008-11-30,2008-11-30,2021-09-21,-258000000.0,26384000000.0,,6834000000.0,19550000000.0,,49.739,-751000000.0,1542000000.0,1542000000.0,3420000000.0,493000000.0,1.237,0.704,2667000000.0,1089000000.0,1578000000.0,2667000000.0,0.0,491000000.0,0.0,0.006,0.11,784000000.0,1275000000.0,0.134,1275000000.0,784000000.0,774000000.0,1.59,1.58,1.59,15481000000.0,,15481000000.0,23107241153.0,12.0,5.919,6000000.0,0.019,1.0,6118000000.0,0.641,4192000000.0,10000000.0,17794000000.0,,405000000.0,0.0,0.0,0.0,10903000000.0,5523000000.0,5380000000.0,21989241153.0,-31000000.0,15000000.0,3000000.0,0.0,-34000000.0,-30000000.0,-736000000.0,0.0,757000000.0,-22000000.0,493000000.0,493000000.0,493000000.0,0.0,0.0,0.052,5334000000.0,784000000.0,1878000000.0,0.069,1.42,21.37,21.28,13610000000.0,0.0,70.65,0.567,0.567,4103000000.0,13733000000.0,9538000000.0,9538000000.0,0.0,,,,,23000000.0,3503000000.0,1.0,311241913.0,311241913,,30.645,22192000000.0,518000000.0,281000000.0,1511000000.0,71.301,1311000000.0
52,FDX,MRQ,2008-09-30,2008-08-31,2008-08-31,2021-09-21,-115000000.0,26143000000.0,,7174000000.0,18969000000.0,,48.652,-636000000.0,1573000000.0,1573000000.0,3960000000.0,384000000.0,1.3,0.727,2691000000.0,1001000000.0,1690000000.0,2691000000.0,0.0,492000000.0,0.0,0.005,0.11,627000000.0,1119000000.0,0.112,1119000000.0,627000000.0,618000000.0,1.24,1.23,1.24,15140000000.0,,15140000000.0,26912559351.0,14.0,6.911,62000000.0,0.199,1.0,6010000000.0,0.603,4126000000.0,9000000.0,17616000000.0,,412000000.0,0.0,0.0,0.0,11003000000.0,5519000000.0,5484000000.0,25772559351.0,34000000.0,15000000.0,5000000.0,-1000000.0,-34000000.0,-30000000.0,-621000000.0,0.0,698000000.0,-13000000.0,384000000.0,384000000.0,384000000.0,0.0,0.0,0.039,5380000000.0,630000000.0,2050000000.0,0.089,1.702,25.392,25.25,13533000000.0,0.0,82.82,0.666,0.666,4361000000.0,13274000000.0,9970000000.0,9970000000.0,0.0,,,,,33000000.0,3585000000.0,1.0,311187628.0,311187628,,32.039,22017000000.0,528000000.0,234000000.0,1484000000.0,70.752,1655000000.0
53,FDX,MRQ,2008-06-30,2008-05-31,2008-05-31,2021-09-21,-425000000.0,25633000000.0,,7244000000.0,18389000000.0,,46.848,-782000000.0,1539000000.0,1539000000.0,3698000000.0,-241000000.0,1.349,0.765,2679000000.0,502000000.0,2177000000.0,2679000000.0,0.0,499000000.0,0.0,0.004,0.1,-119000000.0,380000000.0,0.039,380000000.0,-119000000.0,-167000000.0,-0.78,-0.77,-0.78,14526000000.0,,14526000000.0,30072973750.0,14.0,7.407,506000000.0,1.632,1.0,6168000000.0,0.625,4084000000.0,48000000.0,17321000000.0,,435000000.0,0.0,0.0,0.0,11107000000.0,5368000000.0,5739000000.0,28435973750.0,528000000.0,12000000.0,37000000.0,-16000000.0,-31000000.0,5000000.0,-770000000.0,0.0,1288000000.0,5000000.0,-241000000.0,-241000000.0,-241000000.0,0.0,0.0,-0.024,6331000000.0,-163000000.0,2195000000.0,-0.128,1.958,25.276,25.195,13478000000.0,0.0,91.71,0.749,0.749,4359000000.0,13002000000.0,9866000000.0,9866000000.0,0.0,,,,,24000000.0,3616000000.0,1.0,310064047.0,310064047,,31.819,21549000000.0,544000000.0,74000000.0,1264000000.0,69.499,1876000000.0
54,FDX,MRQ,2008-03-31,2008-02-29,2008-02-29,2021-09-21,-928000000.0,24596000000.0,,6431000000.0,18165000000.0,,45.86,-643000000.0,1011000000.0,1011000000.0,3402000000.0,393000000.0,1.394,0.733,2648000000.0,18000000.0,2630000000.0,2648000000.0,0.0,492000000.0,0.0,0.004,0.1,638000000.0,1130000000.0,0.12,1130000000.0,638000000.0,628000000.0,1.27,1.26,1.27,14192000000.0,,14192000000.0,29208110880.0,9.0,5.578,270000000.0,0.872,1.0,6035000000.0,0.64,4851000000.0,10000000.0,16770000000.0,,384000000.0,0.0,0.0,0.0,10404000000.0,4612000000.0,5792000000.0,27273110880.0,181000000.0,18000000.0,21000000.0,-108000000.0,-31000000.0,-107000000.0,-625000000.0,0.0,913000000.0,0.0,393000000.0,393000000.0,393000000.0,0.0,0.0,0.042,5394000000.0,641000000.0,2164000000.0,0.079,1.922,13.802,13.77,13314000000.0,0.0,88.13,0.732,0.732,4242000000.0,13244000000.0,9437000000.0,9437000000.0,0.0,,,,,23000000.0,3593000000.0,1.0,309464551.0,309464551,,30.495,19745000000.0,551000000.0,235000000.0,1022000000.0,63.804,1819000000.0
55,FDX,MRQ,2007-12-31,2007-11-30,2007-11-30,2021-09-21,-945000000.0,24347000000.0,,6351000000.0,17996000000.0,,44.493,-747000000.0,830000000.0,830000000.0,3326000000.0,479000000.0,1.293,0.769,2765000000.0,127000000.0,2638000000.0,2765000000.0,0.0,482000000.0,0.0,0.004,0.1,783000000.0,1265000000.0,0.134,1265000000.0,783000000.0,768000000.0,1.55,1.54,1.55,13760000000.0,,13760000000.0,32138353894.0,10.0,6.186,-284000000.0,-0.918,1.0,6125000000.0,0.648,4771000000.0,15000000.0,16601000000.0,,392000000.0,0.0,0.0,0.0,10587000000.0,4910000000.0,5677000000.0,30453353894.0,-282000000.0,16000000.0,10000000.0,-8000000.0,-31000000.0,-26000000.0,-731000000.0,0.0,463000000.0,12000000.0,479000000.0,479000000.0,479000000.0,0.0,0.0,0.051,5342000000.0,783000000.0,2300000000.0,0.065,2.213,15.204,15.149,13225000000.0,0.0,98.47,0.837,0.837,4324000000.0,12882000000.0,9451000000.0,9451000000.0,0.0,,,,,25000000.0,3510000000.0,1.0,309265298.0,309265298,,30.56,19576000000.0,531000000.0,289000000.0,928000000.0,63.298,1441000000.0
56,FDX,MRQ,2007-09-30,2007-08-31,2007-08-31,2021-09-21,-1000000000.0,23906000000.0,,6228000000.0,17678000000.0,,42.818,-775000000.0,1112000000.0,1112000000.0,3126000000.0,494000000.0,1.327,0.808,2797000000.0,134000000.0,2663000000.0,2797000000.0,0.0,473000000.0,0.0,0.003,0.1,812000000.0,1285000000.0,0.14,1285000000.0,812000000.0,787000000.0,1.6,1.58,1.6,13221000000.0,,13221000000.0,35597784359.0,11.0,6.846,26000000.0,0.084,1.0,6073000000.0,0.66,4735000000.0,25000000.0,16161000000.0,,342000000.0,0.0,0.0,0.0,10685000000.0,4695000000.0,5990000000.0,33865784359.0,-457000000.0,4000000.0,40000000.0,-507000000.0,-31000000.0,-489000000.0,-771000000.0,0.0,801000000.0,2000000.0,494000000.0,494000000.0,494000000.0,0.0,0.0,0.054,5259000000.0,814000000.0,2018000000.0,0.062,2.562,16.642,16.568,12943000000.0,0.0,109.68,0.944,0.944,3959000000.0,12433000000.0,9199000000.0,9199000000.0,0.0,,,,,29000000.0,3483000000.0,1.0,308769004.0,308769004,,29.792,19171000000.0,533000000.0,293000000.0,918000000.0,62.088,1533000000.0
57,FDX,MRQ,2007-06-30,2007-05-31,2007-05-31,2021-09-21,-1030000000.0,24000000000.0,,6629000000.0,17371000000.0,,41.117,-770000000.0,1569000000.0,1569000000.0,2927000000.0,610000000.0,1.221,0.896,3301000000.0,639000000.0,2662000000.0,3301000000.0,0.0,464000000.0,0.0,0.003,0.09,1092000000.0,1556000000.0,0.17,1556000000.0,1092000000.0,993000000.0,1.98,1.96,1.98,12656000000.0,,12656000000.0,36479759228.0,11.0,7.163,683000000.0,2.219,1.0,6224000000.0,0.68,4735000000.0,99000000.0,15569000000.0,,338000000.0,0.0,0.0,0.0,11344000000.0,5428000000.0,5916000000.0,34356759228.0,-201000000.0,-286000000.0,22000000.0,-623000000.0,-27000000.0,-604000000.0,-1056000000.0,0.0,1453000000.0,6000000.0,610000000.0,610000000.0,610000000.0,0.0,0.0,0.067,5212000000.0,1012000000.0,2016000000.0,0.045,2.715,17.042,16.989,12636000000.0,0.0,111.62,0.976,0.976,3942000000.0,11970000000.0,9151000000.0,9151000000.0,0.0,,,,,24000000.0,3515000000.0,1.0,307801104.0,307801104,,29.73,19265000000.0,536000000.0,383000000.0,897000000.0,62.589,1201000000.0
58,FDX,MRQ,2007-03-31,2007-02-28,2007-02-28,2021-09-21,-30000000.0,24973000000.0,,6767000000.0,18206000000.0,,42.362,-653000000.0,1770000000.0,1770000000.0,2920000000.0,420000000.0,1.173,0.92,3893000000.0,1259000000.0,2634000000.0,3893000000.0,0.0,449000000.0,0.0,0.003,0.09,640000000.0,1089000000.0,0.127,1089000000.0,640000000.0,629000000.0,1.37,1.35,1.37,13010000000.0,,13010000000.0,37077068007.0,11.0,7.556,103000000.0,0.335,1.0,5672000000.0,0.66,4498000000.0,11000000.0,16828000000.0,,322000000.0,0.0,0.0,0.0,11963000000.0,5770000000.0,6193000000.0,35082068007.0,-85000000.0,-204000000.0,38000000.0,-2000000.0,-28000000.0,16000000.0,-857000000.0,0.0,756000000.0,0.0,420000000.0,420000000.0,420000000.0,0.0,0.0,0.049,5031000000.0,641000000.0,1888000000.0,0.066,2.697,17.772,17.71,12169000000.0,0.0,114.23,1.015,1.015,3925000000.0,11391000000.0,8592000000.0,8592000000.0,0.0,,,,,23000000.0,3414000000.0,1.0,307117815.0,307117815,,27.976,20475000000.0,540000000.0,209000000.0,1402000000.0,66.668,997000000.0
59,FDX,MRQ,2006-12-31,2006-11-30,2006-11-30,2021-09-21,-22000000.0,24713000000.0,,6843000000.0,17870000000.0,,40.954,-760000000.0,1855000000.0,1855000000.0,2932000000.0,511000000.0,1.145,0.968,3850000000.0,1168000000.0,2682000000.0,3850000000.0,0.0,430000000.0,0.0,0.003,0.09,840000000.0,1270000000.0,0.142,1270000000.0,840000000.0,823000000.0,1.67,1.64,1.67,12558000000.0,,12558000000.0,36584703866.0,11.0,7.436,-77000000.0,-0.251,1.0,5994000000.0,0.672,4246000000.0,17000000.0,16488000000.0,,325000000.0,0.0,0.0,0.0,12155000000.0,5974000000.0,6181000000.0,35394703866.0,-835000000.0,-757000000.0,25000000.0,-5000000.0,-27000000.0,-1000000.0,-1517000000.0,0.0,683000000.0,0.0,511000000.0,511000000.0,511000000.0,0.0,0.0,0.057,5155000000.0,839000000.0,2060000000.0,0.054,2.818,17.858,17.786,11988000000.0,0.0,115.43,1.042,1.042,3956000000.0,10999000000.0,8926000000.0,8926000000.0,0.0,,,,,25000000.0,3526000000.0,1.0,306633491.0,306633491,,29.11,20467000000.0,515000000.0,312000000.0,1352000000.0,66.747,869000000.0
60,FDX,MRQ,2006-09-30,2006-08-31,2006-08-31,2021-09-21,-24000000.0,23878000000.0,,7342000000.0,16536000000.0,,39.232,-699000000.0,2690000000.0,2690000000.0,2922000000.0,475000000.0,1.306,0.986,3880000000.0,1130000000.0,2750000000.0,3880000000.0,0.0,399000000.0,0.0,0.003,0.09,779000000.0,1178000000.0,0.138,1178000000.0,779000000.0,770000000.0,1.55,1.53,1.55,12021000000.0,,12021000000.0,32119647359.0,10.0,6.656,-34000000.0,-0.111,1.0,5623000000.0,0.658,4070000000.0,9000000.0,15375000000.0,,320000000.0,0.0,0.0,0.0,11857000000.0,5623000000.0,6234000000.0,30956647359.0,753000000.0,5000000.0,30000000.0,778000000.0,-28000000.0,782000000.0,-694000000.0,0.0,665000000.0,0.0,475000000.0,475000000.0,475000000.0,0.0,0.0,0.056,4839000000.0,784000000.0,1875000000.0,0.058,2.575,15.941,15.86,11115000000.0,0.0,101.03,0.934,0.934,3624000000.0,10516000000.0,8545000000.0,8545000000.0,0.0,,,,,31000000.0,3285000000.0,1.0,306410446.0,306410446,,27.887,19808000000.0,536000000.0,295000000.0,1369000000.0,64.645,1719000000.0
61,FDX,MRQ,2006-06-30,2006-05-31,2006-05-31,2021-09-21,-24000000.0,22690000000.0,,6464000000.0,16226000000.0,,37.727,-662000000.0,1937000000.0,1937000000.0,2718000000.0,568000000.0,1.181,0.971,3100000000.0,850000000.0,2250000000.0,3100000000.0,0.0,403000000.0,0.0,0.003,0.08,967000000.0,1370000000.0,0.161,1370000000.0,967000000.0,907000000.0,1.86,1.82,1.86,11511000000.0,,11511000000.0,35307003575.0,12.0,7.694,795000000.0,2.606,1.0,5776000000.0,0.68,4107000000.0,60000000.0,14273000000.0,,308000000.0,0.0,0.0,0.0,11179000000.0,5473000000.0,5706000000.0,33340003575.0,816000000.0,64000000.0,39000000.0,-14000000.0,-24000000.0,1000000.0,-642000000.0,0.0,1457000000.0,0.0,568000000.0,568000000.0,568000000.0,0.0,0.0,0.067,4849000000.0,927000000.0,1908000000.0,0.043,2.896,18.461,18.396,10770000000.0,0.0,109.27,1.032,1.032,3516000000.0,10068000000.0,8494000000.0,8494000000.0,0.0,,,,,99000000.0,3266000000.0,1.0,305115801.0,305115801,,27.839,18583000000.0,539000000.0,339000000.0,1367000000.0,60.905,991000000.0
62,FDX,MRQ,2006-03-31,2006-02-28,2006-02-28,2021-09-21,-5000000.0,21539000000.0,,5514000000.0,16025000000.0,,35.948,-530000000.0,1121000000.0,1121000000.0,2592000000.0,428000000.0,1.222,0.972,3088000000.0,241000000.0,2847000000.0,3088000000.0,0.0,391000000.0,0.0,0.003,0.08,711000000.0,1102000000.0,0.138,1102000000.0,711000000.0,683000000.0,1.41,1.38,1.41,10924000000.0,,10924000000.0,35108286806.0,12.0,8.071,554000000.0,1.823,1.0,5411000000.0,0.676,4159000000.0,28000000.0,14836000000.0,,294000000.0,0.0,0.0,0.0,10615000000.0,4511000000.0,6104000000.0,32588286806.0,335000000.0,0.0,52000000.0,-253000000.0,-25000000.0,-226000000.0,-523000000.0,0.0,1084000000.0,0.0,428000000.0,428000000.0,428000000.0,0.0,0.0,0.053,4698000000.0,713000000.0,1847000000.0,0.057,2.983,19.329,19.288,10423000000.0,0.0,107.24,1.034,1.034,3401000000.0,9528000000.0,8003000000.0,8003000000.0,0.0,,,,,0.0,3162000000.0,1.0,303881824.0,303881824,,26.336,17380000000.0,535000000.0,255000000.0,1272000000.0,57.193,1003000000.0
63,FDX,MRQ,2005-12-31,2005-11-30,2005-11-30,2021-09-21,-16000000.0,21211000000.0,,5292000000.0,15919000000.0,,34.345,-655000000.0,786000000.0,786000000.0,2732000000.0,471000000.0,1.105,1.038,3306000000.0,493000000.0,2813000000.0,3306000000.0,0.0,386000000.0,0.0,0.003,0.08,790000000.0,1176000000.0,0.145,1176000000.0,790000000.0,760000000.0,1.55,1.53,1.55,10408000000.0,,10408000000.0,31863662104.0,12.0,7.652,-303000000.0,-1.0,1.0,5358000000.0,0.662,4107000000.0,30000000.0,14833000000.0,,278000000.0,0.0,0.0,0.0,10803000000.0,4791000000.0,6012000000.0,29582662104.0,-265000000.0,0.0,35000000.0,-7000000.0,-24000000.0,2000000.0,-619000000.0,0.0,352000000.0,0.0,471000000.0,471000000.0,471000000.0,0.0,0.0,0.058,4568000000.0,790000000.0,1859000000.0,0.052,2.842,18.783,18.773,10275000000.0,0.0,97.62,0.959,0.959,3546000000.0,9125000000.0,8090000000.0,8090000000.0,0.0,,,,,0.0,3081000000.0,1.0,303038948.0,303038948,,26.696,17104000000.0,520000000.0,289000000.0,1251000000.0,56.442,501000000.0
64,FDX,MRQ,2005-09-30,2005-08-31,2005-08-31,2021-09-21,-12000000.0,20586000000.0,,5246000000.0,15340000000.0,,32.809,-671000000.0,1051000000.0,1051000000.0,2632000000.0,339000000.0,1.159,1.073,3332000000.0,295000000.0,3037000000.0,3332000000.0,0.0,368000000.0,0.0,0.004,0.08,573000000.0,941000000.0,0.122,941000000.0,573000000.0,549000000.0,1.12,1.1,1.12,9929000000.0,,9929000000.0,26935195751.0,11.0,6.831,112000000.0,0.37,1.0,5075000000.0,0.658,4183000000.0,24000000.0,14159000000.0,,251000000.0,0.0,0.0,0.0,10657000000.0,4525000000.0,6132000000.0,24646195751.0,12000000.0,0.0,18000000.0,-95000000.0,-24000000.0,-101000000.0,-670000000.0,0.0,783000000.0,0.0,339000000.0,339000000.0,339000000.0,0.0,0.0,0.044,4491000000.0,584000000.0,1705000000.0,0.071,2.482,16.904,16.861,9980000000.0,0.0,81.44,0.819,0.819,3270000000.0,8678000000.0,7707000000.0,7707000000.0,0.0,,,,,0.0,3062000000.0,1.0,302630105.0,302630105,,25.467,16403000000.0,510000000.0,210000000.0,1149000000.0,54.201,721000000.0
65,FDX,MRQ,2005-06-30,2005-05-31,2005-05-31,2021-09-21,-17000000.0,20404000000.0,,5269000000.0,15135000000.0,,31.741,-575000000.0,1039000000.0,1039000000.0,2449000000.0,448000000.0,1.113,1.128,3328000000.0,369000000.0,2959000000.0,3328000000.0,0.0,371000000.0,0.0,0.003,0.07,760000000.0,1131000000.0,0.147,1131000000.0,760000000.0,711000000.0,1.48,1.46,1.48,9588000000.0,,9588000000.0,29834472997.0,12.0,7.582,582000000.0,1.927,1.0,5266000000.0,0.683,4220000000.0,49000000.0,13739000000.0,,250000000.0,0.0,0.0,0.0,10816000000.0,4734000000.0,6082000000.0,27011472997.0,-45000000.0,0.0,11000000.0,-618000000.0,-21000000.0,-627000000.0,-575000000.0,0.0,1157000000.0,0.0,448000000.0,448000000.0,448000000.0,0.0,0.0,0.058,4526000000.0,740000000.0,1739000000.0,0.047,2.817,18.641,18.59,9643000000.0,0.0,89.42,0.92,0.92,3297000000.0,8363000000.0,7715000000.0,7715000000.0,0.0,,,,,68000000.0,3087000000.0,1.0,302074178.0,302074178,,25.54,16184000000.0,510000000.0,263000000.0,1206000000.0,53.576,535000000.0
66,FDX,MRQ,2005-03-31,2005-02-28,2005-02-28,2021-09-21,-6000000.0,20375000000.0,,5272000000.0,15103000000.0,,30.274,-486000000.0,1084000000.0,1084000000.0,2316000000.0,317000000.0,1.018,1.234,3907000000.0,973000000.0,2934000000.0,3907000000.0,0.0,368000000.0,0.0,0.003,0.07,548000000.0,916000000.0,0.125,916000000.0,548000000.0,514000000.0,1.05,1.03,1.05,9122000000.0,,9122000000.0,32540826812.0,13.0,8.404,235000000.0,0.78,1.0,5023000000.0,0.684,4364000000.0,34000000.0,13654000000.0,,245000000.0,0.0,0.0,0.0,11253000000.0,5180000000.0,6073000000.0,29462826812.0,145000000.0,0.0,27000000.0,-100000000.0,-21000000.0,-95000000.0,-481000000.0,0.0,721000000.0,0.0,317000000.0,317000000.0,317000000.0,0.0,0.0,0.043,4471000000.0,552000000.0,1685000000.0,0.067,3.23,20.851,20.804,9391000000.0,0.0,97.78,1.027,1.027,3188000000.0,7939000000.0,7339000000.0,7339000000.0,0.0,,,,,0.0,3026000000.0,1.0,301317517.0,301317517,,24.356,16011000000.0,554000000.0,197000000.0,1216000000.0,53.137,92000000.0
67,FDX,MRQ,2004-12-31,2004-11-30,2004-11-30,2021-09-21,-3000000.0,20037000000.0,,5133000000.0,14904000000.0,,29.264,-780000000.0,939000000.0,939000000.0,2338000000.0,354000000.0,1.045,1.278,4017000000.0,775000000.0,3242000000.0,4017000000.0,0.0,363000000.0,0.0,0.003,0.07,592000000.0,955000000.0,0.13,955000000.0,592000000.0,554000000.0,1.18,1.15,1.18,8796000000.0,,8796000000.0,31265266977.0,14.0,8.528,-278000000.0,-0.925,1.0,4996000000.0,0.681,4291000000.0,38000000.0,13910000000.0,,256000000.0,0.0,0.0,0.0,11241000000.0,4914000000.0,6327000000.0,28563266977.0,-449000000.0,-122000000.0,31000000.0,-60000000.0,-21000000.0,-50000000.0,-901000000.0,0.0,502000000.0,0.0,354000000.0,354000000.0,354000000.0,0.0,0.0,0.048,4396000000.0,600000000.0,1703000000.0,0.059,3.247,21.921,21.896,9346000000.0,0.0,95.03,1.042,1.042,3251000000.0,7643000000.0,7334000000.0,7334000000.0,0.0,,,,,0.0,2930000000.0,1.0,300571051.0,300571051,,24.4,15746000000.0,527000000.0,200000000.0,1176000000.0,52.387,219000000.0
68,FDX,MRQ,2004-09-30,2004-08-31,2004-08-31,2021-09-21,-38000000.0,19379000000.0,,5271000000.0,14108000000.0,,27.964,-395000000.0,1388000000.0,1388000000.0,2143000000.0,330000000.0,1.132,1.31,4090000000.0,830000000.0,3260000000.0,4090000000.0,0.0,360000000.0,0.0,0.003,0.07,573000000.0,933000000.0,0.134,933000000.0,573000000.0,534000000.0,1.1,1.08,1.1,8389000000.0,,8389000000.0,27640758130.0,15.0,8.563,342000000.0,1.14,1.0,4832000000.0,0.693,3971000000.0,39000000.0,13452000000.0,,244000000.0,0.0,0.0,0.0,10990000000.0,4658000000.0,6332000000.0,24596758130.0,342000000.0,0.0,30000000.0,-13000000.0,-21000000.0,-4000000.0,-391000000.0,0.0,737000000.0,0.0,330000000.0,330000000.0,330000000.0,0.0,0.0,0.047,4253000000.0,579000000.0,1481000000.0,0.064,2.932,23.651,23.628,9092000000.0,0.0,81.99,0.946,0.946,2965000000.0,7310000000.0,6975000000.0,6975000000.0,0.0,,,,,0.0,2920000000.0,1.0,299997050.0,299997050,,23.25,15408000000.0,528000000.0,204000000.0,1198000000.0,51.361,613000000.0
69,FDX,MRQ,2004-06-30,2004-05-31,2004-05-31,2021-09-21,-46000000.0,19134000000.0,,4970000000.0,14164000000.0,,26.901,-379000000.0,1046000000.0,1046000000.0,2072000000.0,412000000.0,1.034,1.381,4090000000.0,750000000.0,3340000000.0,4090000000.0,0.0,365000000.0,0.0,0.003,0.06,703000000.0,1068000000.0,0.152,1068000000.0,703000000.0,643000000.0,1.37,1.36,1.37,8036000000.0,,8036000000.0,25941798690.0,18.0,9.167,909000000.0,3.043,1.0,4969000000.0,0.706,4000000000.0,60000000.0,13371000000.0,,249000000.0,0.0,0.0,0.0,11098000000.0,4807000000.0,6291000000.0,21979798690.0,571000000.0,0.0,25000000.0,-349000000.0,-18000000.0,-343000000.0,-374000000.0,0.0,1288000000.0,0.0,412000000.0,412000000.0,412000000.0,0.0,0.0,0.059,4284000000.0,685000000.0,1615000000.0,0.044,2.735,26.229,26.279,9037000000.0,0.0,73.58,0.89,0.89,3027000000.0,7001000000.0,7041000000.0,7041000000.0,0.0,,,,,43000000.0,2950000000.0,1.0,298719743.0,298719743,,23.571,15134000000.0,489000000.0,231000000.0,1106000000.0,50.663,163000000.0
70,FDX,MRQ,2004-03-31,2004-02-29,2004-02-29,2021-09-21,-17000000.0,18349000000.0,,4365000000.0,13984000000.0,,25.474,-284000000.0,475000000.0,475000000.0,1858000000.0,207000000.0,0.77,1.414,4437000000.0,2077000000.0,2360000000.0,4437000000.0,0.0,340000000.0,0.0,0.003,0.06,370000000.0,710000000.0,0.117,710000000.0,370000000.0,334000000.0,0.69,0.68,0.69,7601000000.0,,7601000000.0,22175022735.0,18.0,8.565,188000000.0,0.63,1.0,4204000000.0,0.694,3236000000.0,36000000.0,13409000000.0,,256000000.0,0.0,0.0,0.0,10748000000.0,5666000000.0,5082000000.0,20493022735.0,-555000000.0,-2410000000.0,11000000.0,1672000000.0,-18000000.0,1665000000.0,-2692000000.0,0.0,472000000.0,0.0,207000000.0,207000000.0,207000000.0,0.0,0.0,0.034,3832000000.0,372000000.0,1464000000.0,0.087,2.696,29.027,28.979,9007000000.0,0.0,68.68,0.872,0.872,3000000000.0,6610000000.0,6062000000.0,6062000000.0,0.0,,,,,0.0,2649000000.0,1.0,298384140.0,298384140,,20.316,15113000000.0,428000000.0,127000000.0,901000000.0,50.649,-1301000000.0
71,FDX,MRQ,2003-12-31,2003-11-30,2003-11-30,2021-09-21,-20000000.0,16214000000.0,,4559000000.0,11655000000.0,,24.841,-308000000.0,1030000000.0,1030000000.0,1767000000.0,91000000.0,1.227,1.188,2712000000.0,332000000.0,2380000000.0,2712000000.0,0.0,336000000.0,0.0,0.003,0.05,181000000.0,517000000.0,0.087,517000000.0,181000000.0,146000000.0,0.31,0.3,0.31,7410000000.0,,7410000000.0,23513932579.0,21.0,9.485,379000000.0,1.271,1.0,4153000000.0,0.702,1063000000.0,35000000.0,13117000000.0,,221000000.0,0.0,0.0,0.0,8804000000.0,3716000000.0,5088000000.0,21685932579.0,324000000.0,0.0,-32000000.0,-12000000.0,-15000000.0,-58000000.0,-305000000.0,0.0,687000000.0,0.0,91000000.0,91000000.0,91000000.0,0.0,0.0,0.015,3970000000.0,183000000.0,1463000000.0,0.161,2.927,33.57,33.502,8813000000.0,0.0,72.7,0.944,0.944,2758000000.0,6439000000.0,5920000000.0,5920000000.0,0.0,,,,,0.0,2559000000.0,1.0,298293433.0,298293433,,19.846,15151000000.0,417000000.0,55000000.0,914000000.0,50.792,843000000.0
72,FDX,MRQ,2003-09-30,2003-08-31,2003-08-31,2021-09-21,-40000000.0,15465000000.0,,4093000000.0,11372000000.0,,24.546,-300000000.0,706000000.0,706000000.0,1670000000.0,128000000.0,1.263,1.111,2534000000.0,280000000.0,2254000000.0,2534000000.0,0.0,334000000.0,0.0,0.003,0.05,201000000.0,535000000.0,0.094,535000000.0,201000000.0,196000000.0,0.43,0.42,0.43,7327000000.0,,7327000000.0,21974571497.0,16.0,8.07,273000000.0,0.915,1.0,4017000000.0,0.706,1063000000.0,5000000.0,12989000000.0,,220000000.0,0.0,0.0,0.0,8138000000.0,3241000000.0,4897000000.0,20029571497.0,168000000.0,0.0,-68000000.0,-31000000.0,-15000000.0,-114000000.0,-291000000.0,0.0,573000000.0,0.0,128000000.0,128000000.0,128000000.0,0.0,0.0,0.023,3817000000.0,200000000.0,1136000000.0,0.116,2.734,25.037,25.037,8685000000.0,0.0,67.1,0.881,0.881,2625000000.0,6349000000.0,5687000000.0,5687000000.0,0.0,,,,,0.0,2570000000.0,1.0,298503301.0,298503301,,19.052,14402000000.0,416000000.0,68000000.0,917000000.0,48.247,852000000.0
73,FDX,MRQ,2003-06-30,2003-05-31,2003-05-31,2021-09-21,-30000000.0,15385000000.0,,3941000000.0,11444000000.0,,24.428,-337000000.0,538000000.0,538000000.0,1738000000.0,280000000.0,1.182,1.111,2483000000.0,308000000.0,2175000000.0,2483000000.0,0.0,340000000.0,0.0,0.003,0.05,487000000.0,827000000.0,0.142,827000000.0,487000000.0,451000000.0,0.94,0.92,0.94,7288000000.0,,7288000000.0,21345819816.0,15.0,7.588,628000000.0,2.105,1.0,4092000000.0,0.702,1475000000.0,36000000.0,12520000000.0,,228000000.0,0.0,0.0,0.0,8097000000.0,3335000000.0,4762000000.0,19087819816.0,352000000.0,0.0,-55000000.0,-210000000.0,-15000000.0,-277000000.0,-336000000.0,0.0,965000000.0,0.0,280000000.0,280000000.0,280000000.0,0.0,0.0,0.048,3600000000.0,492000000.0,1168000000.0,0.053,2.619,22.997,22.932,8700000000.0,0.0,63.98,0.849,0.849,2627000000.0,6250000000.0,5830000000.0,5830000000.0,0.0,,,,,20000000.0,2485000000.0,1.0,298340416.0,298340416,,19.541,13910000000.0,416000000.0,171000000.0,882000000.0,46.625,606000000.0
74,FDX,MRQ,2003-03-31,2003-02-28,2003-02-28,2021-09-21,-38000000.0,14846000000.0,,3586000000.0,11260000000.0,,23.549,-286000000.0,186000000.0,186000000.0,1683000000.0,147000000.0,1.04,1.112,2444000000.0,481000000.0,1963000000.0,2444000000.0,0.0,334000000.0,0.0,0.003,0.05,266000000.0,600000000.0,0.108,600000000.0,266000000.0,237000000.0,0.49,0.49,0.49,7028000000.0,,7028000000.0,16627118232.0,12.0,6.075,-519000000.0,-1.739,1.0,3862000000.0,0.696,1063000000.0,29000000.0,12594000000.0,,229000000.0,0.0,0.0,0.0,7818000000.0,3447000000.0,4371000000.0,15340118232.0,-333000000.0,0.0,-7000000.0,200000000.0,-15000000.0,177000000.0,-277000000.0,0.0,-233000000.0,0.0,147000000.0,147000000.0,147000000.0,0.0,0.0,0.027,3593000000.0,269000000.0,1124000000.0,0.102,2.183,19.517,19.544,8506000000.0,0.0,51.4,0.695,0.695,2587000000.0,5971000000.0,5545000000.0,5545000000.0,0.0,,,,,0.0,2464000000.0,1.0,298445880.0,298445880,,18.58,13783000000.0,433000000.0,90000000.0,826000000.0,46.183,139000000.0
75,FDX,MRQ,2002-12-31,2002-11-30,2002-11-30,2021-09-21,-51000000.0,14483000000.0,,3963000000.0,10520000000.0,,23.126,-352000000.0,519000000.0,519000000.0,1704000000.0,245000000.0,1.232,1.1,1806000000.0,31000000.0,1775000000.0,1806000000.0,0.0,338000000.0,0.0,0.002,0.05,423000000.0,761000000.0,0.134,761000000.0,423000000.0,395000000.0,0.82,0.81,0.82,6896000000.0,,6896000000.0,17345131547.0,13.0,5.123,306000000.0,1.026,1.0,3963000000.0,0.699,1063000000.0,28000000.0,11491000000.0,,236000000.0,0.0,0.0,0.0,7587000000.0,3216000000.0,4371000000.0,15676131547.0,286000000.0,0.0,-10000000.0,0.0,-15000000.0,-26000000.0,-346000000.0,0.0,658000000.0,0.0,245000000.0,245000000.0,245000000.0,0.0,0.0,0.043,3536000000.0,427000000.0,1207000000.0,0.061,2.273,20.654,20.697,8542000000.0,0.0,52.57,0.728,0.728,2642000000.0,5853000000.0,5667000000.0,5667000000.0,0.0,,,,,0.0,2403000000.0,1.0,298195388.0,298195388,,19.004,13420000000.0,441000000.0,150000000.0,611000000.0,45.004,747000000.0
76,FDX,MRQ,2002-09-30,2002-08-31,2002-08-31,2021-09-21,-51000000.0,14003000000.0,,3699000000.0,10304000000.0,,22.367,-536000000.0,233000000.0,233000000.0,1627000000.0,158000000.0,1.212,1.104,1902000000.0,127000000.0,1775000000.0,1902000000.0,0.0,339000000.0,0.0,0.001,0.05,286000000.0,625000000.0,0.115,625000000.0,286000000.0,255000000.0,0.53,0.52,0.53,6657000000.0,,6657000000.0,15567595740.0,12.0,5.094,-55000000.0,-0.185,1.0,3818000000.0,0.701,1063000000.0,31000000.0,11557000000.0,,234000000.0,0.0,0.0,0.0,7346000000.0,3052000000.0,4294000000.0,14092595740.0,-98000000.0,0.0,-33000000.0,0.0,-15000000.0,-48000000.0,-531000000.0,0.0,481000000.0,0.0,158000000.0,158000000.0,158000000.0,0.0,0.0,0.029,3535000000.0,283000000.0,1089000000.0,0.094,2.117,18.567,18.642,8522000000.0,0.0,47.35,0.671,0.671,2550000000.0,5608000000.0,5445000000.0,5445000000.0,0.0,,,,,0.0,2426000000.0,1.0,297626098.0,297626098,,18.295,12940000000.0,437000000.0,97000000.0,559000000.0,43.477,647000000.0
77,FDX,MRQ,2002-06-30,2002-05-31,2002-05-31,2021-09-21,-53000000.0,13812000000.0,,3665000000.0,10147000000.0,,21.932,-314000000.0,331000000.0,331000000.0,1519000000.0,236000000.0,1.285,1.11,2223000000.0,6000000.0,2217000000.0,2223000000.0,0.0,345000000.0,0.0,0.0,0.0,406000000.0,751000000.0,0.139,751000000.0,406000000.0,371000000.0,0.79,0.78,0.79,6545000000.0,,6545000000.0,17976715678.0,14.0,6.776,474000000.0,1.588,1.0,3897000000.0,0.72,1063000000.0,35000000.0,11788000000.0,,251000000.0,0.0,0.0,0.0,7267000000.0,2853000000.0,4414000000.0,16099715678.0,111000000.0,-35000000.0,-40000000.0,-291000000.0,0.0,-332000000.0,-345000000.0,0.0,788000000.0,0.0,236000000.0,236000000.0,236000000.0,0.0,0.0,0.044,3481000000.0,416000000.0,1133000000.0,0.0,2.46,22.676,22.668,8302000000.0,0.0,53.95,0.781,0.781,2491000000.0,5465000000.0,5416000000.0,5416000000.0,0.0,,,,,18000000.0,2386000000.0,1.0,298419197.0,298419197,,18.149,12749000000.0,469000000.0,135000000.0,599000000.0,42.722,812000000.0
78,FDX,MRQ,2002-03-31,2002-02-28,2002-02-28,2021-09-21,-66000000.0,13697000000.0,,3525000000.0,10172000000.0,,21.207,-364000000.0,220000000.0,220000000.0,1436000000.0,120000000.0,1.136,1.165,2097000000.0,288000000.0,1809000000.0,2097000000.0,0.0,1019000000.0,0.0,0.0,0.0,230000000.0,1249000000.0,0.249,1249000000.0,230000000.0,194000000.0,0.4,0.39,0.4,6327000000.0,,6327000000.0,19110029296.0,17.0,5.622,12000000.0,0.04,1.0,3583000000.0,0.714,1027000000.0,36000000.0,11443000000.0,,254000000.0,0.0,0.0,0.0,7370000000.0,3104000000.0,4266000000.0,17262029296.0,-28000000.0,-23000000.0,-52000000.0,-4000000.0,0.0,-52000000.0,-352000000.0,0.0,376000000.0,0.0,120000000.0,120000000.0,120000000.0,0.0,0.0,0.024,3346000000.0,237000000.0,1073000000.0,0.0,2.728,29.407,29.52,8344000000.0,0.0,57.86,0.85,0.85,2433000000.0,5277000000.0,5019000000.0,5019000000.0,0.0,,,,,0.0,2246000000.0,1.0,298341329.0,298341329,,16.823,12670000000.0,489000000.0,74000000.0,561000000.0,42.468,421000000.0
79,FDX,MRQ,2001-12-31,2001-11-30,2001-11-30,2021-09-21,-65000000.0,13691000000.0,,3650000000.0,10041000000.0,,20.975,-437000000.0,248000000.0,248000000.0,1511000000.0,245000000.0,1.162,1.19,2096000000.0,200000000.0,1896000000.0,2096000000.0,0.0,0.0,0.0,0.0,0.0,431000000.0,431000000.0,0.084,431000000.0,431000000.0,395000000.0,0.82,0.81,0.82,6253000000.0,,6253000000.0,15816867307.0,15.0,6.754,299000000.0,1.003,1.0,3624000000.0,0.706,1027000000.0,36000000.0,11371000000.0,,255000000.0,0.0,0.0,0.0,7438000000.0,3141000000.0,4297000000.0,13671867307.0,138000000.0,6000000.0,-7000000.0,-159000000.0,0.0,-166000000.0,-432000000.0,0.0,736000000.0,0.0,245000000.0,245000000.0,245000000.0,0.0,0.0,0.048,3191000000.0,433000000.0,1171000000.0,0.0,2.186,23.777,23.639,8326000000.0,0.0,45.86,0.679,0.679,2521000000.0,5204000000.0,5135000000.0,5135000000.0,0.0,,,,,0.0,2231000000.0,1.0,298121834.0,298121834,,17.225,12664000000.0,529000000.0,150000000.0,520000000.0,42.479,509000000.0
80,FDX,MRQ,2001-09-30,2001-08-31,2001-08-31,2021-09-21,-57000000.0,13485000000.0,,3478000000.0,10007000000.0,,20.238,-500000000.0,110000000.0,110000000.0,1479000000.0,109000000.0,1.141,1.24,2255000000.0,205000000.0,2050000000.0,2255000000.0,0.0,0.0,0.0,0.0,0.0,222000000.0,222000000.0,0.044,222000000.0,222000000.0,185000000.0,0.37,0.36,0.37,6021000000.0,,6021000000.0,14525298158.0,15.0,6.424,-172000000.0,-0.578,1.0,3558000000.0,0.706,1027000000.0,37000000.0,11554000000.0,,265000000.0,0.0,0.0,0.0,7464000000.0,3049000000.0,4415000000.0,12525089158.0,-11000000.0,17000000.0,10000000.0,134000000.0,0.0,144000000.0,-483000000.0,0.0,328000000.0,0.0,109000000.0,109000000.0,109000000.0,0.0,0.0,0.022,3323000000.0,235000000.0,1147000000.0,0.0,2.08,23.903,23.389,8282000000.0,0.0,42.1,0.63,0.63,2498000000.0,4979000000.0,5037000000.0,5037000000.0,0.0,,,,,0.0,2236000000.0,1.0,297508056.0,297508056,,16.931,12458000000.0,501000000.0,76000000.0,509000000.0,41.874,429000000.0
81,FDX,MRQ,2001-06-30,2001-05-31,2001-05-31,2021-09-21,-56000000.0,13392000000.0,,3501000000.0,9891000000.0,,19.858,-407000000.0,121000000.0,121000000.0,1451000000.0,113000000.0,1.077,1.27,2121000000.0,221000000.0,1900000000.0,2121000000.0,0.0,1276000000.0,0.0,0.0,0.0,221000000.0,1497000000.0,0.293,1497000000.0,221000000.0,179000000.0,0.37,0.37,0.37,5900000000.0,,5900000000.0,14445976720.0,13.0,6.155,611000000.0,2.056,1.0,3666000000.0,0.716,1052000000.0,42000000.0,11090000000.0,,269000000.0,0.0,0.0,0.0,7492000000.0,3250000000.0,4242000000.0,11884368720.0,-19000000.0,27000000.0,11000000.0,-580000000.0,0.0,-570000000.0,-467000000.0,0.0,1018000000.0,0.0,113000000.0,113000000.0,113000000.0,0.0,0.0,0.022,3443000000.0,223000000.0,1256000000.0,0.0,2.014,20.35,19.802,8100000000.0,0.0,40.0,0.605,0.605,2506000000.0,4880000000.0,5117000000.0,5117000000.0,0.0,,,,,0.0,2170000000.0,1.0,297109218.0,297109218,,17.223,12340000000.0,488000000.0,66000000.0,508000000.0,41.534,251000000.0
82,FDX,MRQ,2001-03-31,2001-02-28,2001-02-28,2021-09-21,-48001000.0,13519731000.0,,3648382000.0,9871349000.0,,20.239,-450000000.0,139944000.0,139944000.0,1402000000.0,108000000.0,1.273,1.34,2701552000.0,42776000.0,2658776000.0,2701552000.0,0.0,0.0,0.0,0.0,0.0,192000000.0,192000000.0,0.04,192000000.0,192000000.0,158000000.0,0.38,0.37,0.38,5778579000.0,,5778579000.0,13284935592.0,10.0,5.45,-259000000.0,-0.907,1.0,3437000000.0,0.71,1097950000.0,34000000.0,12118076000.0,,281723000.0,0.0,0.0,0.0,7741152000.0,2865313000.0,4875839000.0,11686477592.0,-515000000.0,-467000000.0,9000000.0,196000000.0,0.0,205000000.0,-911000000.0,0.0,191000000.0,0.0,108000000.0,108000000.0,108000000.0,0.0,0.0,0.022,3246000000.0,191000000.0,1192511000.0,0.0,2.022,16.33,16.372,7994153000.0,0.0,40.93,0.604,0.604,2707025000.0,4770913000.0,4839000000.0,4839000000.0,0.0,,,,,0.0,2098000000.0,1.0,285523518.0,285523518,,16.948,12421781000.0,402747000.0,50000000.0,439351000.0,43.505,783069000.0
83,FDX,MRQ,2000-12-31,2000-11-30,2000-11-30,2021-09-21,-51526000.0,12487171000.0,,4048557000.0,8438614000.0,,18.057,-466000000.0,654777000.0,654777000.0,1437000000.0,194000000.0,1.341,1.426,2253235000.0,23079000.0,2230156000.0,2253235000.0,0.0,0.0,0.0,0.0,0.0,350000000.0,350000000.0,0.072,350000000.0,350000000.0,315000000.0,0.68,0.67,0.68,5146993000.0,,5146993000.0,15400355433.0,12.0,6.253,57000000.0,0.2,1.0,3458000000.0,0.706,499762000.0,35000000.0,10567414000.0,,281907000.0,0.0,0.0,0.0,7340178000.0,3018453000.0,4321725000.0,13659020433.0,478000000.0,0.0,5000000.0,343000000.0,0.0,348000000.0,-393000000.0,0.0,523000000.0,0.0,194000000.0,194000000.0,194000000.0,0.0,0.0,0.04,3113000000.0,345000000.0,1287831000.0,0.0,2.654,18.95,19.092,7210156000.0,0.0,47.92,0.717,0.717,2673344000.0,4649286000.0,4895000000.0,4895000000.0,0.0,,,,,0.0,2000000000.0,1.0,285037989.0,285037989,,17.173,11987409000.0,349972000.0,121000000.0,305308000.0,42.055,1030104000.0
84,FDX,MRQ,2000-09-30,2000-08-31,2000-08-31,2021-09-21,-35111000.0,11757759000.0,,3409121000.0,8348638000.0,,17.416,-333000000.0,176589000.0,176589000.0,1385000000.0,169000000.0,1.202,1.37,1917924000.0,23070000.0,1894854000.0,1917924000.0,0.0,0.0,0.0,0.0,0.0,307000000.0,307000000.0,0.064,307000000.0,307000000.0,274000000.0,0.59,0.58,0.59,4961562000.0,,4961562000.0,13210005512.0,10.0,5.453,-21000000.0,-0.074,1.0,3394000000.0,0.71,494878000.0,33000000.0,10167324000.0,,260459000.0,0.0,0.0,0.0,6796197000.0,2836892000.0,3959305000.0,11495174512.0,109000000.0,0.0,4000000.0,135000000.0,0.0,139000000.0,-342000000.0,0.0,312000000.0,0.0,169000000.0,169000000.0,169000000.0,0.0,0.0,0.035,3083000000.0,311000000.0,1101781000.0,0.0,2.317,16.47,16.743,7117071000.0,0.0,40.35,0.614,0.614,2588118000.0,4460782000.0,4779000000.0,4779000000.0,0.0,,,,,0.0,1995000000.0,1.0,284886605.0,284886605,,16.775,11262881000.0,309373000.0,105000000.0,306000000.0,39.535,572229000.0
85,FDX,MRQ,2000-06-30,2000-05-31,2000-05-31,2021-09-21,-36074000.0,11527111000.0,,3284744000.0,8242367000.0,,16.669,-550226000.0,67959000.0,67959000.0,1371041000.0,244655000.0,1.136,1.409,1782790000.0,6537000.0,1776253000.0,1782790000.0,0.0,1155000000.0,0.0,0.0,0.0,433715000.0,1588715000.0,0.328,1588715000.0,433715000.0,405194000.0,0.85,0.83,0.85,4785243000.0,,4785243000.0,12257567702.0,10.0,5.109,199205000.0,0.694,1.0,3477821000.0,0.717,500547000.0,28521000.0,9850369000.0,,255291000.0,0.0,0.0,0.0,6741868000.0,2891026000.0,3850842000.0,10280057702.0,-61169000.0,165973000.0,-111563000.0,-325017000.0,0.0,-429151000.0,-381449000.0,0.0,749431000.0,0.0,244655000.0,244655000.0,244655000.0,0.0,0.0,0.05,3051635000.0,426186000.0,1120855000.0,0.0,2.148,14.942,15.174,7083527000.0,0.0,35.81,0.563,0.563,2547043000.0,4295041000.0,4848862000.0,4848862000.0,0.0,,,,,0.0,1966890000.0,1.0,287072262.0,287072262,,16.891,11026564000.0,317784000.0,160539000.0,344613000.0,38.41,393718000.0
86,FDX,MRQ,2000-03-31,2000-02-29,2000-02-29,2021-09-21,-18024000.0,11515684000.0,,3319347000.0,8196337000.0,,15.999,-381544000.0,129492000.0,129492000.0,1331101000.0,113128000.0,1.135,1.482,2107002000.0,251229000.0,1855773000.0,2107002000.0,0.0,0.0,0.0,0.0,0.0,217280000.0,217280000.0,0.048,217280000.0,217280000.0,186998000.0,0.39,0.39,0.39,4639069000.0,,4639069000.0,11670752145.0,10.0,5.209,-182429000.0,-0.629,1.0,3186956000.0,0.705,466156000.0,30282000.0,10103312000.0,,279425000.0,0.0,0.0,0.0,6876615000.0,2923726000.0,3952889000.0,10131080145.0,-388401000.0,-142205000.0,-122591000.0,43461000.0,0.0,-61811000.0,-525705000.0,0.0,199115000.0,0.0,113128000.0,113128000.0,113128000.0,0.0,0.0,0.025,2980484000.0,206472000.0,1065847000.0,0.0,2.184,15.241,15.598,6986482000.0,0.0,34.94,0.569,0.569,2487651000.0,4053843000.0,4518057000.0,4518057000.0,0.0,,,,,0.0,1926473000.0,1.0,289956501.0,289956501,,15.582,11049528000.0,314259000.0,73870000.0,327221000.0,38.108,395621000.0
87,FDX,MRQ,1999-12-31,1999-11-30,1999-11-30,2021-09-21,-23052000.0,11538227000.0,,3569464000.0,7968763000.0,,15.542,-418860000.0,517893000.0,517893000.0,1334114000.0,171183000.0,1.19,1.486,2057565000.0,207576000.0,1849989000.0,2057565000.0,0.0,0.0,0.0,0.0,0.0,309517000.0,309517000.0,0.068,309517000.0,309517000.0,282928000.0,0.58,0.57,0.58,4640386000.0,,4640386000.0,13540228748.0,12.0,6.241,-72526000.0,-0.243,1.0,3235990000.0,0.708,439575000.0,26589000.0,9639070000.0,,277559000.0,0.0,0.0,0.0,6897841000.0,2999254000.0,3898587000.0,12557667748.0,138170000.0,-115768000.0,-362477000.0,697088000.0,0.0,334053000.0,-542217000.0,0.0,346334000.0,0.0,171183000.0,171183000.0,171183000.0,0.0,0.0,0.037,2931455000.0,304535000.0,1119505000.0,0.0,2.706,19.951,19.934,6869390000.0,0.0,42.06,0.723,0.723,2378934000.0,3945348000.0,4570104000.0,4570104000.0,0.0,,,,,0.0,1873804000.0,1.0,298565567.0,298565567,,15.307,11098652000.0,322129000.0,111745000.0,299702000.0,37.173,570210000.0
88,FDX,MRQ,1999-09-30,1999-08-31,1999-08-31,2021-09-21,-25978000.0,10795711000.0,,3153049000.0,7642662000.0,,16.157,-252370000.0,379723000.0,379723000.0,1196744000.0,159034000.0,1.177,1.24,1362284000.0,2573000.0,1359711000.0,1362284000.0,0.0,0.0,0.0,0.0,0.0,283488000.0,283488000.0,0.066,283488000.0,283488000.0,262880000.0,0.53,0.52,0.53,4818926000.0,,4818926000.0,13707303035.0,12.0,6.238,77750000.0,0.261,1.0,3123233000.0,0.723,341037000.0,20608000.0,8759268000.0,,277252000.0,0.0,0.0,0.0,5976785000.0,2677967000.0,3298818000.0,12658020035.0,54400000.0,0.0,5631000.0,-12532000.0,0.0,-17091000.0,-258629000.0,0.0,330120000.0,0.0,159034000.0,159034000.0,159034000.0,0.0,0.0,0.037,2839426000.0,283807000.0,1034490000.0,0.0,2.627,19.748,19.74,6688379000.0,0.0,42.44,0.744,0.744,2144524000.0,3774831000.0,4319977000.0,4319977000.0,0.0,,,,,0.0,1830833000.0,1.0,298256834.0,298256834,,14.484,10454674000.0,297322000.0,103846000.0,287606000.0,35.053,475082000.0
89,FDX,MRQ,1999-06-30,1999-05-31,1999-05-31,2021-09-21,-24688000.0,10648211000.0,,3141028000.0,7507183000.0,,15.679,-354206000.0,325323000.0,325323000.0,1140026000.0,221365000.0,1.128,1.283,1374606000.0,14938000.0,1359668000.0,1374606000.0,0.0,1035118000.0,0.0,0.0,0.0,394988000.0,1430106000.0,0.326,1430106000.0,394988000.0,372043000.0,0.74,0.73,0.74,4663692000.0,,4663692000.0,17742399067.0,15.0,8.085,378820000.0,1.274,1.0,3243487000.0,0.74,344002000.0,22945000.0,8568735000.0,,291922000.0,0.0,0.0,0.0,5984519000.0,2784757000.0,3199762000.0,16302915067.0,186218000.0,0.0,14277000.0,-204073000.0,0.0,-189798000.0,-357010000.0,0.0,733026000.0,0.0,221365000.0,221365000.0,221365000.0,0.0,0.0,0.05,2853269000.0,390218000.0,1133952000.0,0.0,3.496,25.823,25.732,6559217000.0,0.0,54.81,0.972,0.972,2153166000.0,3615797000.0,4383513000.0,4383513000.0,0.0,,,,,0.0,1820338000.0,1.0,297444172.0,297444172,,14.737,10304209000.0,290721000.0,150678000.0,293462000.0,34.642,356271000.0
90,FDX,MRQ,1999-03-31,1999-02-28,1999-02-28,2021-09-21,-27809000.0,10196414000.0,,2919110000.0,7277304000.0,,14.886,-367884000.0,139105000.0,139105000.0,1123446000.0,77833000.0,1.075,1.315,1578589000.0,216530000.0,1362059000.0,1578589000.0,0.0,0.0,0.0,0.0,0.0,146428000.0,146428000.0,0.036,146428000.0,146428000.0,121269000.0,0.26,0.26,0.26,4405290000.0,,4405290000.0,15327723808.0,14.0,7.473,-215905000.0,-0.73,1.0,2974972000.0,0.726,346969000.0,25159000.0,8573520000.0,,304968000.0,0.0,0.0,0.0,5791124000.0,2715409000.0,3075715000.0,14093554808.0,-525338000.0,0.0,21734000.0,-320116000.0,0.0,-290213000.0,-387104000.0,0.0,151979000.0,0.0,77833000.0,77833000.0,77833000.0,0.0,0.0,0.019,2822934000.0,152038000.0,996684000.0,0.0,3.199,24.271,24.114,6403184000.0,0.0,47.625,0.856,0.856,2099048000.0,3409315000.0,4098418000.0,4098418000.0,0.0,,,,,0.0,1762275000.0,1.0,295927660.0,295927660,,13.849,9849445000.0,252326000.0,43436000.0,283860000.0,33.283,203701000.0
91,FDX,MRQ,1998-12-31,1998-11-30,1998-11-30,2021-09-21,-23423000.0,10553906000.0,,3412303000.0,7141603000.0,,14.571,-286166000.0,664443000.0,664443000.0,1134936000.0,182756000.0,1.064,1.454,1898612000.0,536599000.0,1362013000.0,1898612000.0,0.0,0.0,0.0,0.0,0.0,337257000.0,337257000.0,0.08,337257000.0,337257000.0,312404000.0,0.62,0.61,0.62,4299901000.0,,4299901000.0,11014849074.0,11.0,5.488,205048000.0,0.695,1.0,3074301000.0,0.73,349954000.0,24853000.0,8232555000.0,,332050000.0,0.0,0.0,0.0,6254005000.0,3205566000.0,3048439000.0,9573247074.0,469262000.0,0.0,4156000.0,260822000.0,0.0,264977000.0,-286929000.0,0.0,491214000.0,0.0,182756000.0,182756000.0,182756000.0,0.0,0.0,0.043,2737314000.0,336987000.0,1099123000.0,0.0,2.226,18.39,18.276,6271013000.0,0.0,32.44,0.585,0.585,2102834000.0,3331513000.0,4209237000.0,4209237000.0,0.0,,,,,0.0,1756999000.0,1.0,295106260.0,295106260,,14.263,10203952000.0,256731000.0,129648000.0,271766000.0,34.577,206737000.0
92,FDX,MRQ,1998-09-30,1998-08-31,1998-08-31,2021-09-21,-40722000.0,9849090000.0,,2857567000.0,6991523000.0,,13.878,-417785000.0,195181000.0,195181000.0,1099873000.0,149379000.0,1.024,1.407,1636783000.0,265481000.0,1371302000.0,1636783000.0,0.0,0.0,0.0,0.0,0.0,280582000.0,280582000.0,0.069,280582000.0,280582000.0,255348000.0,0.51,0.5,0.51,4092587000.0,,4092587000.0,8794479086.0,9.0,4.49,-21884000.0,-0.074,1.0,2982429000.0,0.731,353079000.0,25234000.0,8146215000.0,,351132000.0,0.0,0.0,0.0,5756503000.0,2791398000.0,2965105000.0,7381335086.0,-34384000.0,0.0,1597000.0,-6000000.0,0.0,-12571000.0,-417714000.0,0.0,395901000.0,0.0,149379000.0,149379000.0,149379000.0,0.0,0.0,0.037,2698586000.0,283843000.0,1031691000.0,0.0,1.804,15.137,15.033,6132817000.0,0.0,25.03,0.459,0.459,1976815000.0,3148733000.0,4082302000.0,4082302000.0,0.0,,,,,0.0,1748116000.0,1.0,294899524.0,294899524,,13.843,9496011000.0,245508000.0,105969000.0,268940000.0,32.201,66169000.0
93,FDX,MRQ,1998-06-30,1998-05-31,1998-05-31,2021-09-21,-27277000.0,9686060000.0,,2880132000.0,6805928000.0,,13.461,-536194000.0,229565000.0,229565000.0,1103611000.0,170718000.0,1.027,1.445,1642709000.0,257529000.0,1385180000.0,1642709000.0,0.0,963732000.0,0.0,0.0,0.0,323129000.0,1286861000.0,0.316,1286861000.0,323129000.0,294343000.0,0.585,0.575,0.585,3961230000.0,,3961230000.0,11064423705.0,11.0,5.553,209524000.0,0.712,1.0,2974386000.0,0.729,356272000.0,28786000.0,7939093000.0,,364714000.0,0.0,0.0,0.0,5724830000.0,2803839000.0,2920991000.0,9435709705.0,85053000.0,0.0,4286000.0,-130548000.0,-7793000.0,-122607000.0,-536323000.0,0.0,745718000.0,0.0,170718000.0,170718000.0,170718000.0,0.0,0.0,0.042,2651961000.0,322425000.0,1145410000.0,0.0,2.382,18.758,18.642,5935050000.0,0.0,32.065,0.594,0.594,1943423000.0,2999354000.0,4077997000.0,4077997000.0,0.0,,,,,0.0,1707322000.0,1.0,294268196.0,294268196,,13.858,9329788000.0,232790000.0,123625000.0,274147000.0,31.705,76293000.0
94,FDX,MRQ,1998-03-31,1998-02-28,1998-02-28,2021-09-21,0.0,9353437000.0,,2838632000.0,6514805000.0,,16.347,-318550000.0,144512000.0,144512000.0,1170016000.0,17711000.0,1.088,1.475,1773226000.0,273487000.0,1499739000.0,1773226000.0,0.0,0.0,0.0,0.0,0.0,102394000.0,102394000.0,0.026,102394000.0,102394000.0,68545000.0,0.06,0.06,0.06,3779123000.0,,3779123000.0,8730003409.0,12.0,5.198,-130308000.0,-0.564,1.0,2816288000.0,0.706,359494000.0,33849000.0,8013701000.0,,374966000.0,0.0,0.0,0.0,5574314000.0,2608956000.0,2965358000.0,7362067409.0,-109232000.0,0.0,14583000.0,11998000.0,0.0,26580000.0,-324054000.0,0.0,188242000.0,0.0,17711000.0,17711000.0,17711000.0,-4875000.0,0.0,0.004,2720907000.0,95381000.0,1145286000.0,0.0,1.948,25.222,32.005,5683437000.0,0.0,31.845,0.467,0.467,1987825000.0,,3986304000.0,3986304000.0,0.0,,,,,0.0,1688185000.0,1.0,231184406.0,231184406,,17.243,8993943000.0,219331000.0,50834000.0,227630000.0,38.904,229676000.0
95,FDX,MRQ,1997-12-31,1997-11-30,1997-11-30,2021-09-21,0.0,8125879000.0,,2501584000.0,5624295000.0,,13.61,-257191000.0,193177000.0,193177000.0,1100999000.0,149824000.0,1.11,1.532,1561113000.0,274545000.0,1286568000.0,1561113000.0,0.0,0.0,0.0,0.0,0.0,288829000.0,288829000.0,0.073,288829000.0,288829000.0,256719000.0,0.51,0.5,0.51,3209532000.0,,3209532000.0,9092481460.0,12.0,5.317,91466000.0,0.388,1.0,2841019000.0,0.721,357849000.0,32110000.0,6881301000.0,,351816000.0,0.0,0.0,0.0,4916347000.0,2254665000.0,2661682000.0,7715581460.0,27486000.0,0.0,4416000.0,-52106000.0,0.0,-51586000.0,-269585000.0,0.0,348657000.0,0.0,149824000.0,149824000.0,149824000.0,0.0,0.0,0.038,2552070000.0,288949000.0,867555000.0,0.0,2.404,23.018,29.284,4846538000.0,0.0,33.53,0.504,0.517,1746587000.0,,3942018000.0,3942018000.0,0.0,,,,,0.0,1614592000.0,1.0,230109796.0,235826000,235826000.0,16.716,7768030000.0,168396000.0,106895000.0,169498000.0,32.94,246919000.0
96,FDX,MRQ,1997-09-30,1997-08-31,1997-08-31,2021-09-21,0.0,8019356000.0,,2514505000.0,5504851000.0,,13.223,-175723000.0,209782000.0,209782000.0,1012436000.0,164777000.0,1.175,1.584,1586682000.0,148449000.0,1438233000.0,1586682000.0,0.0,0.0,0.0,0.0,0.0,314454000.0,314454000.0,0.081,314454000.0,314454000.0,284786000.0,0.565,0.555,0.565,3103338000.0,,3103338000.0,9049990068.0,13.0,5.577,146932000.0,0.626,1.0,2854055000.0,0.738,361603000.0,29668000.0,6894217000.0,,323532000.0,0.0,0.0,0.0,4916018000.0,2140436000.0,2775582000.0,7647393068.0,64897000.0,0.0,3591000.0,-95741000.0,0.0,-99591000.0,-158167000.0,0.0,322655000.0,0.0,164777000.0,164777000.0,164777000.0,0.0,0.0,0.043,2550150000.0,303905000.0,841775000.0,0.0,2.464,26.453,30.645,4711932000.0,0.0,33.25,0.538,0.549,1771116000.0,,3866491000.0,3866491000.0,0.0,,,,,0.0,1637041000.0,1.0,229996784.0,234686000,234686000.0,16.475,7657753000.0,157629000.0,120009000.0,170229000.0,32.63,374069000.0
97,FDX,MRQ,1997-06-30,1997-05-31,1997-05-31,2021-09-21,0.0,9044316000.0,,2643728000.0,6400588000.0,,15.007,-417907000.0,160852000.0,160852000.0,1044784000.0,-40422000.0,1.025,1.583,1954620000.0,356666000.0,1597954000.0,1954620000.0,0.0,928833000.0,0.0,0.0,0.0,45012000.0,973845000.0,0.246,973845000.0,45012000.0,13952000.0,-0.14,-0.135,-0.14,3501161000.0,,3501161000.0,7443566892.0,14.0,5.102,5100000.0,0.022,1.0,2916407000.0,0.736,370342000.0,31060000.0,7888255000.0,,339353000.0,0.0,0.0,0.0,5543155000.0,2579487000.0,2963668000.0,5992973892.0,37612000.0,3400000.0,19563000.0,61143000.0,-34825000.0,64229000.0,-438822000.0,0.0,423007000.0,0.0,-40422000.0,-40422000.0,-40422000.0,0.0,0.0,-0.01,2876996000.0,39411000.0,999782000.0,0.0,1.712,30.56,39.09,5470399000.0,0.0,26.19,0.421,0.425,1877972000.0,2621511000.0,3961191000.0,3961191000.0,0.0,,,,,0.0,1654696000.0,1.0,228826800.0,233298000,,16.979,8673974000.0,196959000.0,54374000.0,181835000.0,37.18,64241000.0
98,FDX,MRQ,1997-03-31,1997-02-28,1997-02-28,2021-09-21,0.0,7362547000.0,,2075694000.0,5286853000.0,,12.159,-487354000.0,100341000.0,100341000.0,992447000.0,61018000.0,1.201,1.613,1550934000.0,11037000.0,1539897000.0,1550934000.0,0.0,0.0,0.0,0.0,0.0,132888000.0,132888000.0,0.038,132888000.0,132888000.0,106803000.0,0.21,0.205,0.21,2817140000.0,,2817140000.0,7104303984.0,10.0,4.484,-349884000.0,-1.51,1.0,2541598000.0,0.719,368982000.0,26085000.0,6715359000.0,,284568000.0,0.0,0.0,0.0,4545407000.0,1728799000.0,2816608000.0,5874873984.0,-23361000.0,-5927000.0,5327000.0,354772000.0,0.0,332322000.0,-493153000.0,0.0,137470000.0,0.0,61018000.0,61018000.0,61018000.0,0.0,0.0,0.017,2408447000.0,133151000.0,832799000.0,0.0,2.085,18.657,24.408,4447007000.0,0.0,25.75,0.412,0.418,1513033000.0,,3534045000.0,3534045000.0,0.0,,,,,0.0,1545884000.0,1.0,228150446.0,231698000,231698000.0,15.253,6993565000.0,132279000.0,45785000.0,127075000.0,30.184,346895000.0
99,FDX,MRQ,1996-12-31,1996-11-30,1996-11-30,2021-09-21,0.0,7082452000.0,,1909291000.0,5173161000.0,,11.951,-339644000.0,111693000.0,111693000.0,630107000.0,103717000.0,1.098,1.574,1341123000.0,10036000.0,1331087000.0,1341123000.0,0.0,0.0,0.0,0.0,0.0,201653000.0,201653000.0,0.071,201653000.0,201653000.0,180378000.0,0.45,0.45,0.45,2751890000.0,,2751890000.0,6211436742.0,9.0,4.063,-70424000.0,-0.306,1.0,2222262000.0,0.779,372892000.0,21275000.0,6200821000.0,,246589000.0,0.0,0.0,0.0,4330562000.0,1738169000.0,2592393000.0,5040578742.0,-43170000.0,0.0,2927000.0,15497000.0,0.0,18424000.0,-330814000.0,0.0,269220000.0,0.0,103717000.0,103717000.0,103717000.0,0.0,0.0,0.036,2037335000.0,184927000.0,772876000.0,0.0,1.832,17.936,22.927,4383636000.0,0.0,22.125,0.38,0.384,1398812000.0,,2852369000.0,2852369000.0,0.0,,,,,0.0,1247211000.0,1.0,227822768.0,230264000,230264000.0,12.387,6709560000.0,111476000.0,76661000.0,97478000.0,29.139,171122000.0
100,FDX,MRQ,1996-09-30,1996-08-31,1996-08-31,2021-09-21,0.0,6830476000.0,,1812034000.0,5018442000.0,,11.495,-229644000.0,154863000.0,154863000.0,588334000.0,61950000.0,1.085,1.585,1325721000.0,7909000.0,1317812000.0,1325721000.0,0.0,0.0,0.0,0.0,0.0,129498000.0,129498000.0,0.048,129498000.0,129498000.0,107739000.0,0.27,0.27,0.27,2642262000.0,,2642262000.0,5560556811.0,9.0,3.691,49837000.0,0.217,1.0,2103978000.0,0.781,376854000.0,21759000.0,5954597000.0,,236740000.0,0.0,0.0,0.0,4188214000.0,1669883000.0,2518331000.0,4320689811.0,61444000.0,0.0,3196000.0,-7678000.0,0.0,-4794000.0,-213243000.0,0.0,279481000.0,0.0,61950000.0,61950000.0,61950000.0,0.0,0.0,0.023,1974060000.0,129918000.0,741702000.0,0.0,1.635,16.171,20.96,4202307000.0,0.0,18.969,0.333,0.336,1291806000.0,,2692312000.0,2692312000.0,0.0,,,,,0.0,1231423000.0,1.0,227779364.0,229868000,229868000.0,11.712,6453622000.0,98224000.0,45789000.0,64696000.0,28.075,142151000.0
101,FDX,MRQ,1996-06-30,1996-05-31,1996-05-31,2021-09-21,0.0,6698971000.0,,1728261000.0,4970710000.0,,11.231,-566927000.0,93419000.0,93419000.0,1805972000.0,88211000.0,1.068,1.6,1333286000.0,8009000.0,1325277000.0,1333286000.0,0.0,857951000.0,0.0,0.0,0.0,262304000.0,1120255000.0,0.216,1120255000.0,262304000.0,245005000.0,0.125,0.115,0.125,2576139000.0,,2576139000.0,5788817052.0,9.0,3.782,21430000.0,0.093,1.0,3379943000.0,0.652,380748000.0,17299000.0,5939693000.0,,222110000.0,0.0,0.0,0.0,4122832000.0,1618397000.0,2504435000.0,4384377052.0,9592000.0,-60000000.0,6514000.0,22561000.0,-54688000.0,-18267000.0,-534380000.0,0.0,588357000.0,0.0,88211000.0,88211000.0,88211000.0,119614000.0,0.0,0.017,2998469000.0,381474000.0,705532000.0,0.0,1.702,15.627,19.91,4116601000.0,0.0,19.312,0.345,0.347,1271599000.0,1766578000.0,5185915000.0,5185915000.0,0.0,,,,,0.0,2124901000.0,1.0,227022760.0,229386000,,22.608,6318223000.0,92606000.0,156794000.0,64034000.0,27.544,109864000.0
102,FDX,MRQ,1996-03-31,1996-02-29,1996-02-29,2021-09-21,0.0,6692953000.0,,1751423000.0,4941530000.0,,10.707,-196803000.0,103955000.0,103955000.0,555158000.0,27156000.0,0.986,1.729,1508395000.0,181025000.0,1327370000.0,1508395000.0,0.0,0.0,0.0,0.0,0.0,77508000.0,77508000.0,0.031,77508000.0,77508000.0,52637000.0,0.12,0.12,0.12,2452279000.0,,2452279000.0,5597269150.0,10.0,4.514,-26122000.0,-0.114,1.0,1980312000.0,0.781,384678000.0,24871000.0,5936456000.0,,216962000.0,0.0,0.0,0.0,4240674000.0,1776259000.0,2464415000.0,4195021150.0,-11192000.0,0.0,4625000.0,-8560000.0,0.0,-3935000.0,-177938000.0,0.0,170681000.0,0.0,27156000.0,27156000.0,27156000.0,0.0,0.0,0.011,1902369000.0,77943000.0,683578000.0,0.0,1.711,15.006,15.102,4053086000.0,0.0,18.5,0.419,0.423,1272258000.0,,2535470000.0,2535470000.0,0.0,,,,,0.0,1164488000.0,1.0,226757900.0,229030000,229030000.0,11.07,6308275000.0,101031000.0,25481000.0,36036000.0,27.543,-24836000.0
103,FDX,MRQ,1995-12-31,1995-11-30,1995-11-30,2021-09-21,0.0,6634674000.0,,1747372000.0,4887302000.0,,10.567,-298148000.0,115147000.0,115147000.0,542089000.0,89871000.0,1.001,1.741,1517395000.0,181014000.0,1336381000.0,1517395000.0,0.0,0.0,0.0,0.0,0.0,179127000.0,179127000.0,0.07,179127000.0,179127000.0,154952000.0,0.39,0.39,0.39,2420323000.0,,2420323000.0,5577424890.0,9.0,4.29,-63230000.0,-0.276,1.0,2004923000.0,0.787,388639000.0,24175000.0,5902879000.0,,210387000.0,0.0,0.0,0.0,4214351000.0,1745404000.0,2468947000.0,4208893890.0,-91609000.0,0.0,19831000.0,-58203000.0,0.0,-50616000.0,-275911000.0,0.0,234918000.0,0.0,89871000.0,89871000.0,89871000.0,0.0,0.0,0.035,1834018000.0,170905000.0,652121000.0,0.0,1.739,13.34,13.448,4021190000.0,0.0,18.625,0.429,0.435,1283493000.0,,2547012000.0,2547012000.0,0.0,,,,,0.0,1121047000.0,1.0,225980880.0,229040000,229040000.0,11.12,6246035000.0,110369000.0,65081000.0,52097000.0,27.27,1968000.0
104,FDX,MRQ,1995-09-30,1995-08-31,1995-08-31,2021-09-21,0.0,6493733000.0,,1730486000.0,4763247000.0,,10.255,-285520000.0,206756000.0,206756000.0,474158000.0,75334000.0,0.996,1.793,1575287000.0,256544000.0,1318743000.0,1575287000.0,0.0,0.0,0.0,0.0,0.0,153731000.0,153731000.0,0.063,153731000.0,153731000.0,129886000.0,0.333,0.333,0.333,2325268000.0,,2325268000.0,5253625302.0,8.0,4.033,-94943000.0,-0.419,1.0,1979236000.0,0.807,392879000.0,23845000.0,5732292000.0,,194784000.0,0.0,0.0,0.0,4168465000.0,1737093000.0,2431372000.0,4031014302.0,-150792000.0,0.0,5596000.0,-5004000.0,0.0,592000.0,-341961000.0,0.0,190577000.0,0.0,75334000.0,75334000.0,75334000.0,0.0,0.0,0.031,1830006000.0,149230000.0,603401000.0,0.0,1.734,12.929,13.027,3849442000.0,0.0,17.938,0.419,0.423,1192968000.0,,2453394000.0,2453394000.0,0.0,,,,,0.0,1147526000.0,1.0,224725536.0,226752000,226752000.0,10.82,6100854000.0,113543000.0,54552000.0,55495000.0,26.905,-6607000.0
105,FDX,MRQ,1995-06-30,1995-05-31,1995-05-31,2021-09-21,0.0,6433372000.0,,1869082000.0,4564290000.0,,9.919,-316972000.0,357548000.0,357548000.0,495437000.0,87200000.0,1.051,1.865,1580159000.0,255448000.0,1324711000.0,1580159000.0,0.0,652287000.0,0.0,0.0,0.0,177288000.0,829575000.0,0.336,829575000.0,177288000.0,152983000.0,0.382,,0.382,2245569000.0,,2245569000.0,4628416329.0,7.0,3.591,70507000.0,0.311,1.0,1974150000.0,0.799,397272000.0,24305000.0,5480176000.0,,193251000.0,0.0,0.0,0.0,4187803000.0,1778535000.0,2409268000.0,3357956329.0,98301000.0,0.0,6190000.0,-12000.0,0.0,6178000.0,-295356000.0,0.0,387479000.0,0.0,87200000.0,87200000.0,87200000.0,0.0,0.0,0.035,1800039000.0,174111000.0,618621000.0,0.0,1.495,11.284,11.384,3715244000.0,0.0,14.97,0.358,0.36,1130254000.0,1466427000.0,2469587000.0,2469587000.0,0.0,,,,,0.0,1124320000.0,1.0,224312380.0,226400000,,10.908,6036100000.0,115801000.0,65783000.0,55956000.0,26.661,90547000.0
106,FDX,MRQ,1995-03-31,1995-02-28,1995-02-28,2021-09-21,0.0,6135714000.0,,1755970000.0,4379744000.0,,9.507,-159297000.0,259247000.0,259247000.0,467307000.0,63107000.0,1.159,1.862,1529707000.0,80523000.0,1449184000.0,1529707000.0,0.0,0.0,0.0,0.0,0.0,137647000.0,137647000.0,0.059,137647000.0,137647000.0,110714000.0,0.28,0.28,0.28,2143860000.0,,2143860000.0,4948713291.0,8.0,3.986,17973000.0,0.08,1.0,1865287000.0,0.8,400788000.0,26933000.0,5490569000.0,,175095000.0,0.0,0.0,0.0,3991854000.0,1514817000.0,2477037000.0,3643693291.0,13282000.0,0.0,3881000.0,-22080000.0,0.0,-18199000.0,-145789000.0,0.0,177270000.0,0.0,63107000.0,63107000.0,63107000.0,0.0,0.0,0.027,1767615000.0,97672000.0,546042000.0,0.0,1.7,12.519,12.622,3557260000.0,0.0,16.282,0.397,0.4,1140831000.0,,2332594000.0,2332594000.0,0.0,,,,,0.0,1133199000.0,1.0,223779720.0,225496000,225496000.0,10.344,5734926000.0,112066000.0,47607000.0,5419000.0,25.432,241153000.0
107,FDX,MRQ,1994-12-31,1994-11-30,1994-11-30,2021-09-21,0.0,6052012000.0,,1745900000.0,4306112000.0,,9.228,-194478000.0,245965000.0,245965000.0,460272000.0,86139000.0,1.157,1.908,1550985000.0,80522000.0,1470463000.0,1550985000.0,0.0,0.0,0.0,0.0,0.0,181582000.0,181582000.0,0.077,181582000.0,181582000.0,151120000.0,0.383,0.383,0.383,2081315000.0,,2081315000.0,4546548893.0,8.0,3.799,33838000.0,0.15,1.0,1898493000.0,0.805,406664000.0,30462000.0,5441668000.0,,174816000.0,0.0,0.0,0.0,3970697000.0,1508700000.0,2461997000.0,3181061893.0,-169864000.0,0.0,3010000.0,-230556000.0,0.0,-229234000.0,-168946000.0,0.0,228316000.0,0.0,86139000.0,86139000.0,86139000.0,0.0,0.0,0.037,1722117000.0,176376000.0,530372000.0,0.0,1.528,12.277,12.398,3533605000.0,0.0,14.22,0.356,0.359,1152679000.0,,2358765000.0,2358765000.0,0.0,,,,,0.0,1105875000.0,1.0,223703368.0,225540000,225540000.0,10.458,5645348000.0,113360000.0,64981000.0,1922000.0,25.03,237200000.0
108,FDX,MRQ,1994-09-30,1994-08-31,1994-08-31,2021-09-21,0.0,6072578000.0,,1802474000.0,4270104000.0,,8.792,-192288000.0,415829000.0,415829000.0,442170000.0,61142000.0,1.164,2.05,1781316000.0,193181000.0,1588135000.0,1781316000.0,0.0,0.0,0.0,0.0,0.0,140254000.0,140254000.0,0.063,140254000.0,140254000.0,107267000.0,0.27,0.27,0.27,1991046000.0,,1991046000.0,5400083155.0,10.0,4.646,45364000.0,0.2,1.0,1788957000.0,0.802,410786000.0,32987000.0,5478261000.0,,173080000.0,0.0,0.0,0.0,4081532000.0,1549018000.0,2532514000.0,3962624155.0,22906000.0,0.0,0.0,-51415000.0,0.0,-49727000.0,-165019000.0,0.0,237652000.0,0.0,61142000.0,61142000.0,61142000.0,0.0,0.0,0.027,1645972000.0,142985000.0,487235000.0,0.0,1.99,17.032,17.171,3483475000.0,0.0,17.72,0.456,0.462,1037647000.0,,2231127000.0,2231127000.0,0.0,,,,,0.0,1061808000.0,1.0,223624388.0,226456000,226456000.0,9.852,5661792000.0,118853000.0,46125000.0,7056000.0,25.002,253456000.0
109,FDX,MRQ,1994-06-30,1994-05-31,1994-05-31,2021-09-21,0.0,5992498000.0,,1761696000.0,4230802000.0,,8.506,-132760000.0,392923000.0,392923000.0,421654000.0,80661000.0,1.147,2.113,1830382000.0,198180000.0,1632202000.0,1830382000.0,0.0,599357000.0,0.0,0.0,0.0,182780000.0,782137000.0,0.345,782137000.0,182780000.0,149371000.0,0.357,,0.357,1924705000.0,,1924705000.0,5911066025.0,11.0,5.277,175493000.0,0.776,1.0,1843138000.0,0.814,415178000.0,33409000.0,5478351000.0,,173993000.0,0.0,0.0,0.0,4067793000.0,1536428000.0,2531365000.0,4269071025.0,163293000.0,0.0,3913000.0,-41588000.0,0.0,-37675000.0,-107285000.0,0.0,308253000.0,0.0,80661000.0,80661000.0,80661000.0,0.0,0.0,0.036,1649448000.0,193690000.0,518849000.0,0.0,2.218,20.889,20.97,3449093000.0,0.0,19.125,0.503,0.505,1020511000.0,1162160000.0,2264792000.0,2264792000.0,0.0,,,,,0.0,1067346000.0,1.0,223219400.0,226268000,,10.009,5577320000.0,113035000.0,68710000.0,3563000.0,24.649,225268000.0
110,FDX,MRQ,1994-03-31,1994-02-28,1994-02-28,2021-09-21,0.0,5852022000.0,,1599043000.0,4252979000.0,,8.128,-126771000.0,229630000.0,229630000.0,410580000.0,31167000.0,1.118,2.189,1871625000.0,198184000.0,1673441000.0,1871625000.0,0.0,0.0,0.0,0.0,0.0,92849000.0,92849000.0,0.045,92849000.0,92849000.0,57717000.0,0.138,0.138,0.138,1835243000.0,,1835243000.0,5764095595.0,12.0,5.475,-46913000.0,-0.208,1.0,1666834000.0,0.802,419558000.0,35132000.0,5644695000.0,,159351000.0,0.0,0.0,0.0,4016779000.0,1429764000.0,2587015000.0,4151194595.0,-129640000.0,0.0,22069000.0,-104834000.0,0.0,-82837000.0,-126661000.0,0.0,79858000.0,0.0,31167000.0,31167000.0,31167000.0,0.0,0.0,0.015,1581517000.0,85317000.0,494206000.0,0.0,2.262,23.129,23.111,3427043000.0,0.0,18.72,0.503,0.512,1016186000.0,,2077414000.0,2077414000.0,0.0,,,,,0.0,1020574000.0,1.0,221751848.0,225780000,225780000.0,9.201,5432464000.0,139766000.0,26550000.0,913574000.0,24.061,169279000.0
111,FDX,MRQ,1993-12-31,1993-11-30,1993-11-30,2021-09-21,0.0,5958756000.0,,1693395000.0,4265361000.0,,7.973,-60492000.0,359270000.0,359270000.0,407298000.0,59691000.0,1.036,2.345,1972171000.0,302326000.0,1669845000.0,1972171000.0,0.0,0.0,0.0,0.0,0.0,147123000.0,147123000.0,0.069,147123000.0,147123000.0,110539000.0,0.268,0.268,0.268,1781159000.0,,1781159000.0,,,,151625000.0,0.679,1.0,1714227000.0,0.808,423672000.0,36584000.0,5514164000.0,,156933000.0,0.0,0.0,0.0,4177597000.0,1633821000.0,2543776000.0,3963814283.0,133617000.0,0.0,27777000.0,-39647000.0,0.0,-19489000.0,-59011000.0,0.0,212117000.0,0.0,59691000.0,59691000.0,59691000.0,0.0,0.0,0.028,1564509000.0,149718000.0,486464000.0,0.0,2.225,25.279,25.176,3467239000.0,0.0,17.875,0.488,0.492,987555000.0,,2121525000.0,2121525000.0,0.0,,,,,0.0,1024819000.0,1.0,221751848.0,223400000,223400000.0,9.497,5535084000.0,138355000.0,50848000.0,873931000.0,24.777,59574000.0
112,FDX,MRQ,1993-09-30,1993-08-31,1993-08-31,2021-09-21,,,,,,,,-101343000.0,,,400839000.0,32851000.0,,,,,,,,0.0,,0.0,0.0,98102000.0,98102000.0,0.049,98102000.0,98102000.0,60835000.0,0.15,0.15,0.15,,,,,,,65707000.0,0.298,1.0,1614886000.0,0.801,,37267000.0,,,,,,,,,,,70197000.0,0.0,0.0,-1397000.0,0.0,3713000.0,-100566000.0,0.0,167050000.0,0.0,32851000.0,32851000.0,32851000.0,0.0,0.0,0.016,1512979000.0,101907000.0,,0.0,,,24.69,,0.0,14.938,,0.414,,,2015725000.0,2015725000.0,0.0,,,,,0.0,992061000.0,1.0,,220744000,220744000.0,9.132,,,27984000.0,,,
113,FDX,MRQ,1993-06-30,1993-05-31,1993-05-31,2021-09-21,0.0,5793064000.0,,1439718000.0,4353346000.0,,7.571,-86533000.0,155456000.0,155456000.0,392706000.0,55772000.0,0.993,2.466,2016076000.0,133797000.0,1882279000.0,2016076000.0,0.0,579896000.0,0.0,0.0,0.0,134883000.0,714779000.0,0.351,714779000.0,134883000.0,95966000.0,0.255,,0.255,1671381000.0,,1671381000.0,,,,155493000.0,0.704,1.0,1645946000.0,0.807,432215000.0,38917000.0,5772204000.0,,164087000.0,0.0,0.0,0.0,4121683000.0,1449265000.0,2672418000.0,,60128000.0,0.0,2274000.0,-94306000.0,0.0,-95560000.0,-86338000.0,0.0,242026000.0,0.0,55772000.0,55772000.0,55772000.0,0.0,0.0,0.027,1509473000.0,136473000.0,554111000.0,0.0,,,50.0,3476268000.0,0.0,12.25,,0.343,922727000.0,969515000.0,2038652000.0,2038652000.0,0.0,,,,,0.0,975729000.0,1.0,,220760000,,9.235,5360849000.0,133875000.0,40194000.0,72479000.0,24.284,-9547000.0
114,FDX,MRQ,1993-03-31,1993-02-28,1993-02-28,2021-09-21,,,,,,,,-151768000.0,,,390823000.0,8488000.0,,,,,,,,0.0,,0.0,0.0,57011000.0,57011000.0,0.029,57011000.0,57011000.0,16875000.0,0.037,0.037,0.037,,,,,,,-81361000.0,-0.369,1.0,1548958000.0,0.799,,40136000.0,,,,,,,,,,,-97068000.0,0.0,22238000.0,-33487000.0,0.0,-14002000.0,-153473000.0,0.0,70407000.0,0.0,8488000.0,8488000.0,8488000.0,0.0,0.0,0.004,1490637000.0,58321000.0,,0.0,,,,,0.0,14.095,,,,,1939781000.0,1939781000.0,0.0,,,,,0.0,964833000.0,1.0,,220468000,220468000.0,8.798,,,8387000.0,,,
115,FDX,MRQ,1992-12-31,1992-11-30,1992-11-30,2021-09-21,,,,,,,,,,,395756000.0,35401000.0,,,,,,,,,,0.0,0.0,110901000.0,,,,110901000.0,70519000.0,0.163,0.163,0.163,,,,,,,,,1.0,1568918000.0,0.799,,40382000.0,,,,,,,,,,,,,,,,,,,,,35401000.0,35401000.0,35401000.0,0.0,0.0,0.018,1456263000.0,112655000.0,,0.0,,,,,0.0,12.22,,,,,1964674000.0,1964674000.0,0.0,,,,,,938206000.0,1.0,,217168000,217168000.0,9.047,,,35118000.0,,,
0,FDX,MRT,2021-09-30,2021-08-31,2021-08-31,2021-09-21,-881000000.0,82048000000.0,82193500000.0,19546000000.0,62502000000.0,1.054,90.971,-6030000000.0,6853000000.0,6853000000.0,33425000000.0,5098000000.0,1.514,2.374,36324000000.0,2388000000.0,33936000000.0,36324000000.0,0.0,3838000000.0,0.0,0.01,2.7,7294000000.0,11132000000.0,0.128,11132000000.0,7294000000.0,6525000000.0,19.21,18.84,19.21,24321000000.0,22877250000.0,24321000000.0,100406751760.0,14.0,9.02,3538000000.0,13.234,1.0,53216000000.0,0.614,6843000000.0,769000000.0,91766000000.0,91919000000.0,577000000.0,0.0,0.0,0.0,57727000000.0,12910000000.0,44817000000.0,71031751760.0,-101000000.0,-112000000.0,193000000.0,-3084000000.0,-716000000.0,-3645000000.0,-6142000000.0,0.0,9568000000.0,118000000.0,5098000000.0,5098000000.0,5098000000.0,0.0,0.0,0.059,47551000000.0,5665000000.0,3822000000.0,0.141,2.921,13.933,13.831,51895000000.0,0.0,265.69,0.82,0.82,11125000000.0,30462000000.0,86641000000.0,86641000000.0,0.0,0.062,0.223,0.079,0.084,194000000.0,31097000000.0,1.0,267348232.0,267348232,,324.075,75205000000.0,0.0,1427000000.0,3969000000.0,281.3,6636000000.0
1,FDX,MRT,2021-06-30,2021-05-31,2021-05-31,2021-09-21,-732000000.0,82777000000.0,81093500000.0,20580000000.0,62197000000.0,1.035,91.082,-5884000000.0,7087000000.0,7087000000.0,32039000000.0,5231000000.0,1.507,2.425,36462000000.0,2354000000.0,34108000000.0,36462000000.0,0.0,3793000000.0,0.0,0.008,2.6,7467000000.0,11260000000.0,0.134,11260000000.0,7467000000.0,6674000000.0,19.79,19.45,19.79,24168000000.0,21662500000.0,24168000000.0,113242338631.0,15.0,10.057,4251000000.0,16.021,1.0,51920000000.0,0.618,6992000000.0,793000000.0,91500000000.0,91701250000.0,587000000.0,0.0,0.0,0.0,58609000000.0,13660000000.0,44949000000.0,83532338631.0,2206000000.0,-126000000.0,740000000.0,-2106000000.0,-686000000.0,-2090000000.0,-6010000000.0,0.0,10135000000.0,171000000.0,5231000000.0,5231000000.0,5231000000.0,0.0,0.0,0.062,46063000000.0,5857000000.0,3841000000.0,0.131,3.456,15.969,15.908,51135000000.0,0.0,314.81,0.995,0.995,12069000000.0,29817000000.0,83959000000.0,83959000000.0,0.0,0.065,0.241,0.081,0.089,200000000.0,30173000000.0,1.0,265342075.0,265342075,,316.418,75785000000.0,0.0,1443000000.0,3927000000.0,285.612,6920000000.0
2,FDX,MRT,2021-03-31,2021-02-28,2021-02-28,2021-09-21,-764000000.0,82793000000.0,78783500000.0,21710000000.0,61083000000.0,1.0,82.925,-5365000000.0,8856000000.0,8856000000.0,30146000000.0,3029000000.0,1.6,2.767,38566000000.0,2779000000.0,35787000000.0,38566000000.0,0.0,3745000000.0,0.0,0.01,2.6,4526000000.0,8271000000.0,0.105,8271000000.0,4526000000.0,3742000000.0,11.46,11.3,11.46,21981000000.0,20194250000.0,21981000000.0,97571465664.0,22.0,11.797,3846000000.0,14.509,1.0,48606000000.0,0.617,6977000000.0,784000000.0,91960000000.0,90841500000.0,583000000.0,0.0,0.0,0.0,60812000000.0,13566000000.0,47246000000.0,67460465664.0,7090000000.0,-130000000.0,508000000.0,3527000000.0,-683000000.0,3335000000.0,-5495000000.0,0.0,9211000000.0,39000000.0,3029000000.0,3029000000.0,3029000000.0,0.0,0.0,0.038,44071000000.0,4535000000.0,3990000000.0,0.227,3.069,22.272,22.208,49954000000.0,0.0,254.5,0.857,0.857,11481000000.0,27924000000.0,78752000000.0,78752000000.0,0.0,0.038,0.15,0.05,0.057,192000000.0,28632000000.0,1.0,265070592.0,265070592,,297.098,75816000000.0,0.0,713000000.0,3563000000.0,286.022,8144000000.0
3,FDX,MRT,2020-12-31,2020-11-30,2020-11-30,2021-09-21,-898000000.0,81156000000.0,75588750000.0,21265000000.0,59891000000.0,0.989,80.12,-5428000000.0,8339000000.0,8339000000.0,28862000000.0,2452000000.0,1.755,2.857,38450000000.0,2220000000.0,36230000000.0,38450000000.0,0.0,3697000000.0,0.0,0.009,2.6,3865000000.0,7562000000.0,0.101,7562000000.0,3865000000.0,3113000000.0,9.31,9.2,9.31,21039000000.0,19406750000.0,21039000000.0,106328614787.0,28.0,14.061,2825000000.0,10.758,1.0,45867000000.0,0.614,6702000000.0,752000000.0,92450000000.0,88989250000.0,587000000.0,0.0,0.0,0.0,60117000000.0,12115000000.0,48002000000.0,75253614787.0,6308000000.0,32000000.0,469000000.0,3681000000.0,-681000000.0,3453000000.0,-5396000000.0,0.0,8253000000.0,-2000000.0,2452000000.0,2452000000.0,2452000000.0,0.0,0.0,0.033,41926000000.0,3941000000.0,3733000000.0,0.279,3.577,30.691,30.782,49455000000.0,0.0,286.58,1.007,1.007,11417000000.0,27208000000.0,74729000000.0,74729000000.0,0.0,0.032,0.126,0.043,0.052,185000000.0,27004000000.0,1.0,262591998.0,262591998,,284.582,74454000000.0,0.0,661000000.0,3471000000.0,283.535,9150000000.0
4,FDX,MRT,2020-09-30,2020-08-31,2020-08-31,2021-09-21,-1020000000.0,77648000000.0,72788250000.0,18903000000.0,58745000000.0,0.982,74.295,-5874000000.0,6954000000.0,6954000000.0,27925000000.0,1786000000.0,1.689,2.99,38029000000.0,2111000000.0,35918000000.0,38029000000.0,0.0,3662000000.0,0.0,0.012,2.6,2998000000.0,6660000000.0,0.093,6660000000.0,2998000000.0,2279000000.0,6.82,6.78,6.82,19462000000.0,18811750000.0,19462000000.0,88828076401.0,30.0,13.338,1309000000.0,4.997,1.0,43565000000.0,0.609,6633000000.0,719000000.0,90895000000.0,86809750000.0,593000000.0,0.0,0.0,0.0,58186000000.0,11195000000.0,46991000000.0,57588076401.0,4565000000.0,29000000.0,134000000.0,3814000000.0,-679000000.0,3264000000.0,-5845000000.0,0.0,7183000000.0,-37000000.0,1786000000.0,1786000000.0,1786000000.0,0.0,0.0,0.025,40535000000.0,3030000000.0,3339000000.0,0.381,2.959,32.244,32.235,48758000000.0,0.0,219.84,0.806,0.806,10508000000.0,26108000000.0,71490000000.0,71490000000.0,0.0,0.025,0.095,0.035,0.042,176000000.0,25796000000.0,1.0,261954496.0,261954496,,272.91,71015000000.0,0.0,493000000.0,3171000000.0,271.097,7708000000.0
5,FDX,MRT,2020-06-30,2020-05-31,2020-05-31,2021-09-21,-1147000000.0,73537000000.0,70489250000.0,16383000000.0,57154000000.0,0.982,70.029,-5868000000.0,4881000000.0,4881000000.0,27227000000.0,1286000000.0,1.584,3.02,36121000000.0,1974000000.0,34147000000.0,36121000000.0,0.0,3615000000.0,0.0,0.02,2.6,2341000000.0,5956000000.0,0.086,5956000000.0,2341000000.0,1669000000.0,4.92,4.9,4.92,18295000000.0,18487750000.0,18295000000.0,65784771146.0,28.0,11.045,-771000000.0,-2.951,1.0,41990000000.0,0.607,6372000000.0,672000000.0,88061000000.0,84611250000.0,572000000.0,0.0,0.0,0.0,55242000000.0,10344000000.0,44898000000.0,34108771146.0,2562000000.0,22000000.0,61000000.0,4008000000.0,-679000000.0,3381000000.0,-5846000000.0,0.0,5097000000.0,-70000000.0,1286000000.0,1286000000.0,1286000000.0,0.0,0.0,0.019,39573000000.0,2417000000.0,3269000000.0,0.528,1.864,26.523,26.537,47525000000.0,0.0,130.56,0.493,0.493,10102000000.0,25216000000.0,69217000000.0,69217000000.0,0.0,0.018,0.07,0.028,0.034,168000000.0,25031000000.0,1.0,261249779.0,261249779,,264.946,67165000000.0,0.0,383000000.0,3162000000.0,257.091,6039000000.0
6,FDX,MRT,2020-03-31,2020-02-29,2020-02-29,2021-09-21,-887000000.0,70014000000.0,65705750000.0,12541000000.0,57473000000.0,1.06,72.117,-6438000000.0,1766000000.0,1766000000.0,27136000000.0,-349000000.0,1.215,2.718,33442000000.0,2237000000.0,31205000000.0,33442000000.0,0.0,3554000000.0,0.0,0.018,2.6,72000000.0,3626000000.0,0.052,3626000000.0,72000000.0,-566000000.0,-1.27,-1.21,-1.27,18831000000.0,18353250000.0,18831000000.0,68048179677.0,945.0,18.767,-870000000.0,-3.332,1.0,42530000000.0,0.61,6814000000.0,638000000.0,84551000000.0,76170750000.0,568000000.0,0.0,0.0,0.0,51183000000.0,10325000000.0,40858000000.0,36862179677.0,-1106000000.0,-30000000.0,-37000000.0,564000000.0,-678000000.0,-165000000.0,-6468000000.0,0.0,5568000000.0,-41000000.0,-349000000.0,-349000000.0,-349000000.0,0.0,0.0,-0.005,39272000000.0,3258000000.0,3193000000.0,-2.047,1.958,-105.622,-111.157,47287000000.0,0.0,141.17,0.529,0.529,9323000000.0,25569000000.0,69666000000.0,69666000000.0,0.0,-0.005,-0.019,0.001,0.001,170000000.0,24891000000.0,1.0,261119074.0,261119074,,266.798,63200000000.0,0.0,-217000000.0,3101000000.0,242.035,2216000000.0
7,FDX,MRT,2019-12-31,2019-11-30,2019-11-30,2021-09-21,-866000000.0,69954000000.0,61818250000.0,13198000000.0,56756000000.0,1.119,71.515,-6122000000.0,2031000000.0,2031000000.0,26743000000.0,75000000.0,1.251,2.749,33217000000.0,2094000000.0,31123000000.0,33217000000.0,0.0,3497000000.0,0.0,0.016,2.6,563000000.0,4060000000.0,0.059,4060000000.0,563000000.0,-55000000.0,0.35,0.39,0.35,18659000000.0,18619000000.0,18659000000.0,72163694955.0,128.0,17.774,-614000000.0,-2.353,1.0,42446000000.0,0.613,6861000000.0,618000000.0,83732000000.0,68620000000.0,576000000.0,0.0,0.0,0.0,51295000000.0,10547000000.0,40748000000.0,41758694955.0,-92000000.0,-32000000.0,-130000000.0,1553000000.0,-849000000.0,564000000.0,-6154000000.0,0.0,5508000000.0,-10000000.0,75000000.0,75000000.0,75000000.0,0.0,0.0,0.001,38688000000.0,3758000000.0,3283000000.0,7.429,2.238,556.783,457.286,46505000000.0,0.0,160.05,0.604,0.604,9709000000.0,25431000000.0,69189000000.0,69189000000.0,0.0,0.001,0.004,0.008,0.008,170000000.0,24578000000.0,1.0,260910309.0,260910309,,265.183,63093000000.0,0.0,-130000000.0,3072000000.0,241.819,2651000000.0
8,FDX,MRT,2019-09-30,2019-08-31,2019-08-31,2021-09-21,-918000000.0,68452000000.0,57652000000.0,13017000000.0,55435000000.0,1.209,69.653,-5729000000.0,2389000000.0,2389000000.0,26812000000.0,450000000.0,1.31,2.768,32794000000.0,1931000000.0,30863000000.0,32794000000.0,0.0,3424000000.0,0.0,0.016,2.6,1148000000.0,4572000000.0,0.066,4572000000.0,1148000000.0,550000000.0,1.76,1.77,1.76,18166000000.0,18777750000.0,18166000000.0,57159821910.0,50.0,12.502,-252000000.0,-0.966,1.0,42877000000.0,0.615,6821000000.0,598000000.0,82101000000.0,60851500000.0,574000000.0,0.0,0.0,0.0,50286000000.0,9935000000.0,40351000000.0,41366821910.0,20000000.0,-62000000.0,-770000000.0,1838000000.0,-680000000.0,375000000.0,-5791000000.0,0.0,5477000000.0,-41000000.0,450000000.0,450000000.0,450000000.0,0.0,0.0,0.006,38505000000.0,4372000000.0,3179000000.0,1.477,2.277,91.926,90.119,45429000000.0,0.0,158.61,0.594,0.594,9312000000.0,25048000000.0,69689000000.0,69689000000.0,0.0,0.008,0.024,0.019,0.016,173000000.0,24603000000.0,1.0,260808410.0,260808410,,267.204,61631000000.0,0.0,100000000.0,2953000000.0,236.308,3082000000.0
9,FDX,MRT,2019-06-30,2019-05-31,2019-05-31,2021-09-21,-865000000.0,54403000000.0,53514250000.0,13086000000.0,41317000000.0,1.302,68.146,-5490000000.0,2319000000.0,2319000000.0,26737000000.0,540000000.0,1.452,2.064,18112000000.0,964000000.0,17148000000.0,18112000000.0,0.0,3353000000.0,0.0,0.017,2.6,1243000000.0,4596000000.0,0.066,4596000000.0,1243000000.0,655000000.0,2.06,2.03,2.06,17757000000.0,19029500000.0,17757000000.0,56257451139.0,45.0,12.241,123000000.0,0.472,1.0,42956000000.0,0.616,6884000000.0,588000000.0,54299000000.0,52965750000.0,553000000.0,0.0,0.0,0.0,36646000000.0,9013000000.0,27633000000.0,40201451139.0,-946000000.0,17000000.0,-1379000000.0,1027000000.0,-683000000.0,-1039000000.0,-5473000000.0,0.0,5613000000.0,-47000000.0,540000000.0,540000000.0,540000000.0,0.0,0.0,0.008,38490000000.0,4466000000.0,3030000000.0,1.262,2.264,74.447,74.893,30429000000.0,0.0,154.28,0.577,0.577,9116000000.0,24648000000.0,69693000000.0,69693000000.0,0.0,0.01,0.028,0.023,0.018,174000000.0,24776000000.0,1.0,260574612.0,260574612,,267.459,47519000000.0,0.0,115000000.0,2821000000.0,182.362,4073000000.0
10,FDX,MRT,2019-03-31,2019-02-28,2019-02-28,2021-09-21,-737000000.0,54464000000.0,52996000000.0,13500000000.0,40964000000.0,1.306,76.209,-5426000000.0,2872000000.0,2872000000.0,26497000000.0,3636000000.0,1.459,1.738,18928000000.0,1198000000.0,17730000000.0,18928000000.0,0.0,3289000000.0,0.0,0.014,2.45,5155000000.0,8444000000.0,0.122,8444000000.0,5155000000.0,4567000000.0,13.77,13.57,13.77,19894000000.0,19444250000.0,19894000000.0,63021896125.0,12.0,7.464,1409000000.0,5.398,1.0,42703000000.0,0.617,6916000000.0,588000000.0,54348000000.0,51791250000.0,546000000.0,0.0,0.0,0.0,34570000000.0,9256000000.0,25314000000.0,47248896125.0,83000000.0,71000000.0,-1723000000.0,1004000000.0,-647000000.0,-1357000000.0,-5355000000.0,0.0,6835000000.0,-40000000.0,3636000000.0,3636000000.0,3636000000.0,0.0,0.0,0.053,38225000000.0,4478000000.0,3156000000.0,0.178,2.375,12.995,13.145,29768000000.0,0.0,181.0,0.683,0.683,9037000000.0,26650000000.0,69200000000.0,69200000000.0,0.0,0.069,0.187,0.1,0.074,173000000.0,24707000000.0,1.0,261043625.0,261043625,,265.09,47548000000.0,0.0,931000000.0,3211000000.0,182.146,4244000000.0
11,FDX,MRT,2018-12-31,2018-11-30,2018-11-30,2021-09-21,-817000000.0,53289000000.0,52342750000.0,13438000000.0,39851000000.0,1.313,73.218,-5676000000.0,2123000000.0,2123000000.0,26155000000.0,4971000000.0,1.415,1.762,17896000000.0,892000000.0,17004000000.0,17896000000.0,0.0,3224000000.0,0.0,0.01,2.3,5088000000.0,8312000000.0,0.121,8312000000.0,5088000000.0,4510000000.0,18.68,18.36,18.68,19294000000.0,19194250000.0,19294000000.0,75477131253.0,15.0,9.081,-321000000.0,-1.218,1.0,42561000000.0,0.619,6908000000.0,578000000.0,52658000000.0,50756000000.0,522000000.0,0.0,0.0,0.0,33995000000.0,9496000000.0,24499000000.0,60345131253.0,-645000000.0,71000000.0,-1851000000.0,1916000000.0,-440000000.0,-367000000.0,-5605000000.0,0.0,5355000000.0,-28000000.0,4971000000.0,4971000000.0,4971000000.0,0.0,0.0,0.072,38136000000.0,4425000000.0,3400000000.0,0.123,3.128,12.139,12.259,29387000000.0,0.0,229.0,0.878,0.878,9573000000.0,26080000000.0,68716000000.0,68716000000.0,0.0,0.095,0.259,0.1,0.074,172000000.0,24762000000.0,1.0,263515857.0,263515857,,260.766,46381000000.0,0.0,-461000000.0,3253000000.0,176.008,3942000000.0
12,FDX,MRT,2018-09-30,2018-08-31,2018-08-31,2021-09-21,-763000000.0,51901000000.0,51590750000.0,12641000000.0,39260000000.0,1.303,72.099,-5798000000.0,2369000000.0,2369000000.0,25328000000.0,4811000000.0,1.316,1.707,17501000000.0,1703000000.0,15798000000.0,17501000000.0,0.0,3152000000.0,0.0,0.009,2.15,5043000000.0,8195000000.0,0.122,8195000000.0,5043000000.0,4472000000.0,18.01,17.69,18.01,19173000000.0,18634500000.0,19173000000.0,78743364718.0,16.0,9.609,-1013000000.0,-3.809,1.0,41877000000.0,0.623,6869000000.0,571000000.0,50558000000.0,49600250000.0,523000000.0,0.0,0.0,0.0,32728000000.0,9606000000.0,23122000000.0,64872364718.0,-1134000000.0,58000000.0,-1354000000.0,1751000000.0,-574000000.0,-157000000.0,-5740000000.0,0.0,4785000000.0,-22000000.0,4811000000.0,4811000000.0,4811000000.0,0.0,0.0,0.072,37505000000.0,4372000000.0,3066000000.0,0.119,3.384,13.484,13.545,28779000000.0,0.0,243.95,0.965,0.965,8716000000.0,25315000000.0,67205000000.0,67205000000.0,0.0,0.093,0.258,0.102,0.075,173000000.0,24391000000.0,1.0,265924840.0,265924840,,252.722,45032000000.0,0.0,-339000000.0,2948000000.0,169.341,3035000000.0
13,FDX,MRT,2018-06-30,2018-05-31,2018-05-31,2021-09-21,-578000000.0,52330000000.0,50953000000.0,13341000000.0,38989000000.0,1.285,72.661,-5663000000.0,3265000000.0,3265000000.0,24458000000.0,4572000000.0,1.386,1.695,17136000000.0,1342000000.0,15794000000.0,17136000000.0,0.0,3095000000.0,0.0,0.008,2.0,4911000000.0,8006000000.0,0.122,8006000000.0,4911000000.0,4353000000.0,17.08,16.79,17.08,19416000000.0,17995750000.0,19416000000.0,81891652368.0,17.0,10.229,-989000000.0,-3.701,1.0,40992000000.0,0.626,6973000000.0,558000000.0,49601000000.0,48562250000.0,525000000.0,0.0,0.0,0.0,32914000000.0,9627000000.0,23287000000.0,66568652368.0,-704000000.0,-14000000.0,-690000000.0,1442000000.0,-535000000.0,227000000.0,-5677000000.0,0.0,4674000000.0,72000000.0,4572000000.0,4572000000.0,4572000000.0,0.0,0.0,0.07,36720000000.0,4272000000.0,2977000000.0,0.117,3.429,14.56,14.585,28154000000.0,0.0,249.12,1.017,1.017,8481000000.0,24823000000.0,65450000000.0,65450000000.0,0.0,0.09,0.254,0.101,0.075,167000000.0,23795000000.0,1.0,267215207.0,267215207,,244.934,45357000000.0,0.0,-219000000.0,2867000000.0,169.74,3714000000.0
14,FDX,MRT,2018-03-31,2018-02-28,2018-02-28,2021-09-21,-357000000.0,51851000000.0,50008500000.0,13575000000.0,38276000000.0,1.277,70.529,-5320000000.0,2789000000.0,2789000000.0,23763000000.0,4465000000.0,1.428,1.744,18112000000.0,1563000000.0,16549000000.0,18112000000.0,0.0,3047000000.0,0.0,0.008,1.9,4976000000.0,8023000000.0,0.126,8023000000.0,4976000000.0,4455000000.0,16.66,16.38,16.66,18894000000.0,17160000000.0,18894000000.0,79316682003.0,16.0,9.886,-1873000000.0,-6.992,1.0,40101000000.0,0.628,7464000000.0,521000000.0,50207000000.0,47405250000.0,523000000.0,0.0,0.0,0.0,32957000000.0,9503000000.0,23454000000.0,66010682003.0,-384000000.0,-11000000.0,-353000000.0,2214000000.0,-509000000.0,1374000000.0,-5331000000.0,0.0,3447000000.0,126000000.0,4465000000.0,4465000000.0,4465000000.0,0.0,0.0,0.07,36047000000.0,4054000000.0,3102000000.0,0.114,3.494,14.784,14.791,27697000000.0,0.0,246.41,1.034,1.034,8671000000.0,23710000000.0,63864000000.0,63864000000.0,0.0,0.089,0.26,0.105,0.078,166000000.0,23607000000.0,1.0,267889623.0,267889623,,238.397,44387000000.0,0.0,-10000000.0,2401000000.0,165.691,4072000000.0
15,FDX,MRT,2017-12-31,2017-11-30,2017-11-30,2021-09-21,-434000000.0,50281000000.0,48741000000.0,12881000000.0,37400000000.0,1.279,63.603,-5056000000.0,2768000000.0,2768000000.0,23068000000.0,2953000000.0,1.566,1.948,16074000000.0,261000000.0,15813000000.0,16074000000.0,0.0,3023000000.0,0.0,0.008,1.8,4998000000.0,8021000000.0,0.129,8021000000.0,4998000000.0,4480000000.0,11.03,10.86,11.03,17055000000.0,16232500000.0,17055000000.0,74293459235.0,15.0,9.262,-1263000000.0,-4.71,1.0,39267000000.0,0.63,7325000000.0,518000000.0,48035000000.0,45946500000.0,533000000.0,0.0,0.0,0.0,33226000000.0,8227000000.0,24999000000.0,62065459235.0,-291000000.0,3000000.0,-67000000.0,1373000000.0,-481000000.0,851000000.0,-5053000000.0,0.0,3793000000.0,118000000.0,2953000000.0,2953000000.0,2953000000.0,0.0,0.0,0.047,35046000000.0,4221000000.0,3147000000.0,0.163,3.639,21.018,20.985,27290000000.0,0.0,231.46,0.996,0.996,8655000000.0,21785000000.0,62335000000.0,62335000000.0,0.0,0.061,0.182,0.109,0.08,164000000.0,22878000000.0,1.0,268147668.0,268147668,,232.465,42956000000.0,0.0,1527000000.0,3088000000.0,160.195,4654000000.0
16,FDX,MRT,2017-09-30,2017-08-31,2017-08-31,2021-09-21,-325000000.0,49350000000.0,47757750000.0,12722000000.0,36628000000.0,1.276,61.948,-4945000000.0,3503000000.0,3503000000.0,22380000000.0,2878000000.0,1.633,1.97,15731000000.0,19000000.0,15712000000.0,15731000000.0,0.0,3007000000.0,0.0,0.008,1.7,4932000000.0,7939000000.0,0.13,7939000000.0,4932000000.0,4419000000.0,10.77,10.61,10.77,16618000000.0,15601500000.0,16618000000.0,69002028701.0,14.0,8.692,-396000000.0,-1.476,1.0,38573000000.0,0.633,7382000000.0,513000000.0,46406000000.0,44613750000.0,516000000.0,0.0,0.0,0.0,32732000000.0,7790000000.0,24942000000.0,57509028701.0,514000000.0,132000000.0,74000000.0,1108000000.0,-454000000.0,753000000.0,-4813000000.0,0.0,4549000000.0,25000000.0,2878000000.0,2878000000.0,2878000000.0,0.0,0.0,0.047,34300000000.0,4273000000.0,2938000000.0,0.158,3.461,19.982,19.905,26235000000.0,0.0,214.38,0.943,0.943,8006000000.0,21156000000.0,60953000000.0,60953000000.0,0.0,0.06,0.184,0.111,0.081,159000000.0,22342000000.0,1.0,268257434.0,268257434,,227.218,41968000000.0,0.0,1541000000.0,2730000000.0,156.447,4932000000.0
17,FDX,MRT,2017-06-30,2017-05-31,2017-05-31,2021-09-21,-415000000.0,48552000000.0,46814000000.0,12628000000.0,35924000000.0,1.288,60.114,-5116000000.0,3969000000.0,3969000000.0,22017000000.0,2997000000.0,1.595,2.021,15462000000.0,22000000.0,15440000000.0,15462000000.0,0.0,2995000000.0,0.0,0.008,1.6,5091000000.0,8086000000.0,0.134,8086000000.0,5091000000.0,4579000000.0,11.24,11.07,11.24,16073000000.0,14982500000.0,16073000000.0,63868961083.0,13.0,7.899,-186000000.0,-0.696,1.0,38302000000.0,0.635,7154000000.0,512000000.0,44973000000.0,43654250000.0,514000000.0,0.0,0.0,0.0,32479000000.0,7918000000.0,24561000000.0,51827961083.0,435000000.0,135000000.0,-172000000.0,1108000000.0,-426000000.0,528000000.0,-4981000000.0,0.0,4930000000.0,-42000000.0,2997000000.0,2997000000.0,2997000000.0,0.0,0.0,0.05,33736000000.0,4566000000.0,2752000000.0,0.142,3.225,17.293,17.246,25981000000.0,0.0,193.84,0.859,0.859,7599000000.0,20833000000.0,60319000000.0,60319000000.0,0.0,0.064,0.2,0.117,0.084,154000000.0,21989000000.0,1.0,267374954.0,267374954,,225.597,41398000000.0,0.0,1582000000.0,2485000000.0,154.831,4710000000.0
18,FDX,MRT,2017-03-31,2017-02-28,2017-02-28,2021-09-21,-334000000.0,46781000000.0,46165750000.0,11938000000.0,34843000000.0,1.247,56.974,-5046000000.0,3173000000.0,3173000000.0,20659000000.0,1907000000.0,1.602,2.081,15214000000.0,45000000.0,15169000000.0,15214000000.0,0.0,2908000000.0,0.0,0.008,1.45,3410000000.0,6318000000.0,0.11,6318000000.0,3410000000.0,2938000000.0,7.23,7.11,7.23,15184000000.0,14410250000.0,15184000000.0,62514962784.0,18.0,9.895,-489000000.0,-1.835,1.0,36911000000.0,0.641,7000000000.0,472000000.0,44372000000.0,42869000000.0,527000000.0,0.0,0.0,0.0,31597000000.0,7450000000.0,24147000000.0,51430962784.0,332000000.0,-4488000000.0,-578000000.0,6409000000.0,-386000000.0,5403000000.0,-9534000000.0,0.0,4557000000.0,-94000000.0,1907000000.0,1907000000.0,1907000000.0,0.0,0.0,0.033,33523000000.0,3388000000.0,2707000000.0,0.201,3.387,26.97,26.692,25613000000.0,0.0,192.98,0.893,0.893,7418000000.0,19830000000.0,57570000000.0,57570000000.0,0.0,0.041,0.132,0.08,0.059,152000000.0,20833000000.0,1.0,266509290.0,266509290,,216.015,39781000000.0,0.0,1031000000.0,2299000000.0,149.267,4488000000.0
19,FDX,MRT,2016-12-31,2016-11-30,2016-11-30,2021-09-21,-425000000.0,46348000000.0,43925250000.0,12052000000.0,34296000000.0,1.257,54.677,-4937000000.0,3059000000.0,3059000000.0,19412000000.0,1852000000.0,1.544,2.19,14143000000.0,43000000.0,14100000000.0,14143000000.0,0.0,2809000000.0,0.0,0.007,1.3,3252000000.0,6061000000.0,0.11,6061000000.0,3252000000.0,2821000000.0,6.98,6.88,6.98,14531000000.0,14196000000.0,14531000000.0,62188098831.0,19.0,10.26,952000000.0,3.582,1.0,35815000000.0,0.649,6921000000.0,431000000.0,42704000000.0,40397500000.0,517000000.0,0.0,0.0,0.0,31817000000.0,7807000000.0,24010000000.0,50938098831.0,-588000000.0,-4540000000.0,-1670000000.0,5214000000.0,-349000000.0,3147000000.0,-9477000000.0,0.0,5889000000.0,-147000000.0,1852000000.0,1852000000.0,1852000000.0,0.0,0.0,0.034,32588000000.0,3227000000.0,2954000000.0,0.186,3.505,27.504,27.46,25307000000.0,0.0,191.67,0.922,0.922,7575000000.0,19410000000.0,55227000000.0,55227000000.0,0.0,0.042,0.13,0.081,0.059,151000000.0,20150000000.0,1.0,265759372.0,265759372,,207.808,39427000000.0,0.0,969000000.0,2148000000.0,148.356,4245000000.0
20,FDX,MRT,2016-09-30,2016-08-31,2016-08-31,2021-09-21,-176000000.0,45575000000.0,41931000000.0,11401000000.0,34174000000.0,1.258,53.261,-4824000000.0,2989000000.0,2989000000.0,18306000000.0,1843000000.0,1.525,2.223,14239000000.0,47000000.0,14192000000.0,14239000000.0,0.0,2722000000.0,0.0,0.007,1.15,3184000000.0,5906000000.0,0.112,5906000000.0,3184000000.0,2798000000.0,6.82,6.73,6.82,14142000000.0,14310750000.0,14142000000.0,54525926592.0,17.0,9.232,614000000.0,2.312,1.0,34443000000.0,0.653,6783000000.0,386000000.0,42568000000.0,38297000000.0,512000000.0,0.0,0.0,0.0,31433000000.0,7474000000.0,23959000000.0,43792926592.0,-554000000.0,-4629000000.0,-2577000000.0,6481000000.0,-312000000.0,3522000000.0,-9453000000.0,0.0,5438000000.0,-61000000.0,1843000000.0,1843000000.0,1843000000.0,0.0,0.0,0.035,31246000000.0,3197000000.0,2851000000.0,0.169,3.097,23.762,24.183,24804000000.0,0.0,164.93,0.83,0.83,7233000000.0,18862000000.0,52749000000.0,52749000000.0,0.0,0.044,0.129,0.083,0.06,148000000.0,19367000000.0,1.0,265524323.0,265524323,,198.66,38792000000.0,0.0,955000000.0,1762000000.0,146.096,3927000000.0
21,FDX,MRT,2016-06-30,2016-05-31,2016-05-31,2021-09-21,-169000000.0,45959000000.0,39848500000.0,11989000000.0,33970000000.0,1.264,51.352,-4818000000.0,3534000000.0,3534000000.0,17327000000.0,1820000000.0,1.497,2.334,14162000000.0,29000000.0,14133000000.0,14162000000.0,0.0,2631000000.0,0.0,0.006,1.0,3076000000.0,5707000000.0,0.113,5707000000.0,3076000000.0,2740000000.0,6.59,6.51,6.59,13784000000.0,14596000000.0,13784000000.0,50651868017.0,16.0,8.875,890000000.0,3.316,1.0,33038000000.0,0.656,6747000000.0,336000000.0,41832000000.0,35677500000.0,496000000.0,0.0,0.0,0.0,32175000000.0,8008000000.0,24167000000.0,44281868017.0,-229000000.0,-4628000000.0,-2539000000.0,6478000000.0,-277000000.0,3611000000.0,-9446000000.0,0.0,5708000000.0,-102000000.0,1820000000.0,1820000000.0,1820000000.0,0.0,0.0,0.036,29961000000.0,3077000000.0,2944000000.0,0.152,3.213,24.331,25.033,24284000000.0,0.0,164.97,0.879,0.879,7252000000.0,18371000000.0,50365000000.0,50365000000.0,0.0,0.046,0.125,0.086,0.061,144000000.0,18581000000.0,1.0,268423762.0,268423762,,187.632,39212000000.0,0.0,920000000.0,1567000000.0,146.082,3981000000.0
22,FDX,MRT,2016-03-31,2016-02-29,2016-02-29,2021-09-21,-159000000.0,37819000000.0,37491500000.0,10237000000.0,27582000000.0,1.32,51.982,-4940000000.0,2841000000.0,2841000000.0,17056000000.0,996000000.0,1.724,1.64,9211000000.0,11000000.0,9200000000.0,9211000000.0,0.0,2621000000.0,0.0,0.007,0.95,1805000000.0,4426000000.0,0.089,4426000000.0,1805000000.0,1505000000.0,3.63,3.6,3.63,14327000000.0,14898250000.0,14327000000.0,43414214872.0,24.0,9.809,749000000.0,2.718,1.0,32444000000.0,0.655,3764000000.0,300000000.0,34486000000.0,32964750000.0,476000000.0,0.0,0.0,0.0,23492000000.0,5939000000.0,17553000000.0,37726214872.0,-637000000.0,-9000000.0,-2244000000.0,1206000000.0,-266000000.0,-1295000000.0,-4949000000.0,0.0,5689000000.0,-82000000.0,996000000.0,996000000.0,996000000.0,0.0,0.0,0.02,30620000000.0,1824000000.0,2024000000.0,0.262,2.633,37.878,37.708,22552000000.0,0.0,136.88,0.762,0.762,5634000000.0,18481000000.0,49500000000.0,49500000000.0,0.0,0.027,0.067,0.055,0.036,142000000.0,18239000000.0,1.0,275615246.0,275615246,,179.598,34055000000.0,608000000.0,509000000.0,2046000000.0,123.56,4298000000.0
23,FDX,MRT,2015-12-31,2015-11-30,2015-11-30,2021-09-21,-41000000.0,38371000000.0,37063750000.0,11152000000.0,27219000000.0,1.31,53.085,-5019000000.0,3647000000.0,3647000000.0,16814000000.0,1117000000.0,1.874,1.56,9335000000.0,14000000.0,9321000000.0,9335000000.0,0.0,2610000000.0,0.0,0.006,0.9,1985000000.0,4595000000.0,0.095,4595000000.0,1985000000.0,1708000000.0,3.98,3.94,3.98,14990000000.0,15319500000.0,14990000000.0,49249437369.0,25.0,10.718,650000000.0,2.302,1.0,31748000000.0,0.654,3806000000.0,277000000.0,34302000000.0,32219250000.0,493000000.0,0.0,0.0,0.0,23381000000.0,5951000000.0,17430000000.0,44768437369.0,1381000000.0,-1400000000.0,-1215000000.0,3708000000.0,-254000000.0,2232000000.0,-6419000000.0,0.0,5669000000.0,-101000000.0,1117000000.0,1117000000.0,1117000000.0,0.0,0.0,0.023,29750000000.0,1998000000.0,2129000000.0,0.226,2.987,40.079,39.834,22278000000.0,0.0,158.54,0.922,0.922,5865000000.0,18048000000.0,48562000000.0,48562000000.0,0.0,0.03,0.073,0.062,0.041,140000000.0,17862000000.0,1.0,282379446.0,282379446,,171.974,34565000000.0,687000000.0,591000000.0,1759000000.0,122.406,5201000000.0
24,FDX,MRT,2015-09-30,2015-08-31,2015-08-31,2021-09-21,10000000.0,37245000000.0,35717000000.0,10703000000.0,26542000000.0,1.345,54.112,-4836000000.0,3543000000.0,3543000000.0,16893000000.0,1089000000.0,1.831,1.437,8024000000.0,14000000.0,8010000000.0,8024000000.0,0.0,2608000000.0,0.0,0.006,0.85,1949000000.0,4557000000.0,0.095,4557000000.0,1949000000.0,1699000000.0,3.85,3.81,3.85,15283000000.0,15462750000.0,15283000000.0,46752813627.0,24.0,10.26,789000000.0,2.794,1.0,31155000000.0,0.648,3792000000.0,250000000.0,32090000000.0,30738250000.0,488000000.0,0.0,0.0,0.0,21962000000.0,5844000000.0,16118000000.0,42536813627.0,1127000000.0,-1399000000.0,-384000000.0,2471000000.0,-241000000.0,1866000000.0,-6235000000.0,0.0,5625000000.0,-129000000.0,1089000000.0,1089000000.0,1089000000.0,0.0,0.0,0.023,29206000000.0,1949000000.0,2049000000.0,0.221,2.783,39.06,39.119,21483000000.0,0.0,150.61,0.885,0.885,5617000000.0,17434000000.0,48048000000.0,48048000000.0,0.0,0.03,0.07,0.063,0.041,138000000.0,17521000000.0,1.0,282430208.0,282430208,,170.123,33453000000.0,606000000.0,610000000.0,1781000000.0,118.447,4859000000.0
25,FDX,MRT,2015-06-30,2015-05-31,2015-05-31,2021-09-21,172000000.0,36531000000.0,34552500000.0,10335000000.0,26196000000.0,1.373,52.838,-4347000000.0,3763000000.0,3763000000.0,16984000000.0,1050000000.0,1.735,1.437,7979000000.0,19000000.0,7960000000.0,7979000000.0,0.0,2611000000.0,0.0,0.005,0.8,1862000000.0,4473000000.0,0.094,4473000000.0,1862000000.0,1627000000.0,3.7,3.65,3.7,14993000000.0,15422250000.0,14993000000.0,53596326220.0,29.0,11.982,1019000000.0,3.591,1.0,30469000000.0,0.642,3810000000.0,235000000.0,30981000000.0,29647500000.0,498000000.0,0.0,0.0,0.0,21538000000.0,5956000000.0,15582000000.0,49152326220.0,855000000.0,-1405000000.0,-934000000.0,2486000000.0,-227000000.0,1349000000.0,-5752000000.0,0.0,5366000000.0,-108000000.0,1050000000.0,1050000000.0,1050000000.0,0.0,0.0,0.022,28602000000.0,1867000000.0,2066000000.0,0.216,3.278,46.812,46.816,20875000000.0,0.0,173.22,1.036,1.036,5719000000.0,16900000000.0,47453000000.0,47453000000.0,0.0,0.03,0.068,0.063,0.039,133000000.0,17110000000.0,1.0,283756646.0,283756646,,167.231,32721000000.0,0.0,577000000.0,1210000000.0,115.314,4379000000.0
26,FDX,MRT,2015-03-31,2015-02-28,2015-02-28,2021-09-21,-3909000000.0,36108000000.0,33687250000.0,10482000000.0,25626000000.0,1.4,56.517,-3948000000.0,3478000000.0,3478000000.0,17319000000.0,2901000000.0,1.999,1.255,7922000000.0,0.0,7922000000.0,7922000000.0,0.0,2603000000.0,0.0,0.004,0.75,4767000000.0,7370000000.0,0.156,7370000000.0,4767000000.0,4549000000.0,10.02,9.89,10.02,16012000000.0,15493250000.0,16012000000.0,53441667488.0,11.0,7.251,1211000000.0,4.274,1.0,29859000000.0,0.633,3805000000.0,218000000.0,31504000000.0,28791000000.0,488000000.0,0.0,0.0,0.0,20096000000.0,5243000000.0,14853000000.0,50140667488.0,436000000.0,-1454000000.0,-1522000000.0,2490000000.0,-216000000.0,776000000.0,-5402000000.0,0.0,5159000000.0,-97000000.0,2901000000.0,2901000000.0,2901000000.0,0.0,0.0,0.061,25119000000.0,4740000000.0,2050000000.0,0.075,3.131,17.284,17.663,20425000000.0,0.0,176.98,1.063,1.063,5584000000.0,21880000000.0,47178000000.0,47178000000.0,0.0,0.086,0.187,0.166,0.101,129000000.0,16457000000.0,1.0,283312620.0,283312620,,166.523,32303000000.0,510000000.0,1648000000.0,2497000000.0,114.019,5239000000.0
27,FDX,MRT,2014-12-31,2014-11-30,2014-11-30,2021-09-21,-3787000000.0,32984000000.0,32842500000.0,9212000000.0,23772000000.0,1.424,54.945,-3733000000.0,2266000000.0,2266000000.0,17479000000.0,2651000000.0,1.781,1.119,5567000000.0,0.0,5567000000.0,5567000000.0,0.0,2603000000.0,0.0,0.004,0.7,4356000000.0,6959000000.0,0.149,6959000000.0,4356000000.0,4158000000.0,9.05,8.94,9.05,15563000000.0,15297000000.0,15563000000.0,53536839810.0,12.0,7.693,1073000000.0,3.788,1.0,29284000000.0,0.626,2734000000.0,198000000.0,28378000000.0,27766500000.0,476000000.0,0.0,0.0,0.0,17421000000.0,5173000000.0,12248000000.0,50468839810.0,-1669000000.0,-30000000.0,-4219000000.0,1745000000.0,-206000000.0,-2652000000.0,-3763000000.0,0.0,4806000000.0,-60000000.0,2651000000.0,2651000000.0,2651000000.0,0.0,0.0,0.057,24941000000.0,4343000000.0,1968000000.0,0.077,3.243,19.038,19.688,19893000000.0,0.0,178.18,1.079,1.079,5592000000.0,21480000000.0,46763000000.0,46763000000.0,0.0,0.081,0.173,0.157,0.093,125000000.0,16289000000.0,1.0,283246379.0,283246379,,165.097,30250000000.0,497000000.0,1507000000.0,2104000000.0,106.797,4039000000.0
28,FDX,MRT,2014-09-30,2014-08-31,2014-08-31,2021-09-21,-3694000000.0,32587000000.0,32982000000.0,9250000000.0,23337000000.0,1.402,52.977,-3681000000.0,2416000000.0,2416000000.0,17339000000.0,2488000000.0,1.795,1.155,5484000000.0,1000000.0,5483000000.0,5484000000.0,0.0,2599000000.0,0.0,0.004,0.65,4085000000.0,6684000000.0,0.145,6684000000.0,4085000000.0,3904000000.0,8.29,8.2,8.29,15121000000.0,15789500000.0,15121000000.0,44795374535.0,11.0,6.702,636000000.0,2.228,1.0,28888000000.0,0.625,2775000000.0,181000000.0,27727000000.0,27006000000.0,481000000.0,0.0,0.0,0.0,17466000000.0,5153000000.0,12313000000.0,42208374535.0,-2680000000.0,-24000000.0,-4847000000.0,1743000000.0,-196000000.0,-3279000000.0,-3705000000.0,0.0,4317000000.0,-13000000.0,2488000000.0,2488000000.0,2488000000.0,0.0,0.0,0.054,24806000000.0,4082000000.0,1973000000.0,0.078,2.791,16.965,17.838,19424000000.0,0.0,147.88,0.913,0.913,5487000000.0,20921000000.0,46227000000.0,46227000000.0,0.0,0.075,0.158,0.151,0.088,120000000.0,16208000000.0,1.0,285423144.0,285423144,,161.96,29812000000.0,497000000.0,1416000000.0,2107000000.0,104.448,4097000000.0
29,FDX,MRT,2014-06-30,2014-05-31,2014-05-31,2021-09-21,506000000.0,33070000000.0,33253500000.0,9683000000.0,23387000000.0,1.37,51.696,-3533000000.0,2908000000.0,2908000000.0,17052000000.0,2324000000.0,1.823,1.165,5495000000.0,1000000.0,5494000000.0,5495000000.0,0.0,2587000000.0,0.0,0.004,0.6,3818000000.0,6405000000.0,0.141,6405000000.0,3818000000.0,3658000000.0,7.56,7.48,7.56,15277000000.0,16423000000.0,15277000000.0,45036640043.0,12.0,7.031,731000000.0,2.474,1.0,28515000000.0,0.626,2790000000.0,160000000.0,27555000000.0,26107250000.0,463000000.0,0.0,0.0,0.0,17793000000.0,5312000000.0,12481000000.0,42601640043.0,-2009000000.0,-18000000.0,-4300000000.0,1743000000.0,-187000000.0,-2719000000.0,-3551000000.0,0.0,4264000000.0,-3000000.0,2324000000.0,2324000000.0,2324000000.0,0.0,0.0,0.051,24700000000.0,3815000000.0,1971000000.0,0.079,2.789,18.331,19.069,19550000000.0,0.0,144.16,0.935,0.935,5460000000.0,16229000000.0,45567000000.0,45567000000.0,0.0,0.07,0.142,0.146,0.084,117000000.0,16171000000.0,1.0,295516371.0,295516371,,154.195,30280000000.0,522000000.0,1334000000.0,2114000000.0,102.465,4371000000.0
30,FDX,MRT,2014-03-31,2014-02-28,2014-02-28,2021-09-21,-3754000000.0,32729000000.0,33377750000.0,9781000000.0,22948000000.0,1.353,48.769,-3499000000.0,3042000000.0,3042000000.0,16816000000.0,2825000000.0,1.949,1.149,5477000000.0,1000000.0,5476000000.0,5477000000.0,0.0,2560000000.0,0.0,0.004,0.59,4647000000.0,7207000000.0,0.16,7207000000.0,4647000000.0,4507000000.0,8.98,8.91,8.98,15227000000.0,16953250000.0,15227000000.0,41566383506.0,9.0,5.768,791000000.0,2.533,1.0,28347000000.0,0.628,2739000000.0,140000000.0,27406000000.0,25196750000.0,462000000.0,0.0,0.0,0.0,17502000000.0,5019000000.0,12483000000.0,41629383506.0,-330000000.0,33000000.0,-3463000000.0,2491000000.0,-187000000.0,-1145000000.0,-3466000000.0,0.0,4290000000.0,-9000000.0,2825000000.0,2825000000.0,2825000000.0,0.0,0.0,0.063,23699000000.0,4648000000.0,1903000000.0,0.066,2.734,14.736,14.847,19285000000.0,0.0,133.33,0.922,0.922,5197000000.0,19699000000.0,45163000000.0,45163000000.0,0.0,0.085,0.167,0.184,0.103,116000000.0,16069000000.0,1.0,312228182.0,312228182,,144.647,29990000000.0,624000000.0,1682000000.0,2083000000.0,96.052,4762000000.0
31,FDX,MRT,2013-12-31,2013-11-30,2013-11-30,2021-09-21,-3769000000.0,33542000000.0,33153000000.0,10866000000.0,22676000000.0,1.352,55.372,-3177000000.0,3935000000.0,3935000000.0,16640000000.0,2808000000.0,2.01,0.913,3872000000.0,251000000.0,3621000000.0,3872000000.0,0.0,2507000000.0,0.0,0.003,0.44,4588000000.0,7095000000.0,0.158,7095000000.0,4588000000.0,4477000000.0,8.88,8.81,8.88,17533000000.0,17174500000.0,17533000000.0,42612280907.0,9.0,6.006,1402000000.0,4.428,1.0,28175000000.0,0.629,2737000000.0,111000000.0,25336000000.0,24245750000.0,458000000.0,0.0,0.0,0.0,16009000000.0,5406000000.0,10603000000.0,43918280907.0,1418000000.0,54000000.0,-612000000.0,745000000.0,-184000000.0,-23000000.0,-3123000000.0,0.0,4579000000.0,-15000000.0,2808000000.0,2808000000.0,2808000000.0,0.0,0.0,0.063,23579000000.0,4596000000.0,1868000000.0,0.05,2.505,15.64,15.619,19120000000.0,0.0,138.7,0.98,0.98,5377000000.0,19366000000.0,44815000000.0,44815000000.0,0.0,0.085,0.163,0.189,0.102,116000000.0,16052000000.0,1.0,316642256.0,316642256,,141.532,30805000000.0,655000000.0,1669000000.0,1945000000.0,97.286,5460000000.0
32,FDX,MRT,2013-09-30,2013-08-31,2013-08-31,2021-09-21,-3857000000.0,33673000000.0,32595500000.0,11493000000.0,22180000000.0,1.366,55.767,-2975000000.0,5096000000.0,5096000000.0,16573000000.0,2746000000.0,2.081,0.907,3790000000.0,254000000.0,3536000000.0,3790000000.0,0.0,2452000000.0,0.0,0.005,0.57,4476000000.0,6928000000.0,0.156,6928000000.0,4476000000.0,4377000000.0,8.69,8.63,8.69,17655000000.0,16677000000.0,17655000000.0,32839508162.0,7.0,4.74,1739000000.0,5.493,1.0,27946000000.0,0.628,2712000000.0,99000000.0,24132000000.0,24002250000.0,451000000.0,0.0,0.0,0.0,16018000000.0,5523000000.0,10495000000.0,33988508162.0,2353000000.0,53000000.0,103000000.0,632000000.0,-181000000.0,578000000.0,-2922000000.0,0.0,4714000000.0,-17000000.0,2746000000.0,2746000000.0,2746000000.0,0.0,0.0,0.062,23459000000.0,4487000000.0,1879000000.0,0.066,1.925,12.377,12.354,18437000000.0,0.0,107.36,0.763,0.763,4990000000.0,18913000000.0,44519000000.0,44519000000.0,0.0,0.084,0.165,0.186,0.101,114000000.0,16037000000.0,1.0,316584465.0,316584465,,140.623,30961000000.0,604000000.0,1631000000.0,1820000000.0,97.797,5970000000.0
33,FDX,MRT,2013-06-30,2013-05-31,2013-05-31,2021-09-21,-3820000000.0,33567000000.0,31850000000.0,11274000000.0,22293000000.0,1.39,54.906,-3375000000.0,4917000000.0,4917000000.0,16448000000.0,2716000000.0,1.961,0.929,3768000000.0,251000000.0,3517000000.0,3768000000.0,0.0,2386000000.0,0.0,0.006,0.56,4420000000.0,6806000000.0,0.154,6806000000.0,4420000000.0,4338000000.0,8.61,8.55,8.61,17398000000.0,16019250000.0,17398000000.0,30163151175.0,7.0,4.432,1313000000.0,4.144,1.0,27839000000.0,0.629,2755000000.0,82000000.0,23913000000.0,23870000000.0,457000000.0,0.0,0.0,0.0,16169000000.0,5750000000.0,10419000000.0,30527151175.0,2074000000.0,-428000000.0,34000000.0,1322000000.0,-177000000.0,1184000000.0,-3803000000.0,0.0,4688000000.0,5000000.0,2716000000.0,2716000000.0,2716000000.0,0.0,0.0,0.061,23405000000.0,4434000000.0,1879000000.0,0.065,1.755,11.24,11.189,18484000000.0,0.0,96.34,0.689,0.689,5044000000.0,18519000000.0,44287000000.0,44287000000.0,0.0,0.085,0.17,0.185,0.1,109000000.0,16055000000.0,1.0,316868914.0,316868914,,139.764,30812000000.0,533000000.0,1622000000.0,1652000000.0,97.239,5524000000.0
34,FDX,MRT,2013-03-31,2013-02-28,2013-02-28,2021-09-21,-4710000000.0,31830000000.0,30934000000.0,9745000000.0,22085000000.0,1.418,51.237,-3491000000.0,3372000000.0,3372000000.0,16343000000.0,1808000000.0,1.911,0.976,3008000000.0,251000000.0,2757000000.0,3008000000.0,0.0,2307000000.0,0.0,0.005,0.55,2890000000.0,5197000000.0,0.118,5197000000.0,2890000000.0,2831000000.0,5.74,5.71,5.74,16112000000.0,15351500000.0,16112000000.0,33788676578.0,12.0,6.502,1303000000.0,4.144,1.0,27517000000.0,0.627,2765000000.0,59000000.0,23602000000.0,23329250000.0,460000000.0,0.0,0.0,0.0,15718000000.0,5099000000.0,10619000000.0,33153676578.0,1332000000.0,-386000000.0,20000000.0,573000000.0,-173000000.0,431000000.0,-3877000000.0,0.0,4794000000.0,-16000000.0,1808000000.0,1808000000.0,1808000000.0,0.0,0.0,0.041,24612000000.0,2905000000.0,1730000000.0,0.096,2.058,18.337,18.368,18328000000.0,0.0,105.43,0.756,0.756,4950000000.0,18216000000.0,43860000000.0,43860000000.0,0.0,0.058,0.118,0.124,0.066,109000000.0,16478000000.0,1.0,314461506.0,314461506,,139.477,29065000000.0,510000000.0,1023000000.0,1139000000.0,92.428,4646000000.0
35,FDX,MRT,2012-12-31,2012-11-30,2012-11-30,2021-09-21,-4770000000.0,31312000000.0,30164500000.0,9159000000.0,22153000000.0,1.441,49.486,-3678000000.0,2517000000.0,2517000000.0,16129000000.0,1968000000.0,1.897,1.015,3152000000.0,1000000.0,3151000000.0,3152000000.0,0.0,2251000000.0,0.0,0.008,0.68,3121000000.0,5372000000.0,0.124,5372000000.0,3121000000.0,3059000000.0,6.26,6.23,6.26,15543000000.0,15465750000.0,15543000000.0,28575488175.0,9.0,5.319,707000000.0,2.251,1.0,27342000000.0,0.629,2757000000.0,62000000.0,24362000000.0,22819000000.0,456000000.0,0.0,0.0,0.0,15769000000.0,4828000000.0,10941000000.0,28120488175.0,621000000.0,-406000000.0,-97000000.0,563000000.0,-170000000.0,306000000.0,-4084000000.0,0.0,4385000000.0,14000000.0,1968000000.0,1968000000.0,1968000000.0,0.0,0.0,0.045,24213000000.0,3129000000.0,1730000000.0,0.109,1.809,14.289,14.302,18349000000.0,0.0,89.53,0.647,0.647,5202000000.0,17899000000.0,43471000000.0,43471000000.0,0.0,0.065,0.127,0.137,0.072,109000000.0,16349000000.0,1.0,314090117.0,314090117,,138.403,28555000000.0,510000000.0,1091000000.0,973000000.0,90.913,4331000000.0
36,FDX,MRT,2012-09-30,2012-08-31,2012-08-31,2021-09-21,-4847000000.0,30691000000.0,29449500000.0,8877000000.0,21814000000.0,1.458,47.454,-3869000000.0,2743000000.0,2743000000.0,15803000000.0,2027000000.0,1.846,1.043,3198000000.0,117000000.0,3081000000.0,3198000000.0,0.0,2177000000.0,0.0,0.006,0.53,3195000000.0,5372000000.0,0.125,5372000000.0,3195000000.0,3144000000.0,6.44,6.41,6.44,15024000000.0,15559250000.0,15024000000.0,27351636443.0,9.0,5.092,1009000000.0,3.187,1.0,27148000000.0,0.632,2734000000.0,51000000.0,23603000000.0,22066750000.0,465000000.0,0.0,0.0,0.0,15667000000.0,4809000000.0,10858000000.0,27743636443.0,784000000.0,-407000000.0,-313000000.0,678000000.0,-167000000.0,207000000.0,-4276000000.0,0.0,4878000000.0,-25000000.0,2027000000.0,2027000000.0,2027000000.0,0.0,0.0,0.047,23957000000.0,3191000000.0,1643000000.0,0.082,1.847,13.687,13.607,17866000000.0,0.0,87.63,0.646,0.646,4780000000.0,17505000000.0,42951000000.0,42951000000.0,0.0,0.069,0.13,0.145,0.074,108000000.0,16198000000.0,1.0,316599754.0,316599754,,135.663,27957000000.0,518000000.0,1117000000.0,879000000.0,88.304,4068000000.0
37,FDX,MRT,2012-06-30,2012-05-31,2012-05-31,2021-09-21,-4953000000.0,29903000000.0,28736250000.0,9056000000.0,20847000000.0,1.485,46.698,-4007000000.0,2843000000.0,2843000000.0,15758000000.0,2032000000.0,1.685,1.03,2451000000.0,417000000.0,2034000000.0,2451000000.0,0.0,2113000000.0,0.0,0.006,0.52,3193000000.0,5306000000.0,0.124,5306000000.0,3193000000.0,3141000000.0,6.44,6.41,6.44,14727000000.0,15731750000.0,14727000000.0,28491895408.0,9.0,5.37,828000000.0,2.626,1.0,26922000000.0,0.631,2387000000.0,52000000.0,21750000000.0,21404750000.0,440000000.0,0.0,0.0,0.0,15176000000.0,5374000000.0,9802000000.0,28111895408.0,515000000.0,-42000000.0,-69000000.0,-29000000.0,-164000000.0,-244000000.0,-4049000000.0,0.0,4835000000.0,-27000000.0,2032000000.0,2032000000.0,2032000000.0,0.0,0.0,0.048,23736000000.0,3186000000.0,1613000000.0,0.081,1.909,13.835,13.842,17248000000.0,0.0,89.14,0.659,0.659,4704000000.0,17134000000.0,42680000000.0,42680000000.0,0.0,0.071,0.129,0.149,0.075,105000000.0,16099000000.0,1.0,315367909.0,315367909,,135.334,27516000000.0,533000000.0,1109000000.0,836000000.0,87.25,3682000000.0
38,FDX,MRT,2012-03-31,2012-02-29,2012-02-29,2021-09-21,-2483000000.0,28752000000.0,28106750000.0,8198000000.0,20554000000.0,1.502,52.686,-3677000000.0,2040000000.0,2040000000.0,15688000000.0,2040000000.0,1.591,0.735,2420000000.0,419000000.0,2001000000.0,2420000000.0,0.0,2069000000.0,0.0,0.006,0.51,3209000000.0,5278000000.0,0.125,5278000000.0,3209000000.0,3158000000.0,6.46,6.43,6.46,16569000000.0,15855000000.0,16569000000.0,28980423619.0,9.0,5.491,924000000.0,2.938,1.0,26536000000.0,0.628,2419000000.0,51000000.0,21561000000.0,21045500000.0,447000000.0,0.0,0.0,0.0,12183000000.0,5152000000.0,7031000000.0,28300423619.0,681000000.0,2000000.0,-70000000.0,-28000000.0,-161000000.0,-245000000.0,-3675000000.0,0.0,4601000000.0,0.0,2040000000.0,2040000000.0,2040000000.0,0.0,0.0,0.048,23318000000.0,3218000000.0,1687000000.0,0.079,1.708,13.873,13.93,16843000000.0,0.0,89.99,0.67,0.67,4635000000.0,16584000000.0,42224000000.0,42224000000.0,0.0,0.073,0.129,0.152,0.076,103000000.0,15873000000.0,1.0,314484094.0,314484094,,134.264,26333000000.0,617000000.0,1118000000.0,2030000000.0,83.734,3046000000.0
39,FDX,MRT,2011-12-31,2011-11-30,2011-11-30,2021-09-21,-2581000000.0,28452000000.0,27469250000.0,8168000000.0,20284000000.0,1.504,50.177,-3592000000.0,1896000000.0,1896000000.0,15348000000.0,1750000000.0,1.518,0.788,2576000000.0,428000000.0,2148000000.0,2576000000.0,0.0,2019000000.0,0.0,0.005,0.38,2789000000.0,4808000000.0,0.116,4808000000.0,2789000000.0,2726000000.0,5.53,5.51,5.53,15917000000.0,15432750000.0,15917000000.0,26887448676.0,10.0,5.592,606000000.0,1.91,1.0,25975000000.0,0.629,2399000000.0,63000000.0,21353000000.0,20755750000.0,440000000.0,0.0,0.0,0.0,12535000000.0,5380000000.0,7155000000.0,26354448676.0,19000000.0,-91000000.0,-82000000.0,-268000000.0,-157000000.0,-488000000.0,-3683000000.0,0.0,4198000000.0,-8000000.0,1750000000.0,1750000000.0,1750000000.0,0.0,0.0,0.042,23177000000.0,2798000000.0,1646000000.0,0.069,1.656,15.06,15.024,16709000000.0,0.0,83.08,0.638,0.638,4837000000.0,16103000000.0,41323000000.0,41323000000.0,0.0,0.064,0.113,0.134,0.067,102000000.0,15680000000.0,1.0,317217726.0,317217726,,130.267,26053000000.0,628000000.0,976000000.0,1555000000.0,82.13,2788000000.0
40,FDX,MRT,2011-09-30,2011-08-31,2011-08-31,2021-09-21,-2501000000.0,27838000000.0,26879500000.0,7963000000.0,19875000000.0,1.502,49.567,-3532000000.0,1959000000.0,1959000000.0,14867000000.0,1536000000.0,1.599,0.772,2492000000.0,301000000.0,2191000000.0,2492000000.0,0.0,2003000000.0,0.0,0.006,0.49,2465000000.0,4468000000.0,0.111,4468000000.0,2465000000.0,2386000000.0,4.86,4.83,4.86,15714000000.0,15093750000.0,15714000000.0,25092371501.0,10.0,5.616,573000000.0,1.807,1.0,25501000000.0,0.632,2435000000.0,79000000.0,20955000000.0,20407500000.0,418000000.0,0.0,0.0,0.0,12124000000.0,4981000000.0,7143000000.0,24956371501.0,250000000.0,-94000000.0,128000000.0,-267000000.0,-154000000.0,-272000000.0,-3626000000.0,0.0,4105000000.0,43000000.0,1536000000.0,1536000000.0,1536000000.0,0.0,0.0,0.038,23014000000.0,2487000000.0,1563000000.0,0.101,1.588,16.248,16.198,15820000000.0,0.0,78.72,0.618,0.618,4624000000.0,15648000000.0,40368000000.0,40368000000.0,0.0,0.057,0.102,0.121,0.061,101000000.0,15477000000.0,1.0,317027077.0,317027077,,127.333,25403000000.0,610000000.0,850000000.0,1441000000.0,80.129,2982000000.0
41,FDX,MRT,2011-06-30,2011-05-31,2011-05-31,2021-09-21,-2550000000.0,27385000000.0,26223000000.0,8285000000.0,19100000000.0,1.499,48.217,-3434000000.0,2328000000.0,2328000000.0,14266000000.0,1452000000.0,1.697,0.799,2464000000.0,18000000.0,2446000000.0,2464000000.0,0.0,1973000000.0,0.0,0.005,0.48,2351000000.0,4324000000.0,0.11,4324000000.0,2351000000.0,2265000000.0,4.61,4.57,4.61,15220000000.0,14716500000.0,15220000000.0,30653209783.0,13.0,7.089,607000000.0,1.923,1.0,25038000000.0,0.637,2326000000.0,86000000.0,20313000000.0,20043250000.0,437000000.0,0.0,0.0,0.0,12165000000.0,4882000000.0,7283000000.0,29558209783.0,376000000.0,15000000.0,108000000.0,-262000000.0,-151000000.0,-287000000.0,-3419000000.0,0.0,4041000000.0,41000000.0,1452000000.0,1452000000.0,1452000000.0,0.0,0.0,0.037,22660000000.0,2378000000.0,1702000000.0,0.104,1.942,20.357,20.312,15543000000.0,0.0,93.64,0.752,0.752,4581000000.0,15266000000.0,39304000000.0,39304000000.0,0.0,0.055,0.099,0.117,0.06,98000000.0,15276000000.0,1.0,315657943.0,315657943,,124.515,25059000000.0,610000000.0,813000000.0,1336000000.0,79.387,3403000000.0
42,FDX,MRT,2011-03-31,2011-02-28,2011-02-28,2021-09-21,-2256000000.0,26202000000.0,25602250000.0,7238000000.0,18964000000.0,1.491,47.235,-3538000000.0,1359000000.0,1359000000.0,13637000000.0,1313000000.0,1.582,0.761,2454000000.0,18000000.0,2436000000.0,2454000000.0,0.0,1962000000.0,0.0,0.005,0.47,2164000000.0,4126000000.0,0.108,4126000000.0,2164000000.0,2072000000.0,4.18,4.15,4.18,14880000000.0,14364250000.0,14880000000.0,29312149551.0,14.0,7.104,149000000.0,0.473,1.0,24543000000.0,0.643,2321000000.0,92000000.0,20402000000.0,19674750000.0,413000000.0,0.0,0.0,0.0,11322000000.0,4574000000.0,6748000000.0,28358149551.0,-190000000.0,-77000000.0,122000000.0,-283000000.0,-148000000.0,-286000000.0,-3615000000.0,0.0,3687000000.0,24000000.0,1313000000.0,1313000000.0,1313000000.0,0.0,0.0,0.034,22357000000.0,2186000000.0,1590000000.0,0.112,1.906,21.598,21.536,15328000000.0,0.0,90.02,0.743,0.743,4478000000.0,14709000000.0,38180000000.0,38180000000.0,0.0,0.051,0.091,0.11,0.057,99000000.0,15087000000.0,1.0,315020546.0,315020546,,121.198,23881000000.0,540000000.0,759000000.0,1328000000.0,75.808,2664000000.0
43,FDX,MRT,2010-12-31,2010-11-30,2010-11-30,2021-09-21,-2316000000.0,26093000000.0,25270750000.0,7398000000.0,18695000000.0,1.473,46.278,-3326000000.0,1877000000.0,1877000000.0,13068000000.0,1321000000.0,1.521,0.792,2831000000.0,251000000.0,2580000000.0,2831000000.0,0.0,1957000000.0,0.0,0.006,0.58,2180000000.0,4137000000.0,0.111,4137000000.0,2180000000.0,2093000000.0,4.21,4.18,4.21,14561000000.0,14239250000.0,14561000000.0,29708164279.0,14.0,7.181,466000000.0,1.481,1.0,24150000000.0,0.649,2224000000.0,87000000.0,19960000000.0,19435500000.0,400000000.0,0.0,0.0,0.0,11532000000.0,4863000000.0,6669000000.0,28670164279.0,412000000.0,9000000.0,95000000.0,-40000000.0,-145000000.0,-70000000.0,-3317000000.0,0.0,3792000000.0,7000000.0,1321000000.0,1321000000.0,1321000000.0,0.0,0.0,0.035,21941000000.0,2209000000.0,1561000000.0,0.138,1.969,21.703,21.644,15266000000.0,0.0,91.12,0.77,0.77,4279000000.0,14515000000.0,37218000000.0,37218000000.0,0.0,0.052,0.093,0.112,0.059,99000000.0,14808000000.0,1.0,314641838.0,314641838,,118.287,23869000000.0,540000000.0,772000000.0,976000000.0,75.861,2535000000.0
44,FDX,MRT,2010-09-30,2010-08-31,2010-08-31,2021-09-21,-2386000000.0,25212000000.0,24896000000.0,7036000000.0,18176000000.0,1.453,45.161,-2948000000.0,1709000000.0,1709000000.0,12541000000.0,1383000000.0,1.549,0.775,2747000000.0,251000000.0,2496000000.0,2747000000.0,0.0,1942000000.0,0.0,0.006,0.45,2282000000.0,4224000000.0,0.117,4224000000.0,2282000000.0,2203000000.0,4.41,4.39,4.41,14205000000.0,14141000000.0,14205000000.0,25331858005.0,11.0,5.997,88000000.0,0.28,1.0,23641000000.0,0.653,2211000000.0,79000000.0,19498000000.0,19350750000.0,377000000.0,0.0,0.0,0.0,11007000000.0,4541000000.0,6466000000.0,24549858005.0,-80000000.0,12000000.0,95000000.0,-157000000.0,-142000000.0,-183000000.0,-2936000000.0,0.0,3036000000.0,3000000.0,1383000000.0,1383000000.0,1383000000.0,0.0,0.0,0.038,21330000000.0,2311000000.0,1423000000.0,0.102,1.728,17.751,17.698,14679000000.0,0.0,78.05,0.679,0.679,4135000000.0,14270000000.0,36182000000.0,36182000000.0,0.0,0.056,0.098,0.118,0.063,100000000.0,14453000000.0,1.0,314540141.0,314540141,,115.031,23001000000.0,529000000.0,820000000.0,902000000.0,73.126,2495000000.0
45,FDX,MRT,2010-06-30,2010-05-31,2010-05-31,2021-09-21,-2440000000.0,24902000000.0,24557250000.0,7284000000.0,17618000000.0,1.414,44.098,-2816000000.0,1952000000.0,1952000000.0,11908000000.0,1184000000.0,1.568,0.803,2734000000.0,262000000.0,2472000000.0,2734000000.0,0.0,1958000000.0,0.0,0.005,0.44,1973000000.0,3931000000.0,0.113,3931000000.0,1973000000.0,1894000000.0,3.78,3.76,3.78,13811000000.0,14036250000.0,13811000000.0,27318233434.0,14.0,6.949,322000000.0,1.028,1.0,22826000000.0,0.657,2200000000.0,79000000.0,18839000000.0,19185250000.0,389000000.0,0.0,0.0,0.0,11091000000.0,4645000000.0,6446000000.0,26148233434.0,-340000000.0,35000000.0,94000000.0,-653000000.0,-138000000.0,-692000000.0,-2781000000.0,0.0,3138000000.0,-5000000.0,1184000000.0,1184000000.0,1184000000.0,0.0,0.0,0.034,20828000000.0,1998000000.0,1522000000.0,0.116,1.893,22.085,22.087,14385000000.0,0.0,83.49,0.753,0.753,4163000000.0,13966000000.0,34734000000.0,34734000000.0,0.0,0.048,0.084,0.103,0.057,101000000.0,14027000000.0,1.0,313190004.0,313190004,,110.904,22702000000.0,529000000.0,710000000.0,891000000.0,72.486,2639000000.0
46,FDX,MRT,2010-03-31,2010-02-28,2010-02-28,2021-09-21,-1362000000.0,24876000000.0,24392750000.0,6683000000.0,18193000000.0,1.359,45.955,-2453000000.0,1549000000.0,1549000000.0,11166000000.0,-111000000.0,1.529,0.73,2719000000.0,283000000.0,2436000000.0,2719000000.0,0.0,1966000000.0,0.0,0.005,0.44,447000000.0,2413000000.0,0.073,2413000000.0,447000000.0,348000000.0,-0.38,-0.37,-0.38,14380000000.0,13990000000.0,14380000000.0,27905703032.0,62.0,11.565,-13000000.0,-0.042,1.0,21992000000.0,0.663,2229000000.0,99000000.0,19445000000.0,19121500000.0,380000000.0,0.0,0.0,0.0,10496000000.0,4372000000.0,6124000000.0,26522703032.0,-1124000000.0,72000000.0,67000000.0,-1132000000.0,-137000000.0,-1206000000.0,-2381000000.0,0.0,2440000000.0,23000000.0,-111000000.0,-111000000.0,-111000000.0,0.0,0.0,-0.003,21539000000.0,453000000.0,1489000000.0,-1.158,1.844,-238.943,-223.053,14003000000.0,0.0,84.76,0.8,0.8,3937000000.0,13546000000.0,33158000000.0,33158000000.0,0.0,-0.005,-0.008,0.023,0.013,101000000.0,13615000000.0,1.0,312915326.0,312915326,,105.965,22647000000.0,517000000.0,459000000.0,1384000000.0,72.374,2311000000.0
47,FDX,MRT,2009-12-31,2009-11-30,2009-11-30,2021-09-21,-1334000000.0,24594000000.0,24925250000.0,6434000000.0,18160000000.0,1.308,45.335,-2621000000.0,1465000000.0,1465000000.0,10893000000.0,-253000000.0,1.562,0.736,2848000000.0,40000000.0,2808000000.0,2848000000.0,0.0,1974000000.0,0.0,0.005,0.44,225000000.0,2199000000.0,0.067,2199000000.0,225000000.0,126000000.0,-0.83,-0.82,-0.83,14168000000.0,14282750000.0,14168000000.0,27490188085.0,122.0,12.501,34000000.0,0.109,1.0,21701000000.0,0.666,2237000000.0,99000000.0,19621000000.0,18991250000.0,391000000.0,0.0,0.0,0.0,10426000000.0,4119000000.0,6307000000.0,26392188085.0,-77000000.0,79000000.0,57000000.0,-125000000.0,-138000000.0,-221000000.0,-2542000000.0,0.0,2655000000.0,31000000.0,-253000000.0,-253000000.0,-253000000.0,0.0,0.0,-0.008,21482000000.0,219000000.0,1417000000.0,-0.53,1.863,-104.317,-101.747,13937000000.0,0.0,84.45,0.81,0.81,3771000000.0,13342000000.0,32594000000.0,32594000000.0,0.0,-0.01,-0.018,0.012,0.007,101000000.0,13480000000.0,1.0,312518509.0,312518509,,104.295,22357000000.0,515000000.0,379000000.0,1228000000.0,71.538,2315000000.0
48,FDX,MRT,2009-09-30,2009-08-31,2009-08-31,2021-09-21,-1363000000.0,23857000000.0,25372750000.0,6388000000.0,17469000000.0,1.322,44.139,-2703000000.0,1789000000.0,1789000000.0,11411000000.0,-105000000.0,1.644,0.731,2887000000.0,158000000.0,2729000000.0,2887000000.0,0.0,1978000000.0,0.0,0.006,0.44,447000000.0,2425000000.0,0.072,2425000000.0,447000000.0,353000000.0,-0.34,-0.34,-0.34,13786000000.0,14611000000.0,13786000000.0,22553483981.0,50.0,9.3,250000000.0,0.8,1.0,22125000000.0,0.66,2233000000.0,94000000.0,18836000000.0,18534500000.0,372000000.0,0.0,0.0,0.0,10071000000.0,3886000000.0,6185000000.0,21460483981.0,216000000.0,87000000.0,43000000.0,-8000000.0,-137000000.0,-120000000.0,-2616000000.0,0.0,2953000000.0,-1000000.0,-105000000.0,-105000000.0,-105000000.0,0.0,0.0,-0.003,21693000000.0,432000000.0,1311000000.0,-1.294,1.557,-204.386,-202.088,13538000000.0,0.0,68.71,0.64,0.64,3410000000.0,13031000000.0,33536000000.0,33536000000.0,0.0,-0.004,-0.007,0.024,0.013,101000000.0,13559000000.0,1.0,312334216.0,312334216,,107.372,21624000000.0,510000000.0,458000000.0,1132000000.0,69.234,2502000000.0
49,FDX,MRT,2009-06-30,2009-05-31,2009-05-31,2021-09-21,-1373000000.0,24244000000.0,25944250000.0,7116000000.0,17128000000.0,1.368,43.763,-2459000000.0,2292000000.0,2292000000.0,12672000000.0,98000000.0,1.573,0.779,3385000000.0,653000000.0,2732000000.0,3385000000.0,0.0,1975000000.0,0.0,0.008,0.44,762000000.0,2737000000.0,0.077,2737000000.0,762000000.0,677000000.0,0.31,0.31,0.31,13626000000.0,14949500000.0,13626000000.0,18380592842.0,24.0,6.716,294000000.0,0.944,1.0,22825000000.0,0.643,2229000000.0,85000000.0,18584000000.0,18229500000.0,367000000.0,0.0,0.0,0.0,10618000000.0,4524000000.0,6094000000.0,17258592842.0,753000000.0,76000000.0,41000000.0,499000000.0,-137000000.0,400000000.0,-2383000000.0,0.0,2753000000.0,-17000000.0,98000000.0,98000000.0,98000000.0,0.0,0.0,0.003,22078000000.0,747000000.0,1372000000.0,1.419,1.267,176.108,178.806,13417000000.0,0.0,55.43,0.486,0.486,3391000000.0,12919000000.0,35497000000.0,35497000000.0,0.0,0.004,0.007,0.042,0.021,99000000.0,13767000000.0,1.0,311358341.0,311358341,,114.007,22015000000.0,511000000.0,579000000.0,1071000000.0,70.706,2592000000.0
50,FDX,MRT,2009-03-31,2009-02-28,2009-02-28,2021-09-21,-272000000.0,27006000000.0,26291500000.0,7373000000.0,19633000000.0,1.427,49.956,-2769000000.0,2673000000.0,2673000000.0,13832000000.0,733000000.0,1.507,0.737,3795000000.0,1089000000.0,2706000000.0,3795000000.0,0.0,1978000000.0,0.0,0.01,0.43,1470000000.0,3448000000.0,0.092,3448000000.0,1470000000.0,1384000000.0,2.36,2.35,2.36,15551000000.0,15174500000.0,15551000000.0,14575926801.0,10.0,4.227,740000000.0,2.377,1.0,23679000000.0,0.631,4311000000.0,86000000.0,18924000000.0,17913750000.0,370000000.0,0.0,0.0,0.0,11455000000.0,4893000000.0,6562000000.0,13450926801.0,1662000000.0,47000000.0,47000000.0,983000000.0,-134000000.0,905000000.0,-2722000000.0,0.0,3509000000.0,-30000000.0,733000000.0,733000000.0,733000000.0,0.0,0.0,0.02,22246000000.0,1433000000.0,1392000000.0,0.182,0.865,18.351,18.309,13619000000.0,0.0,43.21,0.359,0.359,3520000000.0,13795000000.0,37511000000.0,37511000000.0,0.0,0.028,0.048,0.082,0.039,102000000.0,14118000000.0,1.0,311291988.0,311291988,,120.501,22695000000.0,516000000.0,651000000.0,1522000000.0,72.906,2480000000.0
51,FDX,MRT,2008-12-31,2008-11-30,2008-11-30,2021-09-21,-258000000.0,26384000000.0,25689000000.0,6834000000.0,19550000000.0,1.511,49.739,-2812000000.0,1542000000.0,1542000000.0,14480000000.0,1029000000.0,1.237,0.704,2667000000.0,1089000000.0,1578000000.0,2667000000.0,0.0,1974000000.0,0.0,0.006,0.42,1930000000.0,3904000000.0,0.101,3904000000.0,1930000000.0,1853000000.0,3.32,3.3,3.32,15481000000.0,14834750000.0,15481000000.0,23107241153.0,12.0,5.919,844000000.0,2.712,1.0,24331000000.0,0.627,4192000000.0,77000000.0,17794000000.0,17375250000.0,405000000.0,0.0,0.0,0.0,10903000000.0,5523000000.0,5380000000.0,21989241153.0,712000000.0,60000000.0,66000000.0,-125000000.0,-130000000.0,-162000000.0,-2752000000.0,0.0,3656000000.0,-30000000.0,1029000000.0,1029000000.0,1029000000.0,0.0,0.0,0.027,22439000000.0,1892000000.0,1878000000.0,0.127,1.42,21.37,21.28,13610000000.0,0.0,70.65,0.567,0.567,4103000000.0,13733000000.0,38811000000.0,38811000000.0,0.0,0.04,0.069,0.111,0.05,103000000.0,14297000000.0,1.0,311241913.0,311241913,,124.697,22192000000.0,518000000.0,824000000.0,1511000000.0,71.301,1311000000.0
52,FDX,MRT,2008-09-30,2008-08-31,2008-08-31,2021-09-21,-115000000.0,26143000000.0,25179750000.0,7174000000.0,18969000000.0,1.538,48.652,-2808000000.0,1573000000.0,1573000000.0,14386000000.0,1015000000.0,1.3,0.727,2691000000.0,1001000000.0,1690000000.0,2691000000.0,0.0,1965000000.0,0.0,0.005,0.41,1929000000.0,3894000000.0,0.101,3894000000.0,1929000000.0,1847000000.0,3.28,3.26,3.28,15140000000.0,14404500000.0,15140000000.0,26912559351.0,14.0,6.911,554000000.0,1.78,1.0,24338000000.0,0.628,4126000000.0,82000000.0,17616000000.0,17077000000.0,412000000.0,0.0,0.0,0.0,11003000000.0,5519000000.0,5484000000.0,25772559351.0,461000000.0,61000000.0,73000000.0,-133000000.0,-127000000.0,-158000000.0,-2747000000.0,0.0,3362000000.0,4000000.0,1015000000.0,1015000000.0,1015000000.0,0.0,0.0,0.026,22447000000.0,1891000000.0,2050000000.0,0.125,1.702,25.392,25.25,13533000000.0,0.0,82.82,0.666,0.666,4361000000.0,13274000000.0,38724000000.0,38724000000.0,0.0,0.04,0.07,0.113,0.05,105000000.0,14304000000.0,1.0,311187628.0,311187628,,124.439,22017000000.0,528000000.0,832000000.0,1484000000.0,70.752,1655000000.0
53,FDX,MRT,2008-06-30,2008-05-31,2008-05-31,2021-09-21,-425000000.0,25633000000.0,24620500000.0,7244000000.0,18389000000.0,1.542,46.848,-2947000000.0,1539000000.0,1539000000.0,13552000000.0,1125000000.0,1.349,0.765,2679000000.0,502000000.0,2177000000.0,2679000000.0,0.0,1946000000.0,0.0,0.004,0.4,2114000000.0,4060000000.0,0.107,4060000000.0,2114000000.0,2016000000.0,3.64,3.6,3.64,14526000000.0,13924750000.0,14526000000.0,30072973750.0,14.0,7.407,518000000.0,1.671,1.0,24401000000.0,0.643,4084000000.0,98000000.0,17321000000.0,16713250000.0,435000000.0,0.0,0.0,0.0,11107000000.0,5368000000.0,5739000000.0,28435973750.0,-30000000.0,50000000.0,108000000.0,-639000000.0,-124000000.0,-617000000.0,-2897000000.0,0.0,3465000000.0,19000000.0,1125000000.0,1125000000.0,1125000000.0,0.0,0.0,0.03,22326000000.0,2075000000.0,2195000000.0,0.11,1.958,25.276,25.195,13478000000.0,0.0,91.71,0.749,0.749,4359000000.0,13002000000.0,37953000000.0,37953000000.0,0.0,0.046,0.081,0.126,0.056,101000000.0,14202000000.0,1.0,310064047.0,310064047,,122.404,21549000000.0,544000000.0,891000000.0,1264000000.0,69.499,1876000000.0
54,FDX,MRT,2008-03-31,2008-02-29,2008-02-29,2021-09-21,-928000000.0,24596000000.0,24212250000.0,6431000000.0,18165000000.0,1.538,45.86,-2935000000.0,1011000000.0,1011000000.0,12781000000.0,1976000000.0,1.394,0.733,2648000000.0,18000000.0,2630000000.0,2648000000.0,0.0,1911000000.0,0.0,0.004,0.39,3325000000.0,5236000000.0,0.141,5236000000.0,3325000000.0,3176000000.0,6.4,6.34,6.4,14192000000.0,13457250000.0,14192000000.0,29208110880.0,9.0,5.578,695000000.0,2.246,1.0,24457000000.0,0.657,4851000000.0,149000000.0,16770000000.0,16275250000.0,384000000.0,0.0,0.0,0.0,10404000000.0,4612000000.0,5792000000.0,27273110880.0,-759000000.0,-248000000.0,93000000.0,-1246000000.0,-120000000.0,-1226000000.0,-3183000000.0,0.0,3630000000.0,20000000.0,1976000000.0,1976000000.0,1976000000.0,0.0,0.0,0.053,21207000000.0,3250000000.0,2164000000.0,0.061,1.922,13.802,13.77,13314000000.0,0.0,88.13,0.732,0.732,4242000000.0,13244000000.0,37238000000.0,37238000000.0,0.0,0.082,0.147,0.204,0.089,101000000.0,14101000000.0,1.0,309464551.0,309464551,,120.33,19745000000.0,551000000.0,1200000000.0,1022000000.0,63.804,1819000000.0
55,FDX,MRT,2007-12-31,2007-11-30,2007-11-30,2021-09-21,-945000000.0,24347000000.0,24306500000.0,6351000000.0,17996000000.0,1.497,44.493,-2945000000.0,830000000.0,830000000.0,12299000000.0,2003000000.0,1.293,0.769,2765000000.0,127000000.0,2638000000.0,2765000000.0,0.0,1868000000.0,0.0,0.004,0.38,3327000000.0,5195000000.0,0.143,5195000000.0,3327000000.0,3177000000.0,6.5,6.43,6.5,13760000000.0,13161750000.0,13760000000.0,32138353894.0,10.0,6.186,528000000.0,1.707,1.0,24094000000.0,0.662,4771000000.0,150000000.0,16601000000.0,16289750000.0,392000000.0,0.0,0.0,0.0,10587000000.0,4910000000.0,5677000000.0,30453353894.0,-1025000000.0,-470000000.0,110000000.0,-1140000000.0,-117000000.0,-1103000000.0,-3415000000.0,0.0,3473000000.0,20000000.0,2003000000.0,2003000000.0,2003000000.0,0.0,0.0,0.055,20844000000.0,3250000000.0,2300000000.0,0.058,2.213,15.204,15.149,13225000000.0,0.0,98.47,0.837,0.837,4324000000.0,12882000000.0,36393000000.0,36393000000.0,0.0,0.082,0.152,0.204,0.091,101000000.0,13922000000.0,1.0,309265298.0,309265298,,117.676,19576000000.0,531000000.0,1174000000.0,928000000.0,63.298,1441000000.0
56,FDX,MRT,2007-09-30,2007-08-31,2007-08-31,2021-09-21,-1000000000.0,23906000000.0,24398000000.0,6228000000.0,17678000000.0,1.47,42.818,-2958000000.0,1112000000.0,1112000000.0,11905000000.0,2035000000.0,1.327,0.808,2797000000.0,134000000.0,2663000000.0,2797000000.0,0.0,1816000000.0,0.0,0.003,0.37,3384000000.0,5200000000.0,0.145,5200000000.0,3384000000.0,3232000000.0,6.62,6.53,6.62,13221000000.0,12861250000.0,13221000000.0,35597784359.0,11.0,6.846,735000000.0,2.38,1.0,23963000000.0,0.668,4735000000.0,152000000.0,16161000000.0,16261500000.0,342000000.0,0.0,0.0,0.0,10685000000.0,4695000000.0,5990000000.0,33865784359.0,-1578000000.0,-1243000000.0,125000000.0,-1137000000.0,-113000000.0,-1078000000.0,-4201000000.0,0.0,3693000000.0,8000000.0,2035000000.0,2035000000.0,2035000000.0,0.0,0.0,0.057,20657000000.0,3306000000.0,2018000000.0,0.056,2.562,16.642,16.568,12943000000.0,0.0,109.68,0.944,0.944,3959000000.0,12433000000.0,35868000000.0,35868000000.0,0.0,0.083,0.158,0.208,0.094,101000000.0,13938000000.0,1.0,308769004.0,308769004,,116.165,19171000000.0,533000000.0,1197000000.0,918000000.0,62.088,1533000000.0
57,FDX,MRT,2007-06-30,2007-05-31,2007-05-31,2021-09-21,-1030000000.0,24000000000.0,24391000000.0,6629000000.0,17371000000.0,1.444,41.117,-2882000000.0,1569000000.0,1569000000.0,11701000000.0,2016000000.0,1.221,0.896,3301000000.0,639000000.0,2662000000.0,3301000000.0,0.0,1742000000.0,0.0,0.003,0.36,3351000000.0,5093000000.0,0.145,5093000000.0,3351000000.0,3215000000.0,6.57,6.48,6.57,12656000000.0,12561250000.0,12656000000.0,36479759228.0,11.0,7.163,675000000.0,2.193,1.0,23513000000.0,0.668,4735000000.0,136000000.0,15569000000.0,16065000000.0,338000000.0,0.0,0.0,0.0,11344000000.0,5428000000.0,5916000000.0,34356759228.0,-368000000.0,-1242000000.0,115000000.0,148000000.0,-110000000.0,193000000.0,-4124000000.0,0.0,3557000000.0,6000000.0,2016000000.0,2016000000.0,2016000000.0,0.0,0.0,0.057,20237000000.0,3276000000.0,2016000000.0,0.055,2.715,17.042,16.989,12636000000.0,0.0,111.62,0.976,0.976,3942000000.0,11970000000.0,35214000000.0,35214000000.0,0.0,0.083,0.16,0.209,0.095,103000000.0,13740000000.0,1.0,307801104.0,307801104,,114.405,19265000000.0,536000000.0,1199000000.0,897000000.0,62.589,1201000000.0
58,FDX,MRT,2007-03-31,2007-02-28,2007-02-28,2021-09-21,-30000000.0,24973000000.0,24063500000.0,6767000000.0,18206000000.0,1.436,42.362,-2774000000.0,1770000000.0,1770000000.0,11492000000.0,1974000000.0,1.173,0.92,3893000000.0,1259000000.0,2634000000.0,3893000000.0,0.0,1681000000.0,0.0,0.003,0.35,3226000000.0,4907000000.0,0.142,4907000000.0,3226000000.0,3129000000.0,6.45,6.34,6.45,13010000000.0,12275000000.0,13010000000.0,37077068007.0,11.0,7.556,787000000.0,2.563,1.0,23065000000.0,0.667,4498000000.0,97000000.0,16828000000.0,15741000000.0,322000000.0,0.0,0.0,0.0,11963000000.0,5770000000.0,6193000000.0,35082068007.0,649000000.0,-892000000.0,132000000.0,757000000.0,-107000000.0,798000000.0,-3710000000.0,0.0,3561000000.0,0.0,1974000000.0,1974000000.0,1974000000.0,0.0,0.0,0.057,19874000000.0,3191000000.0,1888000000.0,0.054,2.697,17.772,17.71,12169000000.0,0.0,114.23,1.015,1.015,3925000000.0,11391000000.0,34557000000.0,34557000000.0,0.0,0.082,0.161,0.205,0.093,178000000.0,13491000000.0,1.0,307117815.0,307117815,,112.52,20475000000.0,540000000.0,1155000000.0,1402000000.0,66.668,997000000.0
59,FDX,MRT,2006-12-31,2006-11-30,2006-11-30,2021-09-21,-22000000.0,24713000000.0,23205000000.0,6843000000.0,17870000000.0,1.464,40.954,-2651000000.0,1855000000.0,1855000000.0,11164000000.0,1982000000.0,1.145,0.968,3850000000.0,1168000000.0,2682000000.0,3850000000.0,0.0,1623000000.0,0.0,0.003,0.34,3297000000.0,4920000000.0,0.145,4920000000.0,3297000000.0,3183000000.0,6.49,6.37,6.49,12558000000.0,11753500000.0,12558000000.0,36584703866.0,11.0,7.436,1238000000.0,4.037,1.0,22804000000.0,0.671,4246000000.0,114000000.0,16488000000.0,15243000000.0,325000000.0,0.0,0.0,0.0,12155000000.0,5974000000.0,6181000000.0,35394703866.0,1069000000.0,-688000000.0,146000000.0,506000000.0,-104000000.0,556000000.0,-3376000000.0,0.0,3889000000.0,0.0,1982000000.0,1982000000.0,1982000000.0,0.0,0.0,0.058,19541000000.0,3263000000.0,2060000000.0,0.052,2.818,17.858,17.786,11988000000.0,0.0,115.43,1.042,1.042,3956000000.0,10999000000.0,33968000000.0,33968000000.0,0.0,0.085,0.169,0.216,0.097,155000000.0,13239000000.0,1.0,306633491.0,306633491,,110.777,20467000000.0,515000000.0,1201000000.0,1352000000.0,66.747,869000000.0
60,FDX,MRT,2006-09-30,2006-08-31,2006-08-31,2021-09-21,-24000000.0,23878000000.0,22329500000.0,7342000000.0,16536000000.0,1.484,39.232,-2546000000.0,2690000000.0,2690000000.0,10964000000.0,1942000000.0,1.306,0.986,3880000000.0,1130000000.0,2750000000.0,3880000000.0,0.0,1579000000.0,0.0,0.003,0.33,3247000000.0,4826000000.0,0.146,4826000000.0,3247000000.0,3120000000.0,6.37,6.26,6.37,12021000000.0,11216000000.0,12021000000.0,32119647359.0,10.0,6.656,1012000000.0,3.303,1.0,22168000000.0,0.669,4070000000.0,127000000.0,15375000000.0,14829250000.0,320000000.0,0.0,0.0,0.0,11857000000.0,5623000000.0,6234000000.0,30956647359.0,1639000000.0,69000000.0,156000000.0,504000000.0,-101000000.0,559000000.0,-2478000000.0,0.0,3558000000.0,0.0,1942000000.0,1942000000.0,1942000000.0,0.0,0.0,0.059,18954000000.0,3214000000.0,1875000000.0,0.052,2.575,15.941,15.86,11115000000.0,0.0,101.03,0.934,0.934,3624000000.0,10516000000.0,33132000000.0,33132000000.0,0.0,0.087,0.173,0.219,0.098,130000000.0,12794000000.0,1.0,306410446.0,306410446,,108.129,19808000000.0,536000000.0,1178000000.0,1369000000.0,64.645,1719000000.0
61,FDX,MRT,2006-06-30,2006-05-31,2006-05-31,2021-09-21,-24000000.0,22690000000.0,21506500000.0,6464000000.0,16226000000.0,1.502,37.727,-2518000000.0,1937000000.0,1937000000.0,10674000000.0,1806000000.0,1.181,0.971,3100000000.0,850000000.0,2250000000.0,3100000000.0,0.0,1548000000.0,0.0,0.003,0.32,3041000000.0,4589000000.0,0.142,4589000000.0,3041000000.0,2899000000.0,5.94,5.83,5.94,11511000000.0,10693000000.0,11511000000.0,35307003575.0,12.0,7.694,1158000000.0,3.795,1.0,21620000000.0,0.669,4107000000.0,142000000.0,14273000000.0,14525250000.0,308000000.0,0.0,0.0,0.0,11179000000.0,5473000000.0,5706000000.0,33340003575.0,898000000.0,64000000.0,144000000.0,-369000000.0,-97000000.0,-324000000.0,-2454000000.0,0.0,3676000000.0,0.0,1806000000.0,1806000000.0,1806000000.0,0.0,0.0,0.056,18606000000.0,3014000000.0,1908000000.0,0.054,2.896,18.461,18.396,10770000000.0,0.0,109.27,1.032,1.032,3516000000.0,10068000000.0,32294000000.0,32294000000.0,0.0,0.084,0.169,0.209,0.094,99000000.0,12571000000.0,1.0,305115801.0,305115801,,105.842,18583000000.0,539000000.0,1093000000.0,1367000000.0,60.905,991000000.0
62,FDX,MRT,2006-03-31,2006-02-28,2006-02-28,2021-09-21,-5000000.0,21539000000.0,20935000000.0,5514000000.0,16025000000.0,1.505,35.948,-2431000000.0,1121000000.0,1121000000.0,10405000000.0,1686000000.0,1.222,0.972,3088000000.0,241000000.0,2847000000.0,3088000000.0,0.0,1516000000.0,0.0,0.003,0.31,2834000000.0,4350000000.0,0.138,4350000000.0,2834000000.0,2703000000.0,5.56,5.47,5.56,10924000000.0,10212250000.0,10924000000.0,35108286806.0,12.0,8.071,945000000.0,3.11,1.0,21110000000.0,0.67,4159000000.0,131000000.0,14836000000.0,14391750000.0,294000000.0,0.0,0.0,0.0,10615000000.0,4511000000.0,6104000000.0,32588286806.0,37000000.0,0.0,116000000.0,-973000000.0,-94000000.0,-952000000.0,-2387000000.0,0.0,3376000000.0,0.0,1686000000.0,1686000000.0,1686000000.0,0.0,0.0,0.053,18283000000.0,2827000000.0,1847000000.0,0.056,2.983,19.329,19.288,10423000000.0,0.0,107.24,1.034,1.034,3401000000.0,9528000000.0,31515000000.0,31515000000.0,0.0,0.081,0.165,0.197,0.09,68000000.0,12392000000.0,1.0,303881824.0,303881824,,103.708,17380000000.0,535000000.0,1017000000.0,1272000000.0,57.193,1003000000.0
63,FDX,MRT,2005-12-31,2005-11-30,2005-11-30,2021-09-21,-16000000.0,21211000000.0,20644000000.0,5292000000.0,15919000000.0,1.494,34.345,-2387000000.0,786000000.0,786000000.0,10129000000.0,1575000000.0,1.105,1.038,3306000000.0,493000000.0,2813000000.0,3306000000.0,0.0,1493000000.0,0.0,0.003,0.3,2671000000.0,4164000000.0,0.135,4164000000.0,2671000000.0,2534000000.0,5.2,5.12,5.2,10408000000.0,9761750000.0,10408000000.0,31863662104.0,12.0,7.652,626000000.0,2.066,1.0,20722000000.0,0.672,4107000000.0,137000000.0,14833000000.0,14096250000.0,278000000.0,0.0,0.0,0.0,10803000000.0,4791000000.0,6012000000.0,29582662104.0,-153000000.0,0.0,91000000.0,-820000000.0,-90000000.0,-821000000.0,-2345000000.0,0.0,3013000000.0,0.0,1575000000.0,1575000000.0,1575000000.0,0.0,0.0,0.051,18056000000.0,2666000000.0,1859000000.0,0.058,2.842,18.783,18.773,10275000000.0,0.0,97.62,0.959,0.959,3546000000.0,9125000000.0,30851000000.0,30851000000.0,0.0,0.076,0.161,0.189,0.087,68000000.0,12256000000.0,1.0,303038948.0,303038948,,101.805,17104000000.0,520000000.0,959000000.0,1251000000.0,56.442,501000000.0
64,FDX,MRT,2005-09-30,2005-08-31,2005-08-31,2021-09-21,-12000000.0,20586000000.0,20350500000.0,5246000000.0,15340000000.0,1.479,32.809,-2512000000.0,1051000000.0,1051000000.0,9735000000.0,1458000000.0,1.159,1.073,3332000000.0,295000000.0,3037000000.0,3332000000.0,0.0,1470000000.0,0.0,0.004,0.29,2473000000.0,3943000000.0,0.131,3943000000.0,2473000000.0,2328000000.0,4.83,4.74,4.83,9929000000.0,9358750000.0,9929000000.0,26935195751.0,11.0,6.831,651000000.0,2.151,1.0,20360000000.0,0.677,4183000000.0,145000000.0,14159000000.0,13865500000.0,251000000.0,0.0,0.0,0.0,10657000000.0,4525000000.0,6132000000.0,24646195751.0,-337000000.0,-122000000.0,87000000.0,-873000000.0,-87000000.0,-873000000.0,-2627000000.0,0.0,3163000000.0,0.0,1458000000.0,1458000000.0,1458000000.0,0.0,0.0,0.048,17884000000.0,2476000000.0,1705000000.0,0.06,2.482,16.904,16.861,9980000000.0,0.0,81.44,0.819,0.819,3270000000.0,8678000000.0,30095000000.0,30095000000.0,0.0,0.072,0.156,0.178,0.082,68000000.0,12105000000.0,1.0,302630105.0,302630105,,99.445,16403000000.0,510000000.0,870000000.0,1149000000.0,54.201,721000000.0
65,FDX,MRT,2005-06-30,2005-05-31,2005-05-31,2021-09-21,-17000000.0,20404000000.0,20048750000.0,5269000000.0,15135000000.0,1.465,31.741,-2236000000.0,1039000000.0,1039000000.0,9246000000.0,1449000000.0,1.113,1.128,3328000000.0,369000000.0,2959000000.0,3328000000.0,0.0,1462000000.0,0.0,0.003,0.28,2473000000.0,3935000000.0,0.134,3935000000.0,2473000000.0,2313000000.0,4.81,4.72,4.81,9588000000.0,8973750000.0,9588000000.0,29834472997.0,12.0,7.582,881000000.0,2.917,1.0,20117000000.0,0.685,4220000000.0,160000000.0,13739000000.0,13688750000.0,250000000.0,0.0,0.0,0.0,10816000000.0,4734000000.0,6082000000.0,27011472997.0,-7000000.0,-122000000.0,99000000.0,-791000000.0,-84000000.0,-776000000.0,-2348000000.0,0.0,3117000000.0,0.0,1449000000.0,1449000000.0,1449000000.0,0.0,0.0,0.049,17646000000.0,2471000000.0,1739000000.0,0.058,2.817,18.641,18.59,9643000000.0,0.0,89.42,0.92,0.92,3297000000.0,8363000000.0,29363000000.0,29363000000.0,0.0,0.072,0.161,0.181,0.084,68000000.0,11963000000.0,1.0,302074178.0,302074178,,97.205,16184000000.0,510000000.0,864000000.0,1206000000.0,53.576,535000000.0
66,FDX,MRT,2005-03-31,2005-02-28,2005-02-28,2021-09-21,-6000000.0,20375000000.0,19731250000.0,5272000000.0,15103000000.0,1.454,30.274,-2040000000.0,1084000000.0,1084000000.0,8869000000.0,1413000000.0,1.018,1.234,3907000000.0,973000000.0,2934000000.0,3907000000.0,0.0,1456000000.0,0.0,0.003,0.27,2416000000.0,3872000000.0,0.135,3872000000.0,2416000000.0,2245000000.0,4.7,4.62,4.7,9122000000.0,8585750000.0,9122000000.0,32540826812.0,13.0,8.404,1208000000.0,4.009,1.0,19820000000.0,0.691,4364000000.0,171000000.0,13654000000.0,13596750000.0,245000000.0,0.0,0.0,0.0,11253000000.0,5180000000.0,6073000000.0,29462826812.0,609000000.0,-122000000.0,113000000.0,-522000000.0,-81000000.0,-492000000.0,-2147000000.0,0.0,3248000000.0,0.0,1413000000.0,1413000000.0,1413000000.0,0.0,0.0,0.049,17404000000.0,2416000000.0,1685000000.0,0.057,3.23,20.851,20.804,9391000000.0,0.0,97.78,1.027,1.027,3188000000.0,7939000000.0,28689000000.0,28689000000.0,0.0,0.072,0.165,0.178,0.084,43000000.0,11826000000.0,1.0,301317517.0,301317517,,95.212,16011000000.0,554000000.0,832000000.0,1216000000.0,53.137,92000000.0
67,FDX,MRT,2004-12-31,2004-11-30,2004-11-30,2021-09-21,-3000000.0,20037000000.0,19224750000.0,5133000000.0,14904000000.0,1.426,29.264,-1838000000.0,939000000.0,939000000.0,8411000000.0,1303000000.0,1.045,1.278,4017000000.0,775000000.0,3242000000.0,4017000000.0,0.0,1428000000.0,0.0,0.003,0.26,2238000000.0,3666000000.0,0.134,3666000000.0,2238000000.0,2065000000.0,4.34,4.27,4.34,8796000000.0,8205500000.0,8796000000.0,31265266977.0,14.0,8.528,1161000000.0,3.863,1.0,19001000000.0,0.693,4291000000.0,173000000.0,13910000000.0,13535500000.0,256000000.0,0.0,0.0,0.0,11241000000.0,4914000000.0,6327000000.0,28563266977.0,-91000000.0,-2532000000.0,97000000.0,1250000000.0,-78000000.0,1268000000.0,-4358000000.0,0.0,2999000000.0,0.0,1303000000.0,1303000000.0,1303000000.0,0.0,0.0,0.048,16765000000.0,2236000000.0,1703000000.0,0.06,3.247,21.921,21.896,9346000000.0,0.0,95.03,1.042,1.042,3251000000.0,7643000000.0,27412000000.0,27412000000.0,0.0,0.068,0.159,0.165,0.082,43000000.0,11449000000.0,1.0,300571051.0,300571051,,91.2,15746000000.0,527000000.0,762000000.0,1176000000.0,52.387,219000000.0
68,FDX,MRT,2004-09-30,2004-08-31,2004-08-31,2021-09-21,-38000000.0,19379000000.0,18269000000.0,5271000000.0,14108000000.0,1.423,27.964,-1366000000.0,1388000000.0,1388000000.0,7840000000.0,1040000000.0,1.132,1.31,4090000000.0,830000000.0,3260000000.0,4090000000.0,0.0,1401000000.0,0.0,0.003,0.24,1827000000.0,3228000000.0,0.124,3228000000.0,1827000000.0,1657000000.0,3.47,3.42,3.47,8389000000.0,7859000000.0,8389000000.0,27640758130.0,15.0,8.563,1818000000.0,6.06,1.0,18158000000.0,0.698,3971000000.0,170000000.0,13452000000.0,13337250000.0,244000000.0,0.0,0.0,0.0,10990000000.0,4658000000.0,6332000000.0,24596758130.0,682000000.0,-2410000000.0,34000000.0,1298000000.0,-72000000.0,1260000000.0,-3762000000.0,0.0,3184000000.0,0.0,1040000000.0,1040000000.0,1040000000.0,0.0,0.0,0.04,16339000000.0,1819000000.0,1481000000.0,0.069,2.932,23.651,23.628,9092000000.0,0.0,81.99,0.946,0.946,2965000000.0,7310000000.0,25998000000.0,25998000000.0,0.0,0.057,0.132,0.137,0.07,43000000.0,11078000000.0,1.0,299997050.0,299997050,,86.661,15408000000.0,528000000.0,617000000.0,1198000000.0,51.361,613000000.0
69,FDX,MRT,2004-06-30,2004-05-31,2004-05-31,2021-09-21,-46000000.0,19134000000.0,17290500000.0,4970000000.0,14164000000.0,1.429,26.901,-1271000000.0,1046000000.0,1046000000.0,7379000000.0,838000000.0,1.034,1.381,4090000000.0,750000000.0,3340000000.0,4090000000.0,0.0,1375000000.0,0.0,0.003,0.22,1455000000.0,2830000000.0,0.115,2830000000.0,1455000000.0,1319000000.0,2.8,2.76,2.8,8036000000.0,7593500000.0,8036000000.0,25941798690.0,18.0,9.167,1749000000.0,5.855,1.0,17331000000.0,0.701,4000000000.0,136000000.0,13371000000.0,13221500000.0,249000000.0,0.0,0.0,0.0,11098000000.0,4807000000.0,6291000000.0,21979798690.0,508000000.0,-2410000000.0,-64000000.0,1280000000.0,-66000000.0,1150000000.0,-3662000000.0,0.0,3020000000.0,0.0,838000000.0,838000000.0,838000000.0,0.0,0.0,0.034,15891000000.0,1440000000.0,1615000000.0,0.079,2.735,26.229,26.279,9037000000.0,0.0,73.58,0.89,0.89,3027000000.0,7001000000.0,24710000000.0,24710000000.0,0.0,0.048,0.11,0.11,0.059,43000000.0,10728000000.0,1.0,298719743.0,298719743,,82.72,15134000000.0,489000000.0,481000000.0,1106000000.0,50.663,163000000.0
70,FDX,MRT,2004-03-31,2004-02-29,2004-02-29,2021-09-21,-17000000.0,18349000000.0,16353250000.0,4365000000.0,13984000000.0,1.437,25.474,-1229000000.0,475000000.0,475000000.0,7033000000.0,706000000.0,0.77,1.414,4437000000.0,2077000000.0,2360000000.0,4437000000.0,0.0,1350000000.0,0.0,0.003,0.21,1239000000.0,2589000000.0,0.11,2589000000.0,1239000000.0,1127000000.0,2.37,2.32,2.37,7601000000.0,7406500000.0,7601000000.0,22175022735.0,18.0,8.565,1468000000.0,4.92,1.0,16466000000.0,0.701,3236000000.0,112000000.0,13409000000.0,13008750000.0,256000000.0,0.0,0.0,0.0,10748000000.0,5666000000.0,5082000000.0,20493022735.0,289000000.0,-2410000000.0,-144000000.0,1419000000.0,-63000000.0,1216000000.0,-3624000000.0,0.0,2697000000.0,0.0,706000000.0,706000000.0,706000000.0,0.0,0.0,0.03,15219000000.0,1247000000.0,1464000000.0,0.089,2.696,29.027,28.979,9007000000.0,0.0,68.68,0.872,0.872,3000000000.0,6610000000.0,23499000000.0,23499000000.0,0.0,0.043,0.095,0.095,0.053,20000000.0,10263000000.0,1.0,298384140.0,298384140,,78.754,15113000000.0,428000000.0,421000000.0,901000000.0,50.649,-1301000000.0
71,FDX,MRT,2003-12-31,2003-11-30,2003-11-30,2021-09-21,-20000000.0,16214000000.0,15477500000.0,4559000000.0,11655000000.0,1.485,24.841,-1231000000.0,1030000000.0,1030000000.0,6858000000.0,646000000.0,1.227,1.188,2712000000.0,332000000.0,2380000000.0,2712000000.0,0.0,1344000000.0,0.0,0.003,0.2,1135000000.0,2479000000.0,0.108,2479000000.0,1135000000.0,1030000000.0,2.17,2.13,2.17,7410000000.0,7263250000.0,7410000000.0,23513932579.0,21.0,9.485,761000000.0,2.551,1.0,16124000000.0,0.702,1063000000.0,105000000.0,13117000000.0,12805000000.0,221000000.0,0.0,0.0,0.0,8804000000.0,3716000000.0,5088000000.0,21685932579.0,511000000.0,0.0,-162000000.0,-53000000.0,-60000000.0,-272000000.0,-1209000000.0,0.0,1992000000.0,0.0,646000000.0,646000000.0,646000000.0,0.0,0.0,0.028,14980000000.0,1144000000.0,1463000000.0,0.092,2.927,33.57,33.502,8813000000.0,0.0,72.7,0.944,0.944,2758000000.0,6439000000.0,22982000000.0,22982000000.0,0.0,0.042,0.089,0.089,0.049,20000000.0,10078000000.0,1.0,298293433.0,298293433,,77.045,15151000000.0,417000000.0,384000000.0,914000000.0,50.792,843000000.0
72,FDX,MRT,2003-09-30,2003-08-31,2003-08-31,2021-09-21,-40000000.0,15465000000.0,15044750000.0,4093000000.0,11372000000.0,1.511,24.546,-1275000000.0,706000000.0,706000000.0,6795000000.0,800000000.0,1.263,1.111,2534000000.0,280000000.0,2254000000.0,2534000000.0,0.0,1346000000.0,0.0,0.003,0.2,1377000000.0,2723000000.0,0.12,2723000000.0,1377000000.0,1279000000.0,2.68,2.64,2.68,7327000000.0,7134750000.0,7327000000.0,21974571497.0,16.0,8.07,688000000.0,2.305,1.0,15934000000.0,0.701,1063000000.0,98000000.0,12989000000.0,12398500000.0,220000000.0,0.0,0.0,0.0,8138000000.0,3241000000.0,4897000000.0,20029571497.0,473000000.0,0.0,-140000000.0,-41000000.0,-60000000.0,-240000000.0,-1250000000.0,0.0,1963000000.0,0.0,800000000.0,800000000.0,800000000.0,0.0,0.0,0.035,14546000000.0,1388000000.0,1136000000.0,0.075,2.734,25.037,25.037,8685000000.0,0.0,67.1,0.881,0.881,2625000000.0,6349000000.0,22729000000.0,22729000000.0,0.0,0.053,0.112,0.111,0.061,20000000.0,9922000000.0,1.0,298503301.0,298503301,,76.143,14402000000.0,416000000.0,479000000.0,917000000.0,48.247,852000000.0
73,FDX,MRT,2003-06-30,2003-05-31,2003-05-31,2021-09-21,-30000000.0,15385000000.0,14679250000.0,3941000000.0,11444000000.0,1.532,24.428,-1511000000.0,538000000.0,538000000.0,6752000000.0,830000000.0,1.182,1.111,2483000000.0,308000000.0,2175000000.0,2483000000.0,0.0,1351000000.0,0.0,0.003,0.2,1462000000.0,2813000000.0,0.125,2813000000.0,1462000000.0,1338000000.0,2.79,2.74,2.79,7288000000.0,6967250000.0,7288000000.0,21345819816.0,15.0,7.588,360000000.0,1.207,1.0,15735000000.0,0.7,1475000000.0,124000000.0,12520000000.0,12040500000.0,228000000.0,0.0,0.0,0.0,8097000000.0,3335000000.0,4762000000.0,19087819816.0,207000000.0,0.0,-105000000.0,-10000000.0,-60000000.0,-174000000.0,-1490000000.0,0.0,1871000000.0,0.0,830000000.0,830000000.0,830000000.0,0.0,0.0,0.037,14264000000.0,1471000000.0,1168000000.0,0.072,2.619,22.997,22.932,8700000000.0,0.0,63.98,0.849,0.849,2627000000.0,6250000000.0,22487000000.0,22487000000.0,0.0,0.057,0.119,0.121,0.065,20000000.0,9778000000.0,1.0,298340416.0,298340416,,75.374,13910000000.0,416000000.0,508000000.0,882000000.0,46.625,606000000.0
74,FDX,MRT,2003-03-31,2003-02-28,2003-02-28,2021-09-21,-38000000.0,14846000000.0,14286000000.0,3586000000.0,11260000000.0,1.545,23.549,-1488000000.0,186000000.0,186000000.0,6533000000.0,786000000.0,1.04,1.112,2444000000.0,481000000.0,1963000000.0,2444000000.0,0.0,1356000000.0,0.0,0.003,0.15,1381000000.0,2737000000.0,0.124,2737000000.0,1381000000.0,1258000000.0,2.63,2.6,2.63,7028000000.0,6781500000.0,7028000000.0,16627118232.0,12.0,6.075,206000000.0,0.69,1.0,15540000000.0,0.704,1063000000.0,123000000.0,12594000000.0,11857500000.0,229000000.0,0.0,0.0,0.0,7818000000.0,3447000000.0,4371000000.0,15340118232.0,-34000000.0,-35000000.0,-90000000.0,-91000000.0,-45000000.0,-229000000.0,-1499000000.0,0.0,1694000000.0,0.0,786000000.0,786000000.0,786000000.0,0.0,0.0,0.036,14145000000.0,1395000000.0,1124000000.0,0.057,2.183,19.517,19.544,8506000000.0,0.0,51.4,0.695,0.695,2587000000.0,5971000000.0,22073000000.0,22073000000.0,0.0,0.055,0.116,0.116,0.063,18000000.0,9679000000.0,1.0,298445880.0,298445880,,73.96,13783000000.0,433000000.0,472000000.0,826000000.0,46.183,139000000.0
75,FDX,MRT,2002-12-31,2002-11-30,2002-11-30,2021-09-21,-51000000.0,14483000000.0,13998750000.0,3963000000.0,10520000000.0,1.539,23.126,-1566000000.0,519000000.0,519000000.0,6286000000.0,759000000.0,1.232,1.1,1806000000.0,31000000.0,1775000000.0,1806000000.0,0.0,2041000000.0,0.0,0.002,0.1,1345000000.0,3386000000.0,0.157,3386000000.0,1345000000.0,1215000000.0,2.54,2.5,2.54,6896000000.0,6606250000.0,6896000000.0,17345131547.0,13.0,5.123,737000000.0,2.472,1.0,15261000000.0,0.708,1063000000.0,130000000.0,11491000000.0,11569750000.0,236000000.0,0.0,0.0,0.0,7587000000.0,3216000000.0,4371000000.0,15676131547.0,271000000.0,-58000000.0,-135000000.0,-295000000.0,-30000000.0,-458000000.0,-1574000000.0,0.0,2303000000.0,0.0,759000000.0,759000000.0,759000000.0,0.0,0.0,0.035,13898000000.0,1363000000.0,1207000000.0,0.039,2.273,20.654,20.697,8542000000.0,0.0,52.57,0.728,0.728,2642000000.0,5853000000.0,21547000000.0,21547000000.0,0.0,0.054,0.115,0.116,0.062,18000000.0,9461000000.0,1.0,298195388.0,298195388,,72.258,13420000000.0,441000000.0,456000000.0,611000000.0,45.004,747000000.0
76,FDX,MRT,2002-09-30,2002-08-31,2002-08-31,2021-09-21,-51000000.0,14003000000.0,13800750000.0,3699000000.0,10304000000.0,1.523,22.367,-1651000000.0,233000000.0,233000000.0,6093000000.0,759000000.0,1.212,1.104,1902000000.0,127000000.0,1775000000.0,1902000000.0,0.0,1703000000.0,0.0,0.001,0.05,1353000000.0,3056000000.0,0.145,3056000000.0,1353000000.0,1215000000.0,2.54,2.5,2.54,6657000000.0,6445500000.0,6657000000.0,15567595740.0,12.0,5.094,730000000.0,2.453,1.0,14922000000.0,0.71,1063000000.0,138000000.0,11557000000.0,11539750000.0,234000000.0,0.0,0.0,0.0,7346000000.0,3052000000.0,4294000000.0,14092595740.0,123000000.0,-52000000.0,-132000000.0,-454000000.0,-15000000.0,-598000000.0,-1660000000.0,0.0,2381000000.0,0.0,759000000.0,759000000.0,759000000.0,0.0,0.0,0.036,13553000000.0,1369000000.0,1089000000.0,0.02,2.117,18.567,18.642,8522000000.0,0.0,47.35,0.671,0.671,2550000000.0,5608000000.0,21015000000.0,21015000000.0,0.0,0.055,0.118,0.117,0.064,18000000.0,9289000000.0,1.0,297626098.0,297626098,,70.609,12940000000.0,437000000.0,456000000.0,559000000.0,43.477,647000000.0
77,FDX,MRT,2002-06-30,2002-05-31,2002-05-31,2021-09-21,-53000000.0,13812000000.0,13671250000.0,3665000000.0,10147000000.0,1.507,21.932,-1615000000.0,331000000.0,331000000.0,5945000000.0,710000000.0,1.285,1.11,2223000000.0,6000000.0,2217000000.0,2223000000.0,0.0,1364000000.0,0.0,0.0,0.0,1289000000.0,2653000000.0,0.129,2653000000.0,1289000000.0,1145000000.0,2.38,2.34,2.38,6545000000.0,6286500000.0,6545000000.0,17976715678.0,14.0,6.776,613000000.0,2.054,1.0,14662000000.0,0.712,1063000000.0,144000000.0,11788000000.0,11539000000.0,251000000.0,0.0,0.0,0.0,7267000000.0,2853000000.0,4414000000.0,16099715678.0,210000000.0,-35000000.0,-89000000.0,-320000000.0,0.0,-406000000.0,-1612000000.0,0.0,2228000000.0,0.0,710000000.0,710000000.0,710000000.0,0.0,0.0,0.034,13341000000.0,1321000000.0,1133000000.0,0.0,2.46,22.676,22.668,8302000000.0,0.0,53.95,0.781,0.781,2491000000.0,5465000000.0,20607000000.0,20607000000.0,0.0,0.052,0.113,0.112,0.063,18000000.0,9099000000.0,1.0,298419197.0,298419197,,69.054,12749000000.0,469000000.0,435000000.0,599000000.0,42.722,812000000.0
78,FDX,MRT,2002-03-31,2002-02-28,2002-02-28,2021-09-21,-66000000.0,13697000000.0,13566250000.0,3525000000.0,10172000000.0,1.497,21.207,-1708000000.0,220000000.0,220000000.0,5877000000.0,587000000.0,1.136,1.165,2097000000.0,288000000.0,1809000000.0,2097000000.0,0.0,2295000000.0,0.0,0.0,0.0,1104000000.0,3399000000.0,0.167,3399000000.0,1104000000.0,953000000.0,1.96,1.93,1.96,6327000000.0,6125250000.0,6327000000.0,19110029296.0,17.0,5.622,750000000.0,2.514,1.0,14431000000.0,0.711,1027000000.0,151000000.0,11443000000.0,11364500000.0,254000000.0,0.0,0.0,0.0,7370000000.0,3104000000.0,4266000000.0,17262029296.0,80000000.0,27000000.0,-38000000.0,-609000000.0,0.0,-644000000.0,-1734000000.0,0.0,2458000000.0,0.0,587000000.0,587000000.0,587000000.0,0.0,0.0,0.029,13303000000.0,1128000000.0,1073000000.0,0.0,2.728,29.407,29.52,8344000000.0,0.0,57.86,0.85,0.85,2433000000.0,5277000000.0,20308000000.0,20308000000.0,0.0,0.043,0.096,0.097,0.054,0.0,8883000000.0,1.0,298341329.0,298341329,,68.07,12670000000.0,489000000.0,366000000.0,561000000.0,42.468,421000000.0
79,FDX,MRT,2001-12-31,2001-11-30,2001-11-30,2021-09-21,-65000000.0,13691000000.0,13521932750.0,3650000000.0,10041000000.0,1.489,20.975,-1794000000.0,248000000.0,248000000.0,5843000000.0,575000000.0,1.162,1.19,2096000000.0,200000000.0,1896000000.0,2096000000.0,0.0,1276000000.0,0.0,0.0,0.0,1066000000.0,2342000000.0,0.116,2342000000.0,1066000000.0,917000000.0,1.94,1.91,1.94,6253000000.0,5988144750.0,6253000000.0,15816867307.0,15.0,6.754,479000000.0,1.607,1.0,14285000000.0,0.71,1027000000.0,149000000.0,11371000000.0,11533269000.0,255000000.0,0.0,0.0,0.0,7438000000.0,3141000000.0,4297000000.0,13671867307.0,-407000000.0,-417000000.0,23000000.0,-409000000.0,0.0,-387000000.0,-2293000000.0,0.0,2273000000.0,0.0,575000000.0,575000000.0,575000000.0,0.0,0.0,0.029,13203000000.0,1082000000.0,1171000000.0,0.0,2.186,23.777,23.639,8326000000.0,0.0,45.86,0.679,0.679,2521000000.0,5204000000.0,20128000000.0,20128000000.0,0.0,0.043,0.096,0.092,0.053,0.0,8735000000.0,1.0,298121834.0,298121834,,67.516,12664000000.0,529000000.0,342000000.0,520000000.0,42.479,509000000.0
80,FDX,MRT,2001-09-30,2001-08-31,2001-08-31,2021-09-21,-57000000.0,13485000000.0,13220975500.0,3478000000.0,10007000000.0,1.504,20.238,-1823000000.0,110000000.0,110000000.0,5769000000.0,524000000.0,1.141,1.24,2255000000.0,205000000.0,2050000000.0,2255000000.0,0.0,1276000000.0,0.0,0.0,0.0,985000000.0,2261000000.0,0.114,2261000000.0,985000000.0,837000000.0,1.8,1.77,1.8,6021000000.0,5711643000.0,6021000000.0,14525298158.0,15.0,6.424,237000000.0,0.797,1.0,14119000000.0,0.71,1027000000.0,148000000.0,11554000000.0,11332372500.0,265000000.0,0.0,0.0,0.0,7464000000.0,3049000000.0,4415000000.0,12525089158.0,-67000000.0,-423000000.0,35000000.0,93000000.0,0.0,127000000.0,-2254000000.0,0.0,2060000000.0,0.0,524000000.0,524000000.0,524000000.0,0.0,0.0,0.026,13125000000.0,994000000.0,1147000000.0,0.0,2.08,23.903,23.389,8282000000.0,0.0,42.1,0.63,0.63,2498000000.0,4979000000.0,19888000000.0,19888000000.0,0.0,0.04,0.092,0.087,0.05,0.0,8504000000.0,1.0,297508056.0,297508056,,66.849,12458000000.0,501000000.0,313000000.0,509000000.0,41.874,429000000.0
81,FDX,MRT,2001-06-30,2001-05-31,2001-05-31,2021-09-21,-56000000.0,13392000000.0,12789165250.0,3501000000.0,9891000000.0,1.535,19.858,-1656000000.0,121000000.0,121000000.0,5676000000.0,584000000.0,1.077,1.27,2121000000.0,221000000.0,1900000000.0,2121000000.0,0.0,1276000000.0,0.0,0.0,0.0,1071000000.0,2347000000.0,0.12,2347000000.0,1071000000.0,927000000.0,2.02,1.99,2.02,5900000000.0,5446783500.0,5900000000.0,14445976720.0,13.0,6.155,388000000.0,1.306,1.0,13953000000.0,0.711,1052000000.0,144000000.0,11090000000.0,10985703500.0,269000000.0,0.0,0.0,0.0,7492000000.0,3250000000.0,4242000000.0,11884368720.0,53000000.0,-440000000.0,29000000.0,94000000.0,0.0,122000000.0,-2113000000.0,0.0,2044000000.0,0.0,584000000.0,584000000.0,584000000.0,0.0,0.0,0.03,12882000000.0,1071000000.0,1256000000.0,0.0,2.014,20.35,19.802,8100000000.0,0.0,40.0,0.605,0.605,2506000000.0,4880000000.0,19629000000.0,19629000000.0,0.0,0.046,0.107,0.097,0.055,0.0,8263000000.0,1.0,297109218.0,297109218,,66.067,12340000000.0,488000000.0,343000000.0,508000000.0,41.534,251000000.0
82,FDX,MRT,2001-03-31,2001-02-28,2001-02-28,2021-09-21,-48001000.0,13519731000.0,12322943000.0,3648382000.0,9871349000.0,1.571,20.239,-1799226000.0,139944000.0,139944000.0,5595041000.0,715655000.0,1.273,1.34,2701552000.0,42776000.0,2658776000.0,2701552000.0,0.0,1155000000.0,0.0,0.0,0.0,1282715000.0,2437715000.0,0.126,2437715000.0,1282715000.0,1152194000.0,2.5,2.45,2.5,5778579000.0,5168094250.0,5778579000.0,13284935592.0,10.0,5.45,-23795000.0,-0.083,1.0,13766821000.0,0.711,1097950000.0,130521000.0,12118076000.0,10675795750.0,281723000.0,0.0,0.0,0.0,7741152000.0,2865313000.0,4875839000.0,11686477592.0,10831000.0,-301027000.0,-93563000.0,348983000.0,0.0,262849000.0,-2027449000.0,0.0,1775431000.0,0.0,715655000.0,715655000.0,715655000.0,0.0,0.0,0.037,12493635000.0,1273186000.0,1192511000.0,0.0,2.022,16.33,16.372,7994153000.0,0.0,40.93,0.604,0.604,2707025000.0,4770913000.0,19361862000.0,19361862000.0,0.0,0.058,0.138,0.12,0.066,0.0,8059890000.0,1.0,285523518.0,285523518,,67.812,12421781000.0,402747000.0,436539000.0,439351000.0,43.505,783069000.0
83,FDX,MRT,2000-12-31,2000-11-30,2000-11-30,2021-09-21,-51526000.0,12487171000.0,11821931250.0,4048557000.0,8438614000.0,1.611,18.057,-1730770000.0,654777000.0,654777000.0,5524142000.0,720783000.0,1.341,1.426,2253235000.0,23079000.0,2230156000.0,2253235000.0,0.0,1155000000.0,0.0,0.0,0.0,1307995000.0,2462995000.0,0.129,2462995000.0,1307995000.0,1181192000.0,2.51,2.47,2.51,5146993000.0,4883216750.0,5146993000.0,15400355433.0,12.0,6.253,52776000.0,0.185,1.0,13516777000.0,0.71,499762000.0,126803000.0,10567414000.0,10172104750.0,281907000.0,0.0,0.0,0.0,7340178000.0,3018453000.0,4321725000.0,13659020433.0,137430000.0,23768000.0,-225154000.0,196444000.0,0.0,-3962000.0,-1642154000.0,0.0,1783546000.0,0.0,720783000.0,720783000.0,720783000.0,0.0,0.0,0.038,12228119000.0,1288658000.0,1287831000.0,0.0,2.654,18.95,19.092,7210156000.0,0.0,47.92,0.717,0.717,2673344000.0,4649286000.0,19040919000.0,19040919000.0,0.0,0.061,0.148,0.129,0.069,0.0,7888363000.0,1.0,285037989.0,285037989,,66.801,11987409000.0,349972000.0,460409000.0,305308000.0,42.055,1030104000.0
84,FDX,MRT,2000-09-30,2000-08-31,2000-08-31,2021-09-21,-35111000.0,11757759000.0,11584695250.0,3409121000.0,8348638000.0,1.616,17.416,-1683630000.0,176589000.0,176589000.0,5421256000.0,697966000.0,1.202,1.37,1917924000.0,23070000.0,1894854000.0,1917924000.0,0.0,1155000000.0,0.0,0.0,0.0,1267512000.0,2422512000.0,0.129,2422512000.0,1267512000.0,1149120000.0,2.41,2.37,2.41,4961562000.0,4756565000.0,4961562000.0,13210005512.0,10.0,5.453,-76750000.0,-0.269,1.0,13294767000.0,0.71,494878000.0,118392000.0,10167324000.0,9940018750.0,260459000.0,0.0,0.0,0.0,6796197000.0,2836892000.0,3959305000.0,11495174512.0,-202400000.0,-92000000.0,-592631000.0,550532000.0,0.0,-17909000.0,-1791371000.0,0.0,1606880000.0,0.0,697966000.0,697966000.0,697966000.0,0.0,0.0,0.037,12046574000.0,1248193000.0,1101781000.0,0.0,2.317,16.47,16.743,7117071000.0,0.0,40.35,0.614,0.614,2588118000.0,4460782000.0,18716023000.0,18716023000.0,0.0,0.06,0.147,0.128,0.068,0.0,7762167000.0,1.0,284886605.0,284886605,,65.696,11262881000.0,309373000.0,451154000.0,306000000.0,39.535,572229000.0
85,FDX,MRT,2000-06-30,2000-05-31,2000-05-31,2021-09-21,-36074000.0,11527111000.0,11344183250.0,3284744000.0,8242367000.0,1.609,16.669,-1603000000.0,67959000.0,67959000.0,5233000000.0,688000000.0,1.136,1.409,1782790000.0,6537000.0,1776253000.0,1782790000.0,0.0,1155000000.0,0.0,0.0,0.0,1244000000.0,2399000000.0,0.131,2399000000.0,1244000000.0,1138000000.0,2.36,2.32,2.36,4785243000.0,4720906000.0,4785243000.0,12257567702.0,10.0,5.109,22000000.0,0.077,1.0,13024000000.0,0.713,500547000.0,106000000.0,9850369000.0,9588004750.0,255291000.0,0.0,0.0,0.0,6741868000.0,2891026000.0,3850842000.0,10280057702.0,-257000000.0,-92000000.0,-591000000.0,403000000.0,0.0,-174000000.0,-1708000000.0,0.0,1625000000.0,0.0,688000000.0,688000000.0,688000000.0,0.0,0.0,0.038,11803000000.0,1221000000.0,1120855000.0,0.0,2.148,14.942,15.174,7083527000.0,0.0,35.81,0.563,0.563,2547043000.0,4295041000.0,18257000000.0,18257000000.0,0.0,0.061,0.146,0.13,0.068,0.0,7598000000.0,1.0,287072262.0,287072262,,63.597,11026564000.0,317784000.0,450000000.0,344613000.0,38.41,393718000.0
86,FDX,MRT,2000-03-31,2000-02-29,2000-02-29,2021-09-21,-18024000.0,11515684000.0,11124458250.0,3319347000.0,8196337000.0,1.599,15.999,-1406980000.0,129492000.0,129492000.0,5001985000.0,664710000.0,1.135,1.482,2107002000.0,251229000.0,1855773000.0,2107002000.0,0.0,1035118000.0,0.0,0.0,0.0,1205273000.0,2240391000.0,0.126,2240391000.0,1205273000.0,1104849000.0,2.24,2.21,2.24,4639069000.0,4690518250.0,4639069000.0,11670752145.0,10.0,5.209,201615000.0,0.695,1.0,12789666000.0,0.719,466156000.0,100424000.0,10103312000.0,9267596250.0,279425000.0,0.0,0.0,0.0,6876615000.0,2923726000.0,3952889000.0,10131080145.0,-9613000.0,-257973000.0,-465160000.0,523944000.0,0.0,65353000.0,-1683561000.0,0.0,1608595000.0,0.0,664710000.0,664710000.0,664710000.0,0.0,0.0,0.037,11604634000.0,1185032000.0,1065847000.0,0.0,2.184,15.241,15.598,6986482000.0,0.0,34.94,0.569,0.569,2487651000.0,4053843000.0,17791651000.0,17791651000.0,0.0,0.06,0.142,0.13,0.068,0.0,7451448000.0,1.0,289956501.0,289956501,,61.36,11049528000.0,314259000.0,440139000.0,327221000.0,38.108,395621000.0
87,FDX,MRT,1999-12-31,1999-11-30,1999-11-30,2021-09-21,-23052000.0,11538227000.0,10794640750.0,3569464000.0,7968763000.0,1.609,15.542,-1393320000.0,517893000.0,517893000.0,4794330000.0,629415000.0,1.19,1.486,2057565000.0,207576000.0,1849989000.0,2057565000.0,0.0,1035118000.0,0.0,0.0,0.0,1134421000.0,2169539000.0,0.125,2169539000.0,1134421000.0,1039120000.0,2.11,2.08,2.11,4640386000.0,4632073500.0,4640386000.0,13540228748.0,12.0,6.241,168139000.0,0.563,1.0,12577682000.0,0.724,439575000.0,95301000.0,9639070000.0,8885148250.0,277559000.0,0.0,0.0,0.0,6897841000.0,2999254000.0,3898587000.0,12557667748.0,-146550000.0,-115768000.0,-320835000.0,160367000.0,0.0,-163049000.0,-1544960000.0,0.0,1561459000.0,0.0,629415000.0,629415000.0,629415000.0,0.0,0.0,0.036,11447084000.0,1130598000.0,1119505000.0,0.0,2.706,19.951,19.934,6869390000.0,0.0,42.06,0.723,0.723,2378934000.0,3945348000.0,17372012000.0,17372012000.0,0.0,0.058,0.136,0.128,0.065,0.0,7287250000.0,1.0,298565567.0,298565567,,58.185,11098652000.0,322129000.0,409705000.0,299702000.0,37.173,570210000.0
88,FDX,MRT,1999-09-30,1999-08-31,1999-08-31,2021-09-21,-25978000.0,10795711000.0,10548560500.0,3153049000.0,7642662000.0,1.613,16.157,-1260626000.0,379723000.0,379723000.0,4595152000.0,640988000.0,1.177,1.24,1362284000.0,2573000.0,1359711000.0,1362284000.0,0.0,1035118000.0,0.0,0.0,0.0,1162161000.0,2197279000.0,0.129,2197279000.0,1162161000.0,1068596000.0,2.15,2.12,2.15,4818926000.0,4546952250.0,4818926000.0,13707303035.0,12.0,6.238,445713000.0,1.494,1.0,12415993000.0,0.73,341037000.0,93565000.0,8759268000.0,8533519500.0,277252000.0,0.0,0.0,0.0,5976785000.0,2677967000.0,3298818000.0,12658020035.0,184542000.0,0.0,45798000.0,-275899000.0,0.0,-232125000.0,-1289672000.0,0.0,1706339000.0,0.0,640988000.0,640988000.0,640988000.0,0.0,0.0,0.038,11252943000.0,1163050000.0,1034490000.0,0.0,2.627,19.748,19.74,6688379000.0,0.0,42.44,0.744,0.744,2144524000.0,3774831000.0,17011145000.0,17011145000.0,0.0,0.061,0.141,0.136,0.068,0.0,7170445000.0,1.0,298256834.0,298256834,,57.035,10454674000.0,297322000.0,427608000.0,287606000.0,35.053,475082000.0
89,FDX,MRT,1999-06-30,1999-05-31,1999-05-31,2021-09-21,-24688000.0,10648211000.0,10311905250.0,3141028000.0,7507183000.0,1.627,15.679,-1426041000.0,325323000.0,325323000.0,4498281000.0,631333000.0,1.128,1.283,1374606000.0,14938000.0,1359668000.0,1374606000.0,0.0,1035118000.0,0.0,0.0,0.0,1159255000.0,2194373000.0,0.131,2194373000.0,1159255000.0,1061064000.0,2.13,2.1,2.13,4663692000.0,4365367500.0,4663692000.0,17742399067.0,15.0,8.085,346079000.0,1.164,1.0,12275189000.0,0.732,344002000.0,98191000.0,8568735000.0,8380256250.0,291922000.0,0.0,0.0,0.0,5984519000.0,2784757000.0,3199762000.0,16302915067.0,95758000.0,0.0,41764000.0,-269367000.0,0.0,-227605000.0,-1448757000.0,0.0,1772120000.0,0.0,631333000.0,631333000.0,631333000.0,0.0,0.0,0.038,11112103000.0,1163086000.0,1133952000.0,0.0,3.496,25.823,25.732,6559217000.0,0.0,54.81,0.972,0.972,2153166000.0,3615797000.0,16773470000.0,16773470000.0,0.0,0.061,0.145,0.138,0.069,0.0,7087728000.0,1.0,297444172.0,297444172,,56.392,10304209000.0,290721000.0,429731000.0,293462000.0,34.642,356271000.0
90,FDX,MRT,1999-03-31,1999-02-28,1999-02-28,2021-09-21,-27809000.0,10196414000.0,10071367500.0,2919110000.0,7277304000.0,1.635,14.886,-1608029000.0,139105000.0,139105000.0,4461866000.0,580686000.0,1.075,1.315,1578589000.0,216530000.0,1362059000.0,1578589000.0,0.0,963732000.0,0.0,0.0,0.0,1087396000.0,2051128000.0,0.125,2051128000.0,1087396000.0,983364000.0,1.975,1.945,1.975,4405290000.0,4189752000.0,4405290000.0,15327723808.0,14.0,7.473,176783000.0,0.597,1.0,12006088000.0,0.729,346969000.0,104032000.0,8573520000.0,8222845750.0,304968000.0,0.0,0.0,0.0,5791124000.0,2715409000.0,3075715000.0,14093554808.0,-5407000.0,0.0,31773000.0,-195842000.0,-7793000.0,-160414000.0,-1628070000.0,0.0,1784812000.0,0.0,580686000.0,580686000.0,580686000.0,0.0,0.0,0.035,10910795000.0,1095293000.0,996684000.0,0.0,3.199,24.271,24.114,6403184000.0,0.0,47.625,0.856,0.856,2099048000.0,3409315000.0,16467954000.0,16467954000.0,0.0,0.058,0.139,0.132,0.066,0.0,6974712000.0,1.0,295927660.0,295927660,,55.649,9849445000.0,252326000.0,402678000.0,283860000.0,33.283,203701000.0
91,FDX,MRT,1998-12-31,1998-11-30,1998-11-30,2021-09-21,-23423000.0,10553906000.0,9860623250.0,3412303000.0,7141603000.0,1.659,14.571,-1558695000.0,664443000.0,664443000.0,4508436000.0,520564000.0,1.064,1.454,1898612000.0,536599000.0,1362013000.0,1898612000.0,0.0,963732000.0,0.0,0.0,0.0,1043362000.0,2007094000.0,0.123,2007094000.0,1043362000.0,930640000.0,1.775,1.745,1.775,4299901000.0,4033210250.0,4299901000.0,11014849074.0,11.0,5.488,262380000.0,0.889,1.0,11847404000.0,0.724,349954000.0,112722000.0,8232555000.0,8082891000.0,332050000.0,0.0,0.0,0.0,6254005000.0,3205566000.0,3048439000.0,9573247074.0,410699000.0,0.0,24622000.0,136272000.0,-7793000.0,156379000.0,-1565020000.0,0.0,1821075000.0,0.0,520564000.0,520564000.0,520564000.0,-4875000.0,0.0,0.032,10808768000.0,1038636000.0,1099123000.0,0.0,2.226,18.39,18.276,6271013000.0,0.0,32.44,0.585,0.585,2102834000.0,3331513000.0,16355840000.0,16355840000.0,0.0,0.053,0.129,0.129,0.064,0.0,6900622000.0,1.0,295106260.0,295106260,,55.424,10203952000.0,256731000.0,410076000.0,271766000.0,34.577,206737000.0
92,FDX,MRT,1998-09-30,1998-08-31,1998-08-31,2021-09-21,-40722000.0,9849090000.0,9253616500.0,2857567000.0,6991523000.0,1.739,13.878,-1529720000.0,195181000.0,195181000.0,4474499000.0,487632000.0,1.024,1.407,1636783000.0,265481000.0,1371302000.0,1636783000.0,0.0,963732000.0,0.0,0.0,0.0,994934000.0,1958666000.0,0.122,1958666000.0,994934000.0,874955000.0,1.665,1.635,1.665,4092587000.0,3760618000.0,4092587000.0,8794479086.0,9.0,4.49,148798000.0,0.505,1.0,11614122000.0,0.722,353079000.0,119979000.0,8146215000.0,7745077500.0,351132000.0,0.0,0.0,0.0,5756503000.0,2791398000.0,2965105000.0,7381335086.0,-31077000.0,0.0,24882000.0,-176656000.0,-7793000.0,-160184000.0,-1547676000.0,0.0,1678518000.0,0.0,487632000.0,487632000.0,487632000.0,-4875000.0,0.0,0.03,10623524000.0,990598000.0,1031691000.0,0.0,1.804,15.137,15.033,6132817000.0,0.0,25.03,0.459,0.459,1976815000.0,3148733000.0,16088621000.0,16088621000.0,0.0,0.053,0.13,0.128,0.062,0.0,6758215000.0,1.0,294899524.0,294899524,,54.556,9496011000.0,245508000.0,387323000.0,268940000.0,32.201,66169000.0
93,FDX,MRT,1998-06-30,1998-05-31,1998-05-31,2021-09-21,-27277000.0,9686060000.0,8796183000.0,2880132000.0,6805928000.0,1.805,13.461,-1287658000.0,229565000.0,229565000.0,4387062000.0,503030000.0,1.027,1.445,1642709000.0,257529000.0,1385180000.0,1642709000.0,0.0,963732000.0,0.0,0.0,0.0,1028806000.0,1992538000.0,0.126,1992538000.0,1028806000.0,904393000.0,1.72,1.69,1.72,3961230000.0,3513305750.0,3961230000.0,11064423705.0,11.0,5.553,317614000.0,1.079,1.0,11485748000.0,0.724,356272000.0,124413000.0,7939093000.0,7432078000.0,364714000.0,0.0,0.0,0.0,5724830000.0,2803839000.0,2920991000.0,9435709705.0,68204000.0,0.0,26876000.0,-266397000.0,-7793000.0,-247204000.0,-1288129000.0,0.0,1605272000.0,0.0,503030000.0,503030000.0,503030000.0,-4875000.0,0.0,0.032,10475088000.0,1010660000.0,1145410000.0,0.0,2.382,18.758,18.642,5935050000.0,0.0,32.065,0.594,0.594,1943423000.0,2999354000.0,15872810000.0,15872810000.0,0.0,0.057,0.143,0.138,0.065,0.0,6647140000.0,1.0,294268196.0,294268196,,53.94,9329788000.0,232790000.0,401363000.0,274147000.0,31.705,76293000.0
94,FDX,MRT,1998-03-31,1998-02-28,1998-02-28,2021-09-21,0.0,9353437000.0,8635747000.0,2838632000.0,6514805000.0,1.825,16.347,-1169371000.0,144512000.0,144512000.0,4328235000.0,291890000.0,1.088,1.475,1773226000.0,273487000.0,1499739000.0,1773226000.0,0.0,928833000.0,0.0,0.0,0.0,750689000.0,1679522000.0,0.107,1679522000.0,750689000.0,624002000.0,0.995,0.98,0.995,3779123000.0,3398288500.0,3779123000.0,8730003409.0,12.0,5.198,113190000.0,0.49,1.0,11427769000.0,0.725,359494000.0,126687000.0,8013701000.0,7419368500.0,374966000.0,0.0,0.0,0.0,5574314000.0,2608956000.0,2965358000.0,7362067409.0,20763000.0,3400000.0,42153000.0,-74706000.0,-34825000.0,-60368000.0,-1190628000.0,0.0,1282561000.0,0.0,291890000.0,291890000.0,291890000.0,-4875000.0,0.0,0.019,10700123000.0,727646000.0,1145286000.0,0.0,1.948,25.222,32.005,5683437000.0,0.0,31.845,0.467,0.467,1987825000.0,,15756004000.0,15756004000.0,0.0,0.034,0.086,0.101,0.048,0.0,6594514000.0,1.0,231184406.0,231184406,,68.153,8993943000.0,219331000.0,332112000.0,227630000.0,38.904,229676000.0
95,FDX,MRT,1997-12-31,1997-11-30,1997-11-30,2021-09-21,0.0,8125879000.0,8138024500.0,2501584000.0,5624295000.0,1.881,13.61,-1338175000.0,193177000.0,193177000.0,4150666000.0,335197000.0,1.11,1.532,1561113000.0,274545000.0,1286568000.0,1561113000.0,0.0,928833000.0,0.0,0.0,0.0,781183000.0,1710016000.0,0.112,1710016000.0,781183000.0,662260000.0,1.145,1.125,1.145,3209532000.0,3157792750.0,3209532000.0,9092481460.0,12.0,5.317,-106386000.0,-0.451,1.0,11153079000.0,0.729,357849000.0,118923000.0,6881301000.0,7094783000.0,351816000.0,0.0,0.0,0.0,4916347000.0,2254665000.0,2661682000.0,7715581460.0,106634000.0,-2527000.0,32897000.0,268068000.0,-34825000.0,245374000.0,-1359727000.0,0.0,1231789000.0,0.0,335197000.0,335197000.0,335197000.0,0.0,0.0,0.022,10387663000.0,765416000.0,867555000.0,0.0,2.404,23.018,29.284,4846538000.0,0.0,33.53,0.504,0.517,1746587000.0,,15303745000.0,15303745000.0,0.0,0.041,0.106,0.11,0.051,0.0,6452213000.0,1.0,230109796.0,235826000,,64.894,7768030000.0,168396000.0,327063000.0,169498000.0,32.94,246919000.0
96,FDX,MRT,1997-09-30,1997-08-31,1997-08-31,2021-09-21,0.0,8019356000.0,7877167750.0,2514505000.0,5504851000.0,1.804,13.223,-1420628000.0,209782000.0,209782000.0,3679774000.0,289090000.0,1.175,1.584,1586682000.0,148449000.0,1438233000.0,1586682000.0,0.0,928833000.0,0.0,0.0,0.0,694007000.0,1622840000.0,0.114,1622840000.0,694007000.0,585919000.0,1.085,1.075,1.085,3103338000.0,3043382250.0,3103338000.0,9049990068.0,13.0,5.577,-268276000.0,-1.143,1.0,10534322000.0,0.741,361603000.0,108088000.0,6894217000.0,6924663000.0,323532000.0,0.0,0.0,0.0,4916018000.0,2140436000.0,2775582000.0,7647393068.0,35978000.0,-2527000.0,31408000.0,335671000.0,-34825000.0,315384000.0,-1420956000.0,0.0,1152352000.0,0.0,289090000.0,289090000.0,289090000.0,0.0,0.0,0.02,9872928000.0,661394000.0,841775000.0,0.0,2.464,26.453,30.645,4711932000.0,0.0,33.25,0.538,0.549,1771116000.0,,14214096000.0,14214096000.0,0.0,0.037,0.095,0.1,0.049,0.0,6084832000.0,1.0,229996784.0,234686000,,60.566,7657753000.0,157629000.0,296829000.0,170229000.0,32.63,374069000.0
97,FDX,MRT,1997-06-30,1997-05-31,1997-05-31,2021-09-21,0.0,9044316000.0,7579947750.0,2643728000.0,6400588000.0,1.878,15.138,-1474549000.0,160852000.0,160852000.0,3900078000.0,196104000.0,1.025,1.583,1954620000.0,356666000.0,1597954000.0,1954620000.0,0.0,928833000.0,0.0,0.0,0.0,530060000.0,1458893000.0,0.102,1458893000.0,530060000.0,425865000.0,0.67,0.67,0.67,3501161000.0,2928113250.0,3501161000.0,7443566892.0,14.0,5.102,-365371000.0,-1.58,1.0,10337814000.0,0.726,370342000.0,104195000.0,7888255000.0,6689758000.0,339353000.0,0.0,0.0,0.0,5543155000.0,2579487000.0,2963668000.0,5992973892.0,32525000.0,-2527000.0,31013000.0,423734000.0,-34825000.0,410181000.0,-1476032000.0,0.0,1109178000.0,0.0,196104000.0,196104000.0,196104000.0,0.0,0.0,0.014,9830812000.0,507002000.0,999782000.0,0.0,1.712,30.56,39.09,5470399000.0,0.0,26.19,0.421,0.425,1877972000.0,2621511000.0,14237892000.0,14237892000.0,0.0,0.026,0.067,0.079,0.037,0.0,6150247000.0,1.0,228826800.0,231282000,,61.561,8673974000.0,196959000.0,229761000.0,181835000.0,37.504,64241000.0
98,FDX,MRT,1997-03-31,1997-02-28,1997-02-28,2021-09-21,0.0,7362547000.0,6993611500.0,2075694000.0,5286853000.0,2.04,12.159,-1623569000.0,100341000.0,100341000.0,4016860000.0,314896000.0,1.201,1.613,1550934000.0,11037000.0,1539897000.0,1550934000.0,0.0,857951000.0,0.0,0.0,0.0,726343000.0,1584294000.0,0.111,1584294000.0,726343000.0,639925000.0,1.055,1.04,1.055,2817140000.0,2696857750.0,2817140000.0,7104303984.0,10.0,4.484,-349041000.0,-1.506,1.0,10247781000.0,0.718,368982000.0,86418000.0,6715359000.0,6202617500.0,284568000.0,0.0,0.0,0.0,4545407000.0,1728799000.0,2816608000.0,5874873984.0,4505000.0,-65927000.0,17964000.0,385152000.0,-54688000.0,327685000.0,-1571590000.0,0.0,1274528000.0,0.0,314896000.0,314896000.0,314896000.0,119614000.0,0.0,0.022,9418311000.0,829470000.0,832799000.0,0.0,2.085,18.657,24.408,4447007000.0,0.0,25.75,0.412,0.418,1513033000.0,,14264641000.0,14264641000.0,0.0,0.045,0.117,0.117,0.051,0.0,6149419000.0,1.0,228150446.0,231698000,,61.566,6993565000.0,132279000.0,325029000.0,127075000.0,30.184,346895000.0
99,FDX,MRT,1996-12-31,1996-11-30,1996-11-30,2021-09-21,0.0,7082452000.0,6826213000.0,1909291000.0,5173161000.0,1.943,11.951,-1333018000.0,111693000.0,111693000.0,3579571000.0,281034000.0,1.098,1.574,1341123000.0,10036000.0,1331087000.0,1341123000.0,0.0,857951000.0,0.0,0.0,0.0,670963000.0,1528914000.0,0.115,1528914000.0,670963000.0,585759000.0,0.965,0.955,0.965,2751890000.0,2605642500.0,2751890000.0,6211436742.0,9.0,4.063,-25279000.0,-0.11,1.0,9686495000.0,0.73,372892000.0,85204000.0,6200821000.0,6007891750.0,246589000.0,0.0,0.0,0.0,4330562000.0,1738169000.0,2592393000.0,5040578742.0,16674000.0,-60000000.0,17262000.0,21820000.0,-54688000.0,-8572000.0,-1256375000.0,0.0,1307739000.0,0.0,281034000.0,281034000.0,281034000.0,119614000.0,0.0,0.021,8912233000.0,774262000.0,772876000.0,0.0,1.832,17.936,22.927,4383636000.0,0.0,22.125,0.38,0.384,1398812000.0,,13266066000.0,13266066000.0,0.0,0.041,0.108,0.112,0.051,0.0,5768023000.0,1.0,227822768.0,230264000,,57.612,6709560000.0,111476000.0,304725000.0,97478000.0,29.139,171122000.0
100,FDX,MRT,1996-09-30,1996-08-31,1996-08-31,2021-09-21,0.0,6830476000.0,6714268500.0,1812034000.0,5018442000.0,1.93,11.495,-1291522000.0,154863000.0,154863000.0,3491553000.0,267188000.0,1.085,1.585,1325721000.0,7909000.0,1317812000.0,1325721000.0,0.0,857951000.0,0.0,0.0,0.0,648437000.0,1506388000.0,0.116,1506388000.0,648437000.0,560333000.0,0.905,0.895,0.905,2642262000.0,2522750750.0,2642262000.0,5560556811.0,9.0,3.691,-18085000.0,-0.079,1.0,9469156000.0,0.731,376854000.0,88104000.0,5954597000.0,5933406250.0,236740000.0,0.0,0.0,0.0,4188214000.0,1669883000.0,2518331000.0,4320689811.0,-31765000.0,-60000000.0,34166000.0,-51880000.0,-54688000.0,-77612000.0,-1201472000.0,0.0,1273437000.0,0.0,267188000.0,267188000.0,267188000.0,119614000.0,0.0,0.021,8708916000.0,760240000.0,741702000.0,0.0,1.635,16.171,20.96,4202307000.0,0.0,18.969,0.333,0.336,1291806000.0,,12960709000.0,12960709000.0,0.0,0.04,0.106,0.109,0.05,0.0,5641859000.0,1.0,227779364.0,229868000,,56.383,6453622000.0,98224000.0,293145000.0,64696000.0,28.075,142151000.0
101,FDX,MRT,1996-06-30,1996-05-31,1996-05-31,2021-09-21,0.0,6698971000.0,6630082750.0,1728261000.0,4970710000.0,1.919,11.272,-1347398000.0,93419000.0,93419000.0,3377377000.0,280572000.0,1.068,1.6,1333286000.0,8009000.0,1325277000.0,1333286000.0,0.0,857951000.0,0.0,0.0,0.0,672670000.0,1530621000.0,0.12,1530621000.0,672670000.0,582480000.0,0.97,0.96,0.97,2576139000.0,2443502250.0,2576139000.0,5788817052.0,9.0,3.782,-162865000.0,-0.713,1.0,9344414000.0,0.735,380748000.0,90190000.0,5939693000.0,5877830000.0,222110000.0,0.0,0.0,0.0,4122832000.0,1618397000.0,2504435000.0,4384377052.0,-244001000.0,-60000000.0,36566000.0,-49206000.0,-54688000.0,-72226000.0,-1330190000.0,0.0,1184533000.0,0.0,280572000.0,280572000.0,280572000.0,119614000.0,0.0,0.022,8564862000.0,779552000.0,705532000.0,0.0,1.702,15.627,19.91,4116601000.0,0.0,19.312,0.345,0.347,1271599000.0,1766578000.0,12721791000.0,12721791000.0,0.0,0.042,0.115,0.114,0.053,0.0,5557962000.0,1.0,227022760.0,228552000,,55.663,6318223000.0,92606000.0,301908000.0,64034000.0,27.645,109864000.0
102,FDX,MRT,1996-03-31,1996-02-29,1996-02-29,2021-09-21,0.0,6692953000.0,6563683000.0,1751423000.0,4941530000.0,1.524,10.707,-1097443000.0,103955000.0,103955000.0,2066842000.0,279561000.0,0.986,1.729,1508395000.0,181025000.0,1327370000.0,1508395000.0,0.0,652287000.0,0.0,0.0,0.0,587654000.0,1239941000.0,0.124,1239941000.0,587654000.0,490458000.0,1.225,,1.225,2452279000.0,2360859750.0,2452279000.0,5597269150.0,10.0,4.514,-113788000.0,-0.497,1.0,7938621000.0,0.793,384678000.0,97196000.0,5936456000.0,5762950750.0,216962000.0,0.0,0.0,0.0,4240674000.0,1776259000.0,2464415000.0,4195021150.0,-155292000.0,0.0,36242000.0,-71779000.0,0.0,-47781000.0,-1091166000.0,0.0,983655000.0,0.0,279561000.0,279561000.0,279561000.0,0.0,0.0,0.028,7366432000.0,572189000.0,683578000.0,0.0,1.711,15.006,15.102,4053086000.0,0.0,18.5,0.419,0.423,1272258000.0,,10005463000.0,10005463000.0,0.0,0.043,0.118,0.102,0.059,0.0,4557381000.0,1.0,226757900.0,229030000,,43.686,6308275000.0,101031000.0,210897000.0,36036000.0,27.543,-24836000.0
103,FDX,MRT,1995-12-31,1995-11-30,1995-11-30,2021-09-21,0.0,6634674000.0,6424373250.0,1747372000.0,4887302000.0,1.526,10.567,-1059937000.0,115147000.0,115147000.0,1978991000.0,315512000.0,1.001,1.741,1517395000.0,181014000.0,1336381000.0,1517395000.0,0.0,652287000.0,0.0,0.0,0.0,647793000.0,1300080000.0,0.133,1300080000.0,647793000.0,548535000.0,1.385,,1.385,2420323000.0,2283755000.0,2420323000.0,5577424890.0,9.0,4.29,-69693000.0,-0.304,1.0,7823596000.0,0.798,388639000.0,99258000.0,5902879000.0,5651479000.0,210387000.0,0.0,0.0,0.0,4214351000.0,1745404000.0,2468947000.0,4208893890.0,-130818000.0,0.0,35498000.0,-85299000.0,0.0,-62045000.0,-1059017000.0,0.0,990244000.0,0.0,315512000.0,315512000.0,315512000.0,0.0,0.0,0.032,7231678000.0,591918000.0,652121000.0,0.0,1.739,13.34,13.448,4021190000.0,0.0,18.625,0.429,0.435,1283493000.0,,9802587000.0,9802587000.0,0.0,0.049,0.138,0.115,0.066,0.0,4526092000.0,1.0,225980880.0,229040000,,42.799,6246035000.0,110369000.0,233023000.0,52097000.0,27.27,1968000.0
104,FDX,MRT,1995-09-30,1995-08-31,1995-08-31,2021-09-21,0.0,6493733000.0,6278707750.0,1730486000.0,4763247000.0,1.531,10.255,-956267000.0,206756000.0,206756000.0,1897174000.0,311780000.0,0.996,1.793,1575287000.0,256544000.0,1318743000.0,1575287000.0,0.0,652287000.0,0.0,0.0,0.0,650248000.0,1302535000.0,0.135,1302535000.0,650248000.0,544703000.0,1.377,,1.377,2325268000.0,2199003000.0,2325268000.0,5253625302.0,8.0,4.033,27375000.0,0.121,1.0,7717166000.0,0.803,392879000.0,105545000.0,5732292000.0,5536176250.0,194784000.0,0.0,0.0,0.0,4168465000.0,1737093000.0,2431372000.0,4031014302.0,-209073000.0,0.0,18677000.0,-257652000.0,0.0,-240663000.0,-952052000.0,0.0,983642000.0,0.0,311780000.0,311780000.0,311780000.0,0.0,0.0,0.032,7119777000.0,597389000.0,603401000.0,0.0,1.734,12.929,13.027,3849442000.0,0.0,17.938,0.419,0.423,1192968000.0,,9614340000.0,9614340000.0,0.0,0.05,0.142,0.117,0.068,0.0,4510920000.0,1.0,224725536.0,226752000,,42.4,6100854000.0,113543000.0,232923000.0,55495000.0,26.905,-6607000.0
105,FDX,MRT,1995-06-30,1995-05-31,1995-05-31,2021-09-21,0.0,6433372000.0,6173419000.0,1869082000.0,4564290000.0,1.521,9.937,-863035000.0,357548000.0,357548000.0,1865186000.0,297588000.0,1.051,1.865,1580159000.0,255448000.0,1324711000.0,1580159000.0,0.0,652287000.0,0.0,0.0,0.0,636771000.0,1289058000.0,0.137,1289058000.0,636771000.0,522084000.0,1.315,,1.315,2245569000.0,2115447500.0,2245569000.0,4628416329.0,7.0,3.591,167682000.0,0.742,1.0,7526887000.0,0.801,397272000.0,114687000.0,5480176000.0,5472668500.0,193251000.0,0.0,0.0,0.0,4187803000.0,1778535000.0,2409268000.0,3357956329.0,-35375000.0,0.0,13081000.0,-304063000.0,0.0,-290982000.0,-775110000.0,0.0,1030717000.0,0.0,297588000.0,297588000.0,297588000.0,0.0,0.0,0.032,6935743000.0,591144000.0,618621000.0,0.0,1.495,11.284,11.384,3715244000.0,0.0,14.97,0.358,0.36,1130254000.0,1466427000.0,9392073000.0,9392073000.0,0.0,0.048,0.141,0.116,0.068,0.0,4425202000.0,1.0,224312380.0,225974000,,41.563,6036100000.0,115801000.0,224496000.0,55956000.0,26.711,90547000.0
106,FDX,MRT,1995-03-31,1995-02-28,1995-02-28,2021-09-21,0.0,6135714000.0,6063200500.0,1755970000.0,4379744000.0,1.515,9.507,-678823000.0,259247000.0,259247000.0,1791403000.0,291049000.0,1.159,1.862,1529707000.0,80523000.0,1449184000.0,1529707000.0,0.0,599357000.0,0.0,0.0,0.0,642263000.0,1241620000.0,0.135,1241620000.0,642263000.0,518472000.0,1.29,,1.29,2143860000.0,2035231500.0,2143860000.0,4948713291.0,8.0,3.986,272668000.0,1.209,1.0,7395875000.0,0.805,400788000.0,123791000.0,5490569000.0,5472212250.0,175095000.0,0.0,0.0,0.0,3991854000.0,1514817000.0,2477037000.0,3643693291.0,29617000.0,0.0,10804000.0,-345639000.0,0.0,-334835000.0,-587039000.0,0.0,951491000.0,0.0,291049000.0,291049000.0,291049000.0,0.0,0.0,0.032,6785152000.0,610723000.0,546042000.0,0.0,1.7,12.519,12.622,3557260000.0,0.0,16.282,0.397,0.4,1140831000.0,,9187278000.0,9187278000.0,0.0,0.048,0.143,0.117,0.07,0.0,4368228000.0,1.0,223779720.0,225496000,,40.743,5734926000.0,112066000.0,227423000.0,5419000.0,25.432,241153000.0
107,FDX,MRT,1994-12-31,1994-11-30,1994-11-30,2021-09-21,0.0,6052012000.0,5992277500.0,1745900000.0,4306112000.0,1.491,9.228,-646297000.0,245965000.0,245965000.0,1734676000.0,259109000.0,1.157,1.908,1550985000.0,80522000.0,1470463000.0,1550985000.0,0.0,599357000.0,0.0,0.0,0.0,597465000.0,1196822000.0,0.134,1196822000.0,597465000.0,465475000.0,1.147,,1.147,2081315000.0,1958077250.0,2081315000.0,4546548893.0,8.0,3.799,207782000.0,0.921,1.0,7197422000.0,0.806,406664000.0,131990000.0,5441668000.0,5510743750.0,174816000.0,0.0,0.0,0.0,3970697000.0,1508700000.0,2461997000.0,3181061893.0,-113305000.0,0.0,28992000.0,-428393000.0,0.0,-399473000.0,-567911000.0,0.0,854079000.0,0.0,259109000.0,259109000.0,259109000.0,0.0,0.0,0.029,6599054000.0,598368000.0,530372000.0,0.0,1.528,12.277,12.398,3533605000.0,0.0,14.22,0.356,0.359,1152679000.0,,8932098000.0,8932098000.0,0.0,0.043,0.132,0.108,0.067,0.0,4255603000.0,1.0,223703368.0,225540000,,39.603,5645348000.0,113360000.0,206366000.0,1922000.0,25.03,237200000.0
108,FDX,MRT,1994-09-30,1994-08-31,1994-08-31,2021-09-21,0.0,6072578000.0,5968963500.0,1802474000.0,4270104000.0,1.457,8.792,-512311000.0,415829000.0,415829000.0,1681702000.0,232661000.0,1.164,2.05,1781316000.0,193181000.0,1588135000.0,1781316000.0,0.0,599357000.0,0.0,0.0,0.0,563006000.0,1162363000.0,0.134,1162363000.0,563006000.0,424894000.0,1.032,,1.032,1991046000.0,1883038250.0,1991046000.0,5400083155.0,10.0,4.646,325569000.0,1.438,1.0,7013156000.0,0.807,410786000.0,138112000.0,5478261000.0,5528867750.0,173080000.0,0.0,0.0,0.0,4081532000.0,1549018000.0,2532514000.0,3962624155.0,190176000.0,0.0,53759000.0,-237484000.0,0.0,-189728000.0,-457976000.0,0.0,837880000.0,0.0,232661000.0,232661000.0,232661000.0,0.0,0.0,0.027,6441446000.0,571710000.0,487235000.0,0.0,1.99,17.032,17.171,3483475000.0,0.0,17.72,0.456,0.462,1037647000.0,,8694858000.0,8694858000.0,0.0,0.039,0.124,0.102,0.065,0.0,4174547000.0,1.0,223624388.0,226456000,,38.395,5661792000.0,118853000.0,192233000.0,7056000.0,25.002,253456000.0
109,FDX,MRT,1994-06-30,1994-05-31,1994-05-31,2021-09-21,0.0,5992498000.0,5892781000.0,1761696000.0,4230802000.0,1.439,8.591,-421366000.0,392923000.0,392923000.0,1640371000.0,204370000.0,1.147,2.113,1830382000.0,198180000.0,1632202000.0,1830382000.0,0.0,599357000.0,0.0,0.0,0.0,520854000.0,1120211000.0,0.132,1120211000.0,520854000.0,378462000.0,0.912,,0.912,1924705000.0,1798043000.0,1924705000.0,5911066025.0,11.0,5.277,345912000.0,1.544,1.0,6839085000.0,0.807,415178000.0,142392000.0,5478351000.0,5625277500.0,173993000.0,0.0,0.0,0.0,4067793000.0,1536428000.0,2531365000.0,4269071025.0,237467000.0,0.0,53759000.0,-187466000.0,0.0,-136288000.0,-393523000.0,0.0,767278000.0,0.0,204370000.0,204370000.0,204370000.0,0.0,0.0,0.024,6308453000.0,530632000.0,518849000.0,0.0,2.218,20.889,20.97,3449093000.0,0.0,19.125,0.503,0.505,1020511000.0,1162160000.0,8479456000.0,8479456000.0,0.0,0.035,0.114,0.093,0.061,0.0,4104800000.0,1.0,223219400.0,224048000,,37.847,5577320000.0,113035000.0,174092000.0,3563000.0,24.893,225268000.0
110,FDX,MRT,1994-03-31,1994-02-28,1994-02-28,2021-09-21,0.0,5852022000.0,,1599043000.0,4252979000.0,,8.128,-375139000.0,229630000.0,229630000.0,1611423000.0,179481000.0,1.118,2.189,1871625000.0,198184000.0,1673441000.0,1871625000.0,0.0,579896000.0,0.0,0.0,0.0,472957000.0,1052853000.0,0.128,1052853000.0,472957000.0,325057000.0,0.81,,0.81,1835243000.0,,1835243000.0,5764095595.0,12.0,5.475,325912000.0,1.443,1.0,6641893000.0,0.805,419558000.0,147900000.0,5644695000.0,,159351000.0,0.0,0.0,0.0,4016779000.0,1429764000.0,2587015000.0,4151194595.0,134302000.0,0.0,52120000.0,-240184000.0,0.0,-194173000.0,-372576000.0,0.0,701051000.0,0.0,179481000.0,179481000.0,179481000.0,0.0,0.0,0.022,6168478000.0,473415000.0,494206000.0,0.0,2.262,23.129,23.111,3427043000.0,0.0,18.72,0.503,0.512,1016186000.0,,8253316000.0,8253316000.0,0.0,,,,0.057,0.0,4013183000.0,1.0,221751848.0,225780000,,36.555,5432464000.0,139766000.0,145576000.0,913574000.0,24.061,169279000.0
111,FDX,MRT,1993-12-31,1993-11-30,1993-11-30,2021-09-21,0.0,5958756000.0,,1693395000.0,4265361000.0,,7.973,-400136000.0,359270000.0,359270000.0,1591666000.0,156802000.0,1.036,2.345,1972171000.0,302326000.0,1669845000.0,1972171000.0,0.0,579896000.0,0.0,0.0,0.0,437119000.0,1017015000.0,0.125,1017015000.0,437119000.0,284215000.0,0.71,,0.71,1781159000.0,,1781159000.0,,,,291464000.0,1.305,1.0,6524017000.0,0.804,423672000.0,152904000.0,5514164000.0,,156933000.0,0.0,0.0,0.0,4177597000.0,1633821000.0,2543776000.0,3963814283.0,166874000.0,0.0,52289000.0,-168837000.0,0.0,-125338000.0,-399388000.0,0.0,691600000.0,0.0,156802000.0,156802000.0,156802000.0,0.0,0.0,0.019,6077598000.0,446419000.0,486464000.0,0.0,2.225,25.279,25.176,3467239000.0,0.0,17.875,0.488,0.492,987555000.0,,8115683000.0,8115683000.0,0.0,,,,0.054,0.0,3957442000.0,1.0,221751848.0,223400000,,36.328,5535084000.0,138355000.0,127413000.0,873931000.0,24.777,59574000.0
112,FDX,MRT,1993-09-30,1993-08-31,1993-08-31,2021-09-21,,,,,,,,,,,1580124000.0,132512000.0,,,,,,,,,,0.0,0.0,400897000.0,,,,400897000.0,244195000.0,0.605,,0.605,,,,,,,,,1.0,6378708000.0,0.801,,156702000.0,,,,,,,,,,,,,,,,,,,,,132512000.0,132512000.0,132512000.0,0.0,0.0,0.017,5969352000.0,409356000.0,,0.0,,,24.69,,0.0,14.938,,0.414,,,7958832000.0,7958832000.0,0.0,,,,0.05,,3870829000.0,1.0,,220744000,,36.055,,,111683000.0,,,
113,FDX,MRT,1993-06-30,1993-05-31,1993-05-31,2021-09-21,0.0,5793064000.0,,1439718000.0,4353346000.0,,7.636,-801295000.0,155456000.0,155456000.0,1558161000.0,53866000.0,0.993,2.466,2016076000.0,133797000.0,1882279000.0,2016076000.0,0.0,579896000.0,0.0,0.0,0.0,308556000.0,888452000.0,0.114,888452000.0,308556000.0,147633000.0,0.245,,0.245,1671381000.0,,1671381000.0,,,,-76214000.0,-0.348,1.0,6249882000.0,0.8,432215000.0,160923000.0,5772204000.0,,164087000.0,0.0,0.0,0.0,4121683000.0,1449265000.0,2672418000.0,,77279000.0,0.0,24512000.0,141165000.0,0.0,151501000.0,-799303000.0,0.0,725081000.0,0.0,53866000.0,53866000.0,53866000.0,0.0,0.0,0.007,5872709000.0,377173000.0,554111000.0,0.0,,,50.0,3476268000.0,0.0,12.25,,0.343,922727000.0,969515000.0,7808043000.0,7808043000.0,0.0,,,,0.04,0.0,3807493000.0,1.0,,218876000,,35.673,5360849000.0,133875000.0,93767000.0,72479000.0,24.493,-9547000.0
114,FDX,MRT,1993-03-31,1993-02-28,1993-02-28,2021-09-21,,,,,,,,,,,,,,,,,,,,,,0.0,0.0,,,,,,,,,,,,,,,,,,1.0,,,,,,,,,,,,,,,,,,,,,,,,,,,,,,,,,,,,,,,,14.095,,,,,,,,,,,,,,1.0,,220468000,,,,,,,,
115,FDX,MRT,1992-12-31,1992-11-30,1992-11-30,2021-09-21,,,,,,,,,,,,,,,,,,,,,,0.0,0.0,,,,,,,,,,,,,,,,,,1.0,,,,,,,,,,,,,,,,,,,,,,,,,,,,,,,,,,,,,,,,12.22,,,,,,,,,,,,,,1.0,,217168000,,,,,,,,
116,FDX,MRT,1992-06-30,1992-05-31,1992-05-31,2021-09-21,,,,,,,,-502594000.0,,,1585038000.0,-113782000.0,,,,,,,,577157000.0,,0.0,0.0,17487000.0,594644000.0,0.079,594644000.0,17487000.0,-146828000.0,-0.527,,-0.527,,,,,,,18227000.0,0.084,1.0,5965022000.0,0.79,,164315000.0,,,,,,,,,,,-39515000.0,0.0,19272000.0,-69574000.0,0.0,-58363000.0,-501973000.0,0.0,520821000.0,0.0,-113782000.0,-113782000.0,-113782000.0,0.0,0.0,-0.015,5942055000.0,22967000.0,,0.0,,,-19.331,,0.0,10.188,,0.291,,,7550060000.0,7550060000.0,0.0,,,,0.002,0.0,3637080000.0,1.0,,215844000,,34.979,,,-33046000.0,,,
