None,ticker,dimension,calendardate,datekey,reportperiod,lastupdated,accoci,assets,assetsavg,assetsc,assetsnc,assetturnover,bvps,capex,cashneq,cashnequsd,cor,consolinc,currentratio,de,debt,debtc,debtnc,debtusd,deferredrev,depamor,deposits,divyield,dps,ebit,ebitda,ebitdamargin,ebitdausd,ebitusd,ebt,eps,epsdil,epsusd,equity,equityavg,equityusd,ev,evebit,evebitda,fcf,fcfps,fxusd,gp,grossmargin,intangibles,intexp,invcap,invcapavg,inventory,investments,investmentsc,investmentsnc,liabilities,liabilitiesc,liabilitiesnc,marketcap,ncf,ncfbus,ncfcommon,ncfdebt,ncfdiv,ncff,ncfi,ncfinv,ncfo,ncfx,netinc,netinccmn,netinccmnusd,netincdis,netincnci,netmargin,opex,opinc,payables,payoutratio,pb,pe,pe1,ppnenet,prefdivis,price,ps,ps1,receivables,retearn,revenue,revenueusd,rnd,roa,roe,roic,ros,sbcomp,sgna,sharefactor,sharesbas,shareswa,shareswadil,sps,tangibles,taxassets,taxexp,taxliabilities,tbvps,workingcapital
0,SAPE,ARY,2013-12-31,2014-03-18,2013-12-31,2019-04-29,-36551000,950648000,859881750.0,667695000,282953000,1.518,4.235,-36619000.0,337699000,337699000,901567000.0,77544000.0,2.747,0.612,0,0,0,0,29866000,39921000.0,0,0.0,0.0,125407000.0,165328000.0,0.127,165328000.0,125407000.0,125407000.0,0.56,0.54,0.56,589229000,549464000.0,589229000,2050384059,16.0,12.402,118663000.0,0.853,1.0,403665000.0,0.309,176650000,0.0,193232000,214378000.0,0,7889000,5870000,2019000,360635000,243067000,117568000,2388083059,103592000.0,-14380000.0,3057000.0,0.0,0.0,5577000.0,-49007000.0,-2041000.0,155282000.0,-8260000.0,77727000.0,77727000.0,77727000.0,0.0,-183000.0,0.06,283331000.0,120334000.0,30410000,0.0,4.053,30.724,30.375,85898000,0.0,17.01,1.83,1.813,269610000,81418000,1305232000.0,1305232000.0,0.0,0.09,0.141,0.585,0.096,28179000.0,266633000.0,1.0,140392890,139120000,142636000.0,9.382,773998000,29245000,47680000.0,25520000,5.564,424628000
1,SAPE,ARY,2012-12-31,2013-02-28,2012-12-31,2019-04-29,-26016000,796321000,734704000.0,538819000,257502000,1.581,3.767,-37466000.0,239414000,239414000,805381000.0,65241000.0,2.867,0.53,0,0,0,0,27163000,34544000.0,0,0.0,0.0,108691000.0,143235000.0,0.123,143235000.0,108691000.0,108691000.0,0.47,0.46,0.47,520546000,498821000.0,520546000,1310141233,12.0,9.147,70083000.0,0.507,1.0,356167000.0,0.307,162914000,0.0,206077000,224313000.0,0,11597000,6321000,5276000,275775000,187916000,87859000,1549555233,21632000.0,-17524000.0,-43283000.0,-47000.0,0.0,-33230000.0,-55409000.0,1435000.0,107549000.0,2722000.0,65241000.0,65241000.0,65241000.0,0.0,0.0,0.056,252060000.0,104107000.0,26937000,0.0,2.977,23.751,23.872,80661000,0.0,11.22,1.334,1.335,240964000,27832000,1161548000.0,1161548000.0,0.0,0.089,0.131,0.485,0.094,13695000.0,236260000.0,1.0,138106527,138188000,142109000.0,8.406,633407000,15888000,43450000.0,20989000,4.584,350903000
2,SAPE,ARY,2011-12-31,2012-02-28,2011-12-31,2019-04-29,-32014000,713038000,676494750.0,481101000,231937000,1.57,3.479,-35512000.0,212832000,212832000,732185000.0,73618000.0,2.523,0.487,0,0,0,0,25599000,26186000.0,0,0.028,0.35,110514000.0,136700000.0,0.129,136700000.0,110514000.0,110514000.0,0.53,0.52,0.53,479404000,475065000.0,479404000,1552875199,14.0,11.36,97096000.0,0.705,1.0,330019000.0,0.311,144793000,0.0,164700000,186639000.0,0,12817000,7748000,5069000,233634000,190713000,42921000,1765707199,-7042000.0,-44602000.0,10161000.0,-8260000.0,-48873000.0,-43321000.0,-80966000.0,-1267000.0,132608000.0,-15363000.0,73618000.0,73618000.0,73618000.0,0.0,0.0,0.069,225847000.0,104172000.0,25389000,0.66,3.683,23.985,23.755,64257000,0.0,12.59,1.662,1.633,217821000,-26058000,1062204000.0,1062204000.0,0.0,0.109,0.155,0.592,0.104,19256000.0,210666000.0,1.0,140246799,137788000,141996000.0,7.709,568245000,29193000,36896000.0,10700000,4.124,290388000
3,SAPE,ARY,2010-12-31,2011-02-25,2010-12-31,2019-04-29,-12488000,623722000,585054750.0,460984000,162738000,1.476,3.349,-21253000.0,220864000,220864000,603938000.0,43805000.0,2.899,0.41,0,0,0,0,18558000,21662000.0,0,0.0,0.35,67603000.0,89265000.0,0.103,89265000.0,67603000.0,67603000.0,0.33,0.32,0.33,442305000,414015000.0,442305000,1402759069,21.0,15.715,66057000.0,0.5,1.0,259581000.0,0.301,95494000,0.0,148343000,159430500.0,0,13223000,8861000,4362000,181417000,159021000,22396000,1623623069,23770000.0,-3163000.0,8690000.0,4297000.0,-46843000.0,-33856000.0,-33436000.0,-7231000.0,87310000.0,3752000.0,43805000.0,43805000.0,43805000.0,0.0,0.0,0.051,195683000.0,63898000.0,18714000,0.0,3.671,37.065,35.909,35571000,0.0,11.85,1.88,1.812,186065000,-99676000,863519000.0,863519000.0,0.0,0.075,0.106,0.424,0.078,18156000.0,189710000.0,1.0,137014605,132060000,138729000.0,6.539,528228000,43630000,23798000.0,1398000,4.0,301963000
4,SAPE,ARY,2009-12-31,2010-02-23,2009-12-31,2019-04-29,-12626000,594919000,501971250.0,424075000,170844000,1.328,3.331,-9419000.0,196071000,196071000,463653000.0,88126000.0,2.875,0.396,0,0,0,0,19544000,21130000.0,0,0.0,0.0,43576000.0,64706000.0,0.097,64706000.0,43576000.0,43576000.0,0.69,0.66,0.69,426201000,352668000.0,426201000,973888381,22.0,15.051,29293000.0,0.229,1.0,203025000.0,0.305,99065000,0.0,152272000,120863250.0,0,19752000,16082000,3670000,168718000,147511000,21207000,1169959381,26338000.0,-19057000.0,1373000.0,-34000.0,0.0,1368000.0,-24096000.0,4502000.0,38712000.0,10354000.0,88126000.0,88126000.0,88126000.0,0.0,0.0,0.132,162605000.0,40420000.0,19238000,0.0,2.745,13.276,12.739,29229000,0.0,8.79,1.755,1.687,159413000,-143481000,666678000.0,666678000.0,0.0,0.176,0.25,0.361,0.065,14921000.0,149949000.0,1.0,133101181,127969000,132881000.0,5.21,495854000,61137000,-44550000.0,10249000,3.875,276564000
5,SAPE,ARY,2008-12-31,2009-02-23,2008-12-31,2019-04-29,-24535000,452270000,430682750.0,325992000,126278000,1.596,2.397,-17889000.0,169712000,169712000,460584000.0,62476000.0,2.548,0.498,0,0,0,0,15432000,19878000.0,0,0.0,0.0,71715000.0,91593000.0,0.133,91593000.0,71715000.0,71715000.0,0.5,0.48,0.5,301947000,284024750.0,301947000,274753223,4.0,3.0,67171000.0,0.533,1.0,226904000.0,0.33,61355000,0.0,93273000,105721500.0,0,22868000,3462000,19406000,150323000,127930000,22393000,444465223,50643000.0,-22797000.0,-3718000.0,-1432000.0,0.0,-5065000.0,-7764000.0,34785000.0,85060000.0,-21588000.0,62476000.0,62476000.0,62476000.0,0.0,0.0,0.091,162275000.0,64629000.0,6977000,0.0,1.472,7.114,6.98,32397000,0.0,3.49,0.647,0.64,132595000,-231607000,687488000.0,687488000.0,0.0,0.145,0.22,0.678,0.104,15122000.0,159421000.0,1.0,127353932,125988000,129164000.0,5.457,390915000,9355000,9239000.0,7131000,3.103,198062000
6,SAPE,ARY,2007-12-31,2008-02-29,2007-12-31,2019-04-29,12686000,407604000,373775000.0,315358000,92246000,1.514,2.098,-20361000.0,119155000,119155000,391914000.0,15216000.0,2.5,0.563,0,0,0,0,14278000,17338000.0,0,0.0,0.0,24175000.0,41513000.0,0.073,41513000.0,24175000.0,24175000.0,0.12,0.12,0.12,260559000,238587750.0,260559000,814673278,34.0,19.625,37840000.0,0.305,1.0,174075000.0,0.308,46056000,0.0,116236000,126114750.0,0,58961000,57667000,1294000,146755000,126157000,20598000,933828278,43675000.0,-447000.0,6673000.0,-106000.0,0.0,6749000.0,-26234000.0,-5786000.0,58201000.0,4959000.0,15216000.0,15216000.0,15216000.0,0.0,0.0,0.027,155800000.0,18275000.0,7264000,0.0,3.584,61.371,61.5,34914000,0.0,7.38,1.65,1.619,115816000,-294083000,565989000.0,565989000.0,0.0,0.041,0.064,0.192,0.043,17996000.0,153730000.0,1.0,126534997,124180000,127891000.0,4.558,361548000,6721000,8959000.0,1107000,2.911,189201000
7,SAPE,ARY,2006-12-31,2007-06-12,2006-12-31,2019-04-29,5782000,342064000,314123500.0,257600000,84464000,1.342,1.734,-14333000.0,75573000,75573000,286274000.0,3136000.0,2.37,0.592,0,0,0,0,15736000,13580000.0,0,0.0,0.0,7568000.0,21148000.0,0.05,21148000.0,7568000.0,7568000.0,0.03,0.03,0.03,214497000,208566000.0,214497000,856970392,113.0,40.523,3867000.0,0.031,1.0,135369000.0,0.321,46479000,0.0,111311000,124067500.0,0,53197000,51859000,1338000,127087000,108701000,18386000,932543392,5074000.0,-22379000.0,-12603000.0,-135000.0,0.0,-12738000.0,-1875000.0,35060000.0,18200000.0,1487000.0,3136000.0,3136000.0,3136000.0,-4401000.0,0.0,0.007,138523000.0,-3154000.0,9818000,0.0,4.348,297.367,251.333,27623000,0.0,7.54,2.212,2.212,109603000,-309299000,421643000.0,421643000.0,0.0,0.01,0.015,0.061,0.018,12410000.0,133047000.0,1.0,123679495,123692000,123692000.0,3.409,295585000,5900000,4432000.0,4921000,2.39,148899000
8,SAPE,ARY,2005-12-31,2006-03-16,2005-12-31,2019-04-29,1046000,286183000,278957500.0,243949000,42234000,1.194,1.625,-14473000.0,71484000,71484000,203626000.0,25698000.0,3.862,0.409,0,0,0,0,6691000,7502000.0,0,0.0,0.0,25086000.0,32588000.0,0.098,32588000.0,25086000.0,25086000.0,0.21,0.2,0.21,202635000,198515250.0,202635000,878546967,35.0,26.959,12751000.0,0.102,1.0,129412000.0,0.389,14710000,0.0,136824000,147035500.0,0,86288000,86288000,0,82877000,63165000,19712000,950030967,3169000.0,-13334000.0,-10423000.0,0.0,0.0,-10423000.0,-11683000.0,16124000.0,27224000.0,-1949000.0,25698000.0,25698000.0,25698000.0,0.0,0.0,0.077,108674000.0,20738000.0,5396000,0.0,4.688,36.969,36.381,20561000,0.0,7.64,2.853,2.861,76911000,-264181000,333038000.0,333038000.0,0.0,0.092,0.129,0.171,0.075,1832000.0,100352000.0,1.0,124349603,124725000,129298000.0,2.67,271473000,5142000,-612000.0,4442000,2.177,180784000
9,SAPE,ARY,2004-12-31,2005-03-16,2004-12-31,2019-04-29,4090000,269603000,244693500.0,185324000,84279000,1.087,1.511,-9782000.0,73401000,73401000,154612000.0,22819000.0,2.781,0.45,0,0,0,0,9285000,6488000.0,0,0.0,0.0,25252000.0,31740000.0,0.119,31740000.0,25252000.0,25252000.0,0.19,0.18,0.19,185933000,169306000.0,185933000,825771629,33.0,26.017,10476000.0,0.085,1.0,111424000.0,0.419,643000,0.0,128919000,114054500.0,0,102178000,38172000,64006000,83670000,66640000,17030000,899172629,-813000.0,0.0,7708000.0,0.0,0.0,7708000.0,-30256000.0,-20474000.0,20258000.0,1477000.0,22819000.0,22819000.0,22819000.0,0.0,0.0,0.086,88892000.0,22532000.0,6125000,0.0,4.836,39.405,38.053,14612000,0.0,7.23,3.38,3.344,68153000,-289879000,266036000.0,266036000.0,0.0,0.093,0.135,0.221,0.095,779000.0,86490000.0,1.0,124366892,123040000,128458000.0,2.162,268960000,815000,2433000.0,4116000,2.186,118684000
10,SAPE,ARY,2003-12-31,2004-03-12,2003-12-31,2019-04-29,1870000,226900000,231385750.0,194475000,32425000,0.84,1.258,-1632000.0,79077000,79077000,121541000.0,-4898000.0,3.79,0.489,0,0,0,0,3867000,10917000.0,0,0.0,0.0,-3561000.0,7356000.0,0.038,7356000.0,-3561000.0,-3561000.0,-0.04,-0.04,-0.04,152412000,148789750.0,152412000,718063780,-202.0,97.616,-28300000.0,-0.234,1.0,72828000.0,0.375,1158000,0.0,95348000,85038000.0,0,82162000,72961000,9201000,74488000,51317000,23171000,797140780,-23637000.0,-1679000.0,-1322000.0,0.0,0.0,-822000.0,2198000.0,5509000.0,-26668000.0,1655000.0,-4898000.0,-4898000.0,-4898000.0,0.0,0.0,-0.025,81020000.0,-8192000.0,3882000,0.0,5.23,-162.748,-162.5,13180000,0.0,6.5,4.101,4.053,44465000,-312698000,194369000.0,194369000.0,0.0,-0.021,-0.033,-0.042,-0.018,1089000.0,76024000.0,1.0,122637043,121188000,121188000.0,1.604,225742000,657000,1337000.0,1976000,1.863,143158000
11,SAPE,ARY,2002-12-31,2003-03-10,2002-12-31,2019-04-29,511000,262653000,326508500.0,202245000,60408000,0.559,1.247,-4391000.0,101851000,101851000,141837000.0,-229203000.0,3.022,0.686,0,0,0,0,5910000,18029000.0,0,0.0,0.0,-247788000.0,-229759000.0,-1.26,-229759000.0,-247788000.0,-247788000.0,-1.83,-1.83,-1.83,155804000,213201250.0,155804000,104386991,0.0,-0.454,-73856000.0,-0.591,1.0,40536000.0,0.222,1386000,0.0,92496000,146087000.0,0,79511000,59085000,20426000,106849000,66920000,39929000,206237991,-18515000.0,-991000.0,-1822000.0,0.0,0.0,-1822000.0,51054000.0,56556000.0,-69465000.0,1718000.0,-229203000.0,-229203000.0,-229203000.0,6741000.0,0.0,-1.257,287334000.0,-246798000.0,4005000,0.0,1.324,-0.9,-0.94,24262000,0.0,1.72,1.131,1.179,40602000,-307800000,182373000.0,182373000.0,0.0,-0.702,-1.075,-1.696,-1.359,3161000.0,105530000.0,1.0,119905809,124961000,124961000.0,1.459,261267000,642000,-18585000.0,513000,2.091,135325000
12,SAPE,ARY,2001-12-31,2002-03-25,2001-12-31,2019-04-29,-1478000,474870000,533084750.0,312080000,162790000,0.618,3.064,-18208000.0,109744000,109744000,235766000.0,-189768000.0,5.751,0.246,0,0,0,0,9465000,46737000.0,0,0.0,0.0,-192859000.0,-146122000.0,-0.443,-146122000.0,-192859000.0,-192859000.0,-1.53,-1.53,-1.53,380770000,438234250.0,380770000,508747761,-3.0,-3.482,-51782000.0,-0.417,1.0,93932000.0,0.285,113144000,0.0,197720000,263815250.0,0,134793000,134793000,0,93656000,54262000,39394000,618491761,12161000.0,-962000.0,17088000.0,0.0,0.0,17088000.0,29759000.0,48929000.0,-33574000.0,-1112000.0,-189768000.0,-189768000.0,-189768000.0,0.0,0.0,-0.576,297570000.0,-203638000.0,5668000,0.0,1.624,-3.259,-3.19,41466000,0.0,4.88,1.876,1.839,48325000,-78597000,329698000.0,329698000.0,0.0,-0.356,-0.433,-0.731,-0.585,4449000.0,159678000.0,1.0,126740115,124256000,124256000.0,2.653,361726000,13562000,-3091000.0,907000,2.911,257818000
13,SAPE,ARY,2000-12-31,2001-03-22,2000-12-31,2019-04-29,-862000,604154000,494278250.0,390932000,213222000,1.018,4.408,-43748000.0,97583000,97583000,249279000.0,46960000.0,5.395,0.148,0,0,0,0,18320000,25277000.0,0,0.0,0.0,80885000.0,106162000.0,0.211,106162000.0,80885000.0,80885000.0,0.39,0.35,0.39,525400000,432412000.0,525400000,951716899,12.0,8.965,57917000.0,0.486,1.0,254060000.0,0.505,144956000,0.0,289150000,263296000.0,0,182991000,182991000,0,77846000,72465000,5381000,1049299899,46001000.0,-7601000.0,36939000.0,0.0,0.0,38360000.0,-94024000.0,-42675000.0,101665000.0,0.0,46960000.0,46960000.0,46960000.0,0.0,0.0,0.093,184070000.0,69990000.0,7673000,0.0,1.997,22.345,21.956,56672000,0.0,8.563,2.085,2.028,90557000,111171000,503339000.0,503339000.0,0.0,0.095,0.109,0.307,0.161,2165000.0,169327000.0,1.0,122538818,119191000,133764000.0,4.223,459198000,8167000,33925000.0,11443000,3.853,318467000
14,SAPE,ARY,1999-12-31,2000-03-30,1999-12-31,2019-04-29,-114000,343189000,244079419.0,293992000,49197000,1.134,2.737,-16987000.0,51582000,51582000,134638000.0,30300000.0,8.002,0.125,0,0,0,0,15136000,10291000.0,0,0.0,0.0,48806000.0,59097000.0,0.213,59097000.0,48806000.0,48806000.0,0.27,0.24,0.27,304959000,211207578.0,304959000,4678616421,96.0,79.168,1087000.0,0.01,1.0,142206000.0,0.514,16582000,0.0,238284000,170295477.0,0,144527000,144527000,0,38230000,36741000,1489000,4730198421,25862000.0,-4657000.0,107262000.0,0.0,0.0,107955000.0,-100167000.0,-78523000.0,18074000.0,0.0,30300000.0,30300000.0,30300000.0,0.0,0.0,0.109,97470000.0,44736000.0,4437000,0.0,15.511,156.112,150.704,23591000,0.0,40.69,17.086,16.376,88644000,64211000,276844000.0,276844000.0,0.0,0.124,0.143,0.287,0.176,2029000.0,90817000.0,1.0,116249654,111418000,125626000.0,2.485,326607000,7607000,18506000.0,948000,2.931,257251000
15,SAPE,ARY,1998-12-31,1999-03-16,1998-12-31,2019-04-29,26000,184912000,147121527.0,150761000,34151000,1.09,1.524,-8741000.0,38760000,38760000,77565000.0,13699000.0,5.291,0.198,0,0,0,0,9830000,4224000.0,0,0.0,0.0,22359000.0,26583000.0,0.166,26583000.0,22359000.0,22359000.0,0.135,0.122,0.135,154381000,126868184.0,154381000,1716286467,77.0,64.563,-4076000.0,-0.04,1.0,82807000.0,0.516,13729000,0.0,103928000,82560505.0,0,52500000,52500000,0,30531000,28495000,2036000,1755046467,-8554000.0,561000.0,34203000.0,-3070000.0,0.0,30369000.0,-43588000.0,-35408000.0,4665000.0,0.0,13699000.0,13699000.0,13699000.0,0.0,0.0,0.085,63405000.0,19402000.0,774000,0.0,11.368,128.115,121.074,13620000,0.0,16.345,10.944,10.324,51839000,37977000,160372000.0,160372000.0,11100000.0,0.093,0.108,0.271,0.139,0.0,52305000.0,1.0,107375128,101292000,111604000.0,1.583,171183000,9675000,8660000.0,7160000,1.69,122266000
16,SAPE,ARY,1997-12-31,1998-03-18,1997-12-31,2019-04-29,0,98013000,,91368000,6645000,,0.854,-6190000.0,47314000,47314000,43816000.0,12358000.0,6.098,0.195,208000,208000,0,208000,6308000,2450000.0,0,0.0,0.0,20061000.0,22511000.0,0.249,22511000.0,20061000.0,20061000.0,0.13,0.117,0.13,81999000,,81999000,930522600,46.0,41.336,2831000.0,0.029,1.0,46544000.0,0.515,0,0.0,35924000,,0,17092000,17092000,0,16014000,14983000,1031000,977628600,-2987000.0,0.0,1789000.0,-80000.0,0.0,1734000.0,-13742000.0,-7552000.0,9021000.0,0.0,12358000.0,12358000.0,12358000.0,0.0,0.0,0.137,28561000.0,17983000.0,15000,0.0,11.922,79.109,77.173,6315000,0.0,10.033,10.819,10.657,25288000,24278000,90360000.0,90360000.0,0.0,,,,0.222,0.0,28001000.0,1.0,97446160,95984000,104316000.0,0.941,98013000,35000,7703000.0,3196000,1.021,76385000
17,SAPE,ARY,1997-12-31,1998-03-13,1997-12-31,2019-04-29,0,98013000,,91368000,6645000,,0.854,-6190000.0,47314000,47314000,43816000.0,12358000.0,6.098,0.195,208000,208000,0,208000,6308000,2450000.0,0,0.0,0.0,20061000.0,22511000.0,0.249,22511000.0,20061000.0,20061000.0,0.13,0.117,0.13,81999000,,81999000,957807525,48.0,42.548,2831000.0,0.029,1.0,46544000.0,0.515,0,0.0,35924000,,0,17092000,17092000,0,16014000,14983000,1031000,1004913525,-2987000.0,0.0,1789000.0,-80000.0,0.0,1734000.0,-13742000.0,-7552000.0,9021000.0,0.0,12358000.0,12358000.0,12358000.0,0.0,0.0,0.137,28561000.0,17983000.0,15000,0.0,12.255,81.317,79.327,6315000,0.0,10.313,11.121,10.954,25288000,24278000,90360000.0,90360000.0,0.0,,,,0.222,0.0,28001000.0,1.0,97446160,95984000,104316000.0,0.941,98013000,35000,7703000.0,3196000,1.021,76385000
0,SAPE,ARQ,2014-09-30,2014-11-06,2014-09-30,2019-04-29,-42508000,1006509000,,715295000,291214000,,4.524,-11952000.0,308928000,308928000,250790000.0,22337000.0,2.543,0.57,0,0,0,0,23133000,11677000.0,0,0.0,0.0,35987000.0,47664000.0,0.131,47664000.0,35987000.0,35063000.0,0.16,0.16,0.16,640767000,,640767000,3158928712,24.0,17.941,43309000.0,0.306,1.0,113842000.0,0.312,175604000,924000.0,240696000,,0,7802000,6255000,1547000,365015000,281281000,83734000,3467856712,27750000.0,-204000.0,-10830000.0,0.0,0.0,-12498000.0,-12174000.0,-18000.0,55261000.0,-2839000.0,22267000.0,22267000.0,22267000.0,0.0,70000.0,0.061,80025000.0,33817000.0,30226000,0.0,5.412,43.265,43.228,97073000,0.0,24.64,2.413,2.428,317674000,140596000,364632000.0,364632000.0,0.0,,,,,8342000.0,74210000.0,1.0,140740938,141624000,143097000.0,2.575,830905000,0,12796000.0,14990000,5.867,434014000
1,SAPE,ARQ,2014-06-30,2014-08-06,2014-06-30,2019-04-29,-29477000,994089000,,685216000,308873000,,4.478,-11696000.0,281179000,281179000,262962000.0,23245000.0,2.952,0.564,0,0,0,0,28246000,11513000.0,0,0.0,0.0,37537000.0,49050000.0,0.13,49050000.0,37537000.0,36717000.0,0.16,0.16,0.16,635135000,,635135000,1803893789,13.0,10.138,13852000.0,0.098,1.0,115801000.0,0.306,182958000,820000.0,297800000,,0,7973000,6309000,1664000,358206000,232152000,126054000,2085072789,11845000.0,-1812000.0,-2352000.0,0.0,0.0,-1948000.0,-12910000.0,230000.0,25548000.0,1155000.0,23286000.0,23286000.0,23286000.0,0.0,-41000.0,0.061,80459000.0,35342000.0,33772000,0.0,3.283,24.607,24.517,96535000,0.0,14.71,1.481,1.482,326563000,118329000,378763000.0,378763000.0,0.0,,,,,4257000.0,74720000.0,1.0,141745261,141850000,144052000.0,2.67,811131000,0,13431000.0,7030000,5.718,453064000
2,SAPE,ARQ,2014-03-31,2014-05-07,2014-03-31,2019-04-29,-33088000,949167000,,648885000,300282000,,4.371,-10635000.0,269698000,269698000,256204000.0,13589000.0,3.136,0.545,0,0,0,0,25333000,10358000.0,0,0.0,0.0,22197000.0,32555000.0,0.092,32555000.0,22197000.0,21530000.0,0.1,0.09,0.1,613755000,,613755000,1964485730,15.0,11.273,-53163000.0,-0.379,1.0,96972000.0,0.275,183384000,667000.0,289167000,,0,7846000,6169000,1677000,334645000,206918000,127727000,2234183730,-68338000.0,-12500000.0,76000.0,0.0,0.0,234000.0,-28714000.0,-5584000.0,-42528000.0,2670000.0,13625000.0,13625000.0,13625000.0,0.0,-36000.0,0.039,77136000.0,19836000.0,32047000,0.0,3.64,26.354,25.836,90951000,0.0,15.76,1.648,1.633,305398000,95043000,353176000.0,353176000.0,0.0,,,,,7809000.0,73542000.0,1.0,141762927,140411000,143513000.0,2.515,765783000,0,7905000.0,647000,5.454,441967000
3,SAPE,ARQ,2013-12-31,2014-03-18,2013-12-31,2019-04-29,-36551000,950648000,,667695000,282953000,,4.243,-9418000.0,337699000,337699000,230604000.0,20968000.0,2.747,0.612,0,0,0,0,29866000,9761000.0,0,0.0,0.0,37044000.0,46805000.0,0.137,46805000.0,37044000.0,37044000.0,0.15,0.14,0.15,589229000,,589229000,2050384059,16.0,12.402,70412000.0,0.507,1.0,110158000.0,0.323,176650000,0.0,193232000,,0,7889000,5870000,2019000,360635000,243067000,117568000,2388083059,64874000.0,-9387000.0,354000.0,0.0,0.0,850000.0,-18386000.0,327000.0,79830000.0,2580000.0,20976000.0,20976000.0,20976000.0,0.0,-8000.0,0.062,74600000.0,35558000.0,30410000,0.0,4.053,30.724,30.375,85898000,0.0,17.01,1.83,1.813,269610000,81418000,340762000.0,340762000.0,0.0,,,,,7061000.0,70222000.0,1.0,140392890,138874000,141745000.0,2.454,773998000,29245000,16068000.0,25520000,5.573,424628000
4,SAPE,ARQ,2013-09-30,2013-11-05,2013-09-30,2019-04-29,-40328000,874222000,,621673000,252549000,,4.039,-9442000.0,272857000,272857000,230064000.0,26759000.0,2.818,0.545,0,0,0,0,23326000,9684000.0,0,0.0,0.0,39833000.0,49517000.0,0.148,49517000.0,39833000.0,39833000.0,0.19,0.19,0.19,565351000,,565351000,1835618347,15.0,11.503,25627000.0,0.183,1.0,104816000.0,0.313,158427000,0.0,222322000,,0,9352000,7310000,2042000,307948000,220616000,87332000,2108475347,23233000.0,0.0,743000.0,0.0,0.0,1298000.0,-12382000.0,-3366000.0,35069000.0,-752000.0,26847000.0,26847000.0,26847000.0,0.0,-88000.0,0.08,66411000.0,38405000.0,25166000,0.0,3.729,27.619,27.345,83166000,0.0,15.04,1.662,1.659,280483000,70511000,334880000.0,334880000.0,0.0,,,,,7597000.0,64104000.0,1.0,140191180,139959000,142261000.0,2.393,715795000,16281000,12986000.0,38225000,5.114,401057000
5,SAPE,ARQ,2013-06-30,2013-08-08,2013-06-30,2019-04-29,-42892000,823861000,,574340000,249521000,,3.812,-11363000.0,249625000,249625000,223809000.0,23287000.0,2.82,0.555,0,0,0,0,22212000,9810000.0,0,0.0,0.0,35578000.0,45388000.0,0.139,45388000.0,35578000.0,35578000.0,0.17,0.16,0.17,529136000,,529136000,1945057653,17.0,12.761,38427000.0,0.277,1.0,102798000.0,0.315,158195000,0.0,212366000,,0,8408000,6016000,2392000,293710000,203675000,90035000,2194682653,35473000.0,-45000.0,931000.0,0.0,0.0,1937000.0,-8801000.0,1121000.0,49790000.0,-7453000.0,23328000.0,23328000.0,23328000.0,0.0,-41000.0,0.071,68461000.0,34337000.0,29660000,0.0,4.148,30.919,30.192,79847000,0.0,15.7,1.78,1.767,248339000,43664000,326607000.0,326607000.0,0.0,,,,,6828000.0,66513000.0,1.0,139788704,138791000,142901000.0,2.353,665666000,15037000,12250000.0,31480000,4.796,370665000
6,SAPE,ARQ,2013-03-31,2013-05-15,2013-03-31,2019-04-29,-32531000,790796000,,534636000,256160000,,3.741,-6396000.0,214515000,214515000,217090000.0,6530000.0,2.891,0.536,0,0,0,0,27867000,10666000.0,0,0.0,0.0,12952000.0,23618000.0,0.078,23618000.0,12952000.0,12952000.0,0.05,0.05,0.05,514140000,,514140000,1348197090,13.0,9.573,-15803000.0,-0.115,1.0,85893000.0,0.283,161749000,0.0,229592000,,0,11507000,6460000,5047000,275487000,184940000,90547000,1562712090,-19988000.0,-4948000.0,1029000.0,0.0,0.0,1492000.0,-9438000.0,-123000.0,-9407000.0,-2635000.0,6576000.0,6576000.0,6576000.0,0.0,-46000.0,0.022,73859000.0,12034000.0,25781000,0.0,3.039,25.07,24.326,79943000,0.0,11.19,1.307,1.286,248317000,20336000,302983000.0,302983000.0,0.0,,,,,6693000.0,65794000.0,1.0,139652555,137425000,142206000.0,2.205,629047000,17890000,6376000.0,29972000,4.577,349696000
7,SAPE,ARQ,2012-12-31,2013-02-28,2012-12-31,2019-04-29,-26016000,796321000,,538819000,257502000,,3.796,-9977000.0,239414000,239414000,205931000.0,19590000.0,2.867,0.53,0,0,0,0,27163000,9274000.0,0,0.0,0.0,31782000.0,41056000.0,0.135,41056000.0,31782000.0,31782000.0,0.14,0.14,0.14,520546000,,520546000,1310141233,12.0,9.147,56434000.0,0.412,1.0,98092000.0,0.323,162914000,0.0,206077000,,0,11597000,6321000,5276000,275775000,187916000,87859000,1549555233,34517000.0,-17524000.0,247000.0,0.0,0.0,-264000.0,-28529000.0,-61000.0,66411000.0,-3101000.0,19590000.0,19590000.0,19590000.0,0.0,0.0,0.064,67181000.0,30911000.0,26937000,0.0,2.977,23.751,23.872,80661000,0.0,11.22,1.334,1.335,240964000,27832000,304023000.0,304023000.0,0.0,,,,,-3691000.0,62097000.0,1.0,138106527,137120000,140867000.0,2.217,633407000,15888000,12192000.0,20989000,4.619,350903000
8,SAPE,ARQ,2012-09-30,2012-11-09,2012-09-30,2019-04-29,-22464000,745650000,,510131000,235519000,,3.628,-4833000.0,201595000,201595000,204976000.0,21487000.0,3.0,0.502,0,0,0,0,20790000,8771000.0,0,0.0,0.0,33587000.0,42358000.0,0.142,42358000.0,33587000.0,33587000.0,0.16,0.15,0.16,496560000,,496560000,1340590579,12.0,9.236,32293000.0,0.236,1.0,94292000.0,0.315,139902000,0.0,234114000,,0,10810000,6496000,4314000,249090000,170039000,79051000,1542185579,39562000.0,0.0,-7377000.0,-7000.0,0.0,-144000.0,-4020000.0,-18000.0,37126000.0,6600000.0,21487000.0,21487000.0,21487000.0,0.0,0.0,0.072,61517000.0,32775000.0,26639000,0.0,3.106,21.183,21.094,81617000,0.0,11.18,1.364,1.353,244225000,8242000,299268000.0,299268000.0,0.0,,,,,5773000.0,57671000.0,1.0,137941465,136883000,140158000.0,2.186,605748000,20436000,12100000.0,25750000,4.425,340092000
9,SAPE,ARQ,2012-06-30,2012-08-07,2012-06-30,2019-04-29,-33073000,684023000,,446233000,237790000,,3.41,-12206000.0,162001000,162001000,202320000.0,14680000.0,3.07,0.44,0,0,0,0,19651000,8413000.0,0,0.035,0.0,25384000.0,33797000.0,0.117,33797000.0,25384000.0,25384000.0,0.11,0.1,0.11,475089000,,475089000,1229769224,11.0,8.72,5328000.0,0.038,1.0,86775000.0,0.3,140121000,0.0,236553000,,0,11046000,5913000,5133000,208934000,145348000,63586000,1391770224,-37002000.0,0.0,-36610000.0,-20000.0,0.0,-33259000.0,-14392000.0,-356000.0,17534000.0,-6885000.0,14680000.0,14680000.0,14680000.0,0.0,0.0,0.051,62470000.0,24305000.0,27300000,0.0,2.929,19.764,19.843,81546000,0.0,10.12,1.259,1.275,230455000,-1896000,289095000.0,289095000.0,0.0,,,,,6465000.0,59271000.0,1.0,137526702,139310000,143512000.0,2.075,543902000,16809000,10704000.0,3119000,3.904,300885000
10,SAPE,ARQ,2012-03-31,2012-05-08,2012-03-31,2019-04-29,-22381000,712822000,,472283000,240539000,,3.607,-10450000.0,197333000,197333000,192154000.0,9482000.0,3.147,0.417,0,0,0,0,21023000,8086000.0,0,0.034,0.0,17935000.0,26021000.0,0.097,26021000.0,17935000.0,17935000.0,0.07,0.07,0.07,503089000,,503089000,1239129796,11.0,9.025,-23972000.0,-0.172,1.0,77251000.0,0.287,144927000,0.0,220508000,,0,11362000,6297000,5065000,209733000,150054000,59679000,1436462796,-15445000.0,0.0,457000.0,-20000.0,0.0,437000.0,-8468000.0,1870000.0,-13522000.0,6108000.0,9482000.0,9482000.0,9482000.0,0.0,0.0,0.035,61138000.0,16113000.0,22739000,0.0,2.855,20.248,19.961,72644000,0.0,10.18,1.328,1.312,226906000,-16576000,269405000.0,269405000.0,0.0,,,,,5148000.0,57467000.0,1.0,141106365,139458000,143916000.0,1.932,567895000,29584000,8453000.0,8102000,4.072,322229000
11,SAPE,ARQ,2011-12-31,2012-02-28,2011-12-31,2019-04-29,-32014000,713038000,,481101000,231937000,,3.461,-6801000.0,212832000,212832000,181583000.0,27154000.0,2.523,0.487,0,0,0,0,25599000,7957000.0,0,0.028,0.0,35020000.0,42977000.0,0.157,42977000.0,35020000.0,35020000.0,0.19,0.19,0.19,479404000,,479404000,1552875199,14.0,11.36,62868000.0,0.454,1.0,91387000.0,0.335,144793000,0.0,164700000,,0,12817000,7748000,5069000,233634000,190713000,42921000,1765707199,57112000.0,0.0,1773000.0,-20000.0,0.0,5404000.0,-7801000.0,-761000.0,69669000.0,-10160000.0,27154000.0,27154000.0,27154000.0,0.0,0.0,0.099,57957000.0,33430000.0,25389000,0.0,3.683,23.985,23.755,64257000,0.0,12.59,1.662,1.633,217821000,-26058000,272970000.0,272970000.0,0.0,,,,,5019000.0,55144000.0,1.0,140246799,138535000,142704000.0,1.97,568245000,29193000,7866000.0,10700000,4.102,290388000
12,SAPE,ARQ,2011-09-30,2011-11-07,2011-09-30,2019-04-29,-21894000,665454000,,429861000,235593000,,3.266,-9101000.0,155560000,155560000,187791000.0,19102000.0,2.513,0.469,0,0,0,0,18056000,7080000.0,0,0.028,0.35,31161000.0,38241000.0,0.14,38241000.0,31161000.0,31161000.0,0.14,0.13,0.14,452948000,,452948000,1575047133,16.0,12.844,34415000.0,0.248,1.0,86091000.0,0.314,148338000,0.0,190469000,,0,13456000,8387000,5069000,212506000,171087000,41419000,1730607133,-73064000.0,-44602000.0,531000.0,-6436000.0,-48873000.0,-54778000.0,-53945000.0,-54000.0,43516000.0,-7857000.0,19102000.0,19102000.0,19102000.0,0.0,0.0,0.07,56967000.0,29124000.0,30557000,2.5,3.821,27.845,26.913,53160000,0.0,12.38,1.694,1.68,222955000,-53212000,273882000.0,273882000.0,0.0,,,,,5018000.0,52969000.0,1.0,139790560,138679000,142608000.0,1.975,517116000,36491000,12059000.0,9960000,3.729,258774000
13,SAPE,ARQ,2011-06-30,2011-08-04,2011-06-30,2019-04-29,-7221000,681600000,,501176000,180424000,,3.614,-11545000.0,228918000,228918000,187581000.0,15204000.0,3.129,0.371,0,0,0,0,13461000,5669000.0,0,0.0,0.0,24386000.0,30055000.0,0.113,30055000.0,24386000.0,24386000.0,0.11,0.11,0.11,497326000,,497326000,1571430243,18.0,14.216,26852000.0,0.195,1.0,77877000.0,0.293,98733000,0.0,193766000,,0,13649000,9120000,4529000,184274000,160183000,24091000,1800348243,31972000.0,0.0,3621000.0,1311000.0,0.0,4932000.0,-11943000.0,-314000.0,38397000.0,586000.0,15204000.0,15204000.0,15204000.0,0.0,0.0,0.057,54747000.0,23130000.0,26800000,0.0,3.62,31.407,30.093,49032000,0.0,12.94,1.844,1.824,217639000,-72314000,265458000.0,265458000.0,0.0,,,,,5343000.0,53292000.0,1.0,139130467,137608000,142072000.0,1.929,582867000,37596000,9182000.0,8371000,4.236,340993000
14,SAPE,ARQ,2011-03-31,2011-05-05,2011-03-31,2019-04-29,-8088000,645887000,,471701000,174186000,,3.453,-8065000.0,196933000,196933000,175230000.0,12158000.0,3.114,0.373,0,0,0,0,16723000,5480000.0,0,0.0,0.0,19947000.0,25427000.0,0.102,25427000.0,19947000.0,19947000.0,0.09,0.09,0.09,470582000,,470582000,1454087927,19.0,14.648,-27039000.0,-0.198,1.0,74664000.0,0.299,99867000,0.0,197621000,,0,13366000,8962000,4404000,175305000,151466000,23839000,1651020927,-23062000.0,0.0,4236000.0,-3115000.0,0.0,1121000.0,-7277000.0,-138000.0,-18974000.0,2068000.0,12158000.0,12158000.0,12158000.0,0.0,0.0,0.049,56176000.0,18488000.0,21837000,0.0,3.508,33.204,31.5,41861000,0.0,11.97,1.791,1.77,219971000,-87518000,249894000.0,249894000.0,0.0,,,,,3876000.0,49261000.0,1.0,137929902,136293000,140565000.0,1.834,546020000,41362000,7789000.0,4009000,4.006,320235000
15,SAPE,ARQ,2010-12-31,2011-02-25,2010-12-31,2019-04-29,-12488000,623722000,,460984000,162738000,,3.308,-6234000.0,220864000,220864000,158448000.0,15687000.0,2.899,0.41,0,0,0,0,18558000,5625000.0,0,0.0,0.0,23277000.0,28902000.0,0.124,28902000.0,23277000.0,23277000.0,0.12,0.12,0.12,442305000,,442305000,1402759069,21.0,15.715,37793000.0,0.283,1.0,74065000.0,0.319,95494000,0.0,148343000,,0,13223000,8861000,4362000,181417000,159021000,22396000,1623623069,29520000.0,0.0,2747000.0,1309000.0,-11000.0,4045000.0,-16643000.0,-8647000.0,44027000.0,-1909000.0,15687000.0,15687000.0,15687000.0,0.0,0.0,0.067,52006000.0,22059000.0,18714000,0.0,3.671,37.065,35.909,35571000,0.0,11.85,1.88,1.812,186065000,-99676000,232513000.0,232513000.0,0.0,,,,,4232000.0,50719000.0,1.0,137014605,133689000,139977000.0,1.739,528228000,43630000,7590000.0,1398000,3.951,301963000
16,SAPE,ARQ,2010-09-30,2010-11-04,2010-09-30,2019-04-29,-9816000,609235000,,430587000,178648000,,3.185,-7553000.0,190367000,190367000,159528000.0,14275000.0,2.615,0.44,0,0,0,0,15368000,5234000.0,0,0.026,0.0,20920000.0,26154000.0,0.114,26154000.0,20920000.0,20920000.0,0.11,0.1,0.11,422949000,,422949000,1616653700,25.0,18.827,18930000.0,0.143,1.0,69054000.0,0.302,97343000,0.0,156887000,,0,3523000,0,3523000,186286000,164638000,21648000,1807020700,28659000.0,0.0,1703000.0,3029000.0,0.0,4732000.0,-7923000.0,-297000.0,26483000.0,5367000.0,14275000.0,14275000.0,14275000.0,0.0,0.0,0.062,49076000.0,19978000.0,22620000,0.0,4.272,18.398,17.195,35196000,0.0,13.24,2.197,2.138,187658000,-115363000,228582000.0,228582000.0,0.0,,,,,4289000.0,47741000.0,1.0,136481926,132774000,139243000.0,1.722,511892000,58390000,6645000.0,1566000,3.855,265949000
17,SAPE,ARQ,2010-06-30,2010-08-05,2010-06-30,2019-04-29,-18705000,566672000,,397791000,168881000,,3.065,-4867000.0,161614000,161614000,149695000.0,7604000.0,2.747,0.412,0,0,0,0,14720000,5181000.0,0,0.031,0.0,13604000.0,18785000.0,0.089,18785000.0,13604000.0,13604000.0,0.06,0.06,0.06,401197000,,401197000,1349086870,26.0,18.233,18073000.0,0.138,1.0,61006000.0,0.29,97075000,0.0,163174000,,0,10296000,6825000,3471000,165475000,144809000,20666000,1510700870,19202000.0,-178000.0,1704000.0,-20000.0,0.0,1684000.0,-4786000.0,259000.0,22940000.0,-636000.0,7604000.0,7604000.0,7604000.0,0.0,0.0,0.036,48147000.0,12859000.0,18462000,0.0,3.765,16.809,15.761,28482000,0.0,11.19,1.972,1.912,175836000,-129638000,210701000.0,210701000.0,0.0,,,,,5404000.0,46660000.0,1.0,135004546,130915000,137911000.0,1.609,469597000,62360000,6000000.0,1438000,3.587,252982000
18,SAPE,ARQ,2010-03-31,2010-05-06,2010-03-31,2019-04-29,-14131000,540590000,,371098000,169492000,,2.996,-2599000.0,142420000,142420000,136268000.0,6239000.0,2.847,0.388,0,0,0,0,16702000,5622000.0,0,0.036,0.35,9802000.0,15424000.0,0.08,15424000.0,9802000.0,9802000.0,0.05,0.05,0.05,389609000,,389609000,1167277865,25.0,16.833,-8739000.0,-0.067,1.0,55456000.0,0.289,98507000,0.0,169318000,,0,17177000,13580000,3597000,150981000,130345000,20636000,1309697865,-53611000.0,-2985000.0,2536000.0,-21000.0,-46832000.0,-44317000.0,-4084000.0,1454000.0,-6140000.0,930000.0,6239000.0,6239000.0,6239000.0,0.0,0.0,0.033,46454000.0,9002000.0,16649000,7.0,3.362,14.574,13.746,27785000,0.0,9.76,1.847,1.79,168217000,-137242000,191724000.0,191724000.0,0.0,,,,,4231000.0,44590000.0,1.0,134190355,130054000,136797000.0,1.474,442083000,58806000,3563000.0,1454000,3.399,240753000
19,SAPE,ARQ,2009-12-31,2010-02-23,2009-12-31,2019-04-29,-12626000,594919000,,424075000,170844000,,3.297,-2489000.0,196071000,196071000,127375000.0,70099000.0,2.875,0.396,0,0,0,0,19544000,5649000.0,0,0.0,0.0,19857000.0,25506000.0,0.133,25506000.0,19857000.0,19857000.0,0.55,0.52,0.55,426201000,,426201000,973888381,22.0,15.051,18506000.0,0.143,1.0,63927000.0,0.334,99065000,0.0,152272000,,0,19752000,16082000,3670000,168718000,147511000,21207000,1169959381,20009000.0,-4888000.0,462000.0,-26000.0,0.0,465000.0,-6961000.0,408000.0,20995000.0,5510000.0,70099000.0,70099000.0,70099000.0,0.0,0.0,0.366,44759000.0,19168000.0,19238000,0.0,2.745,13.276,12.739,29229000,0.0,8.79,1.755,1.687,159413000,-143481000,191302000.0,191302000.0,0.0,,,,,3993000.0,43153000.0,1.0,133101181,129286000,136379000.0,1.48,495854000,61137000,-50242000.0,10249000,3.835,276564000
20,SAPE,ARQ,2009-09-30,2009-11-05,2009-09-30,2019-04-29,-15288000,517392000,,370586000,146806000,,2.719,-3388000.0,176059000,176059000,121138000.0,5933000.0,2.619,0.48,0,0,0,0,15338000,5874000.0,0,0.0,0.0,8403000.0,14277000.0,0.083,14277000.0,8403000.0,8403000.0,0.05,0.04,0.05,349600000,,349600000,964918678,19.0,13.509,13447000.0,0.105,1.0,51322000.0,0.298,100745000,0.0,99076000,,0,19861000,16180000,3681000,167792000,141512000,26280000,1140977678,2037000.0,-14169000.0,756000.0,-8000.0,0.0,748000.0,-16704000.0,1200000.0,16835000.0,1158000.0,5933000.0,5933000.0,5933000.0,0.0,0.0,0.034,43571000.0,7751000.0,19188000,0.0,3.264,26.082,23.889,30644000,0.0,8.6,1.761,1.707,142519000,-213580000,172460000.0,172460000.0,0.0,,,,,3782000.0,38262000.0,1.0,132671823,128582000,135321000.0,1.341,416647000,0,2470000.0,0,3.24,229074000
21,SAPE,ARQ,2009-06-30,2009-08-06,2009-06-30,2019-04-29,-13869000,471117000,,339482000,131635000,,2.603,-2305000.0,173878000,173878000,108009000.0,7596000.0,2.876,0.424,0,0,0,0,13048000,4861000.0,0,0.0,0.0,9275000.0,14136000.0,0.092,14136000.0,9275000.0,9275000.0,0.06,0.06,0.06,330810000,,330810000,694153113,11.0,8.207,28099000.0,0.221,1.0,45595000.0,0.297,69084000,0.0,110131000,,0,20988000,980000,20008000,140307000,118024000,22283000,868031113,35570000.0,0.0,74000.0,0.0,0.0,74000.0,-1662000.0,550000.0,30404000.0,6754000.0,7596000.0,7596000.0,7596000.0,0.0,0.0,0.049,37129000.0,8466000.0,9297000,0.0,2.624,15.534,14.6,29544000,0.0,6.57,1.316,1.266,142342000,-219513000,153604000.0,153604000.0,0.0,,,,,3659000.0,35038000.0,1.0,132120413,127066000,130825000.0,1.209,402033000,0,1679000.0,0,3.164,221458000
22,SAPE,ARQ,2009-03-31,2009-05-07,2009-03-31,2019-04-29,-29366000,424457000,,298772000,125685000,,2.396,-1237000.0,138371000,138371000,107131000.0,4498000.0,3.027,0.396,0,0,0,0,11178000,4746000.0,0,0.0,0.0,6041000.0,10787000.0,0.072,10787000.0,6041000.0,6041000.0,0.04,0.03,0.04,304061000,,304061000,491027904,7.0,5.529,-30759000.0,-0.242,1.0,42181000.0,0.283,65409000,0.0,121974000,,0,21119000,1697000,19422000,120396000,98703000,21693000,629398904,-31278000.0,0.0,81000.0,0.0,0.0,81000.0,1231000.0,2344000.0,-29522000.0,-3068000.0,4498000.0,4498000.0,4498000.0,0.0,0.0,0.03,37146000.0,5035000.0,7093000,0.0,2.07,10.515,10.292,29187000,0.0,4.94,0.931,0.927,140416000,-227109000,149312000.0,149312000.0,0.0,,,,,3487000.0,33496000.0,1.0,127408685,126889000,130368000.0,1.177,359048000,0,1543000.0,0,2.83,200069000
23,SAPE,ARQ,2008-12-31,2009-02-23,2008-12-31,2019-04-29,-24535000,452270000,,325992000,126278000,,2.386,-3759000.0,169712000,169712000,111722000.0,25719000.0,2.548,0.498,0,0,0,0,15432000,4972000.0,0,0.0,0.0,27254000.0,32226000.0,0.187,32226000.0,27254000.0,27254000.0,0.21,0.2,0.21,301947000,,301947000,274753223,4.0,3.0,32939000.0,0.26,1.0,60788000.0,0.352,61355000,0.0,93273000,,0,22868000,3462000,19406000,150323000,127930000,22393000,444465223,34228000.0,0.0,89000.0,-13000.0,0.0,-1203000.0,6459000.0,11177000.0,36698000.0,-7726000.0,25719000.0,25719000.0,25719000.0,0.0,0.0,0.149,34816000.0,25972000.0,6977000,0.0,1.472,7.114,6.98,32397000,0.0,3.49,0.647,0.64,132595000,-231607000,172510000.0,172510000.0,0.0,,,,,1785000.0,33753000.0,1.0,127353932,126543000,128951000.0,1.363,390915000,9355000,1535000.0,7131000,3.089,198062000
24,SAPE,ARQ,2008-09-30,2008-11-06,2008-09-30,2019-04-29,-5173000,454931000,,319716000,135215000,,2.331,-2639000.0,135498000,135498000,120480000.0,18067000.0,2.324,0.551,0,0,0,0,16660000,5282000.0,0,0.0,0.0,22145000.0,27427000.0,0.149,27427000.0,22145000.0,22145000.0,0.14,0.14,0.14,293370000,,293370000,463418585,8.0,6.058,30591000.0,0.243,1.0,63640000.0,0.346,69818000,0.0,112072000,,0,35141000,14636000,20505000,161561000,137543000,24018000,598916585,-5113000.0,-22409000.0,4319000.0,-1379000.0,0.0,4304000.0,-33351000.0,-8107000.0,33230000.0,-9296000.0,18067000.0,18067000.0,18067000.0,0.0,0.0,0.098,42945000.0,20695000.0,9730000,0.0,2.042,13.04,13.111,34450000,0.0,4.72,0.886,0.879,145663000,-257326000,184120000.0,184120000.0,0.0,,,,,4448000.0,42121000.0,1.0,126889107,125835000,130113000.0,1.463,385113000,0,4078000.0,0,3.06,182173000
25,SAPE,ARQ,2008-06-30,2008-08-07,2008-06-30,2019-04-29,6857000,416388000,,301382000,115006000,,2.173,-7420000.0,140461000,140461000,115172000.0,11574000.0,2.472,0.526,0,0,0,0,13296000,4626000.0,0,0.0,0.0,13746000.0,18372000.0,0.108,18372000.0,13746000.0,13746000.0,0.09,0.09,0.09,272787000,,272787000,748089834,18.0,12.08,14532000.0,0.116,1.0,55152000.0,0.324,45326000,0.0,108671000,,0,27075000,5535000,21540000,143601000,121930000,21671000,888550834,6907000.0,-883000.0,-7076000.0,-21000.0,0.0,-7097000.0,-4203000.0,4804000.0,21952000.0,-3745000.0,11574000.0,11574000.0,11574000.0,0.0,0.0,0.068,42990000.0,12162000.0,9797000,0.0,3.257,27.523,27.192,37190000,0.0,7.07,1.393,1.391,133163000,-275393000,170324000.0,170324000.0,0.0,,,,,4404000.0,42653000.0,1.0,125679043,125544000,128645000.0,1.357,371062000,0,2172000.0,0,2.956,179452000
26,SAPE,ARQ,2008-03-31,2008-05-08,2008-03-31,2019-04-29,11081000,399142000,,284682000,114460000,,2.126,-4071000.0,133768000,133768000,113210000.0,7116000.0,2.566,0.488,0,0,0,0,10293000,4998000.0,0,0.0,0.0,8570000.0,13568000.0,0.085,13568000.0,8570000.0,8570000.0,0.06,0.06,0.06,267995000,,267995000,777175057,25.0,15.418,-10891000.0,-0.086,1.0,47324000.0,0.295,45569000,0.0,108870000,,0,31067000,8362000,22705000,130857000,110935000,19922000,910943057,14621000.0,495000.0,-1050000.0,-19000.0,0.0,-1069000.0,23331000.0,26911000.0,-6820000.0,-821000.0,7116000.0,7116000.0,7116000.0,0.0,0.0,0.044,41524000.0,5800000.0,10609000,0.0,3.399,42.257,39.889,35345000,0.0,7.18,1.516,1.506,123609000,-286967000,160534000.0,160534000.0,0.0,,,,,4485000.0,40894000.0,1.0,126872292,126031000,128956000.0,1.274,353573000,0,1454000.0,0,2.805,173747000
27,SAPE,ARQ,2007-12-31,2008-02-29,2007-12-31,2019-04-29,12686000,407604000,,315358000,92246000,,2.084,-5390000.0,119155000,119155000,110383000.0,9173000.0,2.5,0.563,0,0,0,0,14278000,4934000.0,0,0.0,0.0,12191000.0,17125000.0,0.107,17125000.0,12191000.0,12191000.0,0.07,0.07,0.07,260559000,,260559000,814673278,34.0,19.625,26274000.0,0.21,1.0,50277000.0,0.313,46056000,0.0,116236000,,0,58961000,57667000,1294000,146755000,126157000,20598000,933828278,4903000.0,0.0,4441000.0,-21000.0,0.0,4602000.0,-31093000.0,-25710000.0,31664000.0,-270000.0,9173000.0,9173000.0,9173000.0,0.0,0.0,0.057,39871000.0,10406000.0,7264000,0.0,3.584,61.371,61.5,34914000,0.0,7.38,1.65,1.619,115816000,-294083000,160660000.0,160660000.0,0.0,,,,,4693000.0,39149000.0,1.0,126534997,125035000,128695000.0,1.285,361548000,6721000,3018000.0,1107000,2.892,189201000
28,SAPE,ARQ,2007-09-30,2007-11-09,2007-09-30,2019-04-29,12720000,384393000,,292901000,91492000,,1.937,-4769000.0,114244000,114244000,101519000.0,4421000.0,2.407,0.588,0,0,0,0,19376000,4709000.0,0,0.0,0.0,8153000.0,12862000.0,0.088,12862000.0,8153000.0,8153000.0,0.04,0.03,0.04,241903000,,241903000,779296758,56.0,25.987,33909000.0,0.272,1.0,44896000.0,0.307,46327000,0.0,102111000,,0,33203000,31949000,1254000,142200000,121711000,20489000,893540758,54363000.0,0.0,-329000.0,-18000.0,0.0,-347000.0,13615000.0,18078000.0,38678000.0,2417000.0,4421000.0,4421000.0,4421000.0,0.0,0.0,0.03,38339000.0,6557000.0,6009000,0.0,3.694,180.915,119.5,36021000,0.0,7.17,1.704,1.707,121562000,-303256000,146415000.0,146415000.0,0.0,,,,,4448000.0,37887000.0,1.0,124622142,124875000,128314000.0,1.172,338066000,0,3732000.0,0,2.707,171190000
29,SAPE,ARQ,2007-06-30,2007-08-09,2007-06-30,2019-04-29,10109000,365977000,,273876000,92101000,,1.879,-8477000.0,60174000,60174000,91688000.0,847000.0,2.406,0.577,0,0,0,0,20950000,4246000.0,0,0.0,0.0,2605000.0,6851000.0,0.051,6851000.0,2605000.0,2605000.0,0.01,0.01,0.01,231910000,,231910000,903803435,206.0,47.292,-2654000.0,-0.022,1.0,41437000.0,0.311,46814000,0.0,145157000,,0,51186000,48925000,2261000,133777000,113832000,19945000,963977435,6373000.0,-883000.0,2561000.0,-30000.0,0.0,2531000.0,-4342000.0,5191000.0,5823000.0,2361000.0,847000.0,847000.0,847000.0,0.0,0.0,0.006,40048000.0,1389000.0,9433000,0.0,4.157,769.336,256.333,34064000,0.0,7.69,1.971,1.94,139477000,-307677000,133125000.0,133125000.0,0.0,,,,,4688000.0,39582000.0,1.0,125354673,123423000,123423000.0,1.079,319163000,0,1758000.0,0,2.586,160044000
30,SAPE,ARQ,2007-03-31,2007-06-15,2007-03-31,2019-04-29,6469000,337126000,,254264000,82862000,,1.784,-1725000.0,53574000,53574000,88324000.0,775000.0,2.63,0.53,0,0,0,0,11602000,3449000.0,0,0.0,0.0,1226000.0,4675000.0,0.037,4675000.0,1226000.0,1226000.0,0.01,0.01,0.01,219979000,,219979000,939572345,90.0,38.893,-19689000.0,-0.16,1.0,37465000.0,0.298,45937000,0.0,140955000,,0,56375000,55204000,1171000,116667000,96660000,20007000,993146345,-21964000.0,436000.0,0.0,-37000.0,0.0,-37000.0,-4414000.0,-3345000.0,-17964000.0,451000.0,775000.0,775000.0,775000.0,0.0,0.0,0.006,37542000.0,-77000.0,8745000,0.0,4.515,185.531,133.833,27412000,0.0,8.03,2.171,2.165,122690000,-308524000,125789000.0,125789000.0,0.0,,,,,4167000.0,37112000.0,1.0,123679495,123301000,126894000.0,1.02,291189000,0,451000.0,0,2.362,157604000
31,SAPE,ARQ,2006-12-31,2007-06-12,2006-12-31,2019-04-29,5782000,342064000,,257600000,84464000,,1.741,-5273000.0,75573000,75573000,78750000.0,-1104000.0,2.37,0.592,0,0,0,0,15736000,3642000.0,0,0.0,0.0,1958000.0,5600000.0,0.047,5600000.0,1958000.0,1958000.0,0.0,0.0,0.0,214497000,,214497000,856970392,113.0,40.523,18528000.0,0.15,1.0,40332000.0,0.339,46479000,0.0,111311000,,0,53197000,51859000,1338000,127087000,108701000,18386000,932543392,24068000.0,134000.0,626000.0,-33000.0,0.0,593000.0,-1827000.0,2806000.0,23801000.0,1501000.0,-1104000.0,-1104000.0,-1104000.0,0.0,0.0,-0.009,39822000.0,510000.0,9818000,,4.348,297.367,251.333,27623000,0.0,7.54,2.212,2.212,109603000,-309299000,119082000.0,119082000.0,0.0,,,,,3983000.0,38403000.0,1.0,123679495,123185000,123185000.0,0.967,295585000,5900000,3062000.0,4921000,2.4,148899000
32,SAPE,ARQ,2006-03-31,2006-05-10,2006-03-31,2019-04-29,1912000,299041000,,219552000,79489000,,1.671,-2342000.0,40847000,40847000,61379000.0,-897000.0,3.051,0.438,0,0,0,0,18477000,3345000.0,0,0.0,0.0,-1066000.0,2279000.0,0.025,2279000.0,-1066000.0,-1066000.0,-0.01,-0.01,-0.01,207493000,,207493000,692057550,41.0,26.168,-21344000.0,-0.172,1.0,30022000.0,0.328,48011000,0.0,138222000,,0,66334000,64834000,1500000,90877000,71961000,18916000,732904550,-30666000.0,-26481000.0,-3623000.0,56000.0,0.0,-3567000.0,-8481000.0,20342000.0,-19002000.0,384000.0,-897000.0,-897000.0,-897000.0,0.0,0.0,-0.01,32588000.0,-2566000.0,7032000,0.0,3.532,39.298,39.2,22903000,0.0,5.88,2.13,2.122,102702000,-265078000,91401000.0,91401000.0,0.0,,,,,2818000.0,30747000.0,1.0,124643631,124173000,124173000.0,0.736,251030000,0,-169000.0,0,2.022,147591000
33,SAPE,ARQ,2005-12-31,2006-03-16,2005-12-31,2019-04-29,1046000,286183000,,243949000,42234000,,1.622,-3172000.0,71484000,71484000,53367000.0,10473000.0,3.862,0.409,0,0,0,0,6691000,2328000.0,0,0.0,0.0,7592000.0,9920000.0,0.112,9920000.0,7592000.0,7592000.0,0.09,0.08,0.09,202635000,,202635000,878546967,35.0,26.959,27222000.0,0.218,1.0,35089000.0,0.397,14710000,0.0,136824000,,0,86288000,86288000,0,82877000,63165000,19712000,950030967,19094000.0,0.0,-12938000.0,0.0,0.0,-12938000.0,2919000.0,6091000.0,30394000.0,-1281000.0,10473000.0,10473000.0,10473000.0,0.0,0.0,0.118,28523000.0,6566000.0,5396000,0.0,4.688,36.969,36.381,20561000,0.0,7.64,2.853,2.861,76911000,-264181000,88456000.0,88456000.0,0.0,,,,,915000.0,26173000.0,1.0,124349603,124920000,128113000.0,0.708,271473000,5142000,-2881000.0,4442000,2.173,180784000
34,SAPE,ARQ,2005-09-30,2005-11-09,2005-09-30,2019-04-29,1921000,285016000,,241655000,43361000,,1.636,-2114000.0,52409000,52409000,54689000.0,6310000.0,3.928,0.387,0,0,0,0,5261000,2042000.0,0,0.0,0.0,7253000.0,9295000.0,0.109,9295000.0,7253000.0,7253000.0,0.05,0.05,0.05,205061000,,205061000,663738105,24.0,19.596,-7292000.0,-0.058,1.0,30780000.0,0.36,15091000,0.0,156001000,,0,92162000,86718000,5444000,79284000,61515000,17769000,716147105,614000.0,0.0,1908000.0,0.0,0.0,1908000.0,4336000.0,6450000.0,-5178000.0,-452000.0,6310000.0,6310000.0,6310000.0,0.0,0.0,0.074,24568000.0,6212000.0,5182000,0.0,3.492,30.807,30.0,20161000,0.0,5.7,2.279,2.274,92112000,-274654000,85469000.0,85469000.0,0.0,,,,,873000.0,24187000.0,1.0,125639843,125361000,129992000.0,0.682,269925000,761000,943000.0,3044000,2.153,180140000
35,SAPE,ARQ,2005-06-30,2005-08-09,2005-06-30,2019-04-29,2646000,276922000,,211049000,65873000,,1.586,-4566000.0,54483000,54483000,46032000.0,2764000.0,3.548,0.4,0,0,0,0,4323000,1702000.0,0,0.0,0.0,3251000.0,4953000.0,0.063,4953000.0,3251000.0,3251000.0,0.02,0.02,0.02,197368000,,197368000,866971321,31.0,25.187,-685000.0,-0.006,1.0,32727000.0,0.416,15472000,0.0,147479000,,0,98515000,72664000,25851000,78883000,59488000,19395000,921454321,1393000.0,-13334000.0,2665000.0,0.0,0.0,2665000.0,-5179000.0,12721000.0,3881000.0,26000.0,2764000.0,2764000.0,2764000.0,0.0,0.0,0.035,30927000.0,1800000.0,7055000,0.0,4.669,37.202,36.8,20150000,0.0,7.36,3.112,3.093,73378000,-280964000,78759000.0,78759000.0,0.0,,,,,22000.0,25443000.0,1.0,125197598,124427000,129612000.0,0.633,261450000,770000,487000.0,2368000,2.101,151561000
36,SAPE,ARQ,2005-03-31,2005-05-10,2005-03-31,2019-04-29,3036000,267709000,,200537000,67172000,,1.522,-4621000.0,55374000,55374000,49520000.0,6151000.0,3.134,0.416,0,0,0,0,7200000,1430000.0,0,0.0,0.0,6990000.0,8420000.0,0.105,8420000.0,6990000.0,6990000.0,0.05,0.05,0.05,188997000,,188997000,905877782,29.0,24.514,-6494000.0,-0.052,1.0,30834000.0,0.384,515000,0.0,147838000,,0,110962000,66701000,44261000,78712000,63982000,14730000,961251782,-17932000.0,0.0,-2058000.0,0.0,0.0,-2058000.0,-13759000.0,-9138000.0,-1873000.0,-242000.0,6151000.0,6151000.0,6151000.0,0.0,0.0,0.077,24674000.0,6160000.0,5970000,0.0,5.086,34.734,33.696,17466000,0.0,7.75,3.369,3.373,70983000,-283728000,80354000.0,80354000.0,0.0,,,,,22000.0,24523000.0,1.0,124032488,124179000,129491000.0,0.647,267194000,797000,839000.0,4269000,2.152,136555000
37,SAPE,ARQ,2004-12-31,2005-03-16,2004-12-31,2019-04-29,4090000,269603000,,185324000,84279000,,1.5,-4840000.0,73401000,73401000,38772000.0,8021000.0,2.781,0.45,0,0,0,0,9285000,1519000.0,0,0.0,0.0,9684000.0,11203000.0,0.161,11203000.0,9684000.0,9684000.0,0.07,0.06,0.07,185933000,,185933000,825771629,33.0,26.017,6795000.0,0.055,1.0,30818000.0,0.443,643000,0.0,128919000,,0,102178000,38172000,64006000,83670000,66640000,17030000,899172629,11551000.0,0.0,2233000.0,0.0,0.0,2233000.0,-3883000.0,957000.0,11635000.0,1566000.0,8021000.0,8021000.0,8021000.0,0.0,0.0,0.115,22074000.0,8744000.0,6125000,0.0,4.836,39.405,38.053,14612000,0.0,7.23,3.38,3.344,68153000,-289879000,69590000.0,69590000.0,0.0,,,,,133000.0,21812000.0,1.0,124366892,123961000,130678000.0,0.561,268960000,815000,1663000.0,4116000,2.17,118684000
38,SAPE,ARQ,2004-09-30,2004-11-09,2004-09-30,2019-04-29,1780000,246167000,,175507000,70660000,,1.406,-2509000.0,63324000,63324000,37563000.0,7833000.0,3.208,0.421,0,0,0,0,3662000,1622000.0,0,0.0,0.0,8223000.0,9845000.0,0.146,9845000.0,8223000.0,8223000.0,0.06,0.06,0.06,173238000,,173238000,1062782633,57.0,41.012,3142000.0,0.026,1.0,29808000.0,0.442,772000,0.0,127355000,,0,103336000,49655000,53681000,72929000,54716000,18213000,1126106633,-16422000.0,0.0,3614000.0,0.0,0.0,3614000.0,-25815000.0,-23306000.0,5651000.0,128000.0,7833000.0,7833000.0,7833000.0,0.0,0.0,0.116,22311000.0,7497000.0,4575000,0.0,6.5,64.883,64.929,12119000,0.0,9.09,4.488,4.462,55916000,-297900000,67371000.0,67371000.0,0.0,,,,,224000.0,21718000.0,1.0,123884118,123172000,128462000.0,0.547,245395000,1293000,390000.0,3564000,1.992,120791000
39,SAPE,ARQ,2004-06-30,2004-08-09,2004-06-30,2019-04-29,1624000,237657000,,191831000,45826000,,1.316,-1864000.0,80418000,80418000,39772000.0,5670000.0,3.443,0.472,0,0,0,0,3338000,1584000.0,0,0.0,0.0,5902000.0,7486000.0,0.11,7486000.0,5902000.0,5902000.0,0.05,0.04,0.05,161414000,,161414000,759134042,65.0,38.896,5478000.0,0.045,1.0,28246000.0,0.415,900000,0.0,100615000,,0,79902000,50852000,29050000,76243000,55724000,20519000,839552042,3617000.0,0.0,235000.0,0.0,0.0,235000.0,-3332000.0,-1468000.0,7342000.0,-628000.0,5670000.0,5670000.0,5670000.0,0.0,0.0,0.083,22943000.0,5303000.0,4523000,0.0,5.201,79.714,75.889,11456000,0.0,6.83,3.643,3.636,57481000,-305733000,68018000.0,68018000.0,0.0,,,,,210000.0,21737000.0,1.0,122921236,122696000,127360000.0,0.554,236757000,729000,232000.0,2539000,1.93,136107000
40,SAPE,ARQ,2004-03-31,2004-05-10,2004-03-31,2019-04-29,2964000,225347000,,193534000,31813000,,1.281,-569000.0,77775000,77775000,38146000.0,1295000.0,4.099,0.439,0,0,0,0,1832000,1763000.0,0,0.0,0.0,1443000.0,3206000.0,0.053,3206000.0,1443000.0,1443000.0,0.01,0.01,0.01,156639000,,156639000,589553624,327.0,52.951,-4939000.0,-0.04,1.0,22911000.0,0.375,1029000,0.0,99329000,,0,78845000,64419000,14426000,68708000,47214000,21494000,667328624,441000.0,0.0,1626000.0,0.0,0.0,1626000.0,2774000.0,3343000.0,-4370000.0,411000.0,1295000.0,1295000.0,1295000.0,0.0,0.0,0.021,21923000.0,988000.0,2899000,0.0,4.26,993.049,544.0,11775000,0.0,5.44,3.19,3.181,49208000,-311403000,61057000.0,61057000.0,0.0,,,,,212000.0,21582000.0,1.0,122670703,122325000,127326000.0,0.499,224318000,729000,148000.0,2088000,1.834,146320000
41,SAPE,ARQ,2003-12-31,2004-03-12,2003-12-31,2019-04-29,1870000,226900000,,194475000,32425000,,1.251,-508000.0,79077000,79077000,33620000.0,2558000.0,3.79,0.489,0,0,0,0,3867000,2412000.0,0,0.0,0.0,2965000.0,5377000.0,0.099,5377000.0,2965000.0,2965000.0,0.02,0.02,0.02,152412000,,152412000,718063780,-202.0,97.616,4829000.0,0.04,1.0,20837000.0,0.383,1158000,0.0,95348000,,0,82162000,72961000,9201000,74488000,51317000,23171000,797140780,-9186000.0,0.0,336000.0,0.0,0.0,336000.0,-15665000.0,-15157000.0,5337000.0,806000.0,2558000.0,2558000.0,2558000.0,0.0,0.0,0.047,19723000.0,1114000.0,3882000,0.0,5.23,-162.748,-162.5,13180000,0.0,6.5,4.101,4.053,44465000,-312698000,54457000.0,54457000.0,0.0,,,,,68000.0,19527000.0,1.0,122637043,121869000,121869000.0,0.447,225742000,657000,407000.0,1976000,1.852,143158000
42,SAPE,ARQ,2003-09-30,2003-11-13,2003-09-30,2019-04-29,1077000,223106000,,181517000,41589000,,1.227,-321000.0,92146000,92146000,27324000.0,1009000.0,3.671,0.501,0,0,0,0,2715000,2134000.0,0,0.0,0.0,1314000.0,3448000.0,0.073,3448000.0,1314000.0,1314000.0,0.01,0.01,0.01,148658000,,148658000,591355194,-19.0,-32.33,-5368000.0,-0.044,1.0,19602000.0,0.418,1286000,0.0,80223000,,0,65616000,47976000,17640000,74448000,49451000,24997000,683501194,2124000.0,0.0,1094000.0,0.0,0.0,1094000.0,5914000.0,6235000.0,-5047000.0,163000.0,1009000.0,1009000.0,1009000.0,0.0,0.0,0.022,20158000.0,-556000.0,4104000,0.0,4.598,-21.632,-21.577,15173000,0.0,5.61,3.765,3.744,40150000,-315256000,46926000.0,46926000.0,0.0,,,,,332000.0,18770000.0,1.0,121836220,121182000,125050000.0,0.387,221820000,657000,305000.0,1082000,1.83,132066000
43,SAPE,ARQ,2003-06-30,2003-08-14,2003-06-30,2019-04-29,163000,230108000,,180716000,49392000,,1.209,-558000.0,89973000,89973000,29855000.0,-4190000.0,3.3,0.578,0,0,0,0,2824000,3023000.0,0,0.0,0.0,-3920000.0,-897000.0,-0.019,-897000.0,-3920000.0,-3920000.0,-0.03,-0.03,-0.03,145834000,,145834000,285535348,-7.0,-10.016,-8078000.0,-0.067,1.0,16931000.0,0.362,1605000,0.0,83767000,,0,66568000,49118000,17450000,84274000,54763000,29511000,375508348,-11262000.0,-162000.0,65000.0,0.0,0.0,65000.0,-4478000.0,-3758000.0,-7520000.0,671000.0,-4190000.0,-4190000.0,-4190000.0,0.0,0.0,-0.09,21473000.0,-4542000.0,3741000,0.0,2.575,-8.644,-8.639,17080000,0.0,3.11,2.085,2.083,43849000,-315740000,46786000.0,46786000.0,0.0,,,,,305000.0,19043000.0,1.0,120742234,120636000,120636000.0,0.388,228503000,657000,270000.0,888000,1.894,125953000
44,SAPE,ARQ,2003-03-31,2003-05-15,2003-03-31,2019-04-29,-1220000,245429000,,188059000,57370000,,1.225,-245000.0,100042000,100042000,30742000.0,-3750000.0,3.014,0.655,0,0,0,0,5682000,3348000.0,0,0.0,0.0,-3395000.0,-47000.0,-0.001,-47000.0,-3395000.0,-3395000.0,-0.03,-0.03,-0.03,148255000,,148255000,195491217,-1.0,-1.208,-19158000.0,-0.158,1.0,15458000.0,0.335,2170000,0.0,80814000,,0,62261000,38496000,23765000,97174000,62403000,34771000,295533217,-5313000.0,-1517000.0,-2817000.0,0.0,0.0,-2317000.0,15902000.0,17664000.0,-18913000.0,15000.0,-3750000.0,-3750000.0,-3750000.0,0.0,0.0,-0.081,19692000.0,-4234000.0,3015000,0.0,1.993,-1.651,-1.713,19899000,0.0,2.45,1.68,1.687,48292000,-311550000,46200000.0,46200000.0,0.0,,,,,384000.0,18684000.0,1.0,120625803,121064000,121064000.0,0.382,243259000,630000,355000.0,701000,2.009,125656000
45,SAPE,ARQ,2002-12-31,2003-03-10,2002-12-31,2019-04-29,511000,262653000,,202245000,60408000,,1.277,998000.0,101851000,101851000,27028000.0,-24666000.0,3.022,0.686,0,0,0,0,5910000,3623000.0,0,0.0,0.0,-24418000.0,-20795000.0,-0.499,-20795000.0,-24418000.0,-24418000.0,-0.21,-0.21,-0.21,155804000,,155804000,104386991,0.0,-0.454,-15351000.0,-0.126,1.0,14621000.0,0.351,1386000,0.0,92496000,,0,79511000,59085000,20426000,106849000,66920000,39929000,206237991,22470000.0,-991000.0,7000.0,0.0,0.0,7000.0,38298000.0,38411000.0,-16349000.0,514000.0,-24666000.0,-24666000.0,-24666000.0,6741000.0,0.0,-0.592,32928000.0,-18307000.0,4005000,0.0,1.324,-0.9,-0.94,24262000,0.0,1.72,1.131,1.179,40602000,-307800000,41649000.0,41649000.0,0.0,,,,,464000.0,20129000.0,1.0,119905809,121964000,121964000.0,0.341,261267000,642000,248000.0,513000,2.142,135325000
46,SAPE,ARQ,2002-09-30,2002-11-14,2002-09-30,2019-04-29,-1186000,285041000,,241598000,43443000,,1.423,-1036000.0,74071000,74071000,34073000.0,-10837000.0,3.95,0.607,0,0,0,0,3981000,3893000.0,0,0.0,0.0,-10663000.0,-6770000.0,-0.149,-6770000.0,-10663000.0,-10663000.0,-0.09,-0.09,-0.09,177291000,,177291000,160318760,-1.0,-0.703,10536000.0,0.085,1.0,11420000.0,0.251,1984000,0.0,147828000,,0,116484000,116484000,0,107546000,61158000,46388000,234389760,-14114000.0,0.0,-4351000.0,0.0,0.0,-4351000.0,-21431000.0,-20395000.0,11572000.0,96000.0,-10837000.0,-10837000.0,-10837000.0,0.0,0.0,-0.238,23385000.0,-11965000.0,4998000,0.0,1.322,-1.002,-1.038,32351000,0.0,1.92,1.149,1.173,40490000,-283134000,45493000.0,45493000.0,0.0,,,,,1358000.0,24790000.0,1.0,122078000,124614000,124614000.0,0.365,283057000,1246000,174000.0,411000,2.271,180440000
47,SAPE,ARQ,2002-06-30,2002-08-14,2002-06-30,2019-04-29,-1469000,309686000,,262552000,47134000,,1.507,-1809000.0,86928000,86928000,36123000.0,-139728000.0,4.111,0.621,0,0,0,0,4293000,5013000.0,0,0.0,0.0,-139277000.0,-134264000.0,-3.158,-134264000.0,-139277000.0,-139277000.0,-1.1,-1.1,-1.1,190940000,,190940000,40918549,0.0,-0.149,-29216000.0,-0.231,1.0,6397000.0,0.15,2582000,0.0,156318000,,0,95986000,95986000,0,118481000,63858000,54623000,127846549,-5405000.0,0.0,-82000.0,0.0,0.0,2482000.0,18109000.0,19918000.0,-27407000.0,1411000.0,-139728000.0,-139728000.0,-139728000.0,0.0,0.0,-3.286,148241000.0,-141844000.0,3395000,0.0,0.67,-0.402,-0.405,35291000,0.0,1.02,0.559,0.565,41538000,-272297000,42520000.0,42520000.0,0.0,,,,,701000.0,28766000.0,1.0,125339754,126680000,126680000.0,0.336,307104000,31248000,451000.0,442000,2.424,198694000
48,SAPE,ARQ,2002-03-31,2002-05-15,2002-03-31,2019-04-29,-2748000,448654000,,290227000,158427000,,2.597,-2544000.0,90842000,90842000,44613000.0,-53972000.0,4.959,0.364,0,0,0,0,4842000,5500000.0,0,0.0,0.0,-73430000.0,-67930000.0,-1.289,-67930000.0,-73430000.0,-73430000.0,-0.43,-0.43,-0.43,328770000,,328770000,146213429,-1.0,-0.915,-39825000.0,-0.315,1.0,8098000.0,0.154,111578000,0.0,187706000,,0,115603000,115603000,0,119515000,58528000,60987000,237055429,-21466000.0,0.0,2604000.0,0.0,0.0,40000.0,16078000.0,18622000.0,-37281000.0,-303000.0,-53972000.0,-53972000.0,-53972000.0,0.0,0.0,-1.024,82788000.0,-74690000.0,4826000,0.0,0.721,-1.213,-1.199,38700000,0.0,1.87,0.867,0.866,42392000,-132569000,52711000.0,52711000.0,0.0,,,,,638000.0,31845000.0,1.0,126767609,126601000,126601000.0,0.416,337076000,34675000,-19458000.0,2622000,2.663,231699000
49,SAPE,ARQ,2001-12-31,2002-03-25,2001-12-31,2019-04-29,-1478000,474870000,,312080000,162790000,,3.012,-5030000.0,109744000,109744000,46269000.0,-29494000.0,5.751,0.246,0,0,0,0,9465000,11855000.0,0,0.0,0.0,-30859000.0,-19004000.0,-0.3,-19004000.0,-30859000.0,-30859000.0,-0.23,-0.23,-0.23,380770000,,380770000,508747761,-3.0,-3.482,9716000.0,0.077,1.0,17022000.0,0.269,113144000,0.0,197720000,,0,134793000,134793000,0,93656000,54262000,39394000,618491761,76527000.0,0.0,55000.0,0.0,0.0,55000.0,62838000.0,67868000.0,14746000.0,-1112000.0,-29494000.0,-29494000.0,-29494000.0,0.0,0.0,-0.466,49432000.0,-32410000.0,5668000,0.0,1.624,-3.259,-3.19,41466000,0.0,4.88,1.876,1.839,48325000,-78597000,63291000.0,63291000.0,0.0,,,,,700000.0,34226000.0,1.0,126740115,126401000,126401000.0,0.501,361726000,13562000,-1365000.0,907000,2.862,257818000
50,SAPE,ARQ,2001-09-30,2001-11-13,2001-09-30,2019-04-29,-693000,508531000,,327857000,180674000,,3.268,-2197000.0,33217000,33217000,51510000.0,-94651000.0,4.938,0.24,0,0,0,0,7770000,11925000.0,0,0.0,0.0,-65621000.0,-53696000.0,-0.767,-53696000.0,-65621000.0,-65621000.0,-0.76,-0.76,-0.76,409638000,,409638000,660388870,-4.0,-6.363,-40089000.0,-0.32,1.0,18470000.0,0.264,121523000,0.0,287394000,,0,202559000,202559000,0,98259000,66397000,31862000,693605870,-44660000.0,0.0,4269000.0,0.0,0.0,4269000.0,-11037000.0,-8840000.0,-37892000.0,0.0,-94651000.0,-94651000.0,-94651000.0,0.0,0.0,-1.353,86482000.0,-68012000.0,7574000,0.0,1.693,-4.559,-4.463,50044000,0.0,5.49,1.71,1.697,67998000,-49103000,69980000.0,69980000.0,0.0,,,,,939000.0,35300000.0,1.0,126339867,125346000,125346000.0,0.558,387008000,14995000,29030000.0,1456000,3.088,261460000
51,SAPE,ARQ,2001-06-30,2001-08-03,2001-06-30,2019-04-29,-1376000,568967000,,365937000,203030000,,3.865,-2259000.0,77877000,77877000,63578000.0,-17370000.0,4.94,0.195,0,0,0,0,8712000,11317000.0,0,0.0,0.0,-30504000.0,-19187000.0,-0.22,-19187000.0,-30504000.0,-30504000.0,-0.14,-0.14,-0.14,475435000,,475435000,643857027,-11.0,-33.052,5306000.0,0.043,1.0,23708000.0,0.272,131496000,0.0,285520000,,0,193314000,193314000,0,92708000,74074000,18634000,721734027,-7087000.0,0.0,4458000.0,0.0,0.0,4458000.0,-19110000.0,-16851000.0,7565000.0,0.0,-17370000.0,-17370000.0,-17370000.0,0.0,0.0,-0.199,56729000.0,-33021000.0,14340000,0.0,1.518,-15.857,-15.73,55741000,0.0,5.82,1.524,1.511,67249000,45548000,87286000.0,87286000.0,0.0,,,,,1309000.0,43018000.0,1.0,124009283,123011000,123011000.0,0.71,437471000,22689000,-13134000.0,0,3.556,291863000
52,SAPE,ARQ,2001-03-31,2001-05-10,2001-03-31,2019-04-29,-1071000,579971000,,371516000,208455000,,3.983,-8722000.0,84964000,84964000,74409000.0,-48253000.0,5.139,0.189,0,0,0,0,15247000,11640000.0,0,0.0,0.0,-65875000.0,-54235000.0,-0.497,-54235000.0,-65875000.0,-65875000.0,-0.39,-0.39,-0.39,487094000,,487094000,1334687329,-282.0,45.932,-26715000.0,-0.218,1.0,34732000.0,0.318,138088000,0.0,284627000,,0,176708000,176708000,0,91970000,72292000,19678000,1419651329,-12619000.0,-962000.0,8306000.0,0.0,0.0,8306000.0,-2932000.0,6752000.0,-17993000.0,0.0,-48253000.0,-48253000.0,-48253000.0,0.0,0.0,-0.442,104927000.0,-70195000.0,10208000,0.0,2.915,-107.688,-115.5,58238000,0.0,11.55,2.772,2.758,83537000,62918000,109141000.0,109141000.0,0.0,,,,,1501000.0,47134000.0,1.0,122913535,122278000,122278000.0,0.893,441883000,15912000,-17622000.0,451000,3.614,299224000
53,SAPE,ARQ,2000-12-31,2001-03-22,2000-12-31,2019-04-29,-862000,604154000,,390932000,213222000,,4.314,-11208000.0,97583000,97583000,72200000.0,8122000.0,5.395,0.148,0,0,0,0,18320000,11273000.0,0,0.0,0.0,12065000.0,23338000.0,0.168,23338000.0,12065000.0,12065000.0,0.06,0.06,0.06,525400000,,525400000,951716899,12.0,8.965,23693000.0,0.195,1.0,66979000.0,0.481,144956000,0.0,289150000,,0,182991000,182991000,0,77846000,72465000,5381000,1049299899,22189000.0,-3732000.0,3979000.0,0.0,0.0,5329000.0,-18041000.0,-3101000.0,34901000.0,0.0,8122000.0,8122000.0,8122000.0,0.0,0.0,0.058,58042000.0,8937000.0,7673000,0.0,1.997,22.345,21.956,56672000,0.0,8.563,2.085,2.028,90557000,111171000,139179000.0,139179000.0,0.0,,,,,1491000.0,48549000.0,1.0,122538818,121789000,132489000.0,1.143,459198000,8167000,3943000.0,11443000,3.77,318467000
54,SAPE,ARQ,2000-09-30,2000-11-13,2000-09-30,2019-04-29,-287000,568264000,,366105000,202159000,,4.286,-7159000.0,75394000,75394000,68183000.0,11986000.0,6.886,0.114,0,0,0,0,17143000,7082000.0,0,0.0,0.0,23522000.0,30604000.0,0.222,30604000.0,23522000.0,23522000.0,0.1,0.09,0.1,509986000,,509986000,3405184303,40.0,33.628,3112000.0,0.026,1.0,69874000.0,0.506,146388000,0.0,293315000,,0,181404000,181404000,0,58278000,53167000,5111000,3480578303,-36004000.0,-4623000.0,11690000.0,0.0,0.0,11690000.0,-57965000.0,-46183000.0,10271000.0,0.0,11986000.0,11986000.0,11986000.0,0.0,0.0,0.087,49507000.0,20367000.0,3561000,0.0,6.825,72.054,69.976,49978000,0.0,28.69,7.804,7.655,98108000,103049000,138057000.0,138057000.0,0.0,,,,,454000.0,46118000.0,1.0,121316776,118990000,134375000.0,1.16,421876000,890000,11536000.0,6285000,3.545,312938000
55,SAPE,ARQ,2000-06-30,2000-08-14,2000-06-30,2019-04-29,-455000,422228000,,349441000,72787000,,3.069,-15109000.0,111398000,111398000,60321000.0,14962000.0,6.211,0.167,0,0,0,0,20304000,3800000.0,0,0.0,0.0,25551000.0,29351000.0,0.233,29351000.0,25551000.0,25551000.0,0.13,0.11,0.13,361960000,,361960000,7639355984,102.0,87.238,17505000.0,0.148,1.0,65448000.0,0.52,18800000,0.0,235766000,,0,135853000,135853000,0,60268000,56264000,4004000,7750753984,27870000.0,1022000.0,9822000.0,0.0,0.0,9822000.0,-14566000.0,-479000.0,32614000.0,0.0,14962000.0,14962000.0,14962000.0,0.0,0.0,0.119,42389000.0,23059000.0,5398000,0.0,21.413,171.526,167.436,44122000,0.0,65.3,20.346,20.214,89924000,91063000,125769000.0,125769000.0,0.0,,,,,110000.0,41522000.0,1.0,118694548,117926000,133002000.0,1.067,403428000,6343000,10589000.0,0,3.421,293177000
56,SAPE,ARQ,2000-03-31,2000-05-12,2000-03-31,2019-04-29,-219000,382467000,,325248000,57219000,,2.86,-10272000.0,83528000,83528000,48575000.0,11890000.0,6.736,0.151,0,0,0,0,17824000,3122000.0,0,0.0,0.0,19747000.0,22869000.0,0.228,22869000.0,19747000.0,19747000.0,0.1,0.09,0.1,332302000,,332302000,5655941336,92.0,77.648,13607000.0,0.117,1.0,51759000.0,0.516,15698000,0.0,234953000,,0,136304000,136304000,0,50165000,48288000,1877000,5739469336,31946000.0,-268000.0,11448000.0,0.0,0.0,11519000.0,-3452000.0,7088000.0,23879000.0,0.0,11890000.0,11890000.0,11890000.0,0.0,0.0,0.119,34132000.0,17627000.0,4320000,0.0,17.272,151.393,147.818,31625000,0.0,48.78,17.97,17.749,93690000,76101000,100334000.0,100334000.0,0.0,,,,,110000.0,33138000.0,1.0,117660298,116208000,133040000.0,0.863,366769000,7607000,7857000.0,4172000,3.156,276960000
57,SAPE,ARQ,1999-12-31,2000-03-30,1999-12-31,2019-04-29,-114000,343189000,,293992000,49197000,,2.65,-4821000.0,51582000,51582000,40017000.0,9467000.0,8.002,0.125,0,0,0,0,15136000,3164000.0,0,0.0,0.0,15272000.0,18436000.0,0.225,18436000.0,15272000.0,15272000.0,0.08,0.075,0.08,304959000,,304959000,4678616421,96.0,79.168,11687000.0,0.102,1.0,41806000.0,0.511,16582000,0.0,238284000,,0,144527000,144527000,0,38230000,36741000,1489000,4730198421,34469000.0,-4657000.0,88694000.0,0.0,0.0,88873000.0,-70912000.0,-61434000.0,16508000.0,0.0,9467000.0,9467000.0,9467000.0,0.0,0.0,0.116,27955000.0,13851000.0,4437000,0.0,15.511,156.112,150.704,23591000,0.0,40.69,17.086,16.376,88644000,64211000,81823000.0,81823000.0,0.0,,,,,2029000.0,27111000.0,1.0,116249654,115066000,128434000.0,0.711,326607000,7607000,5805000.0,948000,2.838,257251000
58,SAPE,ARQ,1999-09-30,1999-10-21,1999-09-30,2019-04-29,-356000,226793000,,187940000,38853000,,1.756,-3834000.0,30713000,30713000,35669000.0,8868000.0,6.548,0.159,0,0,0,0,13871000,2609000.0,0,0.0,0.0,14304000.0,16913000.0,0.232,16913000.0,14304000.0,14304000.0,0.08,0.07,0.08,195752000,,195752000,2815296973,65.0,53.708,4531000.0,0.041,1.0,37360000.0,0.512,11532000,0.0,155848000,,0,69207000,69207000,0,31041000,28700000,2341000,2846009973,15730000.0,0.0,8965000.0,0.0,0.0,11026000.0,-3661000.0,173000.0,8365000.0,0.0,8868000.0,8868000.0,8868000.0,0.0,0.0,0.121,24026000.0,13334000.0,1527000,0.0,14.539,106.019,102.218,21036000,0.0,25.35,11.5,11.417,79790000,54744000,73029000.0,73029000.0,0.0,,,,,0.0,23454000.0,1.0,112268638,111456000,124158000.0,0.655,215261000,9675000,5436000.0,6079000,1.931,159240000
59,SAPE,ARQ,1999-06-30,1999-08-13,1999-06-30,2019-04-29,-198000,212385000,,172289000,40096000,,1.623,-4028186.0,14983000,14983000,30618000.0,7686000.0,5.393,0.192,0,0,0,0,9477000,2442010.0,0,0.0,0.0,12181000.0,14623010.0,0.228,14623010.0,12181000.0,12181000.0,0.07,0.063,0.07,178114000,,178114000,1701239806,74.0,56.122,-6476724.0,-0.059,1.0,33581000.0,0.523,12141000,0.0,153315000,,0,69686000,69686000,0,34271000,31946000,2325000,1716222806,-6101294.0,0.0,4313680.0,116794.0,0.0,2173492.0,-5826248.0,-1798062.0,-2448538.0,0.0,7686000.0,7686000.0,7686000.0,0.0,0.0,0.12,22259000.0,11322000.0,2603000,0.0,9.636,122.52,119.231,19348000,0.0,15.5,7.935,7.867,72371000,45886000,64199000.0,64199000.0,0.0,,,,,0.0,21630000.0,1.0,110724052,109772000,122328000.0,0.585,200244000,9675000,4495000.0,11161000,1.824,140343000
60,SAPE,ARQ,1999-03-31,1999-05-14,1999-03-31,2019-04-29,-18718,193950676,,157392955,36557721,,1.529,-4303814.0,21084423,21084423,28334347.0,4278794.0,6.06,0.168,0,0,0,0,9344918,2075990.0,0,0.0,0.0,7049084.0,9125074.0,0.158,9125074.0,7049084.0,7049084.0,0.04,0.035,0.04,166005313,,166005313,1992401697,105.0,81.272,-8654276.0,-0.08,1.0,29459018.0,0.51,13160384,0.0,133734907,,0,67887863,67887863,0,27945363,25970962,1974401,2013486120,-18235706.0,0.0,5289320.0,-116794.0,0.0,5882508.0,-19767752.0,-15463938.0,-4350462.0,0.0,4278794.0,4278794.0,4278794.0,0.0,0.0,0.074,23229532.0,6229486.0,2272212,0.0,12.129,177.033,164.205,17242752,0.0,18.063,10.742,10.461,61389650,38200045,57793365.0,57793365.0,0.0,,,,,0.0,19190202.0,1.0,111473280,108557136,122296384.0,0.532,180790292,9675263,2770290.0,5970680,1.665,131421993
61,SAPE,ARQ,1998-12-31,1999-03-16,1998-12-31,2019-04-29,26000,184912000,,150761000,34151000,,1.475,-1529404.0,38760000,38760000,25437317.0,6011666.0,5.291,0.198,0,0,0,0,9830000,1850431.0,0,0.0,0.0,9906784.0,11757215.0,0.224,11757215.0,9906784.0,9906784.0,0.058,0.052,0.058,154381000,,154381000,1716286467,77.0,64.563,-137454.0,-0.001,1.0,27016662.0,0.515,13729000,0.0,103928000,,0,52500000,52500000,0,30531000,28495000,2036000,1755046467,14163707.0,-306.0,1154937.0,735.0,0.0,4179964.0,8591793.0,10121503.0,1391950.0,0.0,6011666.0,6011666.0,6011666.0,0.0,0.0,0.115,17834244.0,9182418.0,774000,0.0,11.368,128.115,121.074,13620000,0.0,16.345,10.944,10.324,51839000,37977000,52453979.0,52453979.0,0.0,,,,,0.0,17834244.0,1.0,107375128,104634744,114364312.0,0.501,171183000,9675000,3895118.0,7160000,1.636,122266000
62,SAPE,ARQ,1998-09-30,1999-02-23,1998-09-30,2019-04-29,0,168794734,,132914908,35879826,,1.419,-4296986.0,24596599,24596599,20448735.0,-1626669.0,6.011,0.16,0,0,0,0,7009251,802530.0,0,0.0,0.0,-2294653.0,-1492123.0,-0.036,-1492123.0,-2294653.0,-2294653.0,-0.015,-0.015,-0.015,145540710,,145540710,1920316012,,,6163187.0,0.06,1.0,21388619.0,0.511,0,0.0,122087095,,0,62625083,62625083,0,23254024,22111040,1142984,1944912611,,561306.0,2029191.0,-2862493.0,0.0,-4621594.0,-49504213.0,-45768533.0,10460173.0,,-1626669.0,-1626669.0,-1626669.0,0.0,0.0,-0.039,24635353.0,-3246734.0,1765767,0.0,13.363,,,13358038,0.0,18.313,,,42858395,31967359,41837354.0,41837354.0,11100000.0,,,,,0.0,13535353.0,1.0,106206832,102562380,102562380.0,0.408,168794734,0,-667984.0,5785043,1.646,110803868
63,SAPE,ARQ,1998-09-30,1998-11-16,1998-09-30,2019-04-29,0,166452634,,132914908,33537726,,1.396,-4296986.0,24596599,24596599,20448735.0,-3968769.0,6.011,0.162,0,0,0,0,7009251,802530.0,0,0.0,0.0,-5994653.0,-5192123.0,-0.124,-5192123.0,-5994653.0,-5994653.0,-0.037,-0.037,-0.037,143198610,,143198610,1102257889,,,6163187.0,0.06,1.0,21388619.0,0.511,0,0.0,119744995,,0,62625083,62625083,0,23254024,22111040,1142984,1126854488,-43665634.0,561306.0,2029191.0,-2862493.0,0.0,-4621594.0,-49504213.0,-45768533.0,10460173.0,0.0,-3968769.0,-3968769.0,-3968769.0,0.0,0.0,-0.095,28335353.0,-6946734.0,1765767,0.0,7.869,,,13358038,0.0,10.61,,,42858395,29625259,41837354.0,41837354.0,14800000.0,,,,,0.0,13535353.0,1.0,106206832,102562380,102562380.0,0.408,166452634,0,-2025884.0,5785043,1.623,110803868
64,SAPE,ARQ,1998-06-30,1998-08-13,1998-06-30,2019-04-29,0,135115364,,127196322,7919042,,1.217,-1544807.0,68262233,68262233,16966959.0,5051787.0,10.868,0.104,0,0,0,0,4734667,844305.0,0,0.0,0.0,7980704.0,8825009.0,0.25,8825009.0,7980704.0,7980704.0,0.05,0.045,0.05,122333810,,122333810,1075847352,,,-5675263.0,-0.056,1.0,18383244.0,0.52,0,0.0,55149200,,0,16852574,16852574,0,12781554,11703931,1077623,1144109585,31050040.0,0.0,29720921.0,-18441.0,0.0,29702480.0,5478016.0,7022823.0,-4130456.0,0.0,5051787.0,5051787.0,5051787.0,0.0,0.0,0.143,11104817.0,7278427.0,0,0.0,9.352,,,7659025,0.0,11.283,,,39652808,33594028,35350203.0,35350203.0,0.0,,,,,0.0,11104817.0,1.0,101405680,100539964,111991216.0,0.352,135115364,34914,2928917.0,2211807,1.344,115492391
65,SAPE,ARQ,1998-03-31,1998-05-14,1998-03-31,2019-04-29,0,102006111,,94739585,7266526,,0.899,-1369803.0,37212194,37212194,14711989.0,4262216.0,7.074,0.165,18441,18441,0,18441,4714820,726734.0,0,0.0,0.0,6766165.0,7492899.0,0.244,7492899.0,6766165.0,6766165.0,0.045,0.04,0.045,87559314,,87559314,1079634273,,,-4426470.0,-0.045,1.0,16018475.0,0.521,0,0.0,51419824,,0,23875397,23875397,0,14446797,13392534,1054263,1116828026,-10102113.0,0.0,1297951.0,-189801.0,0.0,1108150.0,-8153596.0,-6783793.0,-3056667.0,0.0,4262216.0,4262216.0,4262216.0,0.0,0.0,0.139,9830586.0,6187889.0,37334,0.0,12.755,,,6958523,0.0,11.125,,,30943879,28540452,30730464.0,30730464.0,0.0,,,,,0.0,9830586.0,1.0,100389036,97389596,107884396.0,0.316,102006111,34914,2503949.0,3609136,1.047,81347051
66,SAPE,ARQ,1997-12-31,1998-03-18,1997-12-31,2019-04-29,0,98013000,,91368000,6645000,,0.854,,47314000,47314000,,,6.098,0.195,208000,208000,0,208000,6308000,,0,0.0,0.0,,,,,,,,,,81999000,,81999000,930522600,46.0,41.336,,,1.0,,,0,,35924000,,0,17092000,17092000,0,16014000,14983000,1031000,977628600,,,,,,,,,,,,,,,,,,,15000,,11.922,79.109,77.173,6315000,,10.033,10.819,10.657,25288000,24278000,,,,,,,,,,1.0,97446160,95984000,,,98013000,35000,,3196000,1.021,76385000
67,SAPE,ARQ,1997-12-31,1998-03-13,1997-12-31,2019-04-29,0,98013000,,91368000,6645000,,0.854,,47314000,47314000,,,6.098,0.195,208000,208000,0,208000,6308000,,0,0.0,0.0,,,,,,,,,,81999000,,81999000,957807525,48.0,42.548,,,1.0,,,0,,35924000,,0,17092000,17092000,0,16014000,14983000,1031000,1004913525,,,,,,,,,,,,,,,,,,,15000,,12.255,81.317,79.327,6315000,,10.313,11.121,10.954,25288000,24278000,,,,,,,,,,1.0,97446160,95984000,,,98013000,35000,,3196000,1.021,76385000
0,SAPE,ART,2014-09-30,2014-11-06,2014-09-30,2019-04-29,-42508000,1006509000,975103250.0,715295000,291214000,1.474,4.524,-43701000.0,308928000,308928000,1000560000.0,80139000.0,2.543,0.57,0,0,0,0,23133000,43309000.0,0,0.0,0.0,132765000.0,176074000.0,0.123,176074000.0,132765000.0,130354000.0,0.57,0.55,0.57,640767000,619721500.0,640767000,3158928712,24.0,17.941,74410000.0,0.525,1.0,436773000.0,0.304,175604000,2411000.0,240696000,255223750.0,0,7802000,6255000,1547000,365015000,281281000,83734000,3467856712,36131000.0,-23903000.0,-12752000.0,0.0,0.0,-13362000.0,-72184000.0,-5045000.0,118111000.0,3566000.0,80154000.0,80154000.0,80154000.0,0.0,-15000.0,0.056,312220000.0,124553000.0,30226000,0.0,5.412,43.265,43.228,97073000,0.0,24.64,2.413,2.428,317674000,140596000,1437333000.0,1437333000.0,0.0,0.082,0.129,0.52,0.092,27469000.0,292694000.0,1.0,140740938,141624000,143097000.0,10.149,830905000,0,50200000.0,14990000,5.867,434014000
1,SAPE,ART,2014-06-30,2014-08-06,2014-06-30,2019-04-29,-29477000,994089000,942031500.0,685216000,308873000,1.494,4.478,-41191000.0,281179000,281179000,979834000.0,84561000.0,2.952,0.564,0,0,0,0,28246000,41316000.0,0,0.0,0.0,136611000.0,177927000.0,0.126,177927000.0,136611000.0,135124000.0,0.6,0.58,0.6,635135000,600867500.0,635135000,1803893789,13.0,10.138,56728000.0,0.4,1.0,427747000.0,0.304,182958000,1487000.0,297800000,250630250.0,0,7973000,6309000,1664000,358206000,232152000,126054000,2085072789,31614000.0,-23699000.0,-1179000.0,0.0,0.0,434000.0,-72392000.0,-8393000.0,97919000.0,5653000.0,84734000.0,84734000.0,84734000.0,0.0,-173000.0,0.06,298606000.0,129141000.0,33772000,0.0,3.283,24.607,24.517,96535000,0.0,14.71,1.481,1.482,326563000,118329000,1407581000.0,1407581000.0,0.0,0.09,0.141,0.545,0.097,26724000.0,282588000.0,1.0,141745261,141850000,144052000.0,9.923,811131000,0,50390000.0,7030000,5.718,453064000
2,SAPE,ART,2014-03-31,2014-05-07,2014-03-31,2019-04-29,-33088000,949167000,899474500.0,648885000,300282000,1.507,4.371,-40858000.0,269698000,269698000,940681000.0,84603000.0,3.136,0.545,0,0,0,0,25333000,39613000.0,0,0.0,0.0,134652000.0,174265000.0,0.129,174265000.0,134652000.0,133985000.0,0.61,0.58,0.61,613755000,574367750.0,613755000,1964485730,15.0,11.273,81303000.0,0.579,1.0,414744000.0,0.306,183384000,667000.0,289167000,229271750.0,0,7846000,6169000,1677000,334645000,206918000,127727000,2234183730,55242000.0,-21932000.0,2104000.0,0.0,0.0,4319000.0,-68283000.0,-7502000.0,122161000.0,-2955000.0,84776000.0,84776000.0,84776000.0,0.0,-173000.0,0.063,286608000.0,128136000.0,32047000,0.0,3.64,26.354,25.836,90951000,0.0,15.76,1.648,1.633,305398000,95043000,1355425000.0,1355425000.0,0.0,0.094,0.148,0.587,0.099,29295000.0,274381000.0,1.0,141762927,140411000,143513000.0,9.653,765783000,0,49209000.0,647000,5.454,441967000
3,SAPE,ART,2013-12-31,2014-03-18,2013-12-31,2019-04-29,-36551000,950648000,859881750.0,667695000,282953000,1.518,4.235,-36619000.0,337699000,337699000,901567000.0,77544000.0,2.747,0.612,0,0,0,0,29866000,39921000.0,0,0.0,0.0,125407000.0,165328000.0,0.127,165328000.0,125407000.0,125407000.0,0.56,0.54,0.56,589229000,549464000.0,589229000,2050384059,16.0,12.402,118663000.0,0.853,1.0,403665000.0,0.309,176650000,0.0,193232000,214378000.0,0,7889000,5870000,2019000,360635000,243067000,117568000,2388083059,103592000.0,-14380000.0,3057000.0,0.0,0.0,5577000.0,-49007000.0,-2041000.0,155282000.0,-8260000.0,77727000.0,77727000.0,77727000.0,0.0,-183000.0,0.06,283331000.0,120334000.0,30410000,0.0,4.053,30.724,30.375,85898000,0.0,17.01,1.83,1.813,269610000,81418000,1305232000.0,1305232000.0,0.0,0.09,0.141,0.585,0.096,28179000.0,266633000.0,1.0,140392890,139120000,142636000.0,9.382,773998000,29245000,47680000.0,25520000,5.564,424628000
4,SAPE,ART,2013-09-30,2013-11-05,2013-09-30,2019-04-29,-40328000,874222000,821300000.0,621673000,252549000,1.544,4.039,-37178000.0,272857000,272857000,876894000.0,76166000.0,2.818,0.545,0,0,0,0,23326000,39434000.0,0,0.0,0.0,120145000.0,159579000.0,0.126,159579000.0,120145000.0,120145000.0,0.55,0.54,0.55,565351000,532293250.0,565351000,1835618347,15.0,11.503,104685000.0,0.748,1.0,391599000.0,0.309,158427000,0.0,222322000,217589250.0,0,9352000,7310000,2042000,307948000,220616000,87332000,2108475347,73235000.0,-22517000.0,2950000.0,0.0,0.0,4463000.0,-59150000.0,-2429000.0,141863000.0,-13941000.0,76341000.0,76341000.0,76341000.0,0.0,-175000.0,0.06,275912000.0,115687000.0,25166000,0.0,3.729,27.619,27.345,83166000,0.0,15.04,1.662,1.659,280483000,70511000,1268493000.0,1268493000.0,0.0,0.093,0.143,0.552,0.095,17427000.0,258508000.0,1.0,140191180,139959000,142261000.0,9.063,715795000,16281000,43804000.0,38225000,5.114,401057000
5,SAPE,ART,2013-06-30,2013-08-08,2013-06-30,2019-04-29,-42892000,823861000,789157000.0,574340000,249521000,1.562,3.812,-32569000.0,249625000,249625000,851806000.0,70894000.0,2.82,0.555,0,0,0,0,22212000,38521000.0,0,0.0,0.0,113899000.0,152420000.0,0.124,152420000.0,113899000.0,113899000.0,0.52,0.5,0.52,529136000,515095500.0,529136000,1945057653,17.0,12.761,111351000.0,0.802,1.0,381075000.0,0.309,158195000,0.0,212366000,220537250.0,0,8408000,6016000,2392000,293710000,203675000,90035000,2194682653,89564000.0,-22517000.0,-5170000.0,-7000.0,0.0,3021000.0,-50788000.0,919000.0,143920000.0,-6589000.0,70981000.0,70981000.0,70981000.0,0.0,-87000.0,0.058,271018000.0,110057000.0,29660000,0.0,4.148,30.919,30.192,79847000,0.0,15.7,1.78,1.767,248339000,43664000,1232881000.0,1232881000.0,0.0,0.09,0.138,0.516,0.092,15603000.0,252075000.0,1.0,139788704,138791000,142901000.0,8.883,665666000,15037000,42918000.0,31480000,4.796,370665000
6,SAPE,ART,2013-03-31,2013-05-15,2013-03-31,2019-04-29,-32531000,790796000,754197500.0,534636000,256160000,1.585,3.741,-33412000.0,214515000,214515000,830317000.0,62287000.0,2.891,0.536,0,0,0,0,27867000,37124000.0,0,0.0,0.0,103705000.0,140829000.0,0.118,140829000.0,103705000.0,103705000.0,0.46,0.44,0.46,514140000,501583750.0,514140000,1348197090,13.0,9.573,78252000.0,0.569,1.0,365052000.0,0.305,161749000,0.0,229592000,226584000.0,0,11507000,6460000,5047000,275487000,184940000,90547000,1562712090,17089000.0,-22472000.0,-42711000.0,-27000.0,0.0,-32175000.0,-56379000.0,-558000.0,111664000.0,-6021000.0,62333000.0,62333000.0,62333000.0,0.0,-46000.0,0.052,265027000.0,100025000.0,25781000,0.0,3.039,25.07,24.326,79943000,0.0,11.19,1.307,1.286,248317000,20336000,1195369000.0,1195369000.0,0.0,0.083,0.124,0.458,0.087,15240000.0,244833000.0,1.0,139652555,137425000,142206000.0,8.698,629047000,17890000,41372000.0,29972000,4.577,349696000
7,SAPE,ART,2012-12-31,2013-02-28,2012-12-31,2019-04-29,-26016000,796321000,734704000.0,538819000,257502000,1.581,3.767,-37466000.0,239414000,239414000,805381000.0,65241000.0,2.867,0.53,0,0,0,0,27163000,34544000.0,0,0.0,0.0,108691000.0,143235000.0,0.123,143235000.0,108691000.0,108691000.0,0.47,0.46,0.47,520546000,498821000.0,520546000,1310141233,12.0,9.147,70083000.0,0.507,1.0,356167000.0,0.307,162914000,0.0,206077000,224313000.0,0,11597000,6321000,5276000,275775000,187916000,87859000,1549555233,21632000.0,-17524000.0,-43283000.0,-47000.0,0.0,-33230000.0,-55409000.0,1435000.0,107549000.0,2722000.0,65241000.0,65241000.0,65241000.0,0.0,0.0,0.056,252060000.0,104107000.0,26937000,0.0,2.977,23.751,23.872,80661000,0.0,11.22,1.334,1.335,240964000,27832000,1161548000.0,1161548000.0,0.0,0.089,0.131,0.485,0.094,13695000.0,236260000.0,1.0,138106527,138188000,142109000.0,8.406,633407000,15888000,43450000.0,20989000,4.584,350903000
8,SAPE,ART,2012-09-30,2012-11-09,2012-09-30,2019-04-29,-22464000,745650000,713883250.0,510131000,235519000,1.584,3.628,-34290000.0,201595000,201595000,781033000.0,72803000.0,3.0,0.502,0,0,0,0,20790000,33227000.0,0,0.0,0.0,111926000.0,145153000.0,0.128,145153000.0,111926000.0,111926000.0,0.53,0.51,0.53,496560000,488535500.0,496560000,1340590579,12.0,9.236,76517000.0,0.559,1.0,349705000.0,0.309,139902000,0.0,234114000,213968750.0,0,10810000,6496000,4314000,249090000,170039000,79051000,1542185579,44227000.0,0.0,-41757000.0,-67000.0,0.0,-27562000.0,-34681000.0,735000.0,110807000.0,-4337000.0,72803000.0,72803000.0,72803000.0,0.0,0.0,0.064,243082000.0,106623000.0,26639000,0.0,3.106,21.183,21.094,81617000,0.0,11.18,1.364,1.353,244225000,8242000,1130738000.0,1130738000.0,0.0,0.102,0.149,0.523,0.099,22405000.0,229553000.0,1.0,137941465,136883000,140158000.0,8.261,605748000,20436000,39123000.0,25750000,4.425,340092000
9,SAPE,ART,2012-06-30,2012-08-07,2012-06-30,2019-04-29,-33073000,684023000,693834250.0,446233000,237790000,1.593,3.41,-38558000.0,162001000,162001000,763848000.0,70418000.0,3.07,0.44,0,0,0,0,19651000,31536000.0,0,0.035,0.35,109500000.0,141036000.0,0.128,141036000.0,109500000.0,109500000.0,0.51,0.49,0.51,475089000,477632500.0,475089000,1229769224,11.0,8.72,78639000.0,0.564,1.0,341504000.0,0.309,140121000,0.0,236553000,203057500.0,0,11046000,5913000,5133000,208934000,145348000,63586000,1391770224,-68399000.0,-44602000.0,-33849000.0,-6496000.0,-48873000.0,-82196000.0,-84606000.0,699000.0,117197000.0,-18794000.0,70418000.0,70418000.0,70418000.0,0.0,0.0,0.064,238532000.0,102972000.0,27300000,0.686,2.929,19.764,19.843,81546000,0.0,10.12,1.259,1.275,230455000,-1896000,1105352000.0,1105352000.0,0.0,0.101,0.147,0.539,0.099,21650000.0,224851000.0,1.0,137526702,139310000,143512000.0,7.934,543902000,16809000,39082000.0,3119000,3.904,300885000
10,SAPE,ART,2012-03-31,2012-05-08,2012-03-31,2019-04-29,-22381000,712822000,693228500.0,472283000,240539000,1.56,3.607,-37897000.0,197333000,197333000,749109000.0,70942000.0,3.147,0.417,0,0,0,0,21023000,28792000.0,0,0.034,0.35,108502000.0,137294000.0,0.127,137294000.0,108502000.0,108502000.0,0.51,0.5,0.51,503089000,483191750.0,503089000,1239129796,11.0,9.025,100163000.0,0.718,1.0,332606000.0,0.307,144927000,0.0,220508000,192360750.0,0,11362000,6297000,5065000,209733000,150054000,59679000,1436462796,575000.0,-44602000.0,6382000.0,-5165000.0,-48873000.0,-44005000.0,-82157000.0,741000.0,138060000.0,-11323000.0,70942000.0,70942000.0,70942000.0,0.0,0.0,0.066,230809000.0,101797000.0,22739000,0.686,2.855,20.248,19.961,72644000,0.0,10.18,1.328,1.312,226906000,-16576000,1081715000.0,1081715000.0,0.0,0.102,0.147,0.564,0.1,20528000.0,218872000.0,1.0,141106365,139458000,143916000.0,7.757,567895000,29584000,37560000.0,8102000,4.072,322229000
11,SAPE,ART,2011-12-31,2012-02-28,2011-12-31,2019-04-29,-32014000,713038000,676494750.0,481101000,231937000,1.57,3.479,-35512000.0,212832000,212832000,732185000.0,73618000.0,2.523,0.487,0,0,0,0,25599000,26186000.0,0,0.028,0.35,110514000.0,136700000.0,0.129,136700000.0,110514000.0,110514000.0,0.53,0.52,0.53,479404000,475065000.0,479404000,1552875199,14.0,11.36,97096000.0,0.705,1.0,330019000.0,0.311,144793000,0.0,164700000,186639000.0,0,12817000,7748000,5069000,233634000,190713000,42921000,1765707199,-7042000.0,-44602000.0,10161000.0,-8260000.0,-48873000.0,-43321000.0,-80966000.0,-1267000.0,132608000.0,-15363000.0,73618000.0,73618000.0,73618000.0,0.0,0.0,0.069,225847000.0,104172000.0,25389000,0.66,3.683,23.985,23.755,64257000,0.0,12.59,1.662,1.633,217821000,-26058000,1062204000.0,1062204000.0,0.0,0.109,0.155,0.592,0.104,19256000.0,210666000.0,1.0,140246799,137788000,141996000.0,7.709,568245000,29193000,36896000.0,10700000,4.124,290388000
12,SAPE,ART,2011-09-30,2011-11-07,2011-09-30,2019-04-29,-21894000,665454000,654165750.0,429861000,235593000,1.562,3.266,-34945000.0,155560000,155560000,709050000.0,62151000.0,2.513,0.469,0,0,0,0,18056000,23854000.0,0,0.028,0.35,98771000.0,122625000.0,0.12,122625000.0,98771000.0,98771000.0,0.46,0.45,0.46,452948000,465790250.0,452948000,1575047133,16.0,12.844,72021000.0,0.519,1.0,312697000.0,0.306,148338000,0.0,190469000,182549750.0,0,13456000,8387000,5069000,212506000,171087000,41419000,1730607133,-34634000.0,-44602000.0,11135000.0,-6931000.0,-48884000.0,-44680000.0,-89808000.0,-9153000.0,106966000.0,-7112000.0,62151000.0,62151000.0,62151000.0,0.0,0.0,0.061,219896000.0,92801000.0,30557000,0.761,3.821,27.845,26.913,53160000,0.0,12.38,1.694,1.68,222955000,-53212000,1021747000.0,1021747000.0,0.0,0.095,0.133,0.541,0.097,18469000.0,206241000.0,1.0,139790560,138679000,142608000.0,7.368,517116000,36491000,36620000.0,9960000,3.729,258774000
13,SAPE,ART,2011-06-30,2011-08-04,2011-06-30,2019-04-29,-7221000,681600000,640111000.0,501176000,180424000,1.525,3.614,-33397000.0,228918000,228918000,680787000.0,57324000.0,3.129,0.371,0,0,0,0,13461000,22008000.0,0,0.0,0.0,88530000.0,110538000.0,0.113,110538000.0,88530000.0,88530000.0,0.43,0.42,0.43,497326000,458290500.0,497326000,1571430243,18.0,14.216,56536000.0,0.411,1.0,295660000.0,0.303,98733000,0.0,193766000,174154250.0,0,13649000,9120000,4529000,184274000,160183000,24091000,1800348243,67089000.0,0.0,12307000.0,2534000.0,-11000.0,14830000.0,-43786000.0,-9396000.0,89933000.0,6112000.0,57324000.0,57324000.0,57324000.0,0.0,0.0,0.059,212005000.0,83655000.0,26800000,0.0,3.62,31.407,30.093,49032000,0.0,12.94,1.844,1.824,217639000,-72314000,976447000.0,976447000.0,0.0,0.09,0.125,0.508,0.091,17740000.0,201013000.0,1.0,139130467,137608000,142072000.0,7.096,582867000,37596000,31206000.0,8371000,4.236,340993000
14,SAPE,ART,2011-03-31,2011-05-05,2011-03-31,2019-04-29,-8088000,645887000,611379000.0,471701000,174186000,1.508,3.453,-26719000.0,196933000,196933000,642901000.0,49724000.0,3.114,0.373,0,0,0,0,16723000,21520000.0,0,0.0,0.0,77748000.0,99268000.0,0.108,99268000.0,77748000.0,77748000.0,0.38,0.37,0.38,470582000,434258250.0,470582000,1454087927,19.0,14.648,47757000.0,0.35,1.0,278789000.0,0.302,99867000,0.0,197621000,166506250.0,0,13366000,8962000,4404000,175305000,151466000,23839000,1651020927,54319000.0,-178000.0,10390000.0,1203000.0,-11000.0,11582000.0,-36629000.0,-8823000.0,74476000.0,4890000.0,49724000.0,49724000.0,49724000.0,0.0,0.0,0.054,205405000.0,73384000.0,21837000,0.0,3.508,33.204,31.5,41861000,0.0,11.97,1.791,1.77,219971000,-87518000,921690000.0,921690000.0,0.0,0.081,0.115,0.467,0.084,17801000.0,194381000.0,1.0,137929902,136293000,140565000.0,6.763,546020000,41362000,28024000.0,4009000,4.006,320235000
15,SAPE,ART,2010-12-31,2011-02-25,2010-12-31,2019-04-29,-12488000,623722000,585054750.0,460984000,162738000,1.476,3.349,-21253000.0,220864000,220864000,603938000.0,43805000.0,2.899,0.41,0,0,0,0,18558000,21662000.0,0,0.0,0.0,67603000.0,89265000.0,0.103,89265000.0,67603000.0,67603000.0,0.33,0.32,0.33,442305000,414015000.0,442305000,1402759069,21.0,15.715,66057000.0,0.5,1.0,259581000.0,0.301,95494000,0.0,148343000,159430500.0,0,13223000,8861000,4362000,181417000,159021000,22396000,1623623069,23770000.0,-3163000.0,8690000.0,4297000.0,-46843000.0,-33856000.0,-33436000.0,-7231000.0,87310000.0,3752000.0,43805000.0,43805000.0,43805000.0,0.0,0.0,0.051,195683000.0,63898000.0,18714000,0.0,3.671,37.065,35.909,35571000,0.0,11.85,1.88,1.812,186065000,-99676000,863519000.0,863519000.0,0.0,0.075,0.106,0.424,0.078,18156000.0,189710000.0,1.0,137014605,132060000,138729000.0,6.539,528228000,43630000,23798000.0,1398000,4.0,301963000
16,SAPE,ART,2010-09-30,2010-11-04,2010-09-30,2019-04-29,-9816000,609235000,577854000.0,430587000,178648000,1.423,3.185,-17508000.0,190367000,190367000,572866000.0,98217000.0,2.615,0.44,0,0,0,0,15368000,21686000.0,0,0.026,0.35,64183000.0,85869000.0,0.104,85869000.0,64183000.0,64183000.0,0.77,0.73,0.77,422949000,409989000.0,422949000,1616653700,25.0,18.827,46770000.0,0.352,1.0,249443000.0,0.303,97343000,0.0,156887000,160412750.0,0,3523000,0,3523000,186286000,164638000,21648000,1807020700,14259000.0,-8051000.0,6405000.0,2962000.0,-46832000.0,-37436000.0,-23754000.0,1824000.0,64278000.0,11171000.0,98217000.0,98217000.0,98217000.0,0.0,0.0,0.119,188436000.0,61007000.0,22620000,0.455,4.272,18.398,17.195,35196000,0.0,13.24,2.197,2.138,187658000,-115363000,822309000.0,822309000.0,0.0,0.17,0.24,0.4,0.078,17917000.0,182144000.0,1.0,136481926,132774000,139243000.0,6.193,511892000,58390000,-34034000.0,1566000,3.855,265949000
17,SAPE,ART,2010-06-30,2010-08-05,2010-06-30,2019-04-29,-18705000,566672000,554893250.0,397791000,168881000,1.381,3.065,-13343000.0,161614000,161614000,534476000.0,89875000.0,2.747,0.412,0,0,0,0,14720000,22326000.0,0,0.031,0.35,51666000.0,73992000.0,0.097,73992000.0,51666000.0,51666000.0,0.71,0.67,0.71,401197000,391651750.0,401197000,1349086870,26.0,18.233,41287000.0,0.315,1.0,231711000.0,0.302,97075000,0.0,163174000,145960000.0,0,10296000,6825000,3471000,165475000,144809000,20666000,1510700870,-12363000.0,-22220000.0,5458000.0,-75000.0,-46832000.0,-41420000.0,-32535000.0,3321000.0,54630000.0,6962000.0,89875000.0,89875000.0,89875000.0,0.0,0.0,0.117,182931000.0,48780000.0,18462000,0.493,3.765,16.809,15.761,28482000,0.0,11.19,1.972,1.912,175836000,-129638000,766187000.0,766187000.0,0.0,0.162,0.229,0.354,0.067,17410000.0,172665000.0,1.0,135004546,130915000,137911000.0,5.853,469597000,62360000,-38209000.0,1438000,3.587,252982000
18,SAPE,ART,2010-03-31,2010-05-06,2010-03-31,2019-04-29,-14131000,540590000,531004500.0,371098000,169492000,1.335,2.996,-10781000.0,142420000,142420000,492790000.0,89867000.0,2.847,0.388,0,0,0,0,16702000,22006000.0,0,0.036,0.35,47337000.0,69343000.0,0.098,69343000.0,47337000.0,47337000.0,0.71,0.67,0.71,389609000,374055000.0,389609000,1167277865,25.0,16.833,51313000.0,0.395,1.0,216300000.0,0.305,98507000,0.0,169318000,132699250.0,0,17177000,13580000,3597000,150981000,130345000,20636000,1309697865,4005000.0,-22042000.0,3828000.0,-55000.0,-46832000.0,-43030000.0,-29411000.0,3612000.0,62094000.0,14352000.0,89867000.0,89867000.0,89867000.0,0.0,0.0,0.127,171913000.0,44387000.0,16649000,0.493,3.362,14.574,13.746,27785000,0.0,9.76,1.847,1.79,168217000,-137242000,709090000.0,709090000.0,0.0,0.169,0.24,0.357,0.067,15665000.0,161043000.0,1.0,134190355,130054000,136797000.0,5.452,442083000,58806000,-42530000.0,1454000,3.399,240753000
19,SAPE,ART,2009-12-31,2010-02-23,2009-12-31,2019-04-29,-12626000,594919000,501971250.0,424075000,170844000,1.328,3.331,-9419000.0,196071000,196071000,463653000.0,88126000.0,2.875,0.396,0,0,0,0,19544000,21130000.0,0,0.0,0.0,43576000.0,64706000.0,0.097,64706000.0,43576000.0,43576000.0,0.69,0.66,0.69,426201000,352668000.0,426201000,973888381,22.0,15.051,29293000.0,0.229,1.0,203025000.0,0.305,99065000,0.0,152272000,120863250.0,0,19752000,16082000,3670000,168718000,147511000,21207000,1169959381,26338000.0,-19057000.0,1373000.0,-34000.0,0.0,1368000.0,-24096000.0,4502000.0,38712000.0,10354000.0,88126000.0,88126000.0,88126000.0,0.0,0.0,0.132,162605000.0,40420000.0,19238000,0.0,2.745,13.276,12.739,29229000,0.0,8.79,1.755,1.687,159413000,-143481000,666678000.0,666678000.0,0.0,0.176,0.25,0.361,0.065,14921000.0,149949000.0,1.0,133101181,127969000,132881000.0,5.21,495854000,61137000,-44550000.0,10249000,3.875,276564000
20,SAPE,ART,2009-09-30,2009-11-05,2009-09-30,2019-04-29,-15288000,517392000,466309000.0,370586000,146806000,1.389,2.719,-10689000.0,176059000,176059000,448000000.0,43746000.0,2.619,0.48,0,0,0,0,15338000,20453000.0,0,0.0,0.0,50973000.0,71426000.0,0.11,71426000.0,50973000.0,50973000.0,0.36,0.33,0.36,349600000,321604500.0,349600000,964918678,19.0,13.509,43726000.0,0.34,1.0,199886000.0,0.309,100745000,0.0,99076000,106113500.0,0,19861000,16180000,3681000,167792000,141512000,26280000,1140977678,40557000.0,-14169000.0,1000000.0,-21000.0,0.0,-300000.0,-10676000.0,15271000.0,54415000.0,-2882000.0,43746000.0,43746000.0,43746000.0,0.0,0.0,0.068,152662000.0,47224000.0,19188000,0.0,3.264,26.082,23.889,30644000,0.0,8.6,1.761,1.707,142519000,-213580000,647886000.0,647886000.0,0.0,0.094,0.136,0.48,0.079,12713000.0,140549000.0,1.0,132671823,128582000,135321000.0,5.039,416647000,0,7227000.0,0,3.24,229074000
21,SAPE,ART,2009-06-30,2009-08-06,2009-06-30,2019-04-29,-13869000,471117000,450693750.0,339482000,131635000,1.463,2.603,-9940000.0,173878000,173878000,447342000.0,55880000.0,2.876,0.424,0,0,0,0,13048000,19861000.0,0,0.0,0.0,64715000.0,84576000.0,0.128,84576000.0,64715000.0,64715000.0,0.45,0.43,0.45,330810000,307547000.0,330810000,694153113,11.0,8.207,60870000.0,0.479,1.0,212204000.0,0.322,69084000,0.0,110131000,109362500.0,0,20988000,980000,20008000,140307000,118024000,22283000,868031113,33407000.0,-22409000.0,4563000.0,-1392000.0,0.0,3256000.0,-27323000.0,5964000.0,70810000.0,-13336000.0,55880000.0,55880000.0,55880000.0,0.0,0.0,0.085,152036000.0,60168000.0,9297000,0.0,2.624,15.534,14.6,29544000,0.0,6.57,1.316,1.266,142342000,-219513000,659546000.0,659546000.0,0.0,0.124,0.182,0.592,0.098,13379000.0,144408000.0,1.0,132120413,127066000,130825000.0,5.191,402033000,0,8835000.0,0,3.164,221458000
22,SAPE,ART,2009-03-31,2009-05-07,2009-03-31,2019-04-29,-29366000,424457000,437011500.0,298772000,125685000,1.547,2.396,-15055000.0,138371000,138371000,454505000.0,59858000.0,3.027,0.396,0,0,0,0,11178000,19626000.0,0,0.0,0.0,69186000.0,88812000.0,0.131,88812000.0,69186000.0,69186000.0,0.48,0.46,0.48,304061000,293041250.0,304061000,491027904,7.0,5.529,47303000.0,0.373,1.0,221761000.0,0.328,65409000,0.0,121974000,108997500.0,0,21119000,1697000,19422000,120396000,98703000,21693000,629398904,4744000.0,-23292000.0,-2587000.0,-1413000.0,0.0,-3915000.0,-29864000.0,10218000.0,62358000.0,-23835000.0,59858000.0,59858000.0,59858000.0,0.0,0.0,0.089,157897000.0,63864000.0,7093000,0.0,2.07,10.515,10.292,29187000,0.0,4.94,0.931,0.927,140416000,-227109000,676266000.0,676266000.0,0.0,0.137,0.204,0.635,0.102,14124000.0,152023000.0,1.0,127408685,126889000,130368000.0,5.33,359048000,0,9328000.0,0,2.83,200069000
23,SAPE,ART,2008-12-31,2009-02-23,2008-12-31,2019-04-29,-24535000,452270000,430682750.0,325992000,126278000,1.596,2.397,-17889000.0,169712000,169712000,460584000.0,62476000.0,2.548,0.498,0,0,0,0,15432000,19878000.0,0,0.0,0.0,71715000.0,91593000.0,0.133,91593000.0,71715000.0,71715000.0,0.5,0.48,0.5,301947000,284024750.0,301947000,274753223,4.0,3.0,67171000.0,0.533,1.0,226904000.0,0.33,61355000,0.0,93273000,105721500.0,0,22868000,3462000,19406000,150323000,127930000,22393000,444465223,50643000.0,-22797000.0,-3718000.0,-1432000.0,0.0,-5065000.0,-7764000.0,34785000.0,85060000.0,-21588000.0,62476000.0,62476000.0,62476000.0,0.0,0.0,0.091,162275000.0,64629000.0,6977000,0.0,1.472,7.114,6.98,32397000,0.0,3.49,0.647,0.64,132595000,-231607000,687488000.0,687488000.0,0.0,0.145,0.22,0.678,0.104,15122000.0,159421000.0,1.0,127353932,125988000,129164000.0,5.457,390915000,9355000,9239000.0,7131000,3.103,198062000
24,SAPE,ART,2008-09-30,2008-11-06,2008-09-30,2019-04-29,-5173000,454931000,419516250.0,319716000,135215000,1.611,2.331,-19520000.0,135498000,135498000,459245000.0,45930000.0,2.324,0.551,0,0,0,0,16660000,19840000.0,0,0.0,0.0,56652000.0,76492000.0,0.113,76492000.0,56652000.0,56652000.0,0.36,0.36,0.36,293370000,273677750.0,293370000,463418585,8.0,6.058,60506000.0,0.481,1.0,216393000.0,0.32,69818000,0.0,112072000,111462250.0,0,35141000,14636000,20505000,161561000,137543000,24018000,598916585,21318000.0,-22797000.0,634000.0,-1440000.0,0.0,740000.0,-45316000.0,-2102000.0,80026000.0,-14132000.0,45930000.0,45930000.0,45930000.0,0.0,0.0,0.068,167330000.0,49063000.0,9730000,0.0,2.042,13.04,13.111,34450000,0.0,4.72,0.886,0.879,145663000,-257326000,675638000.0,675638000.0,0.0,0.109,0.168,0.508,0.084,18030000.0,164817000.0,1.0,126889107,125835000,130113000.0,5.369,385113000,0,10722000.0,0,3.06,182173000
25,SAPE,ART,2008-06-30,2008-08-07,2008-06-30,2019-04-29,6857000,416388000,401881750.0,301382000,115006000,1.587,2.173,-21650000.0,140461000,140461000,440284000.0,32284000.0,2.472,0.526,0,0,0,0,13296000,19267000.0,0,0.0,0.0,42660000.0,61927000.0,0.097,61927000.0,42660000.0,42660000.0,0.26,0.25,0.26,272787000,260811000.0,272787000,748089834,18.0,12.08,63824000.0,0.508,1.0,197649000.0,0.31,45326000,0.0,108671000,108972000.0,0,27075000,5535000,21540000,143601000,121930000,21671000,888550834,80794000.0,-388000.0,-4014000.0,-79000.0,0.0,-3911000.0,1650000.0,24083000.0,85474000.0,-2419000.0,32284000.0,32284000.0,32284000.0,0.0,0.0,0.051,162724000.0,34925000.0,9797000,0.0,3.257,27.523,27.192,37190000,0.0,7.07,1.393,1.391,133163000,-275393000,637933000.0,637933000.0,0.0,0.08,0.124,0.391,0.067,18030000.0,160583000.0,1.0,125679043,125544000,128645000.0,5.081,371062000,0,10376000.0,0,2.956,179452000
26,SAPE,ART,2008-03-31,2008-05-08,2008-03-31,2019-04-29,11081000,399142000,389279000.0,284682000,114460000,1.543,2.126,-22707000.0,133768000,133768000,416800000.0,21557000.0,2.566,0.488,0,0,0,0,10293000,18887000.0,0,0.0,0.0,31519000.0,50406000.0,0.084,50406000.0,31519000.0,31519000.0,0.18,0.17,0.18,267995000,250591750.0,267995000,777175057,25.0,15.418,46638000.0,0.37,1.0,183934000.0,0.306,45569000,0.0,108870000,118093500.0,0,31067000,8362000,22705000,130857000,110935000,19922000,910943057,80260000.0,-388000.0,5623000.0,-88000.0,0.0,5717000.0,1511000.0,24470000.0,69345000.0,3687000.0,21557000.0,21557000.0,21557000.0,0.0,0.0,0.036,159782000.0,24152000.0,10609000,0.0,3.399,42.257,39.889,35345000,0.0,7.18,1.516,1.506,123609000,-286967000,600734000.0,600734000.0,0.0,0.055,0.086,0.267,0.052,18314000.0,157512000.0,1.0,126872292,126031000,128956000.0,4.767,353573000,0,9962000.0,0,2.805,173747000
27,SAPE,ART,2007-12-31,2008-02-29,2007-12-31,2019-04-29,12686000,407604000,373775000.0,315358000,92246000,1.514,2.098,-20361000.0,119155000,119155000,391914000.0,15216000.0,2.5,0.563,0,0,0,0,14278000,17338000.0,0,0.0,0.0,24175000.0,41513000.0,0.073,41513000.0,24175000.0,24175000.0,0.12,0.12,0.12,260559000,238587750.0,260559000,814673278,34.0,19.625,37840000.0,0.305,1.0,174075000.0,0.308,46056000,0.0,116236000,126114750.0,0,58961000,57667000,1294000,146755000,126157000,20598000,933828278,43675000.0,-447000.0,6673000.0,-106000.0,0.0,6749000.0,-26234000.0,-5786000.0,58201000.0,4959000.0,15216000.0,15216000.0,15216000.0,0.0,0.0,0.027,155800000.0,18275000.0,7264000,0.0,3.584,61.371,61.5,34914000,0.0,7.38,1.65,1.619,115816000,-294083000,565989000.0,565989000.0,0.0,0.041,0.064,0.192,0.043,17996000.0,153730000.0,1.0,126534997,124180000,127891000.0,4.558,361548000,6721000,8959000.0,1107000,2.911,189201000
28,SAPE,ART,2007-09-30,2007-11-09,2007-09-30,2019-04-29,12720000,384393000,357390000.0,292901000,91492000,1.467,1.937,-20244000.0,114244000,114244000,360281000.0,4939000.0,2.407,0.588,0,0,0,0,19376000,16046000.0,0,0.0,0.0,13942000.0,29988000.0,0.057,29988000.0,13942000.0,13942000.0,0.06,0.05,0.06,241903000,227072250.0,241903000,779296758,56.0,25.987,30094000.0,0.241,1.0,164130000.0,0.313,46327000,0.0,102111000,124883500.0,0,33203000,31949000,1254000,142200000,121711000,20489000,893540758,62840000.0,-313000.0,2858000.0,-118000.0,0.0,2740000.0,3032000.0,22730000.0,50338000.0,6730000.0,4939000.0,4939000.0,4939000.0,0.0,0.0,0.009,155751000.0,8379000.0,6009000,0.0,3.694,180.915,119.5,36021000,0.0,7.17,1.704,1.707,121562000,-303256000,524411000.0,524411000.0,0.0,0.014,0.022,0.112,0.027,17286000.0,152984000.0,1.0,124622142,124875000,128314000.0,4.199,338066000,0,9003000.0,0,2.707,171190000
29,SAPE,ART,2007-06-30,2007-08-09,2007-06-30,2019-04-29,10109000,365977000,,273876000,92101000,,1.879,-18457000.0,60174000,60174000,335766000.0,1253000.0,2.406,0.577,0,0,0,0,20950000,14721000.0,0,0.0,0.0,4390000.0,19111000.0,0.039,19111000.0,4390000.0,4390000.0,0.03,0.03,0.03,231910000,,231910000,903803435,206.0,47.292,8156000.0,0.066,1.0,153347000.0,0.314,46814000,0.0,145157000,,0,51186000,48925000,2261000,133777000,113832000,19945000,963977435,11771000.0,-1304000.0,2392000.0,-134000.0,0.0,2258000.0,-21832000.0,-1904000.0,26613000.0,4732000.0,1253000.0,1253000.0,1253000.0,0.0,0.0,0.003,154104000.0,-757000.0,9433000,0.0,4.157,769.336,256.333,34064000,0.0,7.69,1.971,1.94,139477000,-307677000,489113000.0,489113000.0,0.0,,,,0.009,15706000.0,150760000.0,1.0,125354673,123423000,123423000.0,3.963,319163000,0,3137000.0,0,2.586,160044000
30,SAPE,ART,2007-03-31,2007-06-15,2007-03-31,2019-04-29,6469000,337126000,318083500.0,254264000,82862000,1.438,1.784,-13716000.0,53574000,53574000,313688000.0,5353000.0,2.63,0.53,0,0,0,0,11602000,13684000.0,0,0.0,0.0,10474000.0,24158000.0,0.053,24158000.0,10474000.0,10474000.0,0.06,0.06,0.06,219979000,213736000.0,219979000,939572345,90.0,38.893,5522000.0,0.045,1.0,143681000.0,0.314,45937000,0.0,140955000,139588500.0,0,56375000,55204000,1171000,116667000,96660000,20007000,993146345,13776000.0,4538000.0,-8980000.0,-228000.0,0.0,-9208000.0,2192000.0,11373000.0,19238000.0,1554000.0,5353000.0,5353000.0,5353000.0,-4769000.0,0.0,0.012,144067000.0,-386000.0,8745000,0.0,4.515,185.531,133.833,27412000,0.0,8.03,2.171,2.165,122690000,-308524000,457369000.0,457369000.0,0.0,0.017,0.025,0.075,0.023,13759000.0,140011000.0,1.0,123679495,123301000,126894000.0,3.709,291189000,0,5121000.0,0,2.362,157604000
31,SAPE,ART,2006-12-31,2007-06-12,2006-12-31,2019-04-29,5782000,342064000,314123500.0,257600000,84464000,1.342,1.734,-14333000.0,75573000,75573000,286274000.0,3136000.0,2.37,0.592,0,0,0,0,15736000,13580000.0,0,0.0,0.0,7568000.0,21148000.0,0.05,21148000.0,7568000.0,7568000.0,0.03,0.03,0.03,214497000,208566000.0,214497000,856970392,113.0,40.523,3867000.0,0.031,1.0,135369000.0,0.321,46479000,0.0,111311000,124067500.0,0,53197000,51859000,1338000,127087000,108701000,18386000,932543392,5074000.0,-22379000.0,-12603000.0,-135000.0,0.0,-12738000.0,-1875000.0,35060000.0,18200000.0,1487000.0,3136000.0,3136000.0,3136000.0,-4401000.0,0.0,0.007,138523000.0,-3154000.0,9818000,0.0,4.348,297.367,251.333,27623000,0.0,7.54,2.212,2.212,109603000,-309299000,421643000.0,421643000.0,0.0,0.01,0.015,0.061,0.018,12410000.0,133047000.0,1.0,123679495,123692000,123692000.0,3.409,295585000,5900000,4432000.0,4921000,2.39,148899000
32,SAPE,ART,2006-03-31,2006-05-10,2006-03-31,2019-04-29,1912000,299041000,286790500.0,219552000,79489000,1.2,1.671,-12194000.0,40847000,40847000,215467000.0,18650000.0,3.051,0.438,0,0,0,0,18477000,9417000.0,0,0.0,0.0,17030000.0,26447000.0,0.077,26447000.0,17030000.0,17030000.0,0.15,0.14,0.15,207493000,203139250.0,207493000,692057550,41.0,26.168,-2099000.0,-0.017,1.0,128618000.0,0.374,48011000,0.0,138222000,144631500.0,0,66334000,64834000,1500000,90877000,71961000,18916000,732904550,-9565000.0,-39815000.0,-11988000.0,56000.0,0.0,-11932000.0,-6405000.0,45604000.0,10095000.0,-1323000.0,18650000.0,18650000.0,18650000.0,0.0,0.0,0.054,116606000.0,12012000.0,7032000,0.0,3.532,39.298,39.2,22903000,0.0,5.88,2.13,2.122,102702000,-265078000,344085000.0,344085000.0,0.0,0.065,0.092,0.118,0.049,4628000.0,106550000.0,1.0,124643631,124173000,124173000.0,2.771,251030000,0,-1620000.0,0,2.022,147591000
33,SAPE,ART,2005-12-31,2006-03-16,2005-12-31,2019-04-29,1046000,286183000,278957500.0,243949000,42234000,1.194,1.625,-14473000.0,71484000,71484000,203626000.0,25698000.0,3.862,0.409,0,0,0,0,6691000,7502000.0,0,0.0,0.0,25086000.0,32588000.0,0.098,32588000.0,25086000.0,25086000.0,0.21,0.2,0.21,202635000,198515250.0,202635000,878546967,35.0,26.959,12751000.0,0.102,1.0,129412000.0,0.389,14710000,0.0,136824000,147035500.0,0,86288000,86288000,0,82877000,63165000,19712000,950030967,3169000.0,-13334000.0,-10423000.0,0.0,0.0,-10423000.0,-11683000.0,16124000.0,27224000.0,-1949000.0,25698000.0,25698000.0,25698000.0,0.0,0.0,0.077,108674000.0,20738000.0,5396000,0.0,4.688,36.969,36.381,20561000,0.0,7.64,2.853,2.861,76911000,-264181000,333038000.0,333038000.0,0.0,0.092,0.129,0.171,0.075,1832000.0,100352000.0,1.0,124349603,124725000,129298000.0,2.67,271473000,5142000,-612000.0,4442000,2.177,180784000
34,SAPE,ART,2005-09-30,2005-11-09,2005-09-30,2019-04-29,1921000,285016000,274812500.0,241655000,43361000,1.143,1.636,-16141000.0,52409000,52409000,189013000.0,23246000.0,3.928,0.387,0,0,0,0,5261000,6693000.0,0,0.0,0.0,27178000.0,33871000.0,0.108,33871000.0,27178000.0,27178000.0,0.19,0.18,0.19,205061000,194339750.0,205061000,663738105,24.0,19.596,-7676000.0,-0.061,1.0,125159000.0,0.398,15091000,0.0,156001000,145059250.0,0,92162000,86718000,5444000,79284000,61515000,17769000,716147105,-4374000.0,-13334000.0,4748000.0,0.0,0.0,4748000.0,-18485000.0,10990000.0,8465000.0,898000.0,23246000.0,23246000.0,23246000.0,0.0,0.0,0.074,102243000.0,22916000.0,5182000,0.0,3.492,30.807,30.0,20161000,0.0,5.7,2.279,2.274,92112000,-274654000,314172000.0,314172000.0,0.0,0.085,0.12,0.187,0.087,1050000.0,95965000.0,1.0,125639843,125361000,129992000.0,2.506,269925000,761000,3932000.0,3044000,2.153,180140000
35,SAPE,ART,2005-06-30,2005-08-09,2005-06-30,2019-04-29,2646000,276922000,265100250.0,211049000,65873000,1.117,1.586,-16536000.0,54483000,54483000,171887000.0,24769000.0,3.548,0.4,0,0,0,0,4323000,6273000.0,0,0.0,0.0,28148000.0,34421000.0,0.116,34421000.0,28148000.0,28148000.0,0.2,0.19,0.2,197368000,186384000.0,197368000,866971321,31.0,25.187,2758000.0,0.022,1.0,124187000.0,0.419,15472000,0.0,147479000,137897750.0,0,98515000,72664000,25851000,78883000,59488000,19395000,921454321,-21410000.0,-13334000.0,6454000.0,0.0,0.0,6454000.0,-48636000.0,-18766000.0,19294000.0,1478000.0,24769000.0,24769000.0,24769000.0,0.0,0.0,0.084,99986000.0,24201000.0,7055000,0.0,4.669,37.202,36.8,20150000,0.0,7.36,3.112,3.093,73378000,-280964000,296074000.0,296074000.0,0.0,0.093,0.133,0.204,0.095,401000.0,93496000.0,1.0,125197598,124427000,129612000.0,2.379,261450000,770000,3379000.0,2368000,2.101,151561000
36,SAPE,ART,2005-03-31,2005-05-10,2005-03-31,2019-04-29,3036000,267709000,255284000.0,200537000,67172000,1.118,1.522,-13834000.0,55374000,55374000,165627000.0,27675000.0,3.134,0.416,0,0,0,0,7200000,6155000.0,0,0.0,0.0,30799000.0,36954000.0,0.13,36954000.0,30799000.0,30799000.0,0.23,0.21,0.23,188997000,177395500.0,188997000,905877782,29.0,24.514,8921000.0,0.072,1.0,119706000.0,0.42,515000,0.0,147838000,126181750.0,0,110962000,66701000,44261000,78712000,63982000,14730000,961251782,-19186000.0,0.0,4024000.0,0.0,0.0,4024000.0,-46789000.0,-32955000.0,22755000.0,824000.0,27675000.0,27675000.0,27675000.0,0.0,0.0,0.097,92002000.0,27704000.0,5970000,0.0,5.086,34.734,33.696,17466000,0.0,7.75,3.369,3.373,70983000,-283728000,285333000.0,285333000.0,0.0,0.108,0.156,0.244,0.108,589000.0,89790000.0,1.0,124032488,124179000,129491000.0,2.298,267194000,797000,3124000.0,4269000,2.152,136555000
37,SAPE,ART,2004-12-31,2005-03-16,2004-12-31,2019-04-29,4090000,269603000,244693500.0,185324000,84279000,1.087,1.511,-9782000.0,73401000,73401000,154612000.0,22819000.0,2.781,0.45,0,0,0,0,9285000,6488000.0,0,0.0,0.0,25252000.0,31740000.0,0.119,31740000.0,25252000.0,25252000.0,0.19,0.18,0.19,185933000,169306000.0,185933000,825771629,33.0,26.017,10476000.0,0.085,1.0,111424000.0,0.419,643000,0.0,128919000,114054500.0,0,102178000,38172000,64006000,83670000,66640000,17030000,899172629,-813000.0,0.0,7708000.0,0.0,0.0,7708000.0,-30256000.0,-20474000.0,20258000.0,1477000.0,22819000.0,22819000.0,22819000.0,0.0,0.0,0.086,88892000.0,22532000.0,6125000,0.0,4.836,39.405,38.053,14612000,0.0,7.23,3.38,3.344,68153000,-289879000,266036000.0,266036000.0,0.0,0.093,0.135,0.221,0.095,779000.0,86490000.0,1.0,124366892,123040000,128458000.0,2.162,268960000,815000,2433000.0,4116000,2.186,118684000
38,SAPE,ART,2004-09-30,2004-11-09,2004-09-30,2019-04-29,1780000,246167000,234017750.0,175507000,70660000,1.072,1.406,-5450000.0,63324000,63324000,149101000.0,17356000.0,3.208,0.421,0,0,0,0,3662000,7381000.0,0,0.0,0.0,18533000.0,25914000.0,0.103,25914000.0,18533000.0,18533000.0,0.14,0.13,0.14,173238000,160925750.0,173238000,1062782633,57.0,41.012,8510000.0,0.069,1.0,101802000.0,0.406,772000,0.0,127355000,105661750.0,0,103336000,49655000,53681000,72929000,54716000,18213000,1126106633,-21550000.0,0.0,5811000.0,0.0,0.0,5811000.0,-42038000.0,-36588000.0,13960000.0,717000.0,17356000.0,17356000.0,17356000.0,0.0,0.0,0.069,86900000.0,14902000.0,4575000,0.0,6.5,64.883,64.929,12119000,0.0,9.09,4.488,4.462,55916000,-297900000,250903000.0,250903000.0,0.0,0.074,0.108,0.175,0.074,714000.0,84564000.0,1.0,123884118,123172000,128462000.0,2.037,245395000,1293000,1177000.0,3564000,1.992,120791000
39,SAPE,ART,2004-06-30,2004-08-09,2004-06-30,2019-04-29,1624000,237657000,228252500.0,191831000,45826000,1.01,1.316,-3262000.0,80418000,80418000,138862000.0,10532000.0,3.443,0.472,0,0,0,0,3338000,7893000.0,0,0.0,0.0,11624000.0,19517000.0,0.085,19517000.0,11624000.0,11624000.0,0.09,0.08,0.09,161414000,154780750.0,161414000,759134042,65.0,38.896,0.0,0.0,1.0,91596000.0,0.397,900000,0.0,100615000,93878750.0,0,79902000,50852000,29050000,76243000,55724000,20519000,839552042,-3004000.0,0.0,3291000.0,0.0,0.0,3291000.0,-10309000.0,-7047000.0,3262000.0,752000.0,10532000.0,10532000.0,10532000.0,0.0,0.0,0.046,84747000.0,6849000.0,4523000,0.0,5.201,79.714,75.889,11456000,0.0,6.83,3.643,3.636,57481000,-305733000,230458000.0,230458000.0,0.0,0.046,0.068,0.124,0.05,822000.0,81616000.0,1.0,122921236,122696000,127360000.0,1.878,236757000,729000,1092000.0,2539000,1.93,136107000
40,SAPE,ART,2004-03-31,2004-05-10,2004-03-31,2019-04-29,2964000,225347000,226365250.0,193534000,31813000,0.924,1.281,-1956000.0,77775000,77775000,128945000.0,672000.0,4.099,0.439,0,0,0,0,1832000,9332000.0,0,0.0,0.0,1802000.0,11134000.0,0.053,11134000.0,1802000.0,1802000.0,0.01,0.01,0.01,156639000,150885750.0,156639000,589553624,327.0,52.951,-13556000.0,-0.111,1.0,80281000.0,0.384,1029000,0.0,99329000,89666750.0,0,78845000,64419000,14426000,68708000,47214000,21494000,667328624,-17883000.0,-162000.0,3121000.0,0.0,0.0,3121000.0,-11455000.0,-9337000.0,-11600000.0,2051000.0,672000.0,672000.0,672000.0,0.0,0.0,0.003,83277000.0,-2996000.0,2899000,0.0,4.26,993.049,544.0,11775000,0.0,5.44,3.19,3.181,49208000,-311403000,209226000.0,209226000.0,0.0,0.003,0.004,0.02,0.009,917000.0,78922000.0,1.0,122670703,122325000,127326000.0,1.71,224318000,729000,1130000.0,2088000,1.834,146320000
41,SAPE,ART,2003-12-31,2004-03-12,2003-12-31,2019-04-29,1870000,226900000,231385750.0,194475000,32425000,0.84,1.258,-1632000.0,79077000,79077000,121541000.0,-4898000.0,3.79,0.489,0,0,0,0,3867000,10917000.0,0,0.0,0.0,-3561000.0,7356000.0,0.038,7356000.0,-3561000.0,-3561000.0,-0.04,-0.04,-0.04,152412000,148789750.0,152412000,718063780,-202.0,97.616,-28300000.0,-0.234,1.0,72828000.0,0.375,1158000,0.0,95348000,85038000.0,0,82162000,72961000,9201000,74488000,51317000,23171000,797140780,-23637000.0,-1679000.0,-1322000.0,0.0,0.0,-822000.0,2198000.0,5509000.0,-26668000.0,1655000.0,-4898000.0,-4898000.0,-4898000.0,0.0,0.0,-0.025,81020000.0,-8192000.0,3882000,0.0,5.23,-162.748,-162.5,13180000,0.0,6.5,4.101,4.053,44465000,-312698000,194369000.0,194369000.0,0.0,-0.021,-0.033,-0.042,-0.018,1089000.0,76024000.0,1.0,122637043,121188000,121188000.0,1.604,225742000,657000,1337000.0,1976000,1.863,143158000
42,SAPE,ART,2003-09-30,2003-11-13,2003-09-30,2019-04-29,1077000,223106000,240324000.0,181517000,41589000,0.755,1.227,-126000.0,92146000,92146000,114949000.0,-31597000.0,3.671,0.501,0,0,0,0,2715000,12128000.0,0,0.0,0.0,-30419000.0,-18291000.0,-0.101,-18291000.0,-30419000.0,-30419000.0,-0.26,-0.26,-0.26,148658000,149637750.0,148658000,591355194,-19.0,-32.33,-47955000.0,-0.396,1.0,66612000.0,0.367,1286000,0.0,80223000,84325000.0,0,65616000,47976000,17640000,74448000,49451000,24997000,683501194,8019000.0,-2670000.0,-1651000.0,0.0,0.0,-1151000.0,55636000.0,58552000.0,-47829000.0,1363000.0,-31597000.0,-31597000.0,-31597000.0,6741000.0,0.0,-0.174,94251000.0,-27639000.0,4104000,0.0,4.598,-21.632,-21.577,15173000,0.0,5.61,3.765,3.744,40150000,-315256000,181561000.0,181561000.0,0.0,-0.131,-0.211,-0.361,-0.168,1485000.0,76626000.0,1.0,121836220,121182000,125050000.0,1.498,221820000,657000,1178000.0,1082000,1.83,132066000
43,SAPE,ART,2003-06-30,2003-08-14,2003-06-30,2019-04-29,163000,230108000,255807750.0,180716000,49392000,0.704,1.209,-841000.0,89973000,89973000,121698000.0,-43443000.0,3.3,0.578,0,0,0,0,2824000,13887000.0,0,0.0,0.0,-42396000.0,-28509000.0,-0.158,-28509000.0,-42396000.0,-42396000.0,-0.36,-0.36,-0.36,145834000,156796000.0,145834000,285535348,-7.0,-10.016,-32051000.0,-0.266,1.0,58430000.0,0.324,1605000,0.0,83767000,101226250.0,0,66568000,49118000,17450000,84274000,54763000,29511000,375508348,-8219000.0,-2670000.0,-7096000.0,0.0,0.0,-6596000.0,28291000.0,31922000.0,-31210000.0,1296000.0,-43443000.0,-43443000.0,-43443000.0,6741000.0,0.0,-0.241,97478000.0,-39048000.0,3741000,0.0,2.575,-8.644,-8.639,17080000,0.0,3.11,2.085,2.083,43849000,-315740000,180128000.0,180128000.0,0.0,-0.17,-0.277,-0.419,-0.235,2511000.0,82646000.0,1.0,120742234,120636000,120636000.0,1.493,228503000,657000,1047000.0,888000,1.894,125953000
44,SAPE,ART,2003-03-31,2003-05-15,2003-03-31,2019-04-29,-1220000,245429000,275702250.0,188059000,57370000,0.638,1.225,-2092000.0,100042000,100042000,127966000.0,-178981000.0,3.014,0.655,0,0,0,0,5682000,15877000.0,0,0.0,0.0,-177753000.0,-161876000.0,-0.92,-161876000.0,-177753000.0,-177753000.0,-1.43,-1.43,-1.43,148255000,168072500.0,148255000,195491217,-1.0,-1.208,-53189000.0,-0.439,1.0,47896000.0,0.272,2170000,0.0,80814000,119364000.0,0,62261000,38496000,23765000,97174000,62403000,34771000,295533217,-2362000.0,-2508000.0,-7243000.0,0.0,0.0,-4179000.0,50878000.0,55598000.0,-51097000.0,2036000.0,-178981000.0,-178981000.0,-178981000.0,6741000.0,0.0,-1.018,224246000.0,-176350000.0,3015000,0.0,1.993,-1.651,-1.713,19899000,0.0,2.45,1.68,1.687,48292000,-311550000,175862000.0,175862000.0,0.0,-0.649,-1.065,-1.489,-1.011,2907000.0,92369000.0,1.0,120625803,121064000,121064000.0,1.453,243259000,630000,1228000.0,701000,2.009,125656000
45,SAPE,ART,2002-12-31,2003-03-10,2002-12-31,2019-04-29,511000,262653000,326508500.0,202245000,60408000,0.559,1.247,-4391000.0,101851000,101851000,141837000.0,-229203000.0,3.022,0.686,0,0,0,0,5910000,18029000.0,0,0.0,0.0,-247788000.0,-229759000.0,-1.26,-229759000.0,-247788000.0,-247788000.0,-1.83,-1.83,-1.83,155804000,213201250.0,155804000,104386991,0.0,-0.454,-73856000.0,-0.591,1.0,40536000.0,0.222,1386000,0.0,92496000,146087000.0,0,79511000,59085000,20426000,106849000,66920000,39929000,206237991,-18515000.0,-991000.0,-1822000.0,0.0,0.0,-1822000.0,51054000.0,56556000.0,-69465000.0,1718000.0,-229203000.0,-229203000.0,-229203000.0,6741000.0,0.0,-1.257,287334000.0,-246798000.0,4005000,0.0,1.324,-0.9,-0.94,24262000,0.0,1.72,1.131,1.179,40602000,-307800000,182373000.0,182373000.0,0.0,-0.702,-1.075,-1.696,-1.359,3161000.0,105530000.0,1.0,119905809,124961000,124961000.0,1.459,261267000,642000,-18585000.0,513000,2.091,135325000
46,SAPE,ART,2002-09-30,2002-11-14,2002-09-30,2019-04-29,-1186000,285041000,379562750.0,241598000,43443000,0.538,1.423,-10419000.0,74071000,74071000,161078000.0,-234031000.0,3.95,0.607,0,0,0,0,3981000,26261000.0,0,0.0,0.0,-254229000.0,-227968000.0,-1.117,-227968000.0,-254229000.0,-254229000.0,-1.85,-1.85,-1.85,177291000,269442750.0,177291000,160318760,-1.0,-0.703,-48789000.0,-0.392,1.0,42937000.0,0.21,1984000,0.0,147828000,172393000.0,0,116484000,116484000,0,107546000,61158000,46388000,234389760,35542000.0,0.0,-1774000.0,0.0,0.0,-1774000.0,75594000.0,86013000.0,-38370000.0,92000.0,-234031000.0,-234031000.0,-234031000.0,0.0,0.0,-1.147,303846000.0,-260909000.0,4998000,0.0,1.322,-1.002,-1.038,32351000,0.0,1.92,1.149,1.173,40490000,-283134000,204015000.0,204015000.0,0.0,-0.617,-0.869,-1.475,-1.246,3397000.0,119627000.0,1.0,122078000,124614000,124614000.0,1.637,283057000,1246000,-20198000.0,411000,2.271,180440000
47,SAPE,ART,2002-06-30,2002-08-14,2002-06-30,2019-04-29,-1469000,309686000,435435250.0,262552000,47134000,0.525,1.507,-11580000.0,86928000,86928000,178515000.0,-317845000.0,4.111,0.621,0,0,0,0,4293000,34293000.0,0,0.0,0.0,-309187000.0,-274894000.0,-1.203,-274894000.0,-309187000.0,-309187000.0,-2.52,-2.52,-2.52,190940000,327529500.0,190940000,40918549,0.0,-0.149,-99414000.0,-0.785,1.0,49987000.0,0.219,2582000,0.0,156318000,207284500.0,0,95986000,95986000,0,118481000,63858000,54623000,127846549,4996000.0,0.0,6846000.0,0.0,0.0,6846000.0,85988000.0,97568000.0,-87834000.0,-4000.0,-317845000.0,-317845000.0,-317845000.0,0.0,0.0,-1.391,366943000.0,-316956000.0,3395000,0.0,0.67,-0.402,-0.405,35291000,0.0,1.02,0.559,0.565,41538000,-272297000,228502000.0,228502000.0,0.0,-0.73,-0.97,-1.492,-1.353,2978000.0,130137000.0,1.0,125339754,126680000,126680000.0,1.804,307104000,31248000,8658000.0,442000,2.424,198694000
48,SAPE,ART,2002-03-31,2002-05-15,2002-03-31,2019-04-29,-2748000,448654000,500255500.0,290227000,158427000,0.546,2.597,-12030000.0,90842000,90842000,205970000.0,-195487000.0,4.959,0.364,0,0,0,0,4842000,40597000.0,0,0.0,0.0,-200414000.0,-159817000.0,-0.585,-159817000.0,-200414000.0,-200414000.0,-1.56,-1.56,-1.56,328770000,398653250.0,328770000,146213429,-1.0,-0.915,-64892000.0,-0.513,1.0,67298000.0,0.246,111578000,0.0,187706000,239585000.0,0,115603000,115603000,0,119515000,58528000,60987000,237055429,3314000.0,0.0,11386000.0,0.0,0.0,8822000.0,48769000.0,60799000.0,-52862000.0,-1415000.0,-195487000.0,-195487000.0,-195487000.0,0.0,0.0,-0.715,275431000.0,-208133000.0,4826000,0.0,0.721,-1.213,-1.199,38700000,0.0,1.87,0.867,0.866,42392000,-132569000,273268000.0,273268000.0,0.0,-0.391,-0.49,-0.837,-0.733,3586000.0,144389000.0,1.0,126767609,126601000,126601000.0,2.158,337076000,34675000,-4927000.0,2622000,2.663,231699000
49,SAPE,ART,2001-12-31,2002-03-25,2001-12-31,2019-04-29,-1478000,474870000,533084750.0,312080000,162790000,0.618,3.064,-18208000.0,109744000,109744000,235766000.0,-189768000.0,5.751,0.246,0,0,0,0,9465000,46737000.0,0,0.0,0.0,-192859000.0,-146122000.0,-0.443,-146122000.0,-192859000.0,-192859000.0,-1.53,-1.53,-1.53,380770000,438234250.0,380770000,508747761,-3.0,-3.482,-51782000.0,-0.417,1.0,93932000.0,0.285,113144000,0.0,197720000,263815250.0,0,134793000,134793000,0,93656000,54262000,39394000,618491761,12161000.0,-962000.0,17088000.0,0.0,0.0,17088000.0,29759000.0,48929000.0,-33574000.0,-1112000.0,-189768000.0,-189768000.0,-189768000.0,0.0,0.0,-0.576,297570000.0,-203638000.0,5668000,0.0,1.624,-3.259,-3.19,41466000,0.0,4.88,1.876,1.839,48325000,-78597000,329698000.0,329698000.0,0.0,-0.356,-0.433,-0.731,-0.585,4449000.0,159678000.0,1.0,126740115,124256000,124256000.0,2.653,361726000,13562000,-3091000.0,907000,2.911,257818000
50,SAPE,ART,2001-09-30,2001-11-13,2001-09-30,2019-04-29,-693000,508531000,565405750.0,327857000,180674000,0.717,3.268,-24386000.0,33217000,33217000,261697000.0,-152152000.0,4.938,0.24,0,0,0,0,7770000,46155000.0,0,0.0,0.0,-149935000.0,-103780000.0,-0.256,-103780000.0,-149935000.0,-149935000.0,-1.23,-1.23,-1.23,409638000,474391750.0,409638000,660388870,-4.0,-6.363,-37805000.0,-0.302,1.0,143889000.0,0.355,121523000,0.0,287394000,286672750.0,0,202559000,202559000,0,98259000,66397000,31862000,693605870,-42177000.0,-4694000.0,21012000.0,0.0,0.0,22362000.0,-51120000.0,-22040000.0,-13419000.0,0.0,-152152000.0,-152152000.0,-152152000.0,0.0,0.0,-0.375,306180000.0,-162291000.0,7574000,0.0,1.693,-4.559,-4.463,50044000,0.0,5.49,1.71,1.697,67998000,-49103000,405586000.0,405586000.0,0.0,-0.269,-0.321,-0.523,-0.37,5240000.0,174001000.0,1.0,126339867,125346000,125346000.0,3.236,387008000,14995000,2217000.0,1456000,3.088,261460000
51,SAPE,ART,2001-06-30,2001-08-03,2001-06-30,2019-04-29,-1376000,568967000,580339000.0,365937000,203030000,0.816,3.865,-29348000.0,77877000,77877000,278370000.0,-45515000.0,4.94,0.195,0,0,0,0,8712000,41312000.0,0,0.0,0.0,-60792000.0,-19480000.0,-0.041,-19480000.0,-60792000.0,-60792000.0,-0.37,-0.38,-0.37,475435000,499478750.0,475435000,643857027,-11.0,-33.052,5396000.0,0.044,1.0,195293000.0,0.412,131496000,0.0,285520000,288153000.0,0,193314000,193314000,0,92708000,74074000,18634000,721734027,-33521000.0,-9317000.0,28433000.0,0.0,0.0,29783000.0,-98048000.0,-59383000.0,34744000.0,0.0,-45515000.0,-45515000.0,-45515000.0,0.0,0.0,-0.096,269205000.0,-73912000.0,14340000,0.0,1.518,-15.857,-15.73,55741000,0.0,5.82,1.524,1.511,67249000,45548000,473663000.0,473663000.0,0.0,-0.078,-0.091,-0.211,-0.128,4755000.0,184819000.0,1.0,124009283,123011000,123011000.0,3.851,437471000,22689000,-15277000.0,0,3.556,291863000
52,SAPE,ART,2001-03-31,2001-05-10,2001-03-31,2019-04-29,-1071000,579971000,543654250.0,371516000,208455000,0.942,3.983,-42198000.0,84964000,84964000,275113000.0,-13183000.0,5.139,0.189,0,0,0,0,15247000,33795000.0,0,0.0,0.0,-4737000.0,29058000.0,0.057,29058000.0,-4737000.0,-4737000.0,-0.1,-0.13,-0.1,487094000,471110000.0,487094000,1334687329,-282.0,45.932,17595000.0,0.144,1.0,237033000.0,0.463,138088000,0.0,284627000,275714500.0,0,176708000,176708000,0,91970000,72292000,19678000,1419651329,1436000.0,-8295000.0,33797000.0,0.0,0.0,35147000.0,-93504000.0,-43011000.0,59793000.0,0.0,-13183000.0,-13183000.0,-13183000.0,0.0,0.0,-0.026,254865000.0,-17832000.0,10208000,0.0,2.915,-107.688,-115.5,58238000,0.0,11.55,2.772,2.758,83537000,62918000,512146000.0,512146000.0,0.0,-0.024,-0.028,-0.017,-0.009,3556000.0,183323000.0,1.0,122913535,122278000,122278000.0,4.188,441883000,15912000,8446000.0,451000,3.614,299224000
53,SAPE,ART,2000-12-31,2001-03-22,2000-12-31,2019-04-29,-862000,604154000,494278250.0,390932000,213222000,1.018,4.408,-43748000.0,97583000,97583000,249279000.0,46960000.0,5.395,0.148,0,0,0,0,18320000,25277000.0,0,0.0,0.0,80885000.0,106162000.0,0.211,106162000.0,80885000.0,80885000.0,0.39,0.35,0.39,525400000,432412000.0,525400000,951716899,12.0,8.965,57917000.0,0.486,1.0,254060000.0,0.505,144956000,0.0,289150000,263296000.0,0,182991000,182991000,0,77846000,72465000,5381000,1049299899,46001000.0,-7601000.0,36939000.0,0.0,0.0,38360000.0,-94024000.0,-42675000.0,101665000.0,0.0,46960000.0,46960000.0,46960000.0,0.0,0.0,0.093,184070000.0,69990000.0,7673000,0.0,1.997,22.345,21.956,56672000,0.0,8.563,2.085,2.028,90557000,111171000,503339000.0,503339000.0,0.0,0.095,0.109,0.307,0.161,2165000.0,169327000.0,1.0,122538818,119191000,133764000.0,4.223,459198000,8167000,33925000.0,11443000,3.853,318467000
54,SAPE,ART,2000-09-30,2000-11-13,2000-09-30,2019-04-29,-287000,568264000,429037000.0,366105000,202159000,1.039,4.286,-37361000.0,75394000,75394000,217096000.0,48305000.0,6.886,0.114,0,0,0,0,17143000,17168000.0,0,0.0,0.0,84092000.0,101260000.0,0.227,101260000.0,84092000.0,84092000.0,0.41,0.365,0.41,509986000,377301750.0,509986000,3405184303,40.0,33.628,45911000.0,0.386,1.0,228887000.0,0.513,146388000,0.0,293315000,250579500.0,0,181404000,181404000,0,58278000,53167000,5111000,3480578303,58281000.0,-8526000.0,121654000.0,0.0,0.0,121904000.0,-146895000.0,-101008000.0,83272000.0,0.0,48305000.0,48305000.0,48305000.0,0.0,0.0,0.108,153983000.0,74904000.0,3561000,0.0,6.825,72.054,69.976,49978000,0.0,28.69,7.804,7.655,98108000,103049000,445983000.0,445983000.0,0.0,0.113,0.128,0.336,0.189,2703000.0,147889000.0,1.0,121316776,118990000,134375000.0,3.748,421876000,890000,35787000.0,6285000,3.545,312938000
55,SAPE,ART,2000-06-30,2000-08-14,2000-06-30,2019-04-29,-455000,422228000,343669250.0,349441000,72787000,1.108,3.069,-34036000.0,111398000,111398000,184582000.0,45187000.0,6.211,0.167,0,0,0,0,20304000,12695000.0,0,0.0,0.0,74874000.0,87569000.0,0.23,87569000.0,74874000.0,74874000.0,0.39,0.345,0.39,361960000,298743250.0,361960000,7639355984,102.0,87.238,47330000.0,0.401,1.0,196373000.0,0.515,18800000,0.0,235766000,216212750.0,0,135853000,135853000,0,60268000,56264000,4004000,7750753984,110015000.0,-3903000.0,118929000.0,0.0,0.0,121240000.0,-92591000.0,-54652000.0,81366000.0,0.0,45187000.0,45187000.0,45187000.0,0.0,0.0,0.119,128502000.0,67871000.0,5398000,0.0,21.413,171.526,167.436,44122000,0.0,65.3,20.346,20.214,89924000,91063000,380955000.0,380955000.0,0.0,0.131,0.151,0.346,0.197,2249000.0,125225000.0,1.0,118694548,117926000,133002000.0,3.23,403428000,6343000,29687000.0,0,3.421,293177000
56,SAPE,ART,2000-03-31,2000-05-12,2000-03-31,2019-04-29,-219000,382467000,291208500.0,325248000,57219000,1.097,2.86,-22955186.0,83528000,83528000,154879000.0,37911000.0,6.736,0.151,0,0,0,0,17824000,11337010.0,0,0.0,0.0,61504000.0,72841010.0,0.228,72841010.0,61504000.0,61504000.0,0.33,0.297,0.33,332302000,252781750.0,332302000,5655941336,92.0,77.648,23348276.0,0.201,1.0,164506000.0,0.515,15698000,0.0,234953000,195600000.0,0,136304000,136304000,0,50165000,48288000,1877000,5739469336,76043706.0,-4925000.0,113420680.0,116794.0,0.0,113591492.0,-83851248.0,-55971062.0,46303462.0,0.0,37911000.0,37911000.0,37911000.0,0.0,0.0,0.119,108372000.0,56134000.0,4320000,0.0,17.272,151.393,147.818,31625000,0.0,48.78,17.97,17.749,93690000,76101000,319385000.0,319385000.0,0.0,0.13,0.15,0.314,0.193,2139000.0,105333000.0,1.0,117660298,116208000,133040000.0,2.748,366769000,7607000,23593000.0,4172000,3.156,276960000
57,SAPE,ART,1999-12-31,2000-03-30,1999-12-31,2019-04-29,-114000,343189000,244079419.0,293992000,49197000,1.134,2.737,-16987000.0,51582000,51582000,134638000.0,30300000.0,8.002,0.125,0,0,0,0,15136000,10291000.0,0,0.0,0.0,48806000.0,59097000.0,0.213,59097000.0,48806000.0,48806000.0,0.27,0.24,0.27,304959000,211207578.0,304959000,4678616421,96.0,79.168,1087000.0,0.01,1.0,142206000.0,0.514,16582000,0.0,238284000,170295477.0,0,144527000,144527000,0,38230000,36741000,1489000,4730198421,25862000.0,-4657000.0,107262000.0,0.0,0.0,107955000.0,-100167000.0,-78523000.0,18074000.0,0.0,30300000.0,30300000.0,30300000.0,0.0,0.0,0.109,97470000.0,44736000.0,4437000,0.0,15.511,156.112,150.704,23591000,0.0,40.69,17.086,16.376,88644000,64211000,276844000.0,276844000.0,0.0,0.124,0.143,0.287,0.176,2029000.0,90817000.0,1.0,116249654,111418000,125626000.0,2.485,326607000,7607000,18506000.0,948000,2.931,257251000
58,SAPE,ART,1999-09-30,1999-10-21,1999-09-30,2019-04-29,-356000,226793000,204510169.0,187940000,38853000,1.21,1.756,-13695404.0,30713000,30713000,120058664.0,26844460.0,6.548,0.159,0,0,0,0,13871000,8977431.0,0,0.0,0.0,43440868.0,52418299.0,0.212,52418299.0,43440868.0,43440868.0,0.248,0.22,0.248,195752000,173563078.0,195752000,2815296973,65.0,53.708,-10737454.0,-0.096,1.0,127416680.0,0.515,11532000,0.0,155848000,136706477.0,0,69207000,69207000,0,31041000,28700000,2341000,2846009973,5556707.0,-306.0,19722937.0,735.0,0.0,23261964.0,-20663207.0,-6967497.0,2957950.0,0.0,26844460.0,26844460.0,26844460.0,0.0,0.0,0.108,87348776.0,40067904.0,1527000,0.0,14.539,106.019,102.218,21036000,0.0,25.35,11.5,11.417,79790000,54744000,247475344.0,247475344.0,0.0,0.131,0.155,0.318,0.176,0.0,82108446.0,1.0,112268638,111456000,124158000.0,2.22,215261000,9675000,16596408.0,6079000,1.931,159240000
59,SAPE,ART,1999-06-30,1999-08-13,1999-06-30,2019-04-29,-198000,212385000,189425078.0,172289000,40096000,1.142,1.623,-14158390.0,14983000,14983000,104838399.0,14007691.0,5.393,0.192,0,0,0,0,9477000,7170961.0,0,0.0,0.0,23142215.0,30313176.0,0.14,30313176.0,23142215.0,23142215.0,0.13,0.112,0.13,178114000,160424731.0,178114000,1701239806,74.0,56.122,-9105267.0,-0.083,1.0,111445299.0,0.515,12141000,0.0,153315000,127680726.0,0,69686000,69686000,0,34271000,31946000,2325000,1716222806,-53838927.0,561000.0,12787128.0,-2861758.0,0.0,7614370.0,-66506420.0,-52909030.0,5053123.0,0.0,14007691.0,14007691.0,14007691.0,0.0,0.0,0.065,91658129.0,19787170.0,2603000,0.0,9.636,122.52,119.231,19348000,0.0,15.5,7.935,7.867,72371000,45886000,216283698.0,216283698.0,14800000.0,0.074,0.087,0.181,0.107,0.0,72189799.0,1.0,110724052,109772000,122328000.0,1.97,200244000,9675000,9134524.0,11161000,1.824,140343000
60,SAPE,ART,1999-03-31,1999-05-14,1999-03-31,2019-04-29,-18718,193950676,170107669.0,157392955,36557721,1.102,1.529,-11675011.0,21084423,21084423,91187358.0,11373478.0,6.06,0.168,0,0,0,0,9344918,5573256.0,0,0.0,0.0,18941919.0,24515175.0,0.131,24515175.0,18941919.0,18941919.0,0.11,0.095,0.11,166005313,146479683.0,166005313,1992401697,105.0,81.272,-8303806.0,-0.076,1.0,96247543.0,0.513,13160384,0.0,133734907,103139276.0,0,67887863,67887863,0,27945363,25970962,1974401,2013486120,-16687593.0,561000.0,38194369.0,-2996993.0,0.0,35143358.0,-55202156.0,-44088145.0,3371205.0,0.0,11373478.0,11373478.0,11373478.0,0.0,0.0,0.061,80503946.0,15743597.0,2272212,0.0,12.129,177.033,164.205,17242752,0.0,18.063,10.742,10.461,61389650,38200045,187434901.0,187434901.0,14800000.0,0.067,0.078,0.184,0.101,0.0,61664616.0,1.0,111473280,108557136,122296384.0,1.727,180790292,9675263,7568441.0,5970680,1.665,131421993
61,SAPE,ART,1998-12-31,1999-03-16,1998-12-31,2019-04-29,26000,184912000,147121527.0,150761000,34151000,1.09,1.524,-8741000.0,38760000,38760000,77565000.0,13699000.0,5.291,0.198,0,0,0,0,9830000,4224000.0,0,0.0,0.0,22359000.0,26583000.0,0.166,26583000.0,22359000.0,22359000.0,0.135,0.122,0.135,154381000,126868184.0,154381000,1716286467,77.0,64.563,-4076000.0,-0.04,1.0,82807000.0,0.516,13729000,0.0,103928000,82560505.0,0,52500000,52500000,0,30531000,28495000,2036000,1755046467,-8554000.0,561000.0,34203000.0,-3070000.0,0.0,30369000.0,-43588000.0,-35408000.0,4665000.0,0.0,13699000.0,13699000.0,13699000.0,0.0,0.0,0.085,63405000.0,19402000.0,774000,0.0,11.368,128.115,121.074,13620000,0.0,16.345,10.944,10.324,51839000,37977000,160372000.0,160372000.0,11100000.0,0.093,0.108,0.271,0.139,0.0,52305000.0,1.0,107375128,101292000,111604000.0,1.583,171183000,9675000,8660000.0,7160000,1.69,122266000
62,SAPE,ART,1998-09-30,1999-02-23,1998-09-30,2019-04-29,0,168794734,125396777.0,132914908,35879826,,1.419,,24596599,24596599,,,6.011,0.16,0,0,0,0,7009251,,0,0.0,0.0,,,,,,,,,,145540710,108772684.0,145540710,1920316012,,,,,1.0,,,0,,122087095,65559505.0,0,62625083,62625083,0,23254024,22111040,1142984,1944912611,,,,,,,,,,,,,,,,,,,1765767,,13.363,,,13358038,,18.313,,,42858395,31967359,,,,,,,,,,1.0,106206832,102562380,,,168794734,0,,5785043,1.646,110803868
63,SAPE,ART,1998-09-30,1998-11-16,1998-09-30,2019-04-29,0,166452634,125396777.0,132914908,33537726,,1.396,,24596599,24596599,,,6.011,0.162,0,0,0,0,7009251,,0,0.0,0.0,,,,,,,,,,143198610,108772684.0,143198610,1102257889,,,,,1.0,,,0,,119744995,65559505.0,0,62625083,62625083,0,23254024,22111040,1142984,1126854488,,,,,,,,,,,,,,,,,,,1765767,,7.869,,,13358038,,10.61,,,42858395,29625259,,,,,,,,,,1.0,106206832,102562380,,,166452634,0,,5785043,1.623,110803868
64,SAPE,ART,1998-06-30,1998-08-13,1998-06-30,2019-04-29,0,135115364,,127196322,7919042,,1.217,,68262233,68262233,,,10.868,0.104,0,0,0,0,4734667,,0,0.0,0.0,,,,,,,,,,122333810,,122333810,1075847352,,,,,1.0,,,0,,55149200,,0,16852574,16852574,0,12781554,11703931,1077623,1144109585,,,,,,,,,,,,,,,,,,,0,,9.352,,,7659025,,11.283,,,39652808,33594028,,,,,,,,,,1.0,101405680,100539964,,,135115364,34914,,2211807,1.344,115492391
65,SAPE,ART,1998-03-31,1998-05-14,1998-03-31,2019-04-29,0,102006111,,94739585,7266526,,0.899,,37212194,37212194,,,7.074,0.165,18441,18441,0,18441,4714820,,0,0.0,0.0,,,,,,,,,,87559314,,87559314,1079634273,,,,,1.0,,,0,,51419824,,0,23875397,23875397,0,14446797,13392534,1054263,1116828026,,,,,,,,,,,,,,,,,,,37334,,12.755,,,6958523,,11.125,,,30943879,28540452,,,,,,,,,,1.0,100389036,97389596,,,102006111,34914,,3609136,1.047,81347051
66,SAPE,ART,1997-12-31,1998-03-18,1997-12-31,2019-04-29,0,98013000,,91368000,6645000,,0.854,-6190000.0,47314000,47314000,43816000.0,12358000.0,6.098,0.195,208000,208000,0,208000,6308000,2450000.0,0,0.0,0.0,20061000.0,22511000.0,0.249,22511000.0,20061000.0,20061000.0,0.13,0.117,0.13,81999000,,81999000,930522600,46.0,41.336,2831000.0,0.029,1.0,46544000.0,0.515,0,0.0,35924000,,0,17092000,17092000,0,16014000,14983000,1031000,977628600,-2987000.0,0.0,1789000.0,-80000.0,0.0,1734000.0,-13742000.0,-7552000.0,9021000.0,0.0,12358000.0,12358000.0,12358000.0,0.0,0.0,0.137,28561000.0,17983000.0,15000,0.0,11.922,79.109,77.173,6315000,0.0,10.033,10.819,10.657,25288000,24278000,90360000.0,90360000.0,0.0,,,,0.222,0.0,28001000.0,1.0,97446160,95984000,104316000.0,0.941,98013000,35000,7703000.0,3196000,1.021,76385000
67,SAPE,ART,1997-12-31,1998-03-13,1997-12-31,2019-04-29,0,98013000,,91368000,6645000,,0.854,-6190000.0,47314000,47314000,43816000.0,12358000.0,6.098,0.195,208000,208000,0,208000,6308000,2450000.0,0,0.0,0.0,20061000.0,22511000.0,0.249,22511000.0,20061000.0,20061000.0,0.13,0.117,0.13,81999000,,81999000,957807525,48.0,42.548,2831000.0,0.029,1.0,46544000.0,0.515,0,0.0,35924000,,0,17092000,17092000,0,16014000,14983000,1031000,1004913525,-2987000.0,0.0,1789000.0,-80000.0,0.0,1734000.0,-13742000.0,-7552000.0,9021000.0,0.0,12358000.0,12358000.0,12358000.0,0.0,0.0,0.137,28561000.0,17983000.0,15000,0.0,12.255,81.317,79.327,6315000,0.0,10.313,11.121,10.954,25288000,24278000,90360000.0,90360000.0,0.0,,,,0.222,0.0,28001000.0,1.0,97446160,95984000,104316000.0,0.941,98013000,35000,7703000.0,3196000,1.021,76385000
