None,ticker,dimension,calendardate,datekey,reportperiod,lastupdated,accoci,assets,assetsavg,assetsc,assetsnc,assetturnover,bvps,capex,cashneq,cashnequsd,cor,consolinc,currentratio,de,debt,debtc,debtnc,debtusd,deferredrev,depamor,deposits,divyield,dps,ebit,ebitda,ebitdamargin,ebitdausd,ebitusd,ebt,eps,epsdil,epsusd,equity,equityavg,equityusd,ev,evebit,evebitda,fcf,fcfps,fxusd,gp,grossmargin,intangibles,intexp,invcap,invcapavg,inventory,investments,investmentsc,investmentsnc,liabilities,liabilitiesc,liabilitiesnc,marketcap,ncf,ncfbus,ncfcommon,ncfdebt,ncfdiv,ncff,ncfi,ncfinv,ncfo,ncfx,netinc,netinccmn,netinccmnusd,netincdis,netincnci,netmargin,opex,opinc,payables,payoutratio,pb,pe,pe1,ppnenet,prefdivis,price,ps,ps1,receivables,retearn,revenue,revenueusd,rnd,roa,roe,roic,ros,sbcomp,sgna,sharefactor,sharesbas,shareswa,shareswadil,sps,tangibles,taxassets,taxexp,taxliabilities,tbvps,workingcapital
0,NTRS,ARY,2020-12-31,2021-02-23,2020-12-31,2021-09-08,428000000,170003900000,158807000000.0,,,0.038,56.108,-560400000.0,64265700000,64265700000,0.0,1209300000.0,,13.545,8901000000,,,8901000000,0,500300000.0,143878000000,0.029,2.8,1627600000.0,2127900000.0,0.356,2127900000.0,1627600000.0,1627600000.0,5.48,5.46,5.48,11688300000,11382325000.0,11688300000,-35043632133,-22.0,-16.469,1336400000.0,6.415,1.0,5975800000.0,1.0,707200000,0.0,113932000000,115543050000.0,0,94971000000,,,158315600000,,,20321067867,-69700000.0,0.0,-280300000.0,-2956400000.0,-584600000.0,27871900000.0,-29923000000.0,-28813100000.0,1896800000.0,84600000.0,1209300000.0,1153100000.0,1153100000.0,0.0,0.0,0.193,4348200000.0,1627600000.0,0,0.511,1.739,17.623,17.801,514900000,56200000.0,97.55,3.401,3.401,0,12207700000,5975800000.0,5975800000.0,0.0,0.007,0.101,0.014,0.272,0.0,4001500000.0,1.0,208314381,208319412,208319412.0,28.686,169296700000,0,418300000.0,0,812.678,
1,NTRS,ARY,2019-12-31,2020-02-25,2019-12-31,2021-09-08,-194700000,136828400000,127401125000.0,,,0.048,51.7,-599800000.0,43935100000,43935100000,0.0,1492200000.0,,11.337,11786200000,,,11786200000,0,458900000.0,109120600000,0.029,2.6,1944100000.0,2403000000.0,0.395,2403000000.0,1944100000.0,1944100000.0,6.66,6.63,6.66,11091000000,10831000000.0,11091000000,-13080160197,-7.0,-5.443,1992200000.0,9.287,1.0,6087600000.0,1.0,696800000,0.0,103982700000,102106200000.0,0,82466200000,,,125737400000,,,19068739803,-122400000.0,-10500000.0,-1056200000.0,-2406900000.0,-529700000.0,615900000.0,-3405000000.0,-2340800000.0,2592000000.0,74700000.0,1492200000.0,1445800000.0,1445800000.0,0.0,0.0,0.237,4143500000.0,1944100000.0,0,0.39,1.719,13.189,13.683,483300000,46400000.0,91.13,3.132,3.211,0,11656700000,6087600000.0,6087600000.0,0.0,0.011,0.133,0.019,0.319,0.0,3813700000.0,1.0,209247666,214525547,214525547.0,28.377,136131600000,0,451900000.0,0,634.571,
2,NTRS,ARY,2018-12-31,2019-02-26,2018-12-31,2021-09-08,-453700000,132212500000,132342350000.0,,,0.045,47.091,-506000000.0,40091200000,40091200000,0.0,1556400000.0,,11.582,14065500000,,,14065500000,0,460900000.0,104496800000,0.021,1.94,1957800000.0,2418700000.0,0.405,2418700000.0,1957800000.0,1957800000.0,6.68,6.64,6.68,10508300000,10364100000.0,10508300000,-5726509817,-3.0,-2.368,1261500000.0,5.653,1.0,5974700000.0,1.0,669300000,0.0,105517500000,103186425000.0,0,83620500000,,,121704200000,,,20299190183,63500000.0,-104200000.0,-891700000.0,1687400000.0,-405400000.0,-5818200000.0,4327100000.0,5860600000.0,1767500000.0,-212900000.0,1556400000.0,1510000000.0,1510000000.0,0.0,0.0,0.253,4016900000.0,1957800000.0,0,0.29,1.932,13.443,13.913,428200000,46400000.0,92.94,3.398,3.471,0,10776800000,5974700000.0,5974700000.0,0.0,0.011,0.146,0.019,0.328,0.0,3686300000.0,1.0,218411773,223148335,223148335.0,26.775,131543200000,0,401400000.0,0,589.488,
3,NTRS,ARY,2017-12-31,2018-02-27,2017-12-31,2021-09-08,-414300000,138590500000,129271275000.0,,,0.042,44.757,-472800000.0,51933400000,51933400000,0.0,1199000000.0,,12.566,12395500000,,,12395500000,0,421700000.0,112390800000,0.015,1.6,1633900000.0,2055600000.0,0.38,2055600000.0,1633900000.0,1633900000.0,4.95,4.92,4.95,10216200000,10106750000.0,10216200000,-15187501691,-9.0,-7.388,1247600000.0,5.466,1.0,5403300000.0,1.0,605600000,0.0,98447000000,94365000000.0,0,79252600000,,,128374300000,,,24350398309,-813900000.0,-188500000.0,-415100000.0,3550700000.0,-356800000.0,11252700000.0,-14021600000.0,-12793500000.0,1720400000.0,234600000.0,1199000000.0,1149200000.0,1149200000.0,0.0,0.0,0.213,3769400000.0,1633900000.0,0,0.323,2.384,21.189,21.735,464600000,49800000.0,107.59,4.507,4.545,0,9685100000,5403300000.0,5403300000.0,0.0,0.009,0.114,0.017,0.302,0.0,3437800000.0,1.0,226325851,228257664,228257664.0,23.672,137984900000,0,434900000.0,0,604.514,
4,NTRS,ARY,2016-12-31,2017-02-28,2016-12-31,2021-09-08,-370000000,123926900000,120830075000.0,,,0.041,42.932,-473400000.0,38781100000,38781100000,0.0,1032500000.0,,11.684,8892900000,,,8892900000,0,373300000.0,101651700000,0.017,1.48,1517100000.0,1890400000.0,0.379,1890400000.0,1517100000.0,1517100000.0,4.35,4.32,4.35,9770400000,9283625000.0,9770400000,-9903222207,-7.0,-5.239,1036600000.0,4.555,1.0,4987800000.0,1.0,519400000,0.0,93519300000,95681100000.0,0,78162300000,,,114156500000,,,19984977793,-1086500000.0,-16900000.0,-177300000.0,847200000.0,-333000000.0,7536900000.0,-10192100000.0,-11033300000.0,1510000000.0,58700000.0,1032500000.0,1009100000.0,1009100000.0,0.0,0.0,0.202,3470700000.0,1517100000.0,0,0.34,2.045,19.805,20.08,466600000,23400000.0,87.35,4.007,3.986,0,8908400000,4987800000.0,4987800000.0,0.0,0.008,0.109,0.016,0.304,0.0,3106300000.0,1.0,228791961,227580584,227580584.0,21.917,123407500000,0,484600000.0,0,542.258,
5,NTRS,ARY,2015-12-31,2016-02-29,2015-12-31,2021-09-08,-372700000,116749600000,115909925000.0,,,0.041,37.48,-433500000.0,22201900000,22201900000,0.0,973800000.0,,12.41,8099200000,,,8099200000,0,351600000.0,96868900000,0.024,1.41,1465000000.0,1816600000.0,0.383,1816600000.0,1465000000.0,1465000000.0,4.03,3.99,4.03,8705900000,8711825000.0,8705900000,-505620520,0.0,-0.278,1400900000.0,6.031,1.0,4745600000.0,1.0,526400000,0.0,102120500000,101322075000.0,0,86953000000,,,108043700000,,,13597079480,3394000000.0,0.0,-402900000.0,1161900000.0,-321400000.0,8534100000.0,-6900700000.0,-5649300000.0,1834400000.0,-73800000.0,973800000.0,950400000.0,950400000.0,0.0,0.0,0.2,3280600000.0,1465000000.0,0,0.35,1.562,14.307,14.734,446900000,23400000.0,59.38,2.865,2.906,0,8242800000,4745600000.0,4745600000.0,0.0,0.008,0.109,0.014,0.309,0.0,2952600000.0,1.0,228984161,232279849,232279849.0,20.431,116223200000,0,491200000.0,0,500.359,
6,NTRS,ARY,2014-12-31,2015-02-26,2014-12-31,2021-09-08,-319700000,109946500000,107673500000.0,,,0.04,35.826,-409500000.0,19041600000,19041600000,0.0,811800000.0,,12.013,6892500000,,,6892500000,0,335700000.0,90757000000,0.019,1.3,1190200000.0,1525900000.0,0.353,1525900000.0,1190200000.0,1190200000.0,3.34,3.32,3.34,8448900000,8245600000.0,8448900000,4236996887,4.0,2.777,526500000.0,2.233,1.0,4325200000.0,1.0,533200000,0.0,97264200000,86826875000.0,0,82493500000,,,101497600000,,,16386096887,-111800000.0,0.0,-353200000.0,-868700000.0,-302900000.0,7073700000.0,-8212400000.0,-7421400000.0,936000000.0,90900000.0,811800000.0,802300000.0,802300000.0,0.0,0.0,0.185,3135000000.0,1190200000.0,0,0.389,1.939,20.424,21.012,444300000,9500000.0,70.18,3.789,3.827,0,7625400000,4325200000.0,4325200000.0,0.0,0.007,0.097,0.014,0.275,0.0,2862900000.0,1.0,233486704,235829790,235829790.0,18.34,109413300000,0,378400000.0,0,463.95,
7,NTRS,ARY,2013-12-31,2014-02-26,2013-12-31,2021-09-08,-244300000,102947300000,97327400000.0,,,0.042,33.068,-384900000.0,36000900000,36000900000,0.0,731300000.0,,12.012,7423900000,,,7423900000,0,318500000.0,84098100000,0.02,1.23,1075500000.0,1394000000.0,0.343,1394000000.0,1075500000.0,1075500000.0,3.01,2.99,3.01,7912000000,7766450000.0,7912000000,-13930241921,-13.0,-9.993,454400000.0,1.899,1.0,4069300000.0,1.0,540700000,0.0,73829600000,73400500000.0,0,59827700000,,,95035300000,,,14646758079,-590300000.0,0.0,-163500000.0,1606800000.0,-220600000.0,4388300000.0,-5683300000.0,-6098400000.0,839300000.0,-134600000.0,731300000.0,731300000.0,731300000.0,0.0,0.0,0.18,2993800000.0,1075500000.0,0,0.409,1.851,20.028,20.505,458800000,0.0,61.72,3.599,3.629,0,7134800000,4069300000.0,4069300000.0,0.0,0.008,0.094,0.015,0.264,0.0,2679600000.0,1.0,237309755,239265313,239265313.0,17.007,102406600000,0,344200000.0,0,428.004,
8,NTRS,ARY,2012-12-31,2013-02-26,2012-12-31,2021-09-08,-283000000,97463800000,94289125000.0,,,0.041,31.308,-312500000.0,30236700000,30236700000,0.0,687300000.0,,11.949,5951800000,,,5951800000,0,289400000.0,81407800000,0.022,1.18,992300000.0,1281700000.0,0.331,1281700000.0,992300000.0,992300000.0,2.82,2.81,2.82,7527000000,7418175000.0,7527000000,-11733925841,-12.0,-9.155,501900000.0,2.088,1.0,3871100000.0,1.0,537800000,0.0,72641100000,71396125000.0,0,60240100000,,,89936800000,,,12550974159,-562600000.0,0.0,-55600000.0,-1393300000.0,-354300000.0,-3072900000.0,1627600000.0,3372100000.0,814400000.0,68300000.0,687300000.0,687300000.0,687300000.0,0.0,0.0,0.178,2878800000.0,992300000.0,0,0.418,1.667,18.261,18.61,469900000,0.0,52.48,3.242,3.259,0,6702700000,3871100000.0,3871100000.0,0.0,0.007,0.093,0.014,0.256,0.0,2595900000.0,1.0,239157282,240417805,240417805.0,16.102,96926000000,0,305000000.0,0,403.156,
9,NTRS,ARY,2011-12-31,2012-02-24,2011-12-31,2021-09-08,-345600000,100223700000,96599850000.0,,,0.038,29.483,-371100000.0,34581600000,34581600000,0.0,603600000.0,,13.082,7482500000,,,7482500000,0,265100000.0,82677500000,0.026,1.12,883700000.0,1148800000.0,0.309,1148800000.0,883700000.0,883700000.0,2.47,2.47,2.47,7117300000,7055925000.0,7117300000,-16523797153,-19.0,-14.384,883200000.0,3.659,1.0,3714900000.0,1.0,532000000,0.0,72592600000,70678175000.0,0,59768800000,,,93106400000,,,10575302847,1497300000.0,-172600000.0,-3400000.0,-2401100000.0,-273700000.0,15803600000.0,-15388400000.0,-14930500000.0,1254300000.0,-172200000.0,603600000.0,603600000.0,603600000.0,0.0,0.0,0.162,2831200000.0,883700000.0,0,0.453,1.486,17.52,17.757,494500000,0.0,43.86,2.847,2.85,0,6302300000,3714900000.0,3714900000.0,0.0,0.006,0.086,0.013,0.238,0.0,2587200000.0,1.0,241114976,241401310,241401310.0,15.389,99691700000,0,280100000.0,0,412.971,
10,NTRS,ARY,2010-12-31,2011-02-25,2010-12-31,2021-09-08,-305300000,83843900000,80233700000.0,,,0.043,28.221,-311100000.0,29254000000,29254000000,0.0,669500000.0,,11.275,9896100000,,,9896100000,0,249500000.0,64195700000,0.021,1.12,989800000.0,1239300000.0,0.355,1239300000.0,989800000.0,989800000.0,2.74,2.74,2.74,6830300000,6666425000.0,6830300000,-6717861088,-7.0,-5.421,479100000.0,1.98,1.0,3487700000.0,1.0,400900000,0.0,64085100000,63803050000.0,0,49413900000,,,77013600000,,,12640038912,326200000.0,0.0,64700000.0,-4562000000.0,-273200000.0,1145100000.0,-1768000000.0,374500000.0,790200000.0,158900000.0,669500000.0,669500000.0,669500000.0,0.0,0.0,0.192,2497900000.0,989800000.0,0,0.409,1.851,18.88,19.055,504500000,0.0,52.21,3.624,3.623,0,5972100000,3487700000.0,3487700000.0,0.0,0.008,0.1,0.016,0.284,0.0,2260900000.0,1.0,242099960,242028776,242028776.0,14.41,83443000000,0,320300000.0,0,344.765,
11,NTRS,ARY,2009-12-31,2010-02-26,2009-12-31,2021-09-08,-361600000,82141500000,78388200000.0,,,0.046,26.802,-314200000.0,30620000000,30620000000,0.0,864200000.0,,12.013,14432000000,,,14432000000,0,243700000.0,58281300000,0.021,1.12,1144100000.0,1387800000.0,0.389,1387800000.0,1144100000.0,1144100000.0,3.18,3.16,3.18,6312100000,6297200000.0,6312100000,-3302237236,-3.0,-2.379,700500000.0,2.974,1.0,3571900000.0,1.0,401600000,0.0,65551900000,65694350000.0,0,46439100000,,,75829400000,,,12885762764,-156400000.0,0.0,862300000.0,5794600000.0,-260300000.0,421200000.0,-1678600000.0,-4946300000.0,1014700000.0,86300000.0,753100000.0,753100000.0,753100000.0,0.0,111100000.0,0.211,2316700000.0,1255200000.0,0,0.352,2.041,17.11,16.758,543500000,0.0,53.29,3.608,3.514,0,5576000000,3571900000.0,3571900000.0,0.0,0.01,0.12,0.017,0.32,-4200000.0,2198200000.0,1.0,241804518,235511879,235511879.0,15.167,81739900000,0,391000000.0,0,347.073,
12,NTRS,ARY,2008-12-31,2009-02-27,2008-12-31,2021-09-08,-494900000,82053600000,78396200000.0,,,0.053,28.853,-308000000.0,28942000000,28942000000,0.0,794800000.0,,11.842,8672000000,,,8672000000,0,220400000.0,62406400000,0.02,1.12,1263700000.0,1484100000.0,0.356,1484100000.0,1263700000.0,1263700000.0,3.53,3.47,3.53,6389400000,5236975000.0,6389400000,-7856718397,-6.0,-5.294,547300000.0,2.471,1.0,4163500000.0,1.0,389400000,0.0,61394200000,55487500000.0,0,46326200000,,,75664200000,,,12413281603,-1273400000.0,-8600000.0,93600000.0,-292100000.0,-247700000.0,12376100000.0,-14347200000.0,-18245400000.0,855300000.0,-157600000.0,782800000.0,782800000.0,782800000.0,0.0,12000000.0,0.188,2887800000.0,1275700000.0,0,0.317,1.943,15.858,15.737,506600000,0.0,55.55,2.981,2.955,0,5091200000,4163500000.0,4163500000.0,0.0,0.01,0.149,0.023,0.304,-35000000.0,2177600000.0,1.0,223461415,221446382,221446382.0,18.801,81664200000,0,480900000.0,0,368.776,
13,NTRS,ARY,2007-12-31,2008-02-28,2007-12-31,2021-09-08,-90300000,67611200000,62463050000.0,,,0.056,20.526,-253500000.0,28993800000,28993800000,0.0,726900000.0,,13.994,8950800000,,,8950800000,0,211400000.0,51213100000,0.015,1.03,1060800000.0,1272200000.0,0.364,1272200000.0,1060800000.0,1060800000.0,3.31,3.24,3.31,4509100000,4284775000.0,4509100000,-4646884304,-4.0,-3.653,627200000.0,2.855,1.0,3491000000.0,1.0,425800000,0.0,47142400000,46615000000.0,0,34228300000,,,63102100000,,,15396115696,-1039400000.0,0.0,-8200000.0,-1836800000.0,-219500000.0,5460400000.0,-7469200000.0,-1631900000.0,880700000.0,88700000.0,726900000.0,726900000.0,726900000.0,0.0,0.0,0.208,2430200000.0,1060800000.0,0,0.311,3.414,21.181,21.091,491900000,0.0,69.81,4.41,4.393,0,4556200000,3491000000.0,3491000000.0,0.0,0.012,0.17,0.023,0.304,-45100000.0,2035100000.0,1.0,220543127,219680628,219680628.0,15.891,67185400000,0,333900000.0,0,305.832,
14,NTRS,ARY,2006-12-31,2007-02-28,2006-12-31,2021-09-08,-148600000,60712200000,54858500000.0,,,0.054,18.111,-238500000.0,21751300000,21751300000,0.0,665400000.0,,14.394,10778400000,,,10778400000,0,199600000.0,43820200000,0.016,0.71,1024200000.0,1223800000.0,0.411,1223800000.0,1024200000.0,1024200000.0,3.06,3.0,3.06,3943900000,3847925000.0,3943900000,2249733446,2.0,1.838,150000000.0,0.689,1.0,2981100000.0,1.0,0,0.0,49739300000,46182900000.0,0,34974900000,,,56768300000,,,13222633446,1964800000.0,0.0,-43000000.0,1851500000.0,-200500000.0,6806500000.0,-5383200000.0,-90000000.0,388500000.0,153000000.0,665400000.0,665400000.0,665400000.0,0.0,0.0,0.223,1956900000.0,1024200000.0,0,0.307,3.353,19.872,19.706,487200000,0.0,60.3,4.435,4.405,0,4131200000,2981100000.0,2981100000.0,0.0,0.012,0.173,0.022,0.344,0.0,1322100000.0,1.0,219280820,217766035,217766035.0,13.689,60712200000,0,358800000.0,0,278.796,
15,NTRS,ARY,2005-12-31,2006-03-13,2005-12-31,2021-09-08,-18700000,53413800000,48964525000.0,,,0.054,16.51,-173700000.0,19031900000,19031900000,0.0,584400000.0,,13.834,8867200000,,,8867200000,0,191700000.0,38519500000,0.017,0.88,887800000.0,1079500000.0,0.412,1079500000.0,887800000.0,887800000.0,2.68,2.64,2.68,3600800000,3484375000.0,3600800000,1440421767,2.0,1.334,411400000.0,1.886,1.0,2622700000.0,1.0,0,0.0,43249100000,40589625000.0,0,31077500000,,,49813000000,,,11605121767,943700000.0,-464900000.0,-114700000.0,348800000.0,-183500000.0,4430300000.0,-4071700000.0,-7107100000.0,585100000.0,0.0,584400000.0,584400000.0,584400000.0,0.0,0.0,0.223,1734900000.0,887800000.0,0,0.328,3.223,19.858,19.869,471500000,0.0,53.25,4.425,4.428,0,3672100000,2622700000.0,2622700000.0,0.0,0.012,0.168,0.022,0.339,0.0,1181500000.0,1.0,217936559,218101996,218101996.0,12.025,53413800000,0,303400000.0,0,244.903,
16,NTRS,ARY,2004-12-31,2005-03-14,2004-12-31,2021-09-08,-14700000,45276700000,42461225000.0,,,0.054,15.015,-133100000.0,15220000000,15220000000,0.0,505600000.0,,12.739,8528500000,,,8528500000,0,176400000.0,31057600000,0.018,0.8,755300000.0,931700000.0,0.407,931700000.0,755300000.0,755300000.0,2.3,2.26,2.3,3295600000,3204400000.0,3295600000,2817534955,4.0,3.024,520900000.0,2.373,1.0,2287000000.0,1.0,0,0.0,38585200000,36869225000.0,0,26984400000,,,41981100000,,,9509034955,456600000.0,-4200000.0,-112200000.0,-1239000000.0,-167000000.0,3284700000.0,-3482100000.0,-3397400000.0,654000000.0,0.0,505600000.0,505600000.0,505600000.0,-800000.0,0.0,0.221,1532500000.0,754500000.0,0,0.348,2.885,18.807,18.904,465100000,0.0,43.48,4.158,4.173,0,3300600000,2287000000.0,2287000000.0,0.0,0.012,0.158,0.02,0.33,0.0,1029400000.0,1.0,218699056,219492478,219492478.0,10.419,45276700000,0,249700000.0,0,206.279,
17,NTRS,ARY,2003-12-31,2004-03-12,2003-12-31,2021-09-08,-8900000,41450200000,39428775000.0,,,0.053,13.875,-180300000.0,11161000000,11161000000,0.0,404800000.0,,12.567,9767400000,,,9767400000,0,186300000.0,26270000000,0.015,0.72,611900000.0,798200000.0,0.382,798200000.0,611900000.0,611900000.0,1.84,1.89,1.84,3055300000,3006950000.0,3055300000,9038390912,15.0,11.323,331100000.0,1.504,1.0,2087900000.0,1.0,0,0.0,40056600000,38269425000.0,0,27285100000,,,38394900000,,,10431990912,-1076300000.0,-97900000.0,-84500000.0,1154300000.0,-149900000.0,992000000.0,-2579700000.0,-2678700000.0,511400000.0,0.0,404100000.0,404100000.0,404100000.0,18500000.0,700000.0,0.194,1456800000.0,631100000.0,0,0.391,3.414,25.815,25.723,498300000,0.0,47.33,4.996,4.992,0,2990700000,2087900000.0,2087900000.0,0.0,0.01,0.134,0.016,0.293,0.0,1006100000.0,1.0,220409696,220203094,220203094.0,9.482,41450200000,0,207800000.0,0,188.236,
18,NTRS,ARY,2002-12-31,2003-03-10,2002-12-31,2021-09-08,7100000,39478200000,38727925000.0,,,0.054,13.601,-227000000.0,12004500000,12004500000,0.0,447100000.0,,12.16,8604700000,,,8604700000,0,166100000.0,26062100000,0.024,0.68,666800000.0,832900000.0,0.396,832900000.0,666800000.0,666800000.0,2.02,1.97,2.02,2999800000,2922475000.0,2999800000,2933405062,4.0,3.522,471700000.0,2.139,1.0,2101100000.0,1.0,0,0.0,36078400000,38623450000.0,0,24657600000,,,36478400000,,,6333205062,79900000.0,0.0,-119600000.0,-2081700000.0,-150500000.0,-1281800000.0,663000000.0,929900000.0,698700000.0,0.0,444900000.0,444900000.0,444900000.0,0.0,2200000.0,0.212,1432100000.0,669000000.0,0,0.337,2.111,14.235,14.188,515000000,0.0,28.66,3.014,3.008,0,2775300000,2101100000.0,2101100000.0,0.0,0.011,0.152,0.017,0.317,0.0,992600000.0,1.0,220977148,220552132,225834377.0,9.527,39478200000,0,221900000.0,0,178.997,
19,NTRS,ARY,2001-12-31,2002-03-12,2001-12-31,2021-09-08,-2400000,39664500000,37292625000.0,,,0.057,12.526,-254300000.0,13138300000,13138300000,0.0,487500000.0,,13.301,10686300000,,,10686300000,0,165000000.0,25019300000,0.011,0.65,727800000.0,892800000.0,0.423,892800000.0,727800000.0,727800000.0,2.18,2.11,2.18,2773500000,2683250000.0,2773500000,11010635848,15.0,12.333,471200000.0,2.128,1.0,2108800000.0,1.0,0,0.0,37212500000,38889650000.0,0,24149400000,,,36891000000,,,13462635848,304500000.0,-1500000.0,-133100000.0,1316500000.0,-142300000.0,3258000000.0,-3679000000.0,-1729400000.0,725500000.0,0.0,483400000.0,483400000.0,483400000.0,0.0,4100000.0,0.229,1376900000.0,731900000.0,0,0.298,4.854,27.85,27.862,488700000,0.0,60.74,6.384,6.378,0,2520100000,2108800000.0,2108800000.0,0.0,0.013,0.18,0.019,0.345,0.0,993900000.0,1.0,221643659,221425584,228971338.0,9.524,39664500000,0,244400000.0,0,179.132,
20,NTRS,ARY,2000-12-31,2001-03-16,2000-12-31,2021-09-08,-900000,36022300000,35220875000.0,,,0.059,10.878,-245700000.0,8152700000,8152700000,0.0,485100000.0,,13.63,9369700000,,,9369700000,0,67800000.0,22827900000,0.01,0.58,724400000.0,792200000.0,0.381,792200000.0,724400000.0,724400000.0,2.17,2.08,2.17,2462200000,2344800000.0,2462200000,14671052247,20.0,18.519,125400000.0,0.554,1.0,2081600000.0,1.0,0,0.0,37239300000,38775900000.0,0,25251300000,,,33560100000,,,13454052247,309900000.0,-32500000.0,-163100000.0,5274300000.0,-125800000.0,6455300000.0,-6516500000.0,-3085600000.0,371100000.0,0.0,479400000.0,479400000.0,479400000.0,0.0,5700000.0,0.23,1351500000.0,730100000.0,0,0.267,5.464,28.064,27.392,448100000,0.0,59.44,6.463,6.463,0,2200000000,2081600000.0,2081600000.0,0.0,0.014,0.204,0.019,0.348,0.0,958800000.0,1.0,226346774,226346774,,9.197,36022300000,0,245000000.0,0,159.147,
21,NTRS,ARY,1998-12-31,1999-03-16,1998-12-31,2021-09-08,-600000,27870000000,27494400000.0,,,0.056,8.765,-76200000.0,6816900000,6816900000,0.0,353900000.0,,13.364,6812900000,,,6812900000,0,52400000.0,18202700000,0.01,0.45,537800000.0,590200000.0,0.383,590200000.0,537800000.0,537800000.0,1.575,1.52,1.575,1940300000,1865150000.0,1940300000,10217237929,19.0,17.311,354700000.0,1.602,1.0,1539800000.0,1.0,0,0.0,27866000000,29085075000.0,0,19356900000,,,25929700000,,,10221237929,627100000.0,-15000000.0,-97000000.0,336700000.0,-98500000.0,1988000000.0,-1791800000.0,-1653600000.0,430900000.0,0.0,349000000.0,349000000.0,349000000.0,0.0,4900000.0,0.227,997100000.0,542700000.0,0,0.286,5.268,29.287,29.137,340200000,0.0,45.89,6.638,6.597,0,1582900000,1539800000.0,1539800000.0,0.0,0.013,0.187,0.018,0.349,0.0,739500000.0,1.0,222733448,221366976,229734116.0,6.956,27870000000,0,188800000.0,0,125.9,
22,NTRS,ARY,1997-12-31,1998-03-17,1997-12-31,2021-09-08,2100000,25315400000,25379350000.0,,,0.054,7.835,-54200000.0,7048300000,7048300000,0.0,309400000.0,,13.557,6476200000,,,6476200000,0,49300000.0,16360000000,0.01,0.39,466900000.0,516200000.0,0.379,516200000.0,466900000.0,466900000.0,1.37,1.33,1.37,1739000000,1669650000.0,1739000000,7862008155,17.0,15.231,146900000.0,0.662,1.0,1363700000.0,1.0,0,0.0,24743300000,26283775000.0,0,16638800000,,,23576400000,,,8434108155,446400000.0,-53000000.0,-53200000.0,813200000.0,-85300000.0,3245700000.0,-3000400000.0,-2739700000.0,201100000.0,0.0,304400000.0,304400000.0,304400000.0,0.0,5000000.0,0.223,891800000.0,471900000.0,0,0.285,4.85,27.707,27.602,316400000,0.0,37.815,6.185,6.155,0,1330800000,1363700000.0,1363700000.0,0.0,0.012,0.182,0.018,0.342,0.0,656200000.0,1.0,223036048,221955290,229322312.0,6.144,25315400000,0,162500000.0,0,114.056,
23,NTRS,ARY,1996-12-31,1997-03-14,1996-12-31,2021-09-08,1600000,21608300000,,,,,6.734,-56800000.0,4489400000,4489400000,0.0,258800000.0,,12.994,5643000000,,,5643000000,0,46800000.0,13796200000,0.016,0.335,382500000.0,429300000.0,0.372,429300000.0,382500000.0,382500000.0,1.105,1.1,1.105,1544100000,,1544100000,5793438554,15.0,13.495,291200000.0,1.27,1.0,1154200000.0,1.0,0,0.0,22761900000,,0,15604000000,,,20064200000,,,4639838554,-16400000.0,-14600000.0,-106100000.0,110000000.0,-74700000.0,1243000000.0,-1607400000.0,-1525400000.0,348000000.0,0.0,253900000.0,253900000.0,253900000.0,0.0,4900000.0,0.22,766800000.0,387400000.0,0,0.303,3.005,18.274,18.837,291500000,0.0,20.815,4.02,4.135,0,1110200000,1154200000.0,1154200000.0,0.0,,,,0.331,0.0,559700000.0,1.0,222908410,229296380,229296380.0,5.034,21608300000,0,128600000.0,0,94.237,
0,NTRS,ARQ,2021-06-30,2021-07-27,2021-06-30,2021-09-08,194700000,172291100000,,,,,56.741,-102900000.0,62880700000,62880700000,0.0,368100000.0,,13.573,10149000000,,,10149000000,0,128400000.0,146210200000,0.025,0.7,486500000.0,614900000.0,0.383,614900000.0,486500000.0,486500000.0,1.73,1.72,1.73,11823000000,,11823000000,-29345637901,-17.0,-13.036,-1338900000.0,-6.426,1.0,1607300000.0,1.0,709400000,0.0,118850000000,,0,96713700000,,,160468100000,,,23386062099,214900000.0,0.0,2100000.0,154900000.0,-145800000.0,8800700000.0,-7365300000.0,-7429200000.0,-1236000000.0,15500000.0,368100000.0,363400000.0,363400000.0,0.0,0.0,0.226,1120800000.0,486500000.0,0,0.405,1.978,18.909,19.053,496500000,4700000.0,112.22,3.754,3.754,0,12630900000,1607300000.0,1607300000.0,0.0,,,,,0.0,1053300000.0,1.0,208394779,208369188,209138090.0,7.714,171581700000,0,118400000.0,0,823.45,
1,NTRS,ARQ,2021-03-31,2021-04-27,2021-03-31,2021-09-08,65900000,163924100000,,,,,55.056,-105500000.0,56638700000,56638700000,0.0,375100000.0,,13.307,9959100000,,,9959100000,0,125400000.0,137457400000,0.025,0.7,495900000.0,621300000.0,0.385,621300000.0,495900000.0,495900000.0,1.71,1.7,1.71,11457900000,,11457900000,-23538568228,-14.0,-10.876,-37200000.0,-0.179,1.0,1613400000.0,1.0,704000000,0.0,116540500000,,0,95293300000,,,152466200000,,,23141031772,194900000.0,0.0,-126900000.0,1216100000.0,-145900000.0,-4905600000.0,5133700000.0,6143300000.0,68300000.0,-101500000.0,375100000.0,358900000.0,358900000.0,0.0,0.0,0.222,1117500000.0,495900000.0,0,0.409,2.02,19.58,19.748,496700000,16200000.0,111.18,3.817,3.817,0,12415600000,1613400000.0,1613400000.0,0.0,,,,,0.0,1045800000.0,1.0,208140239,208112824,208946448.0,7.753,163220100000,0,120800000.0,0,784.287,
2,NTRS,ARQ,2020-12-31,2021-02-23,2020-12-31,2021-09-08,428000000,170003900000,,,,,56.133,-170300000.0,64265700000,64265700000,0.0,240900000.0,,13.545,8901000000,,,8901000000,0,127800000.0,143878000000,0.029,0.7,373400000.0,501200000.0,0.329,501200000.0,373400000.0,373400000.0,1.13,1.12,1.13,11688300000,,11688300000,-35043632133,-22.0,-16.469,1306000000.0,6.272,1.0,1524400000.0,1.0,707200000,0.0,113932000000,,0,94971000000,,,158315600000,,,20321067867,-348000000.0,0.0,7500000.0,-4446500000.0,-145800000.0,14839600000.0,-16808500000.0,-16988700000.0,1476300000.0,144600000.0,240900000.0,236200000.0,236200000.0,0.0,0.0,0.155,1151000000.0,373400000.0,0,0.619,1.739,17.623,17.801,514900000,4700000.0,97.55,3.401,3.401,0,12207700000,1524400000.0,1524400000.0,0.0,,,,,0.0,1078900000.0,1.0,208314381,208224384,206207655.0,7.321,169296700000,0,132500000.0,0,813.049,
3,NTRS,ARQ,2020-09-30,2020-10-27,2020-09-30,2021-09-08,424500000,152082000000,,,,,55.64,-125700000.0,48269900000,48269900000,0.0,294500000.0,,12.134,13374500000,,,13374500000,0,123900000.0,122589100000,0.035,0.7,389900000.0,513800000.0,0.346,513800000.0,389900000.0,389900000.0,1.32,1.32,1.32,11579100000,,11579100000,-18100016497,-10.0,-8.152,-203600000.0,-0.978,1.0,1484600000.0,1.0,698000000,0.0,116488600000,,0,91848900000,,,140502900000,,,16795383503,275300000.0,0.0,-1400000.0,40600000.0,-145800000.0,-838300000.0,1176800000.0,1370000000.0,-77900000.0,14700000.0,294500000.0,278300000.0,278300000.0,0.0,0.0,0.187,1094700000.0,389900000.0,0,0.53,1.45,13.099,13.317,510000000,16200000.0,80.7,2.799,2.799,0,12118300000,1484600000.0,1484600000.0,0.0,,,,,0.0,967700000.0,1.0,208121233,208106190,208688494.0,7.134,151384000000,0,95400000.0,0,727.436,
4,NTRS,ARQ,2020-06-30,2020-07-28,2020-06-30,2021-09-08,370400000,151432900000,,,,,54.704,-132000000.0,51036100000,51036100000,0.0,313300000.0,,12.304,13374500000,,,13374500000,0,124800000.0,122054100000,0.036,0.7,403200000.0,528000000.0,0.367,528000000.0,403200000.0,403200000.0,1.47,1.46,1.47,11382200000,,11382200000,-21617658227,-12.0,-9.276,3051700000.0,14.667,1.0,1440100000.0,1.0,690600000,0.0,113080700000,,0,88751100000,,,140050700000,,,16043941773,-1371000000.0,0.0,1600000.0,-1134600000.0,-145900000.0,-11837400000.0,7209000000.0,6778600000.0,3183700000.0,73700000.0,313300000.0,308500000.0,308500000.0,0.0,0.0,0.214,1036900000.0,403200000.0,0,0.476,1.41,11.702,11.972,501000000,4800000.0,77.1,2.647,2.647,0,11988400000,1440100000.0,1440100000.0,0.0,,,,,0.0,951100000.0,1.0,208092630,208068635,208568357.0,6.921,150742300000,0,89900000.0,0,724.484,
5,NTRS,ARQ,2020-03-31,2020-04-27,2020-03-31,2021-09-08,45000000,161709200000,,,,,52.086,-132400000.0,56851800000,56851800000,0.0,360600000.0,,13.863,14502800000,,,14502800000,0,123800000.0,131491200000,0.034,0.7,461100000.0,584900000.0,0.383,584900000.0,461100000.0,461100000.0,1.56,1.55,1.56,10879700000,,10879700000,-25723561803,-13.0,-10.622,-2817700000.0,-13.489,1.0,1526700000.0,1.0,689300000,0.0,118670900000,,0,89758500000,,,150829500000,,,16625438197,1374000000.0,0.0,-288000000.0,2584100000.0,-147100000.0,25708000000.0,-21500300000.0,-19973000000.0,-2685300000.0,-148400000.0,360600000.0,330100000.0,330100000.0,0.0,0.0,0.216,1065600000.0,461100000.0,0,0.449,1.528,11.497,11.874,490200000,30500000.0,79.91,2.711,2.721,0,11828100000,1526700000.0,1526700000.0,0.0,,,,,0.0,1003800000.0,1.0,208052036,208881131,209816822.0,7.309,161019900000,0,100500000.0,0,770.869,
6,NTRS,ARQ,2019-12-31,2020-02-25,2019-12-31,2021-09-08,-194700000,136828400000,,,,,52.663,-245300000.0,43935100000,43935100000,0.0,371100000.0,,11.337,11786200000,,,11786200000,0,117300000.0,109120600000,0.029,0.7,476400000.0,593700000.0,0.383,593700000.0,476400000.0,476400000.0,1.71,1.71,1.71,11091000000,,11091000000,-13080160197,-7.0,-5.443,1391100000.0,6.605,1.0,1548700000.0,1.0,696800000,0.0,103982700000,,0,82466200000,,,125737400000,,,19068739803,-578400000.0,0.0,-240300000.0,-489400000.0,-148700000.0,10114800000.0,-12403400000.0,-12676400000.0,1636400000.0,73800000.0,371100000.0,365300000.0,365300000.0,0.0,0.0,0.236,1072300000.0,476400000.0,0,0.409,1.719,13.189,13.683,483300000,5800000.0,91.13,3.132,3.211,0,11656700000,1548700000.0,1548700000.0,0.0,,,,,0.0,984100000.0,1.0,209247666,210605147,207511499.0,7.354,136131600000,0,105300000.0,0,646.383,
7,NTRS,ARQ,2019-09-30,2019-10-28,2019-09-30,2021-09-08,-91000000,124355800000,,,,,50.715,-118000000.0,32035700000,32035700000,0.0,384600000.0,,10.502,12300700000,,,12300700000,0,115300000.0,97264200000,0.024,0.7,508600000.0,623900000.0,0.404,623900000.0,508600000.0,508600000.0,1.7,1.69,1.7,10811300000,,10811300000,1989222088,1.0,0.826,459100000.0,2.154,1.0,1544900000.0,1.0,687200000,0.0,103933600000,,0,81147800000,,,113544500000,,,21724222088,-310700000.0,-10500000.0,-296400000.0,-400000.0,-129100000.0,-2483500000.0,1667100000.0,2380800000.0,577100000.0,-71400000.0,384600000.0,367200000.0,367200000.0,0.0,0.0,0.238,1036300000.0,508600000.0,0,0.412,2.009,14.634,15.167,400500000,17400000.0,102.53,3.593,3.615,0,11441200000,1544900000.0,1544900000.0,0.0,,,,,0.0,944300000.0,1.0,211881616,213176809,214206576.0,7.247,123668600000,0,124000000.0,0,580.122,
8,NTRS,ARQ,2019-06-30,2019-07-30,2019-06-30,2021-09-08,-159800000,126550900000,,,,,49.993,-145500000.0,37755900000,37755900000,0.0,389400000.0,,10.712,12250400000,,,12250400000,0,112400000.0,100230400000,0.023,0.6,506900000.0,619300000.0,0.409,619300000.0,506900000.0,506900000.0,1.76,1.75,1.76,10805500000,,10805500000,-4211975979,-2.0,-1.77,-60700000.0,-0.281,1.0,1513100000.0,1.0,682000000,0.0,100363400000,,0,79091000000,,,115745400000,,,21293524021,274200000.0,0.0,-267600000.0,312500000.0,-131100000.0,4431000000.0,-4276300000.0,-3784600000.0,84800000.0,34700000.0,389400000.0,383500000.0,383500000.0,0.0,0.0,0.253,1006200000.0,506900000.0,0,0.341,1.971,14.441,14.901,407500000,5900000.0,99.09,3.558,3.578,0,11225500000,1513100000.0,1513100000.0,0.0,,,,,0.0,929300000.0,1.0,214890746,216139033,217169539.0,7.001,125868900000,0,117500000.0,0,582.352,
9,NTRS,ARQ,2019-03-31,2019-04-29,2019-03-31,2021-09-08,-345300000,121869400000,,,,,48.645,-91000000.0,32910100000,32910100000,0.0,347100000.0,,10.48,11868800000,,,11868800000,0,113900000.0,95844200000,0.022,0.6,452200000.0,566100000.0,0.382,566100000.0,452200000.0,452200000.0,1.49,1.48,1.49,10616200000,,10616200000,415081378,0.0,0.174,202700000.0,0.929,1.0,1480900000.0,1.0,683000000,0.0,100145100000,,0,79707600000,,,111253200000,,,21456381378,492500000.0,0.0,-251900000.0,-2229600000.0,-120800000.0,-11446400000.0,11607600000.0,11739400000.0,293700000.0,37600000.0,347100000.0,329800000.0,329800000.0,0.0,0.0,0.223,1028700000.0,452200000.0,0,0.403,2.021,14.542,14.98,411500000,17300000.0,98.57,3.59,3.599,0,10972900000,1480900000.0,1480900000.0,0.0,,,,,0.0,956000000.0,1.0,217676589,218236802,219270215.0,6.786,121186400000,0,105100000.0,0,555.298,
10,NTRS,ARQ,2018-12-31,2019-02-26,2018-12-31,2021-09-08,-453700000,132212500000,,,,,47.701,-177900000.0,40091200000,40091200000,0.0,409900000.0,,11.582,14065500000,,,14065500000,0,114000000.0,104496800000,0.021,0.55,485900000.0,599900000.0,0.398,599900000.0,485900000.0,485900000.0,1.81,1.8,1.81,10508300000,,10508300000,-5726509817,-3.0,-2.368,281200000.0,1.276,1.0,1507800000.0,1.0,669300000,0.0,105517500000,,0,83620500000,,,121704200000,,,20299190183,-491800000.0,-34200000.0,-231900000.0,314500000.0,-121800000.0,77800000.0,-1021100000.0,-480400000.0,459100000.0,-7600000.0,409900000.0,404000000.0,404000000.0,0.0,0.0,0.268,1021900000.0,485900000.0,0,0.304,1.932,13.443,13.913,428200000,5900000.0,92.94,3.398,3.471,0,10776800000,1507800000.0,1507800000.0,0.0,,,,,0.0,932700000.0,1.0,218411773,220297372,220297372.0,6.844,131543200000,0,76000000.0,0,597.117,
11,NTRS,ARQ,2018-09-30,2018-10-29,2018-09-30,2021-09-08,-526900000,132378500000,,,,,46.594,-130600000.0,42182700000,42182700000,0.0,374500000.0,,11.772,13706300000,,,13706300000,0,113700000.0,104891300000,0.02,0.55,481000000.0,594700000.0,0.401,594700000.0,481000000.0,481000000.0,1.59,1.58,1.59,10364500000,,10364500000,-8566315455,-4.0,-3.622,1323300000.0,5.949,1.0,1483300000.0,1.0,672700000,0.0,103229400000,,0,81812000000,,,122014000000,,,19910084545,185300000.0,0.0,-227900000.0,-1313900000.0,-94000000.0,-2939600000.0,1730700000.0,1343900000.0,1453900000.0,-59700000.0,374500000.0,357200000.0,357200000.0,0.0,0.0,0.241,1002300000.0,481000000.0,0,0.346,1.921,13.668,14.074,417200000,17300000.0,89.93,3.372,3.388,0,10496300000,1483300000.0,1483300000.0,0.0,,,,,0.0,905200000.0,1.0,221395358,222442797,222442797.0,6.668,131705800000,0,106500000.0,0,592.088,
12,NTRS,ARQ,2018-06-30,2018-07-30,2018-06-30,2021-09-08,-508100000,135106200000,,,,,46.196,-111700000.0,43899100000,43899100000,0.0,390400000.0,,12.044,15024200000,,,15024200000,0,117300000.0,106524900000,0.015,0.42,507200000.0,624500000.0,0.415,624500000.0,507200000.0,507200000.0,1.69,1.68,1.69,10357600000,,10357600000,-4311670722,-2.0,-1.882,220600000.0,0.984,1.0,1504600000.0,1.0,673500000,0.0,105557800000,,0,81756300000,,,124748600000,,,24563229278,-1193300000.0,-70000000.0,-187800000.0,3667900000.0,-94600000.0,6210800000.0,-7538700000.0,-5961300000.0,332300000.0,-197700000.0,390400000.0,384500000.0,384500000.0,0.0,0.0,0.256,997400000.0,507200000.0,0,0.249,2.372,17.792,18.304,428800000,5900000.0,110.01,4.255,4.272,0,10262500000,1504600000.0,1504600000.0,0.0,,,,,0.0,922100000.0,1.0,223281786,224207590,224207590.0,6.711,134432700000,0,116800000.0,0,599.59,
13,NTRS,ARQ,2018-03-31,2018-05-04,2018-03-31,2021-09-08,-505700000,129672200000,,,,,45.312,-85800000.0,41993600000,41993600000,0.0,381600000.0,,11.681,11374000000,,,11374000000,0,115900000.0,105191400000,0.016,0.42,483700000.0,599600000.0,0.405,599600000.0,483700000.0,483700000.0,1.59,1.58,1.59,10226000000,,10226000000,-7031512632,-4.0,-3.251,-563600000.0,-2.497,1.0,1479000000.0,1.0,611600000,0.0,98441000000,,0,80585000000,,,119446200000,,,23588087368,1563300000.0,0.0,-244100000.0,-981100000.0,-95000000.0,-9167200000.0,11156200000.0,10958400000.0,-477800000.0,52100000.0,381600000.0,364300000.0,364300000.0,0.0,0.0,0.246,995300000.0,483700000.0,0,0.264,2.307,18.749,19.272,442600000,17300000.0,104.84,4.214,4.227,0,9973800000,1479000000.0,1479000000.0,0.0,,,,,0.0,926300000.0,1.0,224991295,225681167,225681167.0,6.553,129060600000,0,102100000.0,0,571.871,
14,NTRS,ARQ,2017-12-31,2018-02-27,2017-12-31,2021-09-08,-414300000,138590500000,,,,,45.05,-120900000.0,51933400000,51933400000,0.0,356600000.0,,12.566,12395500000,,,12395500000,0,110500000.0,112390800000,0.015,0.42,435600000.0,546100000.0,0.38,546100000.0,435600000.0,435600000.0,1.52,1.51,1.52,10216200000,,10216200000,-15187501691,-9.0,-7.388,729800000.0,3.218,1.0,1437500000.0,1.0,605600000,0.0,98447000000,,0,79252600000,,,128374300000,,,24350398309,-744800000.0,-188500000.0,-145700000.0,253600000.0,-95600000.0,6436100000.0,-8055900000.0,-7336500000.0,850700000.0,24300000.0,356600000.0,350700000.0,350700000.0,0.0,0.0,0.244,1001900000.0,435600000.0,0,0.276,2.384,21.189,21.735,464600000,5900000.0,107.59,4.507,4.545,0,9685100000,1437500000.0,1437500000.0,0.0,,,,,0.0,909700000.0,1.0,226325851,226775244,226775244.0,6.339,137984900000,0,79000000.0,0,608.465,
15,NTRS,ARQ,2017-09-30,2017-10-26,2017-09-30,2021-09-08,-335100000,131400200000,,,,,44.582,-132500000.0,46678800000,46678800000,0.0,298400000.0,,11.926,12156400000,,,12156400000,0,104800000.0,105810600000,0.016,0.42,416600000.0,521400000.0,0.386,521400000.0,416600000.0,416600000.0,1.21,1.2,1.21,10165200000,,10165200000,-12799133853,-8.0,-6.414,424600000.0,1.862,1.0,1352200000.0,1.0,526500000,0.0,96351300000,,0,77842500000,,,121235000000,,,21723266147,-431900000.0,0.0,-112000000.0,4068700000.0,-87000000.0,4632500000.0,-5667700000.0,-5758600000.0,557100000.0,46200000.0,298400000.0,281100000.0,281100000.0,0.0,0.0,0.208,935600000.0,416600000.0,0,0.347,2.137,20.509,20.993,462500000,17300000.0,95.52,4.154,4.165,0,9431200000,1352200000.0,1352200000.0,0.0,,,,,0.0,843600000.0,1.0,227421128,228010866,228010866.0,5.93,130873700000,0,118200000.0,0,573.98,
16,NTRS,ARQ,2017-06-30,2017-07-27,2017-06-30,2021-09-08,-338900000,125605700000,,,,,43.927,-125200000.0,41696200000,41696200000,0.0,267900000.0,,11.476,8120400000,,,8120400000,0,105100000.0,104312100000,0.017,0.38,390800000.0,495900000.0,0.373,495900000.0,390800000.0,390800000.0,1.12,1.12,1.12,10067900000,,10067900000,-13546721009,-9.0,-6.984,-597300000.0,-2.606,1.0,1328200000.0,1.0,523100000,0.0,91506800000,,0,76761500000,,,115537800000,,,20029078991,1045600000.0,0.0,-124500000.0,138500000.0,-87300000.0,2891700000.0,-1324500000.0,-1112500000.0,-472100000.0,-49500000.0,267900000.0,262000000.0,262000000.0,0.0,0.0,0.197,937400000.0,390800000.0,0,0.339,1.989,19.449,19.788,463300000,5900000.0,87.66,3.932,3.944,0,9247500000,1328200000.0,1328200000.0,0.0,,,,,0.0,855100000.0,1.0,228485957,229196531,229196531.0,5.795,125082600000,0,122900000.0,0,545.744,
17,NTRS,ARQ,2017-03-31,2017-05-02,2017-03-31,2021-09-08,-352000000,121488700000,,,,,43.559,-94200000.0,37790300000,37790300000,0.0,276100000.0,,11.176,7975800000,,,7975800000,0,101300000.0,100529500000,0.017,0.38,390900000.0,492200000.0,0.383,492200000.0,390900000.0,390900000.0,1.1,1.09,1.1,9977700000,,9977700000,-9239007251,-6.0,-4.779,690500000.0,3.015,1.0,1285400000.0,1.0,519300000,0.0,91154900000,,0,77247200000,,,111511000000,,,20575492749,-682800000.0,0.0,-32900000.0,-910100000.0,-86900000.0,-2707600000.0,1026500000.0,1414100000.0,784700000.0,213600000.0,276100000.0,255400000.0,255400000.0,0.0,0.0,0.199,894500000.0,390900000.0,0,0.345,2.062,20.119,20.322,459900000,20700000.0,89.62,4.046,4.037,0,9074400000,1285400000.0,1285400000.0,0.0,,,,,0.0,829400000.0,1.0,229585949,229059540,229059540.0,5.612,120969400000,0,114800000.0,0,528.113,
18,NTRS,ARQ,2016-12-31,2017-02-28,2016-12-31,2021-09-08,-370000000,123926900000,,,,,42.921,-165000000.0,38781100000,38781100000,0.0,266500000.0,,11.684,8892900000,,,8892900000,0,96600000.0,101651700000,0.017,0.0,389500000.0,486100000.0,0.385,486100000.0,389500000.0,389500000.0,1.12,1.11,1.12,9770400000,,9770400000,-9903222207,-7.0,-5.239,673500000.0,2.959,1.0,1263400000.0,1.0,519400000,0.0,93519300000,,0,78162300000,,,114156500000,,,19984977793,439300000.0,0.0,106800000.0,1111100000.0,-86100000.0,4715400000.0,-4939400000.0,-4976000000.0,838500000.0,-175200000.0,266500000.0,260700000.0,260700000.0,0.0,0.0,0.206,873900000.0,389500000.0,0,0.0,2.045,19.805,20.08,466600000,5800000.0,87.35,4.007,3.986,0,8908400000,1263400000.0,1263400000.0,0.0,,,,,0.0,796300000.0,1.0,228791961,227638682,227638682.0,5.55,123407500000,0,123000000.0,0,542.12,
19,NTRS,ARQ,2016-09-30,2016-10-26,2016-09-30,2021-09-08,-259700000,120085000000,,,,,42.287,-122600000.0,35023200000,35023200000,0.0,257600000.0,,11.535,7857400000,,,7857400000,0,91800000.0,99471300000,0.02,0.38,373700000.0,465500000.0,0.383,465500000.0,373700000.0,373700000.0,1.09,1.08,1.09,9579800000,,9579800000,-10985033308,-7.0,-5.957,1062000000.0,4.688,1.0,1216700000.0,1.0,524400000,0.0,92394800000,,0,77922400000,,,110505200000,,,16180766692,-419400000.0,0.0,-29700000.0,-2230700000.0,-81800000.0,-1307300000.0,-322300000.0,-1016000000.0,1184600000.0,25600000.0,257600000.0,251700000.0,251700000.0,0.0,0.0,0.207,843000000.0,373700000.0,0,0.349,1.689,16.58,17.014,438800000,5900000.0,71.46,3.302,3.304,0,8736100000,1216700000.0,1216700000.0,0.0,,,,,0.0,771600000.0,1.0,226431104,226540086,226540086.0,5.371,119560600000,0,116100000.0,0,527.768,
20,NTRS,ARQ,2016-06-30,2016-07-27,2016-06-30,2021-09-08,-239600000,121509600000,,,,,39.341,-108800000.0,37202300000,37202300000,0.0,260700000.0,,12.574,10101500000,,,10101500000,0,94600000.0,99086900000,0.021,0.36,394700000.0,489300000.0,0.371,489300000.0,394700000.0,394700000.0,1.1,1.09,1.1,8951500000,,8951500000,-11583853730,-8.0,-6.386,-322800000.0,-1.419,1.0,1319700000.0,1.0,527800000,0.0,93881000000,,0,75371200000,,,112558100000,,,15516946270,-1666800000.0,-16900000.0,-119400000.0,2123000000.0,-82300000.0,4125400000.0,-5583600000.0,-5216700000.0,-214000000.0,5400000.0,260700000.0,254900000.0,254900000.0,0.0,0.0,0.193,925000000.0,394700000.0,0,0.327,1.733,16.282,16.784,434000000,5800000.0,68.48,3.2,3.214,0,8566300000,1319700000.0,1319700000.0,0.0,,,,,0.0,784000000.0,1.0,226590921,227535701,227535701.0,5.8,120981800000,0,134000000.0,0,531.705,
21,NTRS,ARQ,2016-03-31,2016-04-28,2016-03-31,2021-09-08,-283900000,117798800000,,,,,38.635,-77000000.0,22305700000,22305700000,0.0,241800000.0,,12.337,7959800000,,,7959800000,0,90300000.0,97659600000,0.02,0.36,359200000.0,449500000.0,0.378,449500000.0,359200000.0,359200000.0,1.01,1.01,1.01,8832800000,,8832800000,1992903416,1.0,1.09,-376100000.0,-1.645,1.0,1188000000.0,1.0,523600000,0.0,102929300000,,0,87564600000,,,108966000000,,,16338803416,560400000.0,0.0,-135000000.0,-156200000.0,-82800000.0,3400000.0,653200000.0,175400000.0,-299100000.0,202900000.0,241800000.0,235900000.0,235900000.0,0.0,0.0,0.199,828800000.0,359200000.0,0,0.356,1.85,16.993,17.509,437800000,5900000.0,71.61,3.408,3.415,0,8394800000,1188000000.0,1188000000.0,0.0,,,,,0.0,754400000.0,1.0,228163712,228619089,228619089.0,5.196,117275200000,0,117400000.0,0,512.972,
22,NTRS,ARQ,2015-12-31,2016-02-29,2015-12-31,2021-09-08,-372700000,116749600000,,,,,37.791,-149200000.0,22201900000,22201900000,0.0,239300000.0,,12.41,8099200000,,,8099200000,0,89500000.0,96868900000,0.024,0.36,350400000.0,439900000.0,0.374,439900000.0,350400000.0,350400000.0,1.0,0.99,1.0,8705900000,,8705900000,-505620520,0.0,-0.278,1201400000.0,5.215,1.0,1175200000.0,1.0,526400000,0.0,102120500000,,0,86953000000,,,108043700000,,,13597079480,1958700000.0,0.0,-146700000.0,35300000.0,-83600000.0,-3035300000.0,3609900000.0,4394200000.0,1350600000.0,33500000.0,239300000.0,233400000.0,233400000.0,0.0,0.0,0.199,824800000.0,350400000.0,0,0.36,1.562,14.307,14.734,446900000,5900000.0,59.38,2.865,2.906,0,8242800000,1175200000.0,1175200000.0,0.0,,,,,0.0,750300000.0,1.0,228984161,230370121,230370121.0,5.101,116223200000,0,111100000.0,0,504.506,
23,NTRS,ARQ,2015-09-30,2015-10-28,2015-09-30,2021-09-08,-273700000,119995200000,,,,,37.826,-92900000.0,19676500000,19676500000,0.0,234600000.0,,12.66,8077500000,,,8077500000,0,82100000.0,99935900000,0.019,0.36,353200000.0,435300000.0,0.373,435300000.0,353200000.0,353200000.0,0.97,0.96,0.97,8784500000,,8784500000,4919378518,3.0,2.721,-1136300000.0,-4.893,1.0,1165500000.0,1.0,529700000,0.0,107866500000,,0,92326900000,,,111210700000,,,16518378518,-2667000000.0,0.0,-128100000.0,1246700000.0,-83700000.0,1339500000.0,-2849900000.0,-2451100000.0,-1043400000.0,-113200000.0,234600000.0,228800000.0,228800000.0,0.0,0.0,0.196,812300000.0,353200000.0,0,0.371,1.88,17.36,17.815,427700000,5800000.0,71.44,3.516,3.532,0,8093700000,1165500000.0,1165500000.0,0.0,,,,,0.0,747000000.0,1.0,231220304,232231720,232231720.0,5.019,119465500000,0,118600000.0,0,514.424,
24,NTRS,ARQ,2015-06-30,2015-07-29,2015-06-30,2021-09-08,-273700000,119942900000,,,,,37.527,-97500000.0,23823200000,23823200000,0.0,269200000.0,,12.709,6840800000,,,6840800000,0,91600000.0,100687900000,0.018,0.36,411400000.0,503000000.0,0.397,503000000.0,411400000.0,411400000.0,1.11,1.1,1.11,8749300000,,8749300000,889053398,1.0,0.506,938900000.0,4.027,1.0,1265900000.0,1.0,534300000,0.0,102426200000,,0,89012800000,,,111193600000,,,17871453398,3078100000.0,0.0,-53100000.0,-160100000.0,-77100000.0,12421200000.0,-10466600000.0,-10748100000.0,1036400000.0,87100000.0,269200000.0,263400000.0,263400000.0,0.0,0.0,0.208,854500000.0,411400000.0,0,0.324,2.043,19.275,19.73,436500000,5800000.0,76.75,3.876,3.881,0,7949800000,1265900000.0,1265900000.0,0.0,,,,,0.0,739700000.0,1.0,232852813,233149020,233149020.0,5.43,119408600000,0,142200000.0,0,512.156,
25,NTRS,ARQ,2015-03-31,2015-04-28,2015-03-31,2021-09-08,-266400000,106952000000,,,,,36.882,-93900000.0,20621000000,20621000000,0.0,230700000.0,,11.425,7071400000,,,7071400000,0,88400000.0,86736500000,0.018,0.33,350000000.0,438400000.0,0.385,438400000.0,350000000.0,350000000.0,0.95,0.94,0.95,8607600000,,8607600000,3612320372,3.0,2.242,396900000.0,1.701,1.0,1139000000.0,1.0,527300000,0.0,92875100000,,0,77778300000,,,98344400000,,,17161920372,1024200000.0,0.0,-75000000.0,40000000.0,-77000000.0,-2191300000.0,2805900000.0,3155700000.0,490800000.0,-81200000.0,230700000.0,224800000.0,224800000.0,0.0,0.0,0.197,789000000.0,350000000.0,0,0.347,1.994,20.293,20.774,442400000,5900000.0,73.54,3.877,3.877,0,7771700000,1139000000.0,1139000000.0,0.0,,,,,0.0,715600000.0,1.0,233368512,233381168,233381168.0,4.88,106424700000,0,119300000.0,0,456.012,
26,NTRS,ARQ,2014-12-31,2015-02-26,2014-12-31,2021-09-08,-319700000,109946500000,,,,,36.043,-123300000.0,19041600000,19041600000,0.0,244000000.0,,12.013,6892500000,,,6892500000,0,85100000.0,90757000000,0.019,0.33,345800000.0,430900000.0,0.382,430900000.0,345800000.0,345800000.0,0.98,0.98,0.98,8448900000,,8448900000,4236996887,4.0,2.777,-460800000.0,-1.966,1.0,1127100000.0,1.0,533200000,0.0,97264200000,,0,82493500000,,,101497600000,,,16386096887,131700000.0,0.0,-160000000.0,-34200000.0,-77500000.0,-417400000.0,853500000.0,1135200000.0,-337500000.0,33100000.0,244000000.0,234500000.0,234500000.0,0.0,0.0,0.208,781300000.0,345800000.0,0,0.337,1.939,20.424,21.012,444300000,9500000.0,70.18,3.789,3.827,0,7625400000,1127100000.0,1127100000.0,0.0,,,,,0.0,710200000.0,1.0,233486704,234413793,234413793.0,4.808,109413300000,0,101800000.0,0,466.753,
27,NTRS,ARQ,2014-09-30,2014-10-31,2014-09-30,2021-09-08,-218400000,111153700000,,,,,36.243,-94200000.0,19263400000,19263400000,0.0,204500000.0,,12.012,6784300000,,,6784300000,0,81200000.0,91722500000,0.019,0.33,304200000.0,385400000.0,0.357,385400000.0,304200000.0,304200000.0,0.85,0.84,0.85,8542600000,,8542600000,3134882030,3.0,2.205,-360700000.0,-1.53,1.0,1078900000.0,1.0,538100000,0.0,98136500000,,0,84087200000,,,102611100000,,,15613982030,-1026300000.0,0.0,-24700000.0,1407000000.0,-75500000.0,5276100000.0,-5981300000.0,-6169100000.0,-266500000.0,-54600000.0,204500000.0,204500000.0,204500000.0,0.0,0.0,0.19,774700000.0,304200000.0,0,0.388,1.828,21.172,21.667,436600000,0.0,66.3,3.684,3.687,0,7469400000,1078900000.0,1078900000.0,0.0,,,,,0.0,705300000.0,1.0,235505008,235701076,235701076.0,4.577,110615600000,0,99700000.0,0,469.305,
28,NTRS,ARQ,2014-06-30,2014-07-28,2014-06-30,2021-09-08,-205200000,105761200000,,,,,34.077,-103600000.0,34923000000,34923000000,0.0,181900000.0,,12.15,5467200000,,,5467200000,0,85900000.0,88862500000,0.019,0.33,270700000.0,356600000.0,0.33,356600000.0,270700000.0,270700000.0,0.76,0.75,0.76,8042600000,,8042600000,-13629200305,-13.0,-9.605,897900000.0,3.804,1.0,1081700000.0,1.0,544600000,0.0,75760800000,,0,64385100000,,,97718600000,,,15826599695,268900000.0,0.0,-59500000.0,-1104100000.0,-74900000.0,1426900000.0,-2262500000.0,-2156300000.0,1001500000.0,103000000.0,181900000.0,181900000.0,181900000.0,0.0,0.0,0.168,811000000.0,270700000.0,0,0.434,1.968,21.402,21.954,441900000,0.0,67.18,3.767,3.774,0,7344100000,1081700000.0,1081700000.0,0.0,,,,,0.0,748800000.0,1.0,235584991,236012703,236012703.0,4.583,105216600000,0,88800000.0,0,445.809,
29,NTRS,ARQ,2014-03-31,2014-04-28,2014-03-31,2021-09-08,-236100000,103832600000,,,,,33.508,-88400000.0,33553100000,33553100000,0.0,181400000.0,,12.063,6408100000,,,6408100000,0,83500000.0,86267700000,0.021,0.31,269500000.0,353000000.0,0.34,353000000.0,269500000.0,269500000.0,0.75,0.75,0.75,7948300000,,7948300000,-13145320182,-12.0,-9.204,450100000.0,1.897,1.0,1037500000.0,1.0,541600000,0.0,76146000000,,0,63135400000,,,95884300000,,,13999679818,513900000.0,0.0,-109000000.0,-1137400000.0,-75000000.0,788100000.0,-822100000.0,-231200000.0,538500000.0,9400000.0,181400000.0,181400000.0,181400000.0,0.0,0.0,0.175,768000000.0,269500000.0,0,0.413,1.761,18.699,19.221,449400000,0.0,59.2,3.385,3.396,0,7241400000,1037500000.0,1037500000.0,0.0,,,,,0.0,698600000.0,1.0,236481078,237208151,237208151.0,4.374,103291000000,0,88100000.0,0,435.445,
30,NTRS,ARQ,2013-12-31,2014-02-26,2013-12-31,2021-09-08,-244300000,102947300000,,,,,33.213,-176100000.0,36000900000,36000900000,0.0,169700000.0,,12.012,7423900000,,,7423900000,0,81000000.0,84098100000,0.02,0.31,245700000.0,326700000.0,0.314,326700000.0,245700000.0,245700000.0,0.7,0.7,0.7,7912000000,,7912000000,-13930241921,-13.0,-9.993,-297700000.0,-1.25,1.0,1040200000.0,1.0,540700000,0.0,73829600000,,0,59827700000,,,95035300000,,,14646758079,471700000.0,0.0,-110800000.0,985000000.0,-74300000.0,6814100000.0,-6193300000.0,-7052500000.0,-121600000.0,-27500000.0,169700000.0,169700000.0,169700000.0,0.0,0.0,0.163,794500000.0,245700000.0,0,0.443,1.851,20.028,20.505,458800000,0.0,61.72,3.599,3.629,0,7134800000,1040200000.0,1040200000.0,0.0,,,,,0.0,695800000.0,1.0,237309755,238216648,238216648.0,4.367,102406600000,0,76000000.0,0,429.889,
31,NTRS,ARQ,2013-09-30,2013-10-25,2013-09-30,2021-09-08,-337900000,95969500000,,,,,32.581,-46400000.0,29062000000,29062000000,0.0,206500000.0,,11.277,6594400000,,,6594400000,0,81200000.0,78161700000,0.022,0.31,301500000.0,382700000.0,0.367,382700000.0,301500000.0,301500000.0,0.85,0.84,0.85,7817100000,,7817100000,-8988911311,-9.0,-6.588,2196200000.0,9.154,1.0,1042200000.0,1.0,537700000,0.0,72964200000,,0,59342400000,,,88152400000,,,13478688689,-1940200000.0,0.0,-71300000.0,-2015500000.0,-74500000.0,-1989300000.0,-2201100000.0,-1111700000.0,2242600000.0,7600000.0,206500000.0,206500000.0,206500000.0,0.0,0.0,0.198,740700000.0,301500000.0,0,0.365,1.724,18.482,18.8,444300000,0.0,56.4,3.375,3.388,0,7040100000,1042200000.0,1042200000.0,0.0,,,,,0.0,672800000.0,1.0,238983842,239930074,239930074.0,4.344,95431800000,0,95000000.0,0,397.748,
32,NTRS,ARQ,2013-06-30,2013-08-02,2013-06-30,2021-09-08,-350700000,97236000000,,,,,32.221,-90100000.0,29766300000,29766300000,0.0,191100000.0,,11.588,8666500000,,,8666500000,0,80000000.0,76534900000,0.02,0.31,285800000.0,365800000.0,0.36,365800000.0,285800000.0,285800000.0,0.78,0.78,0.78,7724600000,,7724600000,-6881251046,-7.0,-5.22,-1684300000.0,-7.026,1.0,1015500000.0,1.0,530400000,0.0,75605800000,,0,58773600000,,,89511400000,,,14218548954,857400000.0,0.0,41700000.0,1450300000.0,-70700000.0,-5104100000.0,-1727800000.0,-1183700000.0,-1594200000.0,-51700000.0,191100000.0,191100000.0,191100000.0,0.0,0.0,0.188,729700000.0,285800000.0,0,0.397,1.841,20.266,20.559,454500000,0.0,59.21,3.633,3.627,0,6909200000,1015500000.0,1015500000.0,0.0,,,,,0.0,662900000.0,1.0,240137628,239738592,239738592.0,4.236,96705600000,0,94700000.0,0,403.379,
33,NTRS,ARQ,2013-03-31,2013-04-30,2013-03-31,2021-09-08,-284100000,93156800000,,,,,31.827,-72300000.0,28548400000,28548400000,0.0,164000000.0,,11.238,7123500000,,,7123500000,0,76300000.0,75822100000,0.022,0.3,242500000.0,318800000.0,0.328,318800000.0,242500000.0,242500000.0,0.68,0.67,0.68,7612100000,,7612100000,-8525088043,-9.0,-6.598,240200000.0,1.004,1.0,971400000.0,1.0,529500000,0.0,71202400000,,0,58679300000,,,85544700000,,,12899811957,20800000.0,0.0,-23100000.0,1187000000.0,-1100000.0,4667600000.0,4438900000.0,3249500000.0,312500000.0,-63000000.0,164000000.0,164000000.0,164000000.0,0.0,0.0,0.169,728900000.0,242500000.0,0,0.441,1.695,18.693,19.053,457200000,0.0,53.92,3.323,3.322,0,6793800000,971400000.0,971400000.0,0.0,,,,,0.0,648100000.0,1.0,239239836,239167559,239167559.0,4.062,92627300000,0,78500000.0,0,387.29,
34,NTRS,ARQ,2012-12-31,2013-02-26,2012-12-31,2021-09-08,-283000000,97463800000,,,,,31.435,-135200000.0,30236700000,30236700000,0.0,167700000.0,,11.949,5951800000,,,5951800000,0,74000000.0,81407800000,0.022,0.3,223200000.0,297200000.0,0.308,297200000.0,223200000.0,223200000.0,0.69,0.69,0.69,7527000000,,7527000000,-11733925841,-12.0,-9.155,-112000000.0,-0.468,1.0,964700000.0,1.0,537800000,0.0,72641100000,,0,60240100000,,,89936800000,,,12550974159,356000000.0,0.0,-34000000.0,254700000.0,-144800000.0,3978600000.0,-3705300000.0,-2475800000.0,23200000.0,59500000.0,167700000.0,167700000.0,167700000.0,0.0,0.0,0.174,741500000.0,223200000.0,0,0.435,1.667,18.261,18.61,469900000,0.0,52.48,3.242,3.259,0,6702700000,964700000.0,964700000.0,0.0,,,,,0.0,657600000.0,1.0,239157282,239448811,239448811.0,4.029,96926000000,0,55500000.0,0,404.788,
35,NTRS,ARQ,2012-09-30,2012-10-26,2012-09-30,2021-09-08,-215900000,93632500000,,,,,31.353,-62700000.0,29548400000,29548400000,0.0,178800000.0,,11.431,5714700000,,,5714700000,0,70400000.0,76931600000,0.025,0.3,266100000.0,336500000.0,0.35,336500000.0,266100000.0,266100000.0,0.73,0.73,0.73,7532200000,,7532200000,-12522375085,-13.0,-10.227,189200000.0,0.788,1.0,962500000.0,1.0,538000000,0.0,69260800000,,0,58433400000,,,86100300000,,,11311324915,-197600000.0,0.0,-23600000.0,-1585700000.0,-73400000.0,-1173500000.0,724000000.0,1124200000.0,251900000.0,0.0,178800000.0,178800000.0,178800000.0,0.0,0.0,0.186,696400000.0,266100000.0,0,0.411,1.502,17.407,17.8,453700000,0.0,47.17,2.938,2.944,0,6607900000,962500000.0,962500000.0,0.0,,,,,0.0,633400000.0,1.0,239799129,240237014,240237014.0,4.006,93094500000,0,87300000.0,0,387.511,
36,NTRS,ARQ,2012-06-30,2012-07-27,2012-06-30,2021-09-08,-274100000,94455900000,,,,,30.678,-57300000.0,30492700000,30492700000,0.0,179600000.0,,11.781,7309400000,,,7309400000,0,73400000.0,76995900000,0.025,0.3,266200000.0,339600000.0,0.345,339600000.0,266200000.0,266200000.0,0.73,0.73,0.73,7390300000,,7390300000,-12059402995,-13.0,-9.995,-275600000.0,-1.144,1.0,983500000.0,1.0,533200000,0.0,70739400000,,0,58493100000,,,87065600000,,,11123897005,-686000000.0,0.0,-14200000.0,-70900000.0,-68600000.0,2909300000.0,-3294200000.0,-3487000000.0,-218300000.0,-82800000.0,179600000.0,179600000.0,179600000.0,0.0,0.0,0.183,717300000.0,266200000.0,0,0.411,1.505,17.343,17.653,462000000,0.0,46.25,2.896,2.901,0,6502200000,983500000.0,983500000.0,0.0,,,,,0.0,654400000.0,1.0,240516692,240900839,240900839.0,4.083,93922700000,0,86600000.0,0,389.881,
37,NTRS,ARQ,2012-03-31,2012-04-30,2012-03-31,2021-09-08,-276300000,91604300000,,,,,29.961,-57300000.0,25670500000,25670500000,0.0,161200000.0,,11.682,7545900000,,,7545900000,0,71600000.0,73933000000,0.024,0.28,236800000.0,308400000.0,0.321,308400000.0,236800000.0,236800000.0,0.66,0.66,0.66,7223200000,,7223200000,-6655526356,-7.0,-5.719,700300000.0,2.905,1.0,960400000.0,1.0,536500000,0.0,72943200000,,0,60486600000,,,84381100000,,,11469073644,-35000000.0,0.0,16200000.0,8600000.0,-67500000.0,-8787300000.0,7903100000.0,8210700000.0,757600000.0,91600000.0,161200000.0,161200000.0,161200000.0,0.0,0.0,0.168,723600000.0,236800000.0,0,0.424,1.588,18.685,18.948,481200000,0.0,47.56,3.024,3.024,0,6323500000,960400000.0,960400000.0,0.0,,,,,0.0,650500000.0,1.0,241149572,241090093,241090093.0,3.984,91067800000,0,75600000.0,0,377.733,
38,NTRS,ARQ,2011-12-31,2012-02-24,2011-12-31,2021-09-08,-345600000,100223700000,,,,,29.53,-96200000.0,34581600000,34581600000,0.0,130200000.0,,13.082,7482500000,,,7482500000,0,68500000.0,82677500000,0.026,0.28,171400000.0,239900000.0,0.254,239900000.0,171400000.0,171400000.0,0.53,0.54,0.53,7117300000,,7117300000,-16523797153,-19.0,-14.384,1295100000.0,5.374,1.0,943100000.0,1.0,532000000,0.0,72592600000,,0,59768800000,,,93106400000,,,10575302847,-21300000.0,0.0,15600000.0,1044500000.0,-68200000.0,5155400000.0,-6472100000.0,-6769500000.0,1391300000.0,-95900000.0,130200000.0,130200000.0,130200000.0,0.0,0.0,0.138,771700000.0,171400000.0,0,0.528,1.486,17.52,17.757,494500000,0.0,43.86,2.847,2.85,0,6302300000,943100000.0,943100000.0,0.0,,,,,0.0,710500000.0,1.0,241114976,241015861,241015861.0,3.913,99691700000,0,41200000.0,0,413.631,
39,NTRS,ARQ,2011-09-30,2011-10-28,2011-09-30,2021-09-08,-232500000,96098200000,,,,,29.681,-177200000.0,30000800000,30000800000,0.0,170400000.0,,12.435,6442400000,,,6442400000,0,65800000.0,78514000000,0.027,0.28,252800000.0,318600000.0,0.334,318600000.0,252800000.0,252800000.0,0.7,0.7,0.7,7152800000,,7152800000,-13431714170,-14.0,-11.284,-877400000.0,-3.641,1.0,954000000.0,1.0,534100000,0.0,72005700000,,0,57667900000,,,88945400000,,,10126685830,-762500000.0,-101600000.0,14800000.0,-3021100000.0,-68400000.0,-2061600000.0,2215900000.0,1714400000.0,-700200000.0,-216600000.0,170400000.0,170400000.0,170400000.0,0.0,0.0,0.179,701200000.0,252800000.0,0,0.4,1.416,16.061,16.287,492100000,0.0,42.02,2.791,2.791,0,6240300000,954000000.0,954000000.0,0.0,,,,,0.0,639200000.0,1.0,240996807,240991491,240991491.0,3.959,95564100000,0,82400000.0,0,396.546,
40,NTRS,ARQ,2011-06-30,2011-07-29,2011-06-30,2021-09-08,-243300000,97398300000,,,,,29.093,-19800000.0,36933300000,36933300000,0.0,152000000.0,,12.864,9462300000,,,9462300000,0,67300000.0,77500900000,0.025,0.28,229500000.0,296800000.0,0.318,296800000.0,229500000.0,229500000.0,0.62,0.62,0.62,7025400000,,7025400000,-16649237715,-18.0,-14.195,470500000.0,1.948,1.0,934800000.0,1.0,434900000,0.0,69492400000,,0,53280900000,,,90372900000,,,10821762285,1506300000.0,-71000000.0,-24000000.0,-2308300000.0,-68500000.0,4025200000.0,-3126500000.0,-2460800000.0,490300000.0,117300000.0,152000000.0,152000000.0,152000000.0,0.0,0.0,0.163,705300000.0,229500000.0,0,0.452,1.54,17.576,17.819,495700000,0.0,44.905,3.063,3.069,0,6138300000,934800000.0,934800000.0,0.0,,,,,0.0,648600000.0,1.0,240992368,241484195,241484195.0,3.871,96963400000,0,77500000.0,0,401.531,
41,NTRS,ARQ,2011-03-31,2011-04-29,2011-03-31,2021-09-08,-279600000,92679200000,,,,,28.614,-77900000.0,35655000000,35655000000,0.0,151000000.0,,12.377,12003600000,,,12003600000,0,63500000.0,71075400000,0.022,0.28,230000000.0,293500000.0,0.332,293500000.0,230000000.0,230000000.0,0.62,0.61,0.62,6928200000,,6928200000,-11563661331,-12.0,-9.36,-5000000.0,-0.021,1.0,882900000.0,1.0,405800000,0.0,68622000000,,0,50363400000,,,85751000000,,,12087738669,774800000.0,0.0,-9800000.0,1883800000.0,-68600000.0,8684600000.0,-8005700000.0,-7414600000.0,72900000.0,23000000.0,151000000.0,151000000.0,151000000.0,0.0,0.0,0.171,652900000.0,230000000.0,0,0.452,1.745,18.224,18.379,494700000,0.0,49.99,3.441,3.446,0,6054500000,882900000.0,882900000.0,0.0,,,,,0.0,588800000.0,1.0,241803134,242126162,242126162.0,3.646,92273400000,0,79000000.0,0,381.096,
42,NTRS,ARQ,2010-12-31,2011-02-25,2010-12-31,2021-09-08,-305300000,83843900000,,,,,28.199,-99800000.0,29254000000,29254000000,0.0,157100000.0,,11.275,9896100000,,,9896100000,0,67000000.0,64195700000,0.021,0.28,214400000.0,281400000.0,0.329,281400000.0,214400000.0,214400000.0,0.64,0.64,0.64,6830300000,,6830300000,-6717861088,-7.0,-5.421,-229000000.0,-0.945,1.0,856100000.0,1.0,400900000,0.0,64085100000,,0,49413900000,,,77013600000,,,12640038912,-671500000.0,0.0,13600000.0,-2233500000.0,-68600000.0,3461400000.0,-4072400000.0,-5252800000.0,-129200000.0,68700000.0,157100000.0,157100000.0,157100000.0,0.0,0.0,0.184,641700000.0,214400000.0,0,0.438,1.851,18.88,19.055,504500000,0.0,52.21,3.624,3.623,0,5972100000,856100000.0,856100000.0,0.0,,,,,1100000.0,585700000.0,1.0,242099960,242216267,242216267.0,3.534,83443000000,0,57300000.0,0,344.498,
43,NTRS,ARQ,2010-09-30,2010-10-27,2010-09-30,2021-09-08,-266100000,80723400000,,,,,27.955,-75300000.0,26358800000,26358800000,0.0,155600000.0,,10.926,12131900000,,,12131900000,0,63800000.0,58445800000,0.022,0.28,237400000.0,301200000.0,0.35,301200000.0,237400000.0,237400000.0,0.64,0.64,0.64,6768700000,,6768700000,-2042121369,-2.0,-1.567,76700000.0,0.317,1.0,859500000.0,1.0,399700000,0.0,66096800000,,0,48593900000,,,73954700000,,,12184778631,-34700000.0,0.0,41900000.0,41900000.0,-69100000.0,152800000.0,-477100000.0,2831800000.0,152000000.0,137600000.0,155600000.0,155600000.0,155600000.0,0.0,0.0,0.181,622100000.0,237400000.0,0,0.438,1.8,17.097,17.112,532400000,0.0,50.31,3.45,3.449,0,5883800000,859500000.0,859500000.0,0.0,,,,,-100000.0,559200000.0,1.0,242193970,242124461,242124461.0,3.55,80323700000,0,81800000.0,0,331.745,
44,NTRS,ARQ,2010-06-30,2010-07-30,2010-06-30,2021-09-08,-315300000,80048900000,,,,,27.349,-55600000.0,26850600000,26850600000,0.0,199600000.0,,11.093,12082400000,,,12082400000,0,59500000.0,57952100000,0.024,0.28,299800000.0,359300000.0,0.393,359300000.0,299800000.0,299800000.0,0.82,0.82,0.82,6619600000,,6619600000,-3392350583,-3.0,-2.563,677000000.0,2.797,1.0,914200000.0,1.0,393000000,0.0,64887700000,,0,48224900000,,,73429300000,,,11375849417,872500000.0,0.0,9000000.0,2196600000.0,-67800000.0,2896800000.0,-2724500000.0,-2384500000.0,732600000.0,-32400000.0,199600000.0,199600000.0,199600000.0,0.0,0.0,0.218,614400000.0,299800000.0,0,0.341,1.719,15.27,15.306,529500000,0.0,46.99,3.222,3.222,0,5796600000,914200000.0,914200000.0,0.0,,,,,-800000.0,563300000.0,1.0,242090858,242045799,242045799.0,3.777,79655900000,0,100200000.0,0,329.094,
45,NTRS,ARQ,2010-03-31,2010-04-30,2010-03-31,2021-09-08,-332500000,76318600000,,,,,26.671,-80400000.0,25634200000,25634200000,0.0,157200000.0,,10.838,9852200000,,,9852200000,0,59200000.0,57435200000,0.02,0.28,238200000.0,297400000.0,0.347,297400000.0,238200000.0,238200000.0,0.65,0.64,0.65,6447100000,,6447100000,-2485106793,-2.0,-1.765,-45600000.0,-0.189,1.0,857900000.0,1.0,394000000,0.0,60142600000,,0,45838600000,,,69871500000,,,13296893207,159900000.0,0.0,200000.0,-4567000000.0,-67700000.0,-5365900000.0,5506000000.0,5180000000.0,34800000.0,-15000000.0,157200000.0,157200000.0,157200000.0,0.0,0.0,0.183,619700000.0,238200000.0,0,0.431,2.062,17.235,17.181,540500000,0.0,54.98,3.703,3.701,0,5665000000,857900000.0,857900000.0,0.0,,,,,-200000.0,552700000.0,1.0,241849640,241724178,241724178.0,3.549,75924600000,0,81000000.0,0,314.096,
46,NTRS,ARQ,2009-12-31,2010-02-26,2009-12-31,2021-09-08,-361600000,82141500000,,,,,26.124,-70600000.0,30620000000,30620000000,0.0,200300000.0,,12.013,14432000000,,,14432000000,0,66600000.0,58281300000,0.021,0.28,279100000.0,345700000.0,0.384,345700000.0,279100000.0,279100000.0,0.83,0.82,0.83,6312100000,,6312100000,-3302237236,-3.0,-2.379,251600000.0,1.041,1.0,900400000.0,1.0,401600000,0.0,65551900000,,0,46439100000,,,75829400000,,,12885762764,-394100000.0,0.0,2200000.0,1380300000.0,-67600000.0,3980600000.0,-4699400000.0,-5490400000.0,322200000.0,2500000.0,200300000.0,200300000.0,200300000.0,0.0,0.0,0.222,621300000.0,279100000.0,0,0.337,2.041,17.11,16.758,543500000,0.0,53.29,3.608,3.514,0,5576000000,900400000.0,900400000.0,0.0,,,,,-300000.0,558600000.0,1.0,241804518,241620860,241620860.0,3.726,81739900000,0,78800000.0,0,338.298,
47,NTRS,ARQ,2009-09-30,2009-10-30,2009-09-30,2021-09-08,-313100000,77901500000,,,,,25.778,-60900000.0,27020200000,27020200000,0.0,187900000.0,,11.518,13076300000,,,13076300000,0,62800000.0,55324100000,0.022,0.28,258500000.0,321300000.0,0.375,321300000.0,258500000.0,258500000.0,0.77,0.77,0.77,6223300000,,6223300000,-1808252645,-1.0,-1.12,288400000.0,1.195,1.0,857700000.0,1.0,401400000,0.0,63556200000,,0,45579800000,,,71678200000,,,12135647355,354600000.0,0.0,2700000.0,1018600000.0,-67600000.0,2762000000.0,-2808300000.0,-4921400000.0,349300000.0,51600000.0,187900000.0,187900000.0,187900000.0,0.0,0.0,0.219,599200000.0,258500000.0,0,0.364,1.95,13.742,13.154,542700000,0.0,50.25,3.237,3.236,0,5443300000,857700000.0,857700000.0,0.0,,,,,-400000.0,562800000.0,1.0,241505420,241415698,241415698.0,3.553,77500100000,0,70600000.0,0,321.023,
48,NTRS,ARQ,2009-06-30,2009-07-29,2009-06-30,2021-09-08,-353400000,75045200000,,,,,26.029,-76800000.0,22645000000,22645000000,0.0,314200000.0,,11.245,12048000000,,,12048000000,0,59000000.0,53580600000,0.019,0.28,384400000.0,443400000.0,0.455,443400000.0,384400000.0,384400000.0,0.95,0.95,0.95,6128700000,,6128700000,3534707853,4.0,3.228,-180400000.0,-0.766,1.0,975200000.0,1.0,405300000,0.0,64042900000,,0,46542000000,,,68916500000,,,14131707853,427200000.0,0.0,846800000.0,-3382500000.0,-62600000.0,-3954700000.0,4406700000.0,2781000000.0,-103600000.0,78800000.0,226100000.0,226100000.0,226100000.0,0.0,88100000.0,0.232,502700000.0,472500000.0,0,0.295,2.306,25.84,24.597,548100000,0.0,58.54,3.726,3.634,0,5323500000,975200000.0,975200000.0,0.0,,,,,-1200000.0,553500000.0,1.0,241402594,235455068,235455068.0,4.142,74639900000,0,158300000.0,0,317.003,
49,NTRS,ARQ,2009-03-31,2009-04-24,2009-03-31,2021-09-08,-446100000,78464600000,,,,,29.212,-105900000.0,23880100000,23880100000,0.0,161800000.0,,11.026,15429300000,,,15429300000,0,55300000.0,53344600000,0.02,0.28,222100000.0,277400000.0,0.331,277400000.0,222100000.0,222100000.0,0.62,0.61,0.62,6524700000,,6524700000,3978500945,4.0,3.513,340900000.0,1.526,1.0,838600000.0,1.0,387400000,0.0,69626400000,,0,48219200000,,,71939900000,,,12429300945,-544100000.0,0.0,10600000.0,6778200000.0,-62500000.0,-2366700000.0,1422400000.0,2684500000.0,446800000.0,-46600000.0,138800000.0,138800000.0,138800000.0,0.0,23000000.0,0.166,593500000.0,245100000.0,0,0.452,1.905,23.172,23.058,535200000,0.0,55.57,3.196,3.192,0,5166600000,838600000.0,838600000.0,0.0,,,,,-2300000.0,523300000.0,1.0,223669263,223357446,223357446.0,3.755,78077200000,0,83300000.0,0,349.562,
50,NTRS,ARQ,2008-12-31,2009-02-27,2008-12-31,2021-09-08,-494900000,82053600000,,,,,28.658,-86000000.0,28942000000,28942000000,0.0,342300000.0,,11.842,8672000000,,,8672000000,0,61400000.0,62406400000,0.02,0.28,510300000.0,571700000.0,0.531,571700000.0,510300000.0,510300000.0,1.48,1.46,1.48,6389400000,,6389400000,-7856718397,-6.0,-5.294,-149900000.0,-0.672,1.0,1077500000.0,1.0,389400000,0.0,61394200000,,0,46326200000,,,75664200000,,,12413281603,-1127500000.0,-8600000.0,-1600000.0,1259600000.0,-62300000.0,2476800000.0,-3496900000.0,-8082800000.0,-63900000.0,-43500000.0,330300000.0,330300000.0,330300000.0,0.0,12000000.0,0.307,555200000.0,522300000.0,0,0.189,1.943,15.858,15.737,506600000,0.0,55.55,2.981,2.955,0,5091200000,1077500000.0,1077500000.0,0.0,,,,,-35000000.0,581400000.0,1.0,223461415,222951632,222951632.0,4.833,81664200000,0,180000000.0,0,366.287,
51,NTRS,ARQ,2008-09-30,2008-10-31,2008-09-30,2021-09-08,-190200000,79244000000,,,,,21.794,-72500000.0,29854700000,29854700000,0.0,-148300000.0,,15.386,7366400000,,,7366400000,0,55300000.0,62439100000,0.02,0.28,-252800000.0,-197500000.0,-0.219,-197500000.0,-252800000.0,-252800000.0,-0.67,-0.67,-0.67,4836000000,,4836000000,-9929243635,-11.0,-8.709,274800000.0,1.238,1.0,901200000.0,1.0,410000000,0.0,56345700000,,0,43229300000,,,74408000000,,,12559056365,-1875900000.0,0.0,101100000.0,823400000.0,-61900000.0,3325300000.0,-5391300000.0,-4754500000.0,347300000.0,-157200000.0,-148300000.0,-148300000.0,-148300000.0,0.0,0.0,-0.165,1154000000.0,-252800000.0,0,-0.418,2.597,21.747,21.411,492900000,0.0,56.31,3.112,3.096,0,4821100000,901200000.0,901200000.0,0.0,,,,,0.0,491700000.0,1.0,223034210,221899198,221899198.0,4.061,78834000000,0,-104500000.0,0,355.269,
52,NTRS,ARQ,2008-06-30,2008-07-31,2008-06-30,2021-09-08,-148400000,74806900000,,,,,22.502,-70300000.0,29458200000,29458200000,0.0,215600000.0,,14.07,6575000000,,,6575000000,0,52800000.0,60274300000,0.014,0.28,428100000.0,480900000.0,0.449,480900000.0,428100000.0,428100000.0,0.98,0.96,0.98,4964100000,,4964100000,-5603962264,-4.0,-3.314,230500000.0,1.045,1.0,1071400000.0,1.0,425400000,0.0,51498300000,,0,40414600000,,,69842800000,,,17279237736,1590100000.0,0.0,43000000.0,-3555200000.0,-61600000.0,-1610600000.0,2987700000.0,3110500000.0,300800000.0,-87800000.0,215600000.0,215600000.0,215600000.0,0.0,0.0,0.201,643300000.0,428100000.0,0,0.286,3.481,18.498,18.393,493000000,0.0,78.17,4.317,4.308,0,5032200000,1071400000.0,1071400000.0,0.0,,,,,0.0,571500000.0,1.0,221046920,220603902,220603902.0,4.857,74381500000,0,212500000.0,0,337.172,
53,NTRS,ARQ,2008-03-31,2008-05-05,2008-03-31,2021-09-08,-136800000,77480300000,,,,,21.598,-79200000.0,34490800000,34490800000,0.0,385200000.0,,15.283,10147200000,,,10147200000,0,50900000.0,58392500000,0.014,0.28,578100000.0,629000000.0,0.565,629000000.0,578100000.0,578100000.0,1.75,1.71,1.75,4758400000,,4758400000,-7597880420,-6.0,-4.838,191900000.0,0.871,1.0,1113400000.0,1.0,424900000,0.0,52711800000,,0,38006400000,,,72721900000,,,16745719580,139900000.0,0.0,-48900000.0,1180100000.0,-61900000.0,8184600000.0,-8446700000.0,-8518600000.0,271100000.0,130900000.0,385200000.0,385200000.0,385200000.0,0.0,0.0,0.346,535300000.0,578100000.0,0,0.16,3.519,18.096,18.069,492800000,0.0,76.07,4.411,4.415,0,4879200000,1113400000.0,1113400000.0,0.0,,,,,0.0,533000000.0,1.0,220135659,220320307,220320307.0,5.054,77055400000,0,192900000.0,0,349.743,
54,NTRS,ARQ,2007-12-31,2008-02-28,2007-12-31,2021-09-08,-90300000,67611200000,,,,,20.462,-74400000.0,28993800000,28993800000,0.0,125000000.0,,13.994,8950800000,,,8950800000,0,60000000.0,51213100000,0.015,0.28,167700000.0,227700000.0,0.24,227700000.0,167700000.0,167700000.0,0.57,0.55,0.57,4509100000,,4509100000,-4646884304,-4.0,-3.653,204100000.0,0.926,1.0,950100000.0,1.0,425800000,0.0,47142400000,,0,34228300000,,,63102100000,,,15396115696,50100000.0,0.0,-1000000.0,1303400000.0,-55000000.0,4433300000.0,-4694200000.0,1378400000.0,278500000.0,32500000.0,125000000.0,125000000.0,125000000.0,0.0,0.0,0.132,782400000.0,167700000.0,0,0.491,3.414,21.181,21.091,491900000,0.0,69.81,4.41,4.393,0,4556200000,950100000.0,950100000.0,0.0,,,,,-45100000.0,550600000.0,1.0,220543127,220362363,220362363.0,4.312,67185400000,0,42700000.0,0,304.886,
55,NTRS,ARQ,2007-09-30,2007-10-30,2007-09-30,2021-09-08,-152500000,63098900000,,,,,19.823,-54700000.0,22136000000,22136000000,0.0,208300000.0,,13.474,7655900000,,,7655900000,0,52300000.0,47668800000,0.013,0.25,301100000.0,353400000.0,0.407,353400000.0,301100000.0,301100000.0,0.95,0.93,0.95,4359400000,,4359400000,1839617102,2.0,1.372,180100000.0,0.819,1.0,867700000.0,1.0,0,0.0,48618800000,,0,36711600000,,,58739500000,,,16319717102,352500000.0,0.0,-35200000.0,652200000.0,-55000000.0,2438200000.0,-2365700000.0,-1797300000.0,234800000.0,45200000.0,208300000.0,208300000.0,208300000.0,0.0,0.0,0.24,566600000.0,301100000.0,0,0.263,3.744,21.12,21.02,478700000,0.0,74.2,4.949,4.948,0,4493600000,867700000.0,867700000.0,0.0,,,,,0.0,508700000.0,1.0,219942279,219914891,219914891.0,3.946,63098900000,0,92800000.0,0,286.924,
56,NTRS,ARQ,2007-06-30,2007-07-31,2007-06-30,2021-09-08,-146800000,59609700000,,,,,19.247,-63200000.0,19117800000,19117800000,0.0,206900000.0,,13.101,6996700000,,,6996700000,0,50500000.0,45862000000,0.016,0.25,309700000.0,360200000.0,0.416,360200000.0,309700000.0,309700000.0,0.94,0.92,0.94,4227200000,,4227200000,1625932765,1.0,1.262,192900000.0,0.878,1.0,865000000.0,1.0,0,0.0,47488600000,,0,36650100000,,,55382500000,,,13747032765,947500000.0,0.0,3200000.0,1194400000.0,-54900000.0,-173100000.0,856100000.0,716200000.0,256100000.0,8400000.0,206900000.0,206900000.0,206900000.0,0.0,0.0,0.239,555300000.0,309700000.0,0,0.266,3.252,18.881,18.757,486100000,0.0,62.46,4.354,4.345,0,4340700000,865000000.0,865000000.0,0.0,,,,,0.0,501500000.0,1.0,220093384,219632587,219632587.0,3.938,59609700000,0,102800000.0,0,271.406,
57,NTRS,ARQ,2007-03-31,2007-04-30,2007-03-31,2021-09-08,-154500000,59532400000,,,,,18.48,-61200000.0,22113000000,22113000000,0.0,186700000.0,,13.723,5790800000,,,5790800000,0,48600000.0,47019600000,0.015,0.25,282300000.0,330900000.0,0.409,330900000.0,282300000.0,282300000.0,0.85,0.84,0.85,4043400000,,4043400000,-2510511787,-2.0,-1.996,50100000.0,0.229,1.0,808200000.0,1.0,0,0.0,43210200000,,0,34215200000,,,55489000000,,,13811688213,-2389500000.0,0.0,24800000.0,-4986800000.0,-54600000.0,-1238000000.0,-1265400000.0,-1929200000.0,111300000.0,2600000.0,186700000.0,186700000.0,186700000.0,0.0,0.0,0.231,525900000.0,282300000.0,0,0.294,3.416,20.043,19.921,483000000,0.0,62.95,4.505,4.493,0,4190400000,808200000.0,808200000.0,0.0,,,,,0.0,474300000.0,1.0,219407279,218800423,218800423.0,3.694,59532400000,0,95600000.0,0,272.085,
58,NTRS,ARQ,2006-12-31,2007-02-28,2006-12-31,2021-09-08,-148600000,60712200000,,,,,18.09,-68600000.0,21751300000,21751300000,0.0,170800000.0,,14.394,10778400000,,,10778400000,0,54200000.0,43820200000,0.016,0.25,242100000.0,296300000.0,0.392,296300000.0,242100000.0,242100000.0,0.79,0.77,0.79,3943900000,,3943900000,2249733446,2.0,1.838,-46300000.0,-0.212,1.0,756700000.0,1.0,0,0.0,49739300000,,0,34974900000,,,56768300000,,,13222633446,1136100000.0,0.0,3000000.0,643000000.0,-50100000.0,5720600000.0,-4657600000.0,-2071000000.0,22300000.0,50800000.0,170800000.0,170800000.0,170800000.0,0.0,0.0,0.226,514600000.0,242100000.0,0,0.316,3.353,19.872,19.706,487200000,0.0,60.3,4.435,4.405,0,4131200000,756700000.0,756700000.0,0.0,,,,,0.0,337200000.0,1.0,219280820,218014690,218014690.0,3.471,60712200000,0,71300000.0,0,278.478,
59,NTRS,ARQ,2006-09-30,2006-10-30,2006-09-30,2021-09-08,-10500000,55200900000,,,,,18.087,-64800000.0,18481700000,18481700000,0.0,163700000.0,,13.025,10111600000,,,10111600000,0,50300000.0,38675900000,0.016,0.23,250500000.0,300800000.0,0.413,300800000.0,250500000.0,250500000.0,0.75,0.74,0.75,3936000000,,3936000000,4432445359,4.0,3.697,119100000.0,0.547,1.0,727500000.0,1.0,0,0.0,46830800000,,0,33388900000,,,51264900000,,,12802545359,-531800000.0,0.0,-5500000.0,1223800000.0,-50100000.0,1197700000.0,-1916700000.0,-542800000.0,183900000.0,3300000.0,163700000.0,163700000.0,163700000.0,0.0,0.0,0.225,477000000.0,250500000.0,0,0.307,3.253,19.935,19.908,471600000,0.0,58.73,4.415,4.407,0,4016300000,727500000.0,727500000.0,0.0,,,,,0.0,322400000.0,1.0,217989875,217618046,217618046.0,3.343,55200900000,0,86800000.0,0,253.66,
60,NTRS,ARQ,2006-06-30,2006-07-31,2006-06-30,2021-09-08,-23200000,53325900000,,,,,17.487,-57200000.0,18076800000,18076800000,0.0,167900000.0,,13.002,8879500000,,,8879500000,0,48700000.0,38683100000,0.016,0.23,281200000.0,329900000.0,0.427,329900000.0,281200000.0,281200000.0,0.77,0.76,0.77,3808400000,,3808400000,3247775964,3.0,2.767,-9900000.0,-0.045,1.0,773200000.0,1.0,0,0.0,44128600000,,0,31819700000,,,49517500000,,,12445075964,1541300000.0,0.0,-24500000.0,-619700000.0,-50200000.0,3263400000.0,-1849900000.0,-1587700000.0,47300000.0,80500000.0,167900000.0,167900000.0,167900000.0,0.0,0.0,0.217,492000000.0,281200000.0,0,0.299,3.268,19.874,19.83,463200000,0.0,57.11,4.382,4.379,0,3902800000,773200000.0,773200000.0,0.0,,,,,0.0,335800000.0,1.0,217914130,217785721,217785721.0,3.55,53325900000,0,113300000.0,0,244.855,
61,NTRS,ARQ,2006-03-31,2006-05-01,2006-03-31,2021-09-08,-27000000,50195000000,,,,,17.016,-47900000.0,15636500000,15636500000,0.0,163000000.0,,12.554,9474400000,,,9474400000,0,46400000.0,34608800000,0.015,0.23,250400000.0,296800000.0,0.41,296800000.0,250400000.0,250400000.0,0.75,0.74,0.75,3703400000,,3703400000,6530374948,7.0,5.815,87100000.0,0.4,1.0,723700000.0,1.0,0,0.0,44032900000,,0,31165100000,,,46491600000,,,12692474948,-180800000.0,0.0,-16000000.0,604400000.0,-50100000.0,-3375200000.0,3041000000.0,4111500000.0,135000000.0,18400000.0,163000000.0,163000000.0,163000000.0,0.0,0.0,0.225,473300000.0,250400000.0,0,0.307,3.427,20.865,20.789,461400000,0.0,58.21,4.633,4.624,0,3785000000,723700000.0,723700000.0,0.0,,,,,0.0,326700000.0,1.0,218046297,217645991,217645991.0,3.325,50195000000,0,87400000.0,0,230.627,
62,NTRS,ARQ,2005-12-31,2006-03-13,2005-12-31,2021-09-08,-18700000,53413800000,,,,,16.53,-37300000.0,19031900000,19031900000,0.0,147600000.0,,13.834,8867200000,,,8867200000,0,52600000.0,38519500000,0.017,0.23,218900000.0,271500000.0,0.402,271500000.0,218900000.0,218900000.0,0.68,0.67,0.68,3600800000,,3600800000,1440421767,2.0,1.334,205300000.0,0.942,1.0,675600000.0,1.0,0,0.0,43249100000,,0,31077500000,,,49813000000,,,11605121767,517800000.0,-7100000.0,-31300000.0,1073400000.0,-45800000.0,6045200000.0,-5770000000.0,-5916600000.0,242600000.0,0.0,147600000.0,147600000.0,147600000.0,0.0,0.0,0.218,456700000.0,218900000.0,0,0.338,3.223,19.858,19.869,471500000,0.0,53.25,4.425,4.428,0,3672100000,675600000.0,675600000.0,0.0,,,,,0.0,307600000.0,1.0,217936559,217832107,217832107.0,3.101,53413800000,0,71300000.0,0,245.206,
63,NTRS,ARQ,2005-09-30,2005-11-02,2005-09-30,2021-09-08,-18600000,48427400000,,,,,16.187,-44800000.0,14375500000,14375500000,0.0,147700000.0,,12.723,7803200000,,,7803200000,0,49700000.0,33495400000,0.016,0.21,226000000.0,275700000.0,0.413,275700000.0,226000000.0,226000000.0,0.68,0.67,0.68,3529000000,,3529000000,4859442923,6.0,4.61,38900000.0,0.178,1.0,667600000.0,1.0,0,0.0,41855100000,,0,29799400000,,,44898400000,,,11431742923,549100000.0,0.0,-24800000.0,530000000.0,-45800000.0,861500000.0,-396100000.0,917900000.0,83700000.0,0.0,147700000.0,147700000.0,147700000.0,0.0,0.0,0.221,441600000.0,226000000.0,0,0.309,3.239,20.077,20.069,475100000,0.0,52.38,4.49,4.485,0,3574400000,667600000.0,667600000.0,0.0,,,,,0.0,300500000.0,1.0,218246333,218012767,218012767.0,3.062,48427400000,0,78300000.0,0,222.131,
64,NTRS,ARQ,2005-06-30,2005-08-01,2005-06-30,2021-09-08,-15500000,46255600000,,,,,15.8,-43800000.0,14555100000,14555100000,0.0,150000000.0,,12.422,7290400000,,,7290400000,0,47900000.0,33057100000,0.016,0.21,231100000.0,279000000.0,0.415,279000000.0,231100000.0,231100000.0,0.69,0.68,0.69,3446300000,,3446300000,3788765053,5.0,3.824,-16900000.0,-0.077,1.0,672700000.0,1.0,0,0.0,38990900000,,0,28300400000,,,42809300000,,,11053465053,-348400000.0,0.0,-26700000.0,59600000.0,-45900000.0,-1998700000.0,1623400000.0,-1009400000.0,26900000.0,0.0,150000000.0,150000000.0,150000000.0,0.0,0.0,0.223,441600000.0,231100000.0,0,0.304,3.207,20.607,20.661,476500000,0.0,50.62,4.558,4.553,0,3482500000,672700000.0,672700000.0,0.0,,,,,0.0,299200000.0,1.0,218361617,218114436,221335272.0,3.084,46255600000,0,81100000.0,0,212.07,
65,NTRS,ARQ,2005-03-31,2005-05-02,2005-03-31,2021-09-08,-14900000,47761300000,,,,,15.387,-47800000.0,16751100000,16751100000,0.0,139100000.0,,13.209,7253200000,,,7253200000,0,41500000.0,35096700000,0.018,0.21,211800000.0,253300000.0,0.417,253300000.0,211800000.0,211800000.0,0.64,0.63,0.64,3361400000,,3361400000,447837993,1.0,0.472,184100000.0,0.843,1.0,606800000.0,1.0,0,0.0,38263400000,,0,27759000000,,,44399900000,,,9945737993,225200000.0,-457800000.0,-31900000.0,-1314200000.0,-46000000.0,-477700000.0,471000000.0,-1099000000.0,231900000.0,0.0,139100000.0,139100000.0,139100000.0,0.0,0.0,0.229,395000000.0,211800000.0,0,0.328,2.959,19.23,19.275,480700000,0.0,45.49,4.28,4.276,0,3389200000,606800000.0,606800000.0,0.0,,,,,0.0,274200000.0,1.0,218635700,218453518,218453518.0,2.778,47761300000,0,72700000.0,0,218.634,
66,NTRS,ARQ,2004-12-31,2005-03-14,2004-12-31,2021-09-08,-14700000,45276700000,,,,,15.061,-37400000.0,15220000000,15220000000,0.0,132600000.0,,12.739,8528500000,,,8528500000,0,46700000.0,31057600000,0.018,0.21,199500000.0,246200000.0,0.411,246200000.0,199500000.0,199500000.0,0.6,0.59,0.6,3295600000,,3295600000,2817534955,4.0,3.024,21000000.0,0.096,1.0,599000000.0,1.0,0,0.0,38585200000,,0,26984400000,,,41981100000,,,9509034955,-225700000.0,0.0,-21300000.0,909300000.0,-41600000.0,3308900000.0,-3593000000.0,-6114800000.0,58400000.0,0.0,132600000.0,132600000.0,132600000.0,-500000.0,0.0,0.221,400000000.0,199000000.0,0,0.35,2.885,18.807,18.904,465100000,0.0,43.48,4.158,4.173,0,3300600000,599000000.0,599000000.0,0.0,,,,,0.0,266600000.0,1.0,218699056,218811379,218811379.0,2.738,45276700000,0,66900000.0,0,206.921,
67,NTRS,ARQ,2004-09-30,2004-11-01,2004-09-30,2021-09-08,-14300000,41110000000,,,,,14.713,-31400000.0,14174300000,14174300000,0.0,114700000.0,,11.745,7619200000,,,7619200000,0,43700000.0,28617800000,0.018,0.19,168600000.0,212300000.0,0.389,212300000.0,168600000.0,168600000.0,0.52,0.52,0.52,3225500000,,3225500000,2813907106,4.0,3.039,198300000.0,0.905,1.0,546400000.0,1.0,0,0.0,34554900000,,0,24441900000,,,37884500000,,,9369007106,305400000.0,-500000.0,-32800000.0,-2889600000.0,-41800000.0,-2214600000.0,2290300000.0,2565500000.0,229700000.0,0.0,114700000.0,114700000.0,114700000.0,0.0,0.0,0.21,377800000.0,168600000.0,0,0.365,2.905,18.637,18.664,469800000,0.0,42.74,4.195,4.196,0,3218300000,546400000.0,546400000.0,0.0,,,,,0.0,247100000.0,1.0,219209338,219234285,219234285.0,2.492,41110000000,0,53900000.0,0,187.516,
68,NTRS,ARQ,2004-06-30,2004-07-30,2004-06-30,2021-09-08,-16300000,43279300000,,,,,14.457,-28200000.0,14580000000,14580000000,0.0,130800000.0,,12.618,10508700000,,,10508700000,0,43500000.0,27879100000,0.018,0.19,194400000.0,237900000.0,0.416,237900000.0,194400000.0,194400000.0,0.6,0.59,0.6,3178100000,,3178100000,4754321313,6.0,5.097,83200000.0,0.378,1.0,571600000.0,1.0,0,0.0,39208000000,,0,26396500000,,,40101200000,,,8825621313,555400000.0,-3700000.0,-30200000.0,3713100000.0,-41800000.0,3055100000.0,-2611100000.0,-1172900000.0,111400000.0,0.0,130800000.0,130800000.0,130800000.0,0.0,0.0,0.229,377200000.0,194400000.0,0,0.317,2.777,17.588,17.533,480200000,0.0,40.15,3.998,3.998,0,3152500000,571600000.0,571600000.0,0.0,,,,,0.0,261100000.0,1.0,219816222,219826748,219826748.0,2.6,43279300000,0,63600000.0,0,196.879,
69,NTRS,ARQ,2004-03-31,2004-05-03,2004-03-31,2021-09-08,-11700000,40178900000,,,,,14.168,-36100000.0,11845700000,11845700000,0.0,127500000.0,,11.884,6795600000,,,6795600000,0,42500000.0,28447600000,0.017,0.19,192800000.0,235300000.0,0.413,235300000.0,192800000.0,192800000.0,0.58,0.57,0.58,3118400000,,3118400000,4276742209,6.0,5.041,218400000.0,0.992,1.0,570000000.0,1.0,0,0.0,35128800000,,0,25709600000,,,37060500000,,,9326842209,-178500000.0,0.0,-27900000.0,-2971800000.0,-41800000.0,-864700000.0,431700000.0,1324800000.0,254500000.0,0.0,127500000.0,127500000.0,127500000.0,-300000.0,0.0,0.224,377500000.0,192500000.0,0,0.328,2.991,21.328,21.266,491400000,0.0,42.32,4.305,4.299,0,3069100000,570000000.0,570000000.0,0.0,,,,,0.0,254600000.0,1.0,220388521,220102831,220102831.0,2.59,40178900000,0,65300000.0,0,182.546,
70,NTRS,ARQ,2003-12-31,2004-03-12,2003-12-31,2021-09-08,-8900000,41450200000,,,,,13.895,-32900000.0,11161000000,11161000000,0.0,129700000.0,,12.567,9767400000,,,9767400000,0,43300000.0,26270000000,0.015,0.19,197100000.0,240400000.0,0.441,240400000.0,197100000.0,197100000.0,0.59,0.58,0.59,3055300000,,3055300000,9038390912,15.0,11.323,-92000000.0,-0.418,1.0,545300000.0,1.0,0,0.0,40056600000,,0,27285100000,,,38394900000,,,10431990912,170500000.0,-6800000.0,-30500000.0,-398900000.0,-37400000.0,156100000.0,73500000.0,-419900000.0,-59100000.0,0.0,129700000.0,129700000.0,129700000.0,800000.0,0.0,0.238,347400000.0,197900000.0,0,0.322,3.414,25.815,25.723,498300000,0.0,47.33,4.996,4.992,0,2990700000,545300000.0,545300000.0,0.0,,,,,0.0,242000000.0,1.0,220409696,219879208,219879208.0,2.48,41450200000,0,67400000.0,0,188.514,
71,NTRS,ARQ,2003-09-30,2003-10-31,2003-09-30,2021-09-08,800000,40744200000,,,,,13.621,-35100000.0,10612100000,10612100000,0.0,113800000.0,,12.58,10158000000,,,10158000000,0,46900000.0,25654000000,0.015,0.17,172300000.0,219200000.0,0.421,219200000.0,172300000.0,172300000.0,0.52,0.51,0.52,3000300000,,3000300000,9770333163,18.0,13.228,402900000.0,1.829,1.0,520700000.0,1.0,0,0.0,40290100000,,0,27020500000,,,37743900000,,,10224433163,-914700000.0,-1100000.0,-26500000.0,872400000.0,-37500000.0,1194400000.0,-2547100000.0,-1633800000.0,438000000.0,0.0,113800000.0,113800000.0,113800000.0,1000000.0,0.0,0.219,347400000.0,173300000.0,0,0.327,3.408,27.619,27.456,503900000,0.0,46.4,4.956,4.954,0,2911800000,520700000.0,520700000.0,0.0,,,,,0.0,241600000.0,1.0,220354163,220263066,220263066.0,2.364,40744200000,0,58500000.0,0,184.98,
72,NTRS,ARQ,2003-06-30,2003-08-01,2003-06-30,2021-09-08,4000000,39071000000,,,,,13.373,-44100000.0,10908200000,10908200000,0.0,66600000.0,,12.262,9285600000,,,9285600000,0,50500000.0,25299300000,0.016,0.17,103000000.0,153500000.0,0.289,153500000.0,103000000.0,103000000.0,0.3,0.36,0.3,2946100000,,2946100000,7813529079,15.0,11.118,69500000.0,0.315,1.0,530600000.0,1.0,0,0.0,37448400000,,0,25756300000,,,36124900000,,,9436129079,984400000.0,19000000.0,3700000.0,1679700000.0,-37500000.0,2282400000.0,-1411600000.0,202000000.0,113600000.0,0.0,66300000.0,66300000.0,66300000.0,14800000.0,300000.0,0.125,412500000.0,118100000.0,0,0.567,3.203,26.792,26.547,508900000,0.0,42.74,4.62,4.61,0,2843400000,530600000.0,530600000.0,0.0,,,,,0.0,279600000.0,1.0,220779810,220297456,220297456.0,2.409,39071000000,0,36700000.0,0,177.356,
73,NTRS,ARQ,2003-03-31,2003-05-05,2003-03-31,2021-09-08,4700000,36449700000,,,,,13.732,-68200000.0,8772900000,8772900000,0.0,94700000.0,,11.045,7605800000,,,7605800000,0,45600000.0,48592300000,0.019,0.17,138400000.0,184000000.0,0.362,184000000.0,138400000.0,138400000.0,0.43,0.42,0.43,3026100000,,3026100000,6708355605,11.0,8.582,-49300000.0,-0.224,1.0,508800000.0,1.0,0,0.0,35282600000,,0,25531200000,,,33423600000,,,7875455605,-1316500000.0,-109000000.0,-31200000.0,-998900000.0,-37500000.0,-2640900000.0,1305500000.0,-827000000.0,18900000.0,0.0,94300000.0,94300000.0,94300000.0,0.0,400000.0,0.185,370000000.0,138800000.0,0,0.395,2.603,19.111,19.005,521600000,0.0,35.73,3.825,3.825,0,2825100000,508800000.0,508800000.0,0.0,,,,,0.0,257200000.0,1.0,220415774,220373864,220373864.0,2.309,36449700000,0,44100000.0,0,165.399,
74,NTRS,ARQ,2002-12-31,2003-03-10,2002-12-31,2021-09-08,7100000,39478200000,,,,,13.632,-49200000.0,12004500000,12004500000,0.0,96300000.0,,12.16,8604700000,,,8604700000,0,40500000.0,26062100000,0.024,0.17,141400000.0,181900000.0,0.362,181900000.0,141400000.0,141400000.0,0.44,0.43,0.44,2999800000,,2999800000,2933405062,4.0,3.522,206900000.0,0.94,1.0,502800000.0,1.0,0,0.0,36078400000,,0,24657600000,,,36478400000,,,6333205062,720300000.0,0.0,-10700000.0,-2228300000.0,-35900000.0,-577900000.0,1042100000.0,582200000.0,256100000.0,0.0,95800000.0,95800000.0,95800000.0,0.0,500000.0,0.191,360900000.0,141900000.0,0,0.386,2.111,14.235,14.188,515000000,0.0,28.66,3.014,3.008,0,2775300000,502800000.0,502800000.0,0.0,,,,,0.0,241000000.0,1.0,220977148,220062622,224188265.0,2.285,39478200000,0,45600000.0,0,179.395,
75,NTRS,ARQ,2002-09-30,2002-11-04,2002-09-30,2021-09-08,7300000,39670500000,,,,,13.361,-56000000.0,10826900000,10826900000,0.0,96400000.0,,12.47,10833000000,,,10833000000,0,40800000.0,24373100000,0.018,0.17,142600000.0,183400000.0,0.367,183400000.0,142600000.0,142600000.0,0.44,0.43,0.44,2945100000,,2945100000,8281887380,12.0,9.842,67900000.0,0.308,1.0,500400000.0,1.0,0,0.0,39676600000,,0,26063400000,,,36725400000,,,8275787380,-418000000.0,0.0,-38800000.0,542400000.0,-38100000.0,1923300000.0,-2465200000.0,-2278800000.0,123900000.0,0.0,95800000.0,95800000.0,95800000.0,0.0,600000.0,0.191,357200000.0,143200000.0,0,0.386,2.81,18.358,18.273,506800000,0.0,37.46,3.986,3.977,0,2721000000,500400000.0,500400000.0,0.0,,,,,0.0,254900000.0,1.0,220923315,220431828,225098182.0,2.27,39670500000,0,46800000.0,0,179.967,
76,NTRS,ARQ,2002-06-30,2002-08-13,2002-06-30,2021-09-08,3800000,37801400000,,,,,13.19,-53900000.0,10102500000,10102500000,0.0,126800000.0,,11.975,10290600000,,,10290600000,0,42200000.0,22923500000,0.017,0.17,190200000.0,232400000.0,0.425,232400000.0,190200000.0,190200000.0,0.57,0.56,0.57,2913300000,,2913300000,9041488048,12.0,10.167,187300000.0,0.848,1.0,546700000.0,1.0,0,0.0,37989500000,,0,24779700000,,,34888100000,,,8853388048,835100000.0,0.0,-31000000.0,-1694500000.0,-38200000.0,-781100000.0,1375000000.0,1873800000.0,241200000.0,0.0,126200000.0,126200000.0,126200000.0,0.0,600000.0,0.231,355900000.0,190800000.0,0,0.298,3.039,18.418,18.321,497300000,0.0,39.94,4.197,4.182,0,2672900000,546700000.0,546700000.0,0.0,,,,,0.0,249700000.0,1.0,221667202,220864358,226552122.0,2.475,37801400000,0,64000000.0,0,171.152,
77,NTRS,ARQ,2002-03-31,2002-05-14,2002-03-31,2021-09-08,-5000000,37961600000,,,,,12.822,-67900000.0,9197400000,9197400000,0.0,127600000.0,,12.406,11985100000,,,11985100000,0,42600000.0,21946800000,0.013,0.0,192600000.0,235200000.0,0.439,235200000.0,192600000.0,192600000.0,0.58,0.56,0.58,2831700000,,2831700000,14201544854,19.0,15.463,9600000.0,0.043,1.0,535900000.0,1.0,0,0.0,40749300000,,0,26836200000,,,35129900000,,,11413844854,-1057500000.0,0.0,-39100000.0,1298700000.0,-38300000.0,-1846100000.0,711100000.0,752700000.0,77500000.0,0.0,127100000.0,127100000.0,127100000.0,0.0,500000.0,0.237,342800000.0,193100000.0,0,0.0,4.031,23.548,23.4,493700000,0.0,51.48,5.404,5.383,0,2600700000,535900000.0,535900000.0,0.0,,,,,0.0,246800000.0,1.0,221714158,220854363,227373197.0,2.426,37961600000,0,65500000.0,0,171.885,
78,NTRS,ARQ,2001-12-31,2002-03-12,2001-12-31,2021-09-08,-2400000,39664500000,,,,,12.551,-50800000.0,13138300000,13138300000,0.0,102400000.0,,13.301,10686300000,,,10686300000,0,37900000.0,25019300000,0.011,0.17,152600000.0,190500000.0,0.386,190500000.0,152600000.0,152600000.0,0.46,0.45,0.46,2773500000,,2773500000,11010635848,15.0,12.333,112700000.0,0.51,1.0,493200000.0,1.0,0,0.0,37212500000,,0,24149400000,,,36891000000,,,13462635848,906700000.0,0.0,-39300000.0,2448000000.0,-35300000.0,4609400000.0,-3866200000.0,-1542700000.0,163500000.0,0.0,101700000.0,101700000.0,101700000.0,0.0,700000.0,0.206,339900000.0,153300000.0,0,0.37,4.854,27.85,27.862,488700000,0.0,60.74,6.384,6.378,0,2520100000,493200000.0,493200000.0,0.0,,,,,0.0,239100000.0,1.0,221643659,220980645,227813974.0,2.232,39664500000,0,50900000.0,0,179.493,
79,NTRS,ARQ,2001-09-30,2001-11-09,2001-09-30,2021-09-08,-7900000,35124400000,,,,,12.309,-56100000.0,7802300000,7802300000,0.0,126600000.0,,11.886,8238300000,,,8238300000,0,41900000.0,22788500000,0.011,0.155,189300000.0,231200000.0,0.433,231200000.0,189300000.0,189300000.0,0.57,0.55,0.57,2725800000,,2725800000,12949951438,17.0,14.3,37700000.0,0.17,1.0,533800000.0,1.0,0,0.0,35560400000,,0,24796000000,,,32398600000,,,12513951438,-538700000.0,0.0,-42500000.0,-1046200000.0,-35500000.0,-1173700000.0,541200000.0,1704800000.0,93800000.0,0.0,125700000.0,125700000.0,125700000.0,0.0,900000.0,0.235,343600000.0,190200000.0,0,0.272,4.591,24.746,24.603,484600000,0.0,56.34,5.831,5.814,0,2462700000,533800000.0,533800000.0,0.0,,,,,0.0,250800000.0,1.0,222114864,221453555,228778525.0,2.41,35124400000,0,63600000.0,0,158.608,
80,NTRS,ARQ,2001-06-30,2001-08-10,2001-06-30,2021-09-08,-13200000,36183800000,,,,,12.003,-68900000.0,6201700000,6201700000,0.0,131300000.0,,12.597,9284500000,,,9284500000,0,65200000.0,22846200000,0.01,0.155,196300000.0,261500000.0,0.476,261500000.0,196300000.0,196300000.0,0.59,0.57,0.59,2661100000,,2661100000,17116106852,23.0,19.568,284300000.0,1.282,1.0,549200000.0,1.0,0,0.0,39266600000,,0,27713700000,,,33522700000,,,14033306852,679000000.0,-500000.0,-23000000.0,-1437700000.0,-35500000.0,-2235000000.0,2560800000.0,2777400000.0,353200000.0,0.0,130200000.0,130200000.0,130200000.0,0.0,1100000.0,0.237,351800000.0,197400000.0,0,0.263,5.273,27.966,27.771,480400000,0.0,63.04,6.552,6.525,0,2376600000,549200000.0,549200000.0,0.0,,,,,0.0,253900000.0,1.0,222609563,221701482,229484490.0,2.477,36183800000,0,66100000.0,0,163.21,
81,NTRS,ARQ,2001-03-31,2001-05-11,2001-03-31,2021-09-08,-13100000,38197800000,,,,,11.611,-78500000.0,5400900000,5400900000,0.0,127200000.0,,13.848,10722200000,,,10722200000,0,20000000.0,23591900000,0.009,0.155,189600000.0,209600000.0,0.394,209600000.0,189600000.0,189600000.0,0.57,0.55,0.57,2572600000,,2572600000,19656835646,26.0,24.137,36500000.0,0.165,1.0,532600000.0,1.0,0,0.0,43519100000,,0,30526500000,,,35625200000,,,14335535646,-742500000.0,-1000000.0,-28300000.0,1352400000.0,-36000000.0,2057300000.0,-2914800000.0,-4668900000.0,115000000.0,0.0,125800000.0,125800000.0,125800000.0,0.0,1400000.0,0.236,341600000.0,191000000.0,0,0.272,5.572,29.066,28.874,466400000,0.0,64.39,6.774,6.741,0,2287700000,532600000.0,532600000.0,0.0,,,,,0.0,250100000.0,1.0,222636056,221567912,229821275.0,2.404,38197800000,0,63800000.0,0,172.398,
82,NTRS,ARQ,2000-12-31,2001-03-16,2000-12-31,2021-09-08,-900000,36022300000,,,,,10.878,-87800000.0,8152700000,8152700000,0.0,125500000.0,,13.63,9369700000,,,9369700000,0,16700000.0,22827900000,0.01,0.155,186600000.0,203300000.0,0.383,203300000.0,186600000.0,186600000.0,0.56,0.54,0.56,2462200000,,2462200000,14671052247,20.0,18.519,92200000.0,0.407,1.0,530400000.0,1.0,0,0.0,37239300000,,0,25251300000,,,33560100000,,,13454052247,926000000.0,400000.0,-13800000.0,-776700000.0,-31100000.0,852900000.0,-106900000.0,2838500000.0,180000000.0,0.0,124000000.0,124000000.0,124000000.0,0.0,1500000.0,0.234,342300000.0,188100000.0,0,0.277,5.464,28.064,27.392,448100000,0.0,59.44,6.463,6.463,0,2200000000,530400000.0,530400000.0,0.0,,,,,0.0,240900000.0,1.0,226346774,226346774,,2.343,36022300000,0,62600000.0,0,159.147,
83,NTRS,ARQ,2000-09-30,2000-11-13,2000-09-30,2021-09-08,-2300000,34793700000,,,,,10.693,-57400000.0,4649600000,4649600000,0.0,123300000.0,,13.74,10146400000,,,10146400000,0,17000000.0,21154600000,0.005,0.135,183300000.0,200300000.0,0.378,200300000.0,183300000.0,183300000.0,0.55,0.53,0.55,2360500000,,2360500000,24625502848,,,-8800000.0,-0.04,1.0,529700000.0,1.0,0,0.0,40290500000,,0,27792600000,,,32433200000,,,19128702848,-570800000.0,-32900000.0,-57900000.0,-1003700000.0,-1600000.0,-2214800000.0,1595400000.0,231700000.0,48600000.0,0.0,121800000.0,121800000.0,121800000.0,0.0,1500000.0,0.23,344900000.0,184800000.0,0,0.245,8.104,,,409800000,0.0,86.25,,,0,2116800000,529700000.0,529700000.0,0.0,,,,,0.0,247200000.0,1.0,221782062,220749384,230936938.0,2.4,34793700000,0,61500000.0,0,157.616,
84,NTRS,ARQ,2000-06-30,2000-08-10,2000-06-30,2021-09-08,-2300000,36848100000,,,,,10.429,-49500000.0,6185600000,6185600000,0.0,123000000.0,,14.987,11150100000,,,11150100000,0,17100000.0,22312200000,0.006,0.135,184100000.0,201200000.0,0.384,201200000.0,184100000.0,184100000.0,0.55,0.53,0.55,2304900000,,2304900000,22725789464,,,111000000.0,0.502,1.0,523700000.0,1.0,0,0.0,41812600000,,0,28508600000,,,34543200000,,,17761289464,339900000.0,0.0,-53000000.0,2630600000.0,-61500000.0,3376600000.0,-3197200000.0,-3046700000.0,160500000.0,0.0,121600000.0,121600000.0,121600000.0,0.0,1400000.0,0.232,338200000.0,185500000.0,0,0.245,7.706,,,394500000,0.0,80.06,,,0,2034800000,523700000.0,523700000.0,0.0,,,,,0.0,238000000.0,1.0,221849731,221010593,230503264.0,2.37,36848100000,0,62500000.0,0,166.725,
85,NTRS,ARQ,2000-03-31,2000-05-10,2000-03-31,2021-09-08,-2400000,33219400000,,,,,10.179,-51000000.0,5977700000,5977700000,0.0,113300000.0,,13.754,8519500000,,,8519500000,0,17000000.0,21454700000,0.007,0.135,170400000.0,187400000.0,0.376,187400000.0,170400000.0,170400000.0,0.51,0.49,0.51,2251600000,,2251600000,17144678132,,,-69000000.0,-0.312,1.0,497800000.0,1.0,0,0.0,35761200000,,0,25271200000,,,30967800000,,,14602878132,-385200000.0,0.0,-38400000.0,4424100000.0,-31600000.0,4440600000.0,-4807800000.0,-3109100000.0,-18000000.0,0.0,112000000.0,112000000.0,112000000.0,0.0,1300000.0,0.225,326100000.0,171700000.0,0,0.265,6.486,,,384900000,0.0,65.69,,,0,1945300000,497800000.0,497800000.0,0.0,,,,,0.0,232700000.0,1.0,222299865,221199338,230120655.0,2.25,33219400000,0,58400000.0,0,150.179,
86,NTRS,ARQ,1999-09-30,1999-11-12,1999-09-30,2021-09-08,-3000000,33684900000,,,,,9.574,-21400000.0,7489300000,7489300000,0.0,104200000.0,,14.867,11053400000,,,11053400000,0,14500000.0,19061200000,0.01,0.12,156800000.0,171300000.0,0.395,171300000.0,156800000.0,156800000.0,0.465,0.45,0.465,2123000000,,2123000000,14749435837,25.0,22.797,39100000.0,0.176,1.0,434200000.0,1.0,0,0.0,37249000000,,0,24537000000,,,31561900000,,,11185335837,500900000.0,0.0,-34500000.0,2076500000.0,-27800000.0,2799200000.0,-2358800000.0,-1857000000.0,60500000.0,0.0,102900000.0,102900000.0,102900000.0,0.0,1300000.0,0.237,276100000.0,158100000.0,0,0.258,5.269,28.985,28.879,356900000,0.0,50.25,6.661,6.636,0,1798300000,434200000.0,434200000.0,0.0,,,,,0.0,204400000.0,1.0,222593748,221752584,229537752.0,1.958,33684900000,0,53900000.0,0,151.903,
87,NTRS,ARQ,1999-06-30,1999-08-12,1999-06-30,2021-09-08,1500000,30190800000,,,,,9.355,-18200000.0,4736100000,4736100000,0.0,99700000.0,,13.54,8977000000,,,8977000000,0,14500000.0,18280300000,0.011,0.12,151100000.0,165600000.0,0.391,165600000.0,151100000.0,151100000.0,0.445,0.43,0.445,2076400000,,2076400000,13625816585,24.0,21.777,128800000.0,0.58,1.0,423900000.0,1.0,0,0.0,34431700000,,0,23816500000,,,28114400000,,,9384916585,79200000.0,0.0,-32400000.0,825300000.0,-27900000.0,2459300000.0,-2527100000.0,-2369900000.0,147000000.0,0.0,98600000.0,98600000.0,98600000.0,0.0,1100000.0,0.233,271700000.0,152200000.0,0,0.27,4.52,25.228,25.057,350000000,0.0,42.095,5.769,5.743,0,1721800000,423900000.0,423900000.0,0.0,,,,,0.0,198200000.0,1.0,222946112,221949172,230294202.0,1.91,30190800000,0,52500000.0,0,136.026,
88,NTRS,ARQ,1999-03-31,1999-05-14,1999-03-31,2021-09-08,3900000,27554600000,,,,,9.163,-20300000.0,4618400000,4618400000,0.0,95100000.0,,12.567,8151600000,,,8151600000,0,14300000.0,16592200000,0.01,0.12,143700000.0,158000000.0,0.384,158000000.0,143700000.0,143700000.0,0.425,0.41,0.425,2031000000,,2031000000,13344428759,24.0,22.013,-146200000.0,-0.66,1.0,411200000.0,1.0,0,0.0,31087800000,,0,21269700000,,,25523600000,,,9811228759,-1170900000.0,0.0,-15900000.0,1338700000.0,-28000000.0,-314000000.0,-731000000.0,-1325600000.0,-125900000.0,0.0,94000000.0,94000000.0,94000000.0,0.0,1100000.0,0.229,266400000.0,144800000.0,0,0.282,4.831,27.299,27.04,346200000,0.0,43.94,6.191,6.145,0,1650000000,411200000.0,411200000.0,0.0,,,,,0.0,195000000.0,1.0,223286954,221643090,230140766.0,1.855,27554600000,0,49700000.0,0,124.32,
89,NTRS,ARQ,1998-12-31,1999-03-16,1998-12-31,2021-09-08,-600000,27870000000,,,,,8.779,-18500000.0,6816900000,6816900000,0.0,91600000.0,,13.364,6812900000,,,6812900000,0,12700000.0,18202700000,0.01,0.12,139400000.0,152100000.0,0.371,152100000.0,139400000.0,139400000.0,0.405,0.395,0.405,1940300000,,1940300000,10217237929,19.0,17.311,213300000.0,0.965,1.0,410000000.0,1.0,0,0.0,27866000000,,0,19356900000,,,25929700000,,,10221237929,1260800000.0,0.0,-12500000.0,-1562400000.0,-24600000.0,-442200000.0,1472000000.0,1489300000.0,231800000.0,0.0,90400000.0,90400000.0,90400000.0,0.0,1200000.0,0.22,269400000.0,140600000.0,0,0.296,5.268,29.287,29.137,340200000,0.0,45.89,6.638,6.597,0,1582900000,410000000.0,410000000.0,0.0,,,,,0.0,198100000.0,1.0,222733448,221018430,229391804.0,1.855,27870000000,0,49000000.0,0,126.098,
90,NTRS,ARQ,1998-09-30,1999-03-02,1998-09-30,2021-09-08,-700000,28078800000,,,,,8.5,-18200000.0,6447100000,6447100000,0.0,90200000.0,,13.946,8375400000,,,8375400000,0,13300000.0,17041600000,0.01,0.12,136700000.0,150000000.0,0.393,150000000.0,136700000.0,136700000.0,0.405,0.39,0.405,1878700000,,1878700000,11936851555,23.0,20.847,-25600000.0,-0.116,1.0,381700000.0,1.0,0,0.0,30007100000,,0,20073400000,,,26200100000,,,10008551555,-284200000.0,0.0,-32200000.0,-1754700000.0,-24700000.0,-1892700000.0,1615100000.0,2117600000.0,-7400000.0,0.0,89000000.0,89000000.0,89000000.0,0.0,1200000.0,0.233,243800000.0,137900000.0,0,0.296,5.327,29.559,28.888,334400000,0.0,45.065,6.729,6.697,0,1519400000,381700000.0,381700000.0,0.0,,,,,0.0,182600000.0,1.0,222091458,221036342,229428380.0,1.727,28078800000,0,47700000.0,0,127.033,
91,NTRS,ARQ,1998-09-30,1998-11-16,1998-09-30,2021-09-08,-700000,28078800000,,,,,8.5,-18200000.0,6447100000,6447100000,0.0,90200000.0,,13.946,8375400000,,,8375400000,0,13300000.0,17041600000,0.011,0.105,136700000.0,150000000.0,0.393,150000000.0,136700000.0,136700000.0,0.405,0.39,0.405,1878700000,,1878700000,10632064239,20.0,18.568,-25600000.0,-0.116,1.0,381700000.0,1.0,0,0.0,30007100000,,0,20073400000,,,26200100000,,,8703764239,-284200000.0,0.0,-32200000.0,-1754700000.0,-24700000.0,-1892700000.0,1615100000.0,2117600000.0,-7400000.0,0.0,89000000.0,89000000.0,89000000.0,0.0,1200000.0,0.233,243800000.0,137900000.0,0,0.259,4.633,25.705,25.122,334400000,0.0,39.19,5.852,5.824,0,1519400000,381700000.0,381700000.0,0.0,,,,,0.0,182600000.0,1.0,222091458,221036342,229428380.0,1.727,28078800000,0,47700000.0,0,127.033,
92,NTRS,ARQ,1998-06-30,1998-08-12,1998-06-30,2021-09-08,300000,29777000000,,,,,8.308,-14800000.0,6624100000,6624100000,0.0,87200000.0,,15.173,10130300000,,,10130300000,0,13100000.0,17124300000,0.012,0.105,133000000.0,146100000.0,0.383,146100000.0,133000000.0,133000000.0,0.39,0.375,0.39,1841100000,,1841100000,11318805341,22.0,20.259,129500000.0,0.584,1.0,381900000.0,1.0,0,0.0,33283200000,,0,21776300000,,,27935900000,,,7812605341,265400000.0,-15000000.0,-28900000.0,4540100000.0,-24800000.0,5447900000.0,-5326800000.0,-5362500000.0,144300000.0,0.0,86000000.0,86000000.0,86000000.0,0.0,1200000.0,0.225,247700000.0,134200000.0,0,0.269,4.243,23.725,23.319,329500000,0.0,35.095,5.333,5.309,0,1453800000,381900000.0,381900000.0,0.0,,,,,0.0,180200000.0,1.0,222613060,221617352,230013132.0,1.723,29777000000,0,47000000.0,0,134.362,
93,NTRS,ARQ,1998-03-31,1998-05-14,1998-03-31,2021-09-08,1900000,24251800000,,,,,8.118,-24700000.0,4658000000,4658000000,0.0,84900000.0,,12.469,5590200000,,,5590200000,0,13300000.0,16166200000,0.011,0.105,128700000.0,142000000.0,0.388,142000000.0,128700000.0,128700000.0,0.375,0.365,0.375,1800500000,,1800500000,8892425720,18.0,16.507,37500000.0,0.169,1.0,366200000.0,1.0,0,0.0,25184000000,,0,18103700000,,,22451300000,,,7960225720,-614900000.0,0.0,-23400000.0,-886300000.0,-24400000.0,-1125000000.0,447900000.0,102000000.0,62200000.0,0.0,83600000.0,83600000.0,83600000.0,0.0,1300000.0,0.228,236200000.0,130000000.0,0,0.28,4.421,25.072,24.785,327800000,0.0,35.69,5.626,5.594,0,1391200000,366200000.0,366200000.0,0.0,,,,,0.0,178600000.0,1.0,223037986,221804222,230111592.0,1.651,24251800000,0,45100000.0,0,109.339,
94,NTRS,ARQ,1997-12-31,1998-03-17,1997-12-31,2021-09-08,2100000,25315400000,,,,,8.69,-15800000.0,7048300000,7048300000,0.0,81300000.0,,13.557,6476200000,,,6476200000,0,11800000.0,16360000000,0.01,0.105,122700000.0,134500000.0,0.376,134500000.0,122700000.0,122700000.0,0.39,0.355,0.39,1739000000,,1739000000,7862008155,17.0,15.231,44800000.0,0.224,1.0,357600000.0,1.0,0,0.0,24743300000,,0,16638800000,,,23576400000,,,8434108155,-554700000.0,-53000000.0,-18900000.0,-2209600000.0,-21400000.0,-1729300000.0,1114000000.0,1198200000.0,60600000.0,0.0,80000000.0,80000000.0,80000000.0,0.0,1300000.0,0.224,233600000.0,124000000.0,0,0.269,4.85,27.707,27.602,316400000,0.0,37.815,6.185,6.155,0,1330800000,357600000.0,357600000.0,0.0,,,,,0.0,171500000.0,1.0,223036048,200111834,226110320.0,1.787,25315400000,0,42700000.0,0,126.506,
95,NTRS,ARQ,1997-09-30,1997-11-13,1997-09-30,2021-09-08,2100000,26919200000,,,,,7.398,-13200000.0,7358300000,7358300000,0.0,81000000.0,,14.858,8685900000,,,8685900000,0,12800000.0,15843400000,0.012,0.09,123300000.0,136100000.0,0.379,136100000.0,123300000.0,123300000.0,0.35,0.345,0.35,1697500000,,1697500000,8007219808,,,33700000.0,0.147,1.0,359300000.0,1.0,0,0.0,28246800000,,0,18148400000,,,25221700000,,,6679619808,502000000.0,0.0,-14300000.0,835900000.0,-21200000.0,752600000.0,-297500000.0,72000000.0,46900000.0,0.0,79700000.0,79700000.0,79700000.0,0.0,1300000.0,0.222,234700000.0,124600000.0,0,0.257,3.935,,,312400000,0.0,29.94,,,0,1274300000,359300000.0,359300000.0,0.0,,,,,0.0,171800000.0,1.0,223100194,229439594,230265634.0,1.566,26919200000,0,43600000.0,0,117.326,
96,NTRS,ARQ,1997-06-30,1997-08-13,1997-06-30,2021-09-08,2200000,26051000000,,,,,7.201,-12700000.0,5732900000,5732900000,0.0,75400000.0,,14.799,7406400000,,,7406400000,0,12400000.0,15891100000,0.013,0.09,113700000.0,126100000.0,0.38,126100000.0,113700000.0,113700000.0,0.325,0.325,0.325,1648900000,,1648900000,7732088788,,,79100000.0,0.345,1.0,331900000.0,1.0,0,0.0,27724500000,,0,18994000000,,,24402100000,,,6058588788,843000000.0,0.0,-8500000.0,2077200000.0,-21400000.0,2725100000.0,-1973900000.0,-2142100000.0,91800000.0,0.0,74200000.0,74200000.0,74200000.0,0.0,1200000.0,0.224,217000000.0,114900000.0,0,0.277,3.674,,,312000000,0.0,27.125,,,0,1214400000,331900000.0,331900000.0,0.0,,,,,0.0,159400000.0,1.0,223358112,228967682,229580860.0,1.45,26051000000,0,39500000.0,0,113.776,
97,NTRS,ARQ,1997-03-31,1997-05-14,1997-03-31,2021-09-08,200000,23231800000,,,,,6.948,-12500000.0,4564000000,4564000000,0.0,71700000.0,,13.582,5752700000,,,5752700000,0,12300000.0,15213900000,0.015,0.0,107200000.0,119500000.0,0.38,119500000.0,107200000.0,107200000.0,0.31,0.31,0.31,1593200000,,1593200000,6332026579,,,-10700000.0,-0.047,1.0,314300000.0,1.0,0,0.0,24420500000,,0,17241500000,,,21638600000,,,5143326579,-343900000.0,0.0,-11500000.0,109700000.0,-21300000.0,1497300000.0,-1843000000.0,-1867800000.0,1800000.0,0.0,70500000.0,70500000.0,70500000.0,0.0,1200000.0,0.224,205900000.0,108400000.0,0,0.0,3.228,,,291700000,0.0,23.065,,,0,1160600000,314300000.0,314300000.0,0.0,,,,,0.0,153500000.0,1.0,222992698,229298986,229302896.0,1.371,23231800000,0,36700000.0,0,101.317,
98,NTRS,ARQ,1996-12-31,1997-03-14,1996-12-31,2021-09-08,1600000,21608300000,,,,,6.734,,4489400000,4489400000,,,,12.994,5643000000,,,5643000000,0,,13796200000,0.016,0.09,,,,,,,,,,1544100000,,1544100000,5793438554,15.0,13.495,,,1.0,,,0,,22761900000,,0,15604000000,,,20064200000,,,4639838554,,,,,,,,,,,,,,,,,,,0,,3.005,18.274,18.837,291500000,,20.815,4.02,4.135,0,1110200000,,,,,,,,,,1.0,222908410,229296380,,,21608300000,0,,0,94.237,
0,NTRS,ART,2021-06-30,2021-07-27,2021-06-30,2021-09-08,194700000,172291100000,164575275000.0,,,0.038,56.741,-504400000.0,62880700000,62880700000,0.0,1278600000.0,,13.573,10149000000,,,10149000000,0,505500000.0,146210200000,0.025,2.8,1745700000.0,2251200000.0,0.361,2251200000.0,1745700000.0,1745700000.0,5.89,5.86,5.89,11823000000,11637075000.0,11823000000,-29345637901,-17.0,-13.036,-273700000.0,-1.314,1.0,6229700000.0,1.0,709400000,0.0,118850000000,116452775000.0,0,96713700000,,,160468100000,,,23386062099,337100000.0,0.0,-118700000.0,-3034900000.0,-583300000.0,17896400000.0,-17863300000.0,-16904600000.0,230700000.0,73300000.0,1278600000.0,1236800000.0,1236800000.0,0.0,0.0,0.199,4484000000.0,1745700000.0,0,0.475,1.978,18.909,19.053,496500000,41800000.0,112.22,3.754,3.754,0,12630900000,6229700000.0,6229700000.0,0.0,0.008,0.106,0.015,0.28,0.0,4145700000.0,1.0,208394779,208369188,209138090.0,29.897,171581700000,0,467100000.0,0,823.45,
1,NTRS,ART,2021-03-31,2021-04-27,2021-03-31,2021-09-08,65900000,163924100000,159360725000.0,,,0.038,55.056,-533500000.0,56638700000,56638700000,0.0,1223800000.0,,13.307,9959100000,,,9959100000,0,501900000.0,137457400000,0.025,2.8,1662400000.0,2164300000.0,0.357,2164300000.0,1662400000.0,1662400000.0,5.63,5.6,5.63,11457900000,11526875000.0,11457900000,-23538568228,-14.0,-10.876,4116900000.0,19.782,1.0,6062500000.0,1.0,704000000,0.0,116540500000,115010450000.0,0,95293300000,,,152466200000,,,23141031772,-1248800000.0,0.0,-119200000.0,-4324400000.0,-583400000.0,-2741700000.0,-3289000000.0,-2696800000.0,4650400000.0,131500000.0,1223800000.0,1181900000.0,1181900000.0,0.0,0.0,0.195,4400100000.0,1662400000.0,0,0.497,2.02,19.58,19.748,496700000,41900000.0,111.18,3.817,3.817,0,12415600000,6062500000.0,6062500000.0,0.0,0.007,0.103,0.014,0.274,0.0,4043500000.0,1.0,208140239,208112824,208946448.0,29.131,163220100000,0,438600000.0,0,784.287,
2,NTRS,ART,2020-12-31,2021-02-23,2020-12-31,2021-09-08,428000000,170003900000,158807000000.0,,,0.038,56.108,-560400000.0,64265700000,64265700000,0.0,1209300000.0,,13.545,8901000000,,,8901000000,0,500300000.0,143878000000,0.029,2.8,1627600000.0,2127900000.0,0.356,2127900000.0,1627600000.0,1627600000.0,5.48,5.46,5.48,11688300000,11382325000.0,11688300000,-35043632133,-22.0,-16.469,1336400000.0,6.415,1.0,5975800000.0,1.0,707200000,0.0,113932000000,115543050000.0,0,94971000000,,,158315600000,,,20321067867,-69700000.0,0.0,-280300000.0,-2956400000.0,-584600000.0,27871900000.0,-29923000000.0,-28813100000.0,1896800000.0,84600000.0,1209300000.0,1153100000.0,1153100000.0,0.0,0.0,0.193,4348200000.0,1627600000.0,0,0.511,1.739,17.623,17.801,514900000,56200000.0,97.55,3.401,3.401,0,12207700000,5975800000.0,5975800000.0,0.0,0.007,0.101,0.014,0.272,0.0,4001500000.0,1.0,208314381,208319412,208319412.0,28.686,169296700000,0,418300000.0,0,812.678,
3,NTRS,ART,2020-09-30,2020-10-27,2020-09-30,2021-09-08,424500000,152082000000,150513125000.0,,,0.04,55.64,-635400000.0,48269900000,48269900000,0.0,1339500000.0,,12.134,13374500000,,,13374500000,0,489800000.0,122589100000,0.035,2.8,1730600000.0,2220400000.0,0.37,2220400000.0,1730600000.0,1730600000.0,6.06,6.04,6.06,11579100000,11233000000.0,11579100000,-18100016497,-10.0,-8.152,1421500000.0,6.831,1.0,6000100000.0,1.0,698000000,0.0,116488600000,113055725000.0,0,91848900000,,,140502900000,,,16795383503,-300100000.0,0.0,-528100000.0,1000700000.0,-587500000.0,23147100000.0,-25517900000.0,-24500800000.0,2056900000.0,13800000.0,1339500000.0,1282200000.0,1282200000.0,0.0,0.0,0.214,4269500000.0,1730600000.0,0,0.462,1.45,13.099,13.317,510000000,57300000.0,80.7,2.799,2.799,0,12118300000,6000100000.0,6000100000.0,0.0,0.009,0.114,0.015,0.288,0.0,3906700000.0,1.0,208121233,208106190,208688494.0,28.832,151384000000,0,391100000.0,0,727.436,
4,NTRS,ART,2020-06-30,2020-07-28,2020-06-30,2021-09-08,370400000,151432900000,143581575000.0,,,0.042,54.704,-627700000.0,51036100000,51036100000,0.0,1429600000.0,,12.304,13374500000,,,13374500000,0,481200000.0,122054100000,0.036,2.8,1849300000.0,2330500000.0,0.385,2330500000.0,1849300000.0,1849300000.0,6.44,6.41,6.44,11382200000,11041050000.0,11382200000,-21617658227,-12.0,-9.276,2084200000.0,10.017,1.0,6060400000.0,1.0,690600000,0.0,113080700000,109916975000.0,0,88751100000,,,140050700000,,,16043941773,-886100000.0,-10500000.0,-823100000.0,959700000.0,-570800000.0,21501900000.0,-25027600000.0,-23490000000.0,2711900000.0,-72300000.0,1429600000.0,1371100000.0,1371100000.0,0.0,0.0,0.226,4211100000.0,1849300000.0,0,0.435,1.41,11.702,11.972,501000000,58500000.0,77.1,2.647,2.647,0,11988400000,6060400000.0,6060400000.0,0.0,0.01,0.124,0.017,0.305,0.0,3883300000.0,1.0,208092630,208068635,208568357.0,29.127,150742300000,0,419700000.0,0,724.484,
5,NTRS,ART,2020-03-31,2020-04-27,2020-03-31,2021-09-08,45000000,161709200000,137361075000.0,,,0.045,52.086,-641200000.0,56851800000,56851800000,0.0,1505700000.0,,13.863,14502800000,,,14502800000,0,468800000.0,131491200000,0.034,2.7,1953000000.0,2421800000.0,0.395,2421800000.0,1953000000.0,1953000000.0,6.73,6.7,6.73,10879700000,10896875000.0,10879700000,-25723561803,-13.0,-10.622,-1028200000.0,-4.922,1.0,6133400000.0,1.0,689300000,0.0,118670900000,106737650000.0,0,89758500000,,,150829500000,,,16625438197,759100000.0,-10500000.0,-1092300000.0,2406800000.0,-556000000.0,37770300000.0,-36512900000.0,-34053200000.0,-387000000.0,-111300000.0,1505700000.0,1446100000.0,1446100000.0,0.0,0.0,0.236,4180400000.0,1953000000.0,0,0.401,1.528,11.497,11.874,490200000,59600000.0,79.91,2.711,2.721,0,11828100000,6133400000.0,6133400000.0,0.0,0.011,0.133,0.018,0.318,0.0,3861500000.0,1.0,208052036,208881131,209816822.0,29.363,161019900000,0,447300000.0,0,770.869,
6,NTRS,ART,2019-12-31,2020-02-25,2019-12-31,2021-09-08,-194700000,136828400000,127401125000.0,,,0.048,51.7,-599800000.0,43935100000,43935100000,0.0,1492200000.0,,11.337,11786200000,,,11786200000,0,458900000.0,109120600000,0.029,2.6,1944100000.0,2403000000.0,0.395,2403000000.0,1944100000.0,1944100000.0,6.66,6.63,6.66,11091000000,10831000000.0,11091000000,-13080160197,-7.0,-5.443,1992200000.0,9.287,1.0,6087600000.0,1.0,696800000,0.0,103982700000,102106200000.0,0,82466200000,,,125737400000,,,19068739803,-122400000.0,-10500000.0,-1056200000.0,-2406900000.0,-529700000.0,615900000.0,-3405000000.0,-2340800000.0,2592000000.0,74700000.0,1492200000.0,1445800000.0,1445800000.0,0.0,0.0,0.237,4143500000.0,1944100000.0,0,0.39,1.719,13.189,13.683,483300000,46400000.0,91.13,3.132,3.211,0,11656700000,6087600000.0,6087600000.0,0.0,0.011,0.133,0.019,0.319,0.0,3813700000.0,1.0,209247666,214525547,214525547.0,28.377,136131600000,0,451900000.0,0,634.571,
7,NTRS,ART,2019-09-30,2019-10-28,2019-09-30,2021-09-08,-91000000,124355800000,126247150000.0,,,0.048,50.715,-532400000.0,32035700000,32035700000,0.0,1531000000.0,,10.502,12300700000,,,12300700000,0,455600000.0,97264200000,0.024,2.45,1953600000.0,2409200000.0,0.398,2409200000.0,1953600000.0,1953600000.0,6.76,6.72,6.76,10811300000,10685325000.0,10811300000,1989222088,1.0,0.826,882300000.0,4.139,1.0,6046700000.0,1.0,687200000,0.0,103933600000,102489900000.0,0,81147800000,,,113544500000,,,21724222088,-35800000.0,-44700000.0,-1047800000.0,-1603000000.0,-502800000.0,-9421100000.0,7977300000.0,9855200000.0,1414700000.0,-6700000.0,1531000000.0,1484500000.0,1484500000.0,0.0,0.0,0.246,4093100000.0,1953600000.0,0,0.362,2.009,14.634,15.167,400500000,46500000.0,102.53,3.593,3.615,0,11441200000,6046700000.0,6046700000.0,0.0,0.012,0.139,0.019,0.323,0.0,3762300000.0,1.0,211881616,213176809,214206576.0,28.365,123668600000,0,422600000.0,0,580.122,
8,NTRS,ART,2019-06-30,2019-07-30,2019-06-30,2021-09-08,-159800000,126550900000,128252825000.0,,,0.047,49.993,-545000000.0,37755900000,37755900000,0.0,1520900000.0,,10.712,12250400000,,,12250400000,0,454000000.0,100230400000,0.023,2.3,1926000000.0,2380000000.0,0.398,2380000000.0,1926000000.0,1926000000.0,6.65,6.61,6.65,10805500000,10573625000.0,10805500000,-4211975979,-2.0,-1.77,1746500000.0,8.08,1.0,5985100000.0,1.0,682000000,0.0,100363400000,102313850000.0,0,79091000000,,,115745400000,,,21293524021,460200000.0,-34200000.0,-979300000.0,-2916500000.0,-467700000.0,-9877200000.0,8040900000.0,8818300000.0,2291500000.0,5000000.0,1520900000.0,1474500000.0,1474500000.0,0.0,0.0,0.246,4059100000.0,1926000000.0,0,0.346,1.971,14.441,14.901,407500000,46400000.0,99.09,3.558,3.578,0,11225500000,5985100000.0,5985100000.0,0.0,0.011,0.139,0.019,0.322,0.0,3723200000.0,1.0,214890746,216139033,217169539.0,27.691,125868900000,0,405100000.0,0,582.352,
9,NTRS,ART,2019-03-31,2019-04-29,2019-03-31,2021-09-08,-345300000,121869400000,130391650000.0,,,0.046,48.645,-511200000.0,32910100000,32910100000,0.0,1521900000.0,,10.48,11868800000,,,11868800000,0,458900000.0,95844200000,0.022,2.12,1926300000.0,2385200000.0,0.399,2385200000.0,1926300000.0,1926300000.0,6.58,6.54,6.58,10616200000,10461650000.0,10616200000,415081378,0.0,0.174,2027800000.0,9.292,1.0,5976600000.0,1.0,683000000,0.0,100145100000,103612450000.0,0,79707600000,,,111253200000,,,21456381378,-1007300000.0,-104200000.0,-899500000.0,438900000.0,-431200000.0,-8097400000.0,4778500000.0,6641600000.0,2539000000.0,-227400000.0,1521900000.0,1475500000.0,1475500000.0,0.0,0.0,0.247,4050300000.0,1926300000.0,0,0.322,2.021,14.542,14.98,411500000,46400000.0,98.57,3.59,3.599,0,10972900000,5976600000.0,5976600000.0,0.0,0.011,0.141,0.019,0.322,0.0,3716000000.0,1.0,217676589,218236802,219270215.0,27.386,121186400000,0,404400000.0,0,555.298,
10,NTRS,ART,2018-12-31,2019-02-26,2018-12-31,2021-09-08,-453700000,132212500000,132342350000.0,,,0.045,47.091,-506000000.0,40091200000,40091200000,0.0,1556400000.0,,11.582,14065500000,,,14065500000,0,460900000.0,104496800000,0.021,1.94,1957800000.0,2418700000.0,0.405,2418700000.0,1957800000.0,1957800000.0,6.68,6.64,6.68,10508300000,10364100000.0,10508300000,-5726509817,-3.0,-2.368,1261500000.0,5.653,1.0,5974700000.0,1.0,669300000,0.0,105517500000,103186425000.0,0,83620500000,,,121704200000,,,20299190183,63500000.0,-104200000.0,-891700000.0,1687400000.0,-405400000.0,-5818200000.0,4327100000.0,5860600000.0,1767500000.0,-212900000.0,1556400000.0,1510000000.0,1510000000.0,0.0,0.0,0.253,4016900000.0,1957800000.0,0,0.29,1.932,13.443,13.913,428200000,46400000.0,92.94,3.398,3.471,0,10776800000,5974700000.0,5974700000.0,0.0,0.011,0.146,0.019,0.328,0.0,3686300000.0,1.0,218411773,223148335,223148335.0,26.775,131543200000,0,401400000.0,0,589.488,
11,NTRS,ART,2018-09-30,2018-10-29,2018-09-30,2021-09-08,-526900000,132378500000,133936850000.0,,,0.044,46.594,-449000000.0,42182700000,42182700000,0.0,1503100000.0,,11.772,13706300000,,,13706300000,0,457400000.0,104891300000,0.02,1.81,1907500000.0,2364900000.0,0.401,2364900000.0,1907500000.0,1907500000.0,6.39,6.35,6.39,10364500000,10291075000.0,10364500000,-8566315455,-4.0,-3.622,1710100000.0,7.688,1.0,5904400000.0,1.0,672700000,0.0,103229400000,101418800000.0,0,81812000000,,,122014000000,,,19910084545,-189500000.0,-258500000.0,-805500000.0,1626500000.0,-379200000.0,540100000.0,-2707700000.0,-995500000.0,2159100000.0,-181000000.0,1503100000.0,1456700000.0,1456700000.0,0.0,0.0,0.247,3996900000.0,1907500000.0,0,0.283,1.921,13.668,14.074,417200000,46400000.0,89.93,3.372,3.388,0,10496300000,5904400000.0,5904400000.0,0.0,0.011,0.142,0.019,0.323,0.0,3663300000.0,1.0,221395358,222442797,222442797.0,26.543,131705800000,0,404400000.0,0,592.088,
12,NTRS,ART,2018-06-30,2018-07-30,2018-06-30,2021-09-08,-508100000,135106200000,133692275000.0,,,0.043,46.196,-450900000.0,43899100000,43899100000,0.0,1427000000.0,,12.044,15024200000,,,15024200000,0,448500000.0,106524900000,0.015,1.68,1843100000.0,2291600000.0,0.397,2291600000.0,1843100000.0,1843100000.0,6.01,5.97,6.01,10357600000,10241250000.0,10357600000,-4311670722,-2.0,-1.882,811400000.0,3.619,1.0,5773300000.0,1.0,673500000,0.0,105557800000,99699275000.0,0,81756300000,,,124748600000,,,24563229278,-806700000.0,-258500000.0,-689600000.0,7009100000.0,-372200000.0,8112200000.0,-10106100000.0,-8098000000.0,1262300000.0,-75100000.0,1427000000.0,1380600000.0,1380600000.0,0.0,0.0,0.239,3930200000.0,1843100000.0,0,0.28,2.372,17.792,18.304,428800000,46400000.0,110.01,4.255,4.272,0,10262500000,5773300000.0,5773300000.0,0.0,0.01,0.135,0.018,0.319,0.0,3601700000.0,1.0,223281786,224207590,224207590.0,25.75,134432700000,0,416100000.0,0,599.59,
13,NTRS,ART,2018-03-31,2018-05-04,2018-03-31,2021-09-08,-505700000,129672200000,131317150000.0,,,0.043,45.312,-464400000.0,41993600000,41993600000,0.0,1304500000.0,,11.681,11374000000,,,11374000000,0,436300000.0,105191400000,0.016,1.64,1726700000.0,2163000000.0,0.386,2163000000.0,1726700000.0,1726700000.0,5.44,5.41,5.44,10226000000,10168825000.0,10226000000,-7031512632,-4.0,-3.251,-6500000.0,-0.029,1.0,5596900000.0,1.0,611600000,0.0,98441000000,96186525000.0,0,80585000000,,,119446200000,,,23588087368,1432200000.0,-188500000.0,-626300000.0,3479700000.0,-364900000.0,4793100000.0,-3891900000.0,-3249200000.0,457900000.0,73100000.0,1304500000.0,1258100000.0,1258100000.0,0.0,0.0,0.225,3870200000.0,1726700000.0,0,0.301,2.307,18.749,19.272,442600000,46400000.0,104.84,4.214,4.227,0,9973800000,5596900000.0,5596900000.0,0.0,0.01,0.124,0.018,0.309,0.0,3534700000.0,1.0,224991295,225681167,225681167.0,24.8,129060600000,0,422200000.0,0,571.871,
14,NTRS,ART,2017-12-31,2018-02-27,2017-12-31,2021-09-08,-414300000,138590500000,129271275000.0,,,0.042,44.757,-472800000.0,51933400000,51933400000,0.0,1199000000.0,,12.566,12395500000,,,12395500000,0,421700000.0,112390800000,0.015,1.6,1633900000.0,2055600000.0,0.38,2055600000.0,1633900000.0,1633900000.0,4.95,4.92,4.95,10216200000,10106750000.0,10216200000,-15187501691,-9.0,-7.388,1247600000.0,5.466,1.0,5403300000.0,1.0,605600000,0.0,98447000000,94365000000.0,0,79252600000,,,128374300000,,,24350398309,-813900000.0,-188500000.0,-415100000.0,3550700000.0,-356800000.0,11252700000.0,-14021600000.0,-12793500000.0,1720400000.0,234600000.0,1199000000.0,1149200000.0,1149200000.0,0.0,0.0,0.213,3769400000.0,1633900000.0,0,0.323,2.384,21.189,21.735,464600000,49800000.0,107.59,4.507,4.545,0,9685100000,5403300000.0,5403300000.0,0.0,0.009,0.114,0.017,0.302,0.0,3437800000.0,1.0,226325851,228257664,228257664.0,23.672,137984900000,0,434900000.0,0,604.514,
15,NTRS,ART,2017-09-30,2017-10-26,2017-09-30,2021-09-08,-335100000,131400200000,125605375000.0,,,0.042,44.582,-516900000.0,46678800000,46678800000,0.0,1108900000.0,,11.926,12156400000,,,12156400000,0,407800000.0,105810600000,0.016,1.56,1587800000.0,1995600000.0,0.382,1995600000.0,1587800000.0,1587800000.0,4.55,4.52,4.55,10165200000,9995300000.0,10165200000,-12799133853,-8.0,-6.414,1191300000.0,5.225,1.0,5229200000.0,1.0,526500000,0.0,96351300000,93133075000.0,0,77842500000,,,121235000000,,,21723266147,370200000.0,0.0,-162600000.0,4408200000.0,-347300000.0,9532000000.0,-10905100000.0,-10433000000.0,1708200000.0,35100000.0,1108900000.0,1059200000.0,1059200000.0,0.0,0.0,0.203,3641400000.0,1587800000.0,0,0.343,2.137,20.509,20.993,462500000,49700000.0,95.52,4.154,4.165,0,9431200000,5229200000.0,5229200000.0,0.0,0.008,0.106,0.017,0.304,0.0,3324400000.0,1.0,227421128,228010866,228010866.0,22.934,130873700000,0,478900000.0,0,573.98,
16,NTRS,ART,2017-06-30,2017-07-27,2017-06-30,2021-09-08,-338900000,125605700000,122776575000.0,,,0.041,43.927,-507000000.0,41696200000,41696200000,0.0,1068100000.0,,11.476,8120400000,,,8120400000,0,394800000.0,104312100000,0.017,1.52,1544900000.0,1939700000.0,0.381,1939700000.0,1544900000.0,1544900000.0,4.43,4.4,4.43,10067900000,9848950000.0,10067900000,-13546721009,-9.0,-6.984,1828700000.0,7.979,1.0,5093700000.0,1.0,523100000,0.0,91506800000,92143950000.0,0,76761500000,,,115537800000,,,20029078991,382700000.0,0.0,-80300000.0,-1891200000.0,-342100000.0,3592200000.0,-5559700000.0,-5690400000.0,2335700000.0,14500000.0,1068100000.0,1029800000.0,1029800000.0,0.0,0.0,0.202,3548800000.0,1544900000.0,0,0.343,1.989,19.449,19.788,463300000,38300000.0,87.66,3.932,3.944,0,9247500000,5093700000.0,5093700000.0,0.0,0.008,0.105,0.017,0.303,0.0,3252400000.0,1.0,228485957,229196531,229196531.0,22.224,125082600000,0,476800000.0,0,545.744,
17,NTRS,ART,2017-03-31,2017-05-02,2017-03-31,2021-09-08,-352000000,121488700000,121752550000.0,,,0.042,43.559,-490600000.0,37790300000,37790300000,0.0,1060900000.0,,11.176,7975800000,,,7975800000,0,384300000.0,100529500000,0.017,1.5,1548800000.0,1933100000.0,0.38,1933100000.0,1548800000.0,1548800000.0,4.41,4.37,4.41,9977700000,9569850000.0,9977700000,-9239007251,-6.0,-4.779,2103200000.0,9.182,1.0,5085200000.0,1.0,519300000,0.0,91154900000,92737500000.0,0,77247200000,,,111511000000,,,20575492749,-2329700000.0,-16900000.0,-75200000.0,93300000.0,-337100000.0,4825900000.0,-9818800000.0,-9794600000.0,2593800000.0,69400000.0,1060900000.0,1022700000.0,1022700000.0,0.0,0.0,0.201,3536400000.0,1548800000.0,0,0.34,2.062,20.119,20.322,459900000,38200000.0,89.62,4.046,4.037,0,9074400000,5085200000.0,5085200000.0,0.0,0.008,0.107,0.017,0.305,0.0,3181300000.0,1.0,229585949,229059540,229059540.0,22.2,120969400000,0,487900000.0,0,528.113,
18,NTRS,ART,2016-12-31,2017-02-28,2016-12-31,2021-09-08,-370000000,123926900000,120830075000.0,,,0.041,42.932,-473400000.0,38781100000,38781100000,0.0,1032500000.0,,11.684,8892900000,,,8892900000,0,373300000.0,101651700000,0.017,1.48,1517100000.0,1890400000.0,0.379,1890400000.0,1517100000.0,1517100000.0,4.35,4.32,4.35,9770400000,9283625000.0,9770400000,-9903222207,-7.0,-5.239,1036600000.0,4.555,1.0,4987800000.0,1.0,519400000,0.0,93519300000,95681100000.0,0,78162300000,,,114156500000,,,19984977793,-1086500000.0,-16900000.0,-177300000.0,847200000.0,-333000000.0,7536900000.0,-10192100000.0,-11033300000.0,1510000000.0,58700000.0,1032500000.0,1009100000.0,1009100000.0,0.0,0.0,0.202,3470700000.0,1517100000.0,0,0.34,2.045,19.805,20.08,466600000,23400000.0,87.35,4.007,3.986,0,8908400000,4987800000.0,4987800000.0,0.0,0.008,0.109,0.016,0.304,0.0,3106300000.0,1.0,228791961,227580584,227580584.0,21.917,123407500000,0,484600000.0,0,542.258,
19,NTRS,ART,2016-09-30,2016-10-26,2016-09-30,2021-09-08,-259700000,120085000000,119035750000.0,,,0.041,42.287,-457600000.0,35023200000,35023200000,0.0,999400000.0,,11.535,7857400000,,,7857400000,0,366200000.0,99471300000,0.02,1.46,1478000000.0,1844200000.0,0.376,1844200000.0,1478000000.0,1478000000.0,4.2,4.17,4.2,9579800000,9017500000.0,9579800000,-10985033308,-7.0,-5.957,1564500000.0,6.906,1.0,4899600000.0,1.0,524400000,0.0,92394800000,97831400000.0,0,77922400000,,,110505200000,,,16180766692,432900000.0,-16900000.0,-430800000.0,-228600000.0,-330500000.0,-213800000.0,-1642800000.0,-1663100000.0,2022100000.0,267400000.0,999400000.0,975900000.0,975900000.0,0.0,0.0,0.199,3421600000.0,1478000000.0,0,0.348,1.689,16.58,17.014,438800000,23500000.0,71.46,3.302,3.304,0,8736100000,4899600000.0,4899600000.0,0.0,0.008,0.108,0.015,0.302,0.0,3060300000.0,1.0,226431104,226540086,226540086.0,21.628,119560600000,0,478600000.0,0,527.768,
20,NTRS,ART,2016-06-30,2016-07-27,2016-06-30,2021-09-08,-239600000,121509600000,119013300000.0,,,0.041,39.341,-427900000.0,37202300000,37202300000,0.0,976400000.0,,12.574,10101500000,,,10101500000,0,356500000.0,99086900000,0.021,1.44,1457500000.0,1814000000.0,0.374,1814000000.0,1457500000.0,1457500000.0,4.08,4.05,4.08,8951500000,8818675000.0,8951500000,-11583853730,-8.0,-6.386,-633800000.0,-2.785,1.0,4848400000.0,1.0,527800000,0.0,93881000000,101699325000.0,0,75371200000,,,112558100000,,,15516946270,-1814700000.0,-16900000.0,-529200000.0,3248800000.0,-332400000.0,2433000000.0,-4170400000.0,-3098200000.0,-205900000.0,128600000.0,976400000.0,953000000.0,953000000.0,0.0,0.0,0.197,3390900000.0,1457500000.0,0,0.353,1.733,16.282,16.784,434000000,23400000.0,68.48,3.2,3.214,0,8566300000,4848400000.0,4848400000.0,0.0,0.008,0.108,0.014,0.301,0.0,3035700000.0,1.0,226590921,227535701,227535701.0,21.308,120981800000,0,481100000.0,0,531.705,
21,NTRS,ART,2016-03-31,2016-04-28,2016-03-31,2021-09-08,-283900000,117798800000,118621625000.0,,,0.04,38.635,-416600000.0,22305700000,22305700000,0.0,984900000.0,,12.337,7959800000,,,7959800000,0,353500000.0,97659600000,0.02,1.44,1474200000.0,1827700000.0,0.381,1827700000.0,1474200000.0,1474200000.0,4.09,4.06,4.09,8832800000,8768125000.0,8832800000,1992903416,1.0,1.09,627900000.0,2.746,1.0,4794600000.0,1.0,523600000,0.0,102929300000,103835625000.0,0,87564600000,,,108966000000,,,16338803416,2930200000.0,0.0,-462900000.0,965700000.0,-327200000.0,10728800000.0,-9053400000.0,-8629600000.0,1044500000.0,210300000.0,984900000.0,961500000.0,961500000.0,0.0,0.0,0.201,3320400000.0,1474200000.0,0,0.352,1.85,16.993,17.509,437800000,23400000.0,71.61,3.408,3.415,0,8394800000,4794600000.0,4794600000.0,0.0,0.008,0.11,0.014,0.307,0.0,2991400000.0,1.0,228163712,228619089,228619089.0,20.972,117275200000,0,489300000.0,0,512.972,
22,NTRS,ART,2015-12-31,2016-02-29,2015-12-31,2021-09-08,-372700000,116749600000,115909925000.0,,,0.041,37.48,-433500000.0,22201900000,22201900000,0.0,973800000.0,,12.41,8099200000,,,8099200000,0,351600000.0,96868900000,0.024,1.41,1465000000.0,1816600000.0,0.383,1816600000.0,1465000000.0,1465000000.0,4.03,3.99,4.03,8705900000,8711825000.0,8705900000,-505620520,0.0,-0.278,1400900000.0,6.031,1.0,4745600000.0,1.0,526400000,0.0,102120500000,101322075000.0,0,86953000000,,,108043700000,,,13597079480,3394000000.0,0.0,-402900000.0,1161900000.0,-321400000.0,8534100000.0,-6900700000.0,-5649300000.0,1834400000.0,-73800000.0,973800000.0,950400000.0,950400000.0,0.0,0.0,0.2,3280600000.0,1465000000.0,0,0.35,1.562,14.307,14.734,446900000,23400000.0,59.38,2.865,2.906,0,8242800000,4745600000.0,4745600000.0,0.0,0.008,0.109,0.014,0.309,0.0,2952600000.0,1.0,228984161,232279849,232279849.0,20.431,116223200000,0,491200000.0,0,500.359,
23,NTRS,ART,2015-09-30,2015-10-28,2015-09-30,2021-09-08,-273700000,119995200000,114209150000.0,,,0.041,37.826,-407600000.0,19676500000,19676500000,0.0,978500000.0,,12.66,8077500000,,,8077500000,0,347200000.0,99935900000,0.019,1.38,1460400000.0,1807600000.0,0.385,1807600000.0,1460400000.0,1460400000.0,4.01,3.98,4.01,8784500000,8647575000.0,8784500000,4919378518,3.0,2.721,-261300000.0,-1.125,1.0,4697500000.0,1.0,529700000,0.0,107866500000,100108000000.0,0,92326900000,,,111210700000,,,16518378518,1567000000.0,0.0,-416200000.0,1092400000.0,-315300000.0,11152000000.0,-9657100000.0,-8908300000.0,146300000.0,-74200000.0,978500000.0,951500000.0,951500000.0,0.0,0.0,0.203,3237100000.0,1460400000.0,0,0.344,1.88,17.36,17.815,427700000,27000000.0,71.44,3.516,3.532,0,8093700000,4697500000.0,4697500000.0,0.0,0.008,0.11,0.015,0.311,0.0,2912500000.0,1.0,231220304,232231720,232231720.0,20.228,119465500000,0,481900000.0,0,514.424,
24,NTRS,ART,2015-06-30,2015-07-29,2015-06-30,2021-09-08,-273700000,119942900000,111998775000.0,,,0.041,37.527,-408900000.0,23823200000,23823200000,0.0,948400000.0,,12.709,6840800000,,,6840800000,0,346300000.0,100687900000,0.018,1.35,1411400000.0,1757700000.0,0.381,1757700000.0,1411400000.0,1411400000.0,3.89,3.86,3.89,8749300000,8587100000.0,8749300000,889053398,1.0,0.506,514300000.0,2.206,1.0,4610900000.0,1.0,534300000,0.0,102426200000,97675500000.0,0,89012800000,,,111193600000,,,17871453398,3207700000.0,0.0,-312800000.0,1252700000.0,-307100000.0,15088600000.0,-12788500000.0,-12626300000.0,923200000.0,-15600000.0,948400000.0,927200000.0,927200000.0,0.0,0.0,0.201,3199500000.0,1411400000.0,0,0.347,2.043,19.275,19.73,436500000,21200000.0,76.75,3.876,3.881,0,7949800000,4610900000.0,4610900000.0,0.0,0.008,0.108,0.014,0.306,0.0,2870800000.0,1.0,232852813,233149020,233149020.0,19.777,119408600000,0,463000000.0,0,512.156,
25,NTRS,ART,2015-03-31,2015-04-28,2015-03-31,2021-09-08,-266400000,106952000000,108453350000.0,,,0.041,36.882,-415000000.0,20621000000,20621000000,0.0,861100000.0,,11.425,7071400000,,,7071400000,0,340600000.0,86736500000,0.018,1.32,1270700000.0,1611300000.0,0.364,1611300000.0,1270700000.0,1270700000.0,3.54,3.51,3.54,8607600000,8410425000.0,8607600000,3612320372,3.0,2.242,473300000.0,2.028,1.0,4426700000.0,1.0,527300000,0.0,92875100000,91009150000.0,0,77778300000,,,98344400000,,,17161920372,398500000.0,0.0,-319200000.0,308700000.0,-304900000.0,4094300000.0,-4584400000.0,-4034500000.0,888300000.0,300000.0,861100000.0,845700000.0,845700000.0,0.0,0.0,0.191,3156000000.0,1270700000.0,0,0.373,1.994,20.293,20.774,442400000,15400000.0,73.54,3.877,3.877,0,7771700000,4426700000.0,4426700000.0,0.0,0.008,0.101,0.014,0.287,0.0,2879900000.0,1.0,233368512,233381168,233381168.0,18.968,106424700000,0,409600000.0,0,456.012,
26,NTRS,ART,2014-12-31,2015-02-26,2014-12-31,2021-09-08,-319700000,109946500000,107673500000.0,,,0.04,35.826,-409500000.0,19041600000,19041600000,0.0,811800000.0,,12.013,6892500000,,,6892500000,0,335700000.0,90757000000,0.019,1.3,1190200000.0,1525900000.0,0.353,1525900000.0,1190200000.0,1190200000.0,3.34,3.32,3.34,8448900000,8245600000.0,8448900000,4236996887,4.0,2.777,526500000.0,2.233,1.0,4325200000.0,1.0,533200000,0.0,97264200000,86826875000.0,0,82493500000,,,101497600000,,,16386096887,-111800000.0,0.0,-353200000.0,-868700000.0,-302900000.0,7073700000.0,-8212400000.0,-7421400000.0,936000000.0,90900000.0,811800000.0,802300000.0,802300000.0,0.0,0.0,0.185,3135000000.0,1190200000.0,0,0.389,1.939,20.424,21.012,444300000,9500000.0,70.18,3.789,3.827,0,7625400000,4325200000.0,4325200000.0,0.0,0.007,0.097,0.014,0.275,0.0,2862900000.0,1.0,233486704,235829790,235829790.0,18.34,109413300000,0,378400000.0,0,463.95,
27,NTRS,ART,2014-09-30,2014-10-31,2014-09-30,2021-09-08,-218400000,111153700000,105923700000.0,,,0.04,36.243,-462300000.0,19263400000,19263400000,0.0,737500000.0,,12.012,6784300000,,,6784300000,0,331600000.0,91722500000,0.019,1.28,1090100000.0,1421700000.0,0.335,1421700000.0,1090100000.0,1090100000.0,3.06,3.04,3.06,8542600000,8111375000.0,8542600000,3134882030,3.0,2.205,689600000.0,2.926,1.0,4238300000.0,1.0,538100000,0.0,98136500000,80968225000.0,0,84087200000,,,102611100000,,,15613982030,228200000.0,0.0,-304000000.0,150500000.0,-299700000.0,14305200000.0,-15259200000.0,-15609100000.0,1151900000.0,30300000.0,737500000.0,737500000.0,737500000.0,0.0,0.0,0.174,3148200000.0,1090100000.0,0,0.418,1.828,21.172,21.667,436600000,0.0,66.3,3.684,3.687,0,7469400000,4238300000.0,4238300000.0,0.0,0.007,0.091,0.013,0.257,0.0,2848500000.0,1.0,235505008,235701076,235701076.0,17.982,110615600000,0,352600000.0,0,469.305,
28,NTRS,ART,2014-06-30,2014-07-28,2014-06-30,2021-09-08,-205200000,105761200000,102127650000.0,,,0.041,34.077,-414500000.0,34923000000,34923000000,0.0,739500000.0,,12.15,5467200000,,,5467200000,0,331600000.0,88862500000,0.019,1.26,1087400000.0,1419000000.0,0.338,1419000000.0,1087400000.0,1087400000.0,3.06,3.04,3.06,8042600000,7930000000.0,8042600000,-13629200305,-13.0,-9.605,3246500000.0,13.756,1.0,4201600000.0,1.0,544600000,0.0,75760800000,74675150000.0,0,64385100000,,,97718600000,,,15826599695,-685700000.0,0.0,-350600000.0,-3272000000.0,-298700000.0,7039800000.0,-11479000000.0,-10551700000.0,3661000000.0,92500000.0,739500000.0,739500000.0,739500000.0,0.0,0.0,0.176,3114200000.0,1087400000.0,0,0.412,1.968,21.402,21.954,441900000,0.0,67.18,3.767,3.774,0,7344100000,4201600000.0,4201600000.0,0.0,0.007,0.093,0.015,0.259,0.0,2816000000.0,1.0,235584991,236012703,236012703.0,17.802,105216600000,0,347900000.0,0,445.809,
29,NTRS,ART,2014-03-31,2014-04-28,2014-03-31,2021-09-08,-236100000,103832600000,99996350000.0,,,0.041,33.508,-401000000.0,33553100000,33553100000,0.0,748700000.0,,12.063,6408100000,,,6408100000,0,325700000.0,86267700000,0.021,1.24,1102500000.0,1428200000.0,0.345,1428200000.0,1102500000.0,1102500000.0,3.08,3.07,3.08,7948300000,7850500000.0,7948300000,-13145320182,-12.0,-9.204,664300000.0,2.8,1.0,4135400000.0,1.0,541600000,0.0,76146000000,74636400000.0,0,63135400000,,,95884300000,,,13999679818,-97200000.0,0.0,-249400000.0,-717600000.0,-294500000.0,508800000.0,-10944300000.0,-9579100000.0,1065300000.0,-62200000.0,748700000.0,748700000.0,748700000.0,0.0,0.0,0.181,3032900000.0,1102500000.0,0,0.403,1.761,18.699,19.221,449400000,0.0,59.2,3.385,3.396,0,7241400000,4135400000.0,4135400000.0,0.0,0.007,0.095,0.015,0.267,0.0,2730100000.0,1.0,236481078,237208151,237208151.0,17.434,103291000000,0,353800000.0,0,435.445,
30,NTRS,ART,2013-12-31,2014-02-26,2013-12-31,2021-09-08,-244300000,102947300000,97327400000.0,,,0.042,33.068,-384900000.0,36000900000,36000900000,0.0,731300000.0,,12.012,7423900000,,,7423900000,0,318500000.0,84098100000,0.02,1.23,1075500000.0,1394000000.0,0.343,1394000000.0,1075500000.0,1075500000.0,3.01,2.99,3.01,7912000000,7766450000.0,7912000000,-13930241921,-13.0,-9.993,454400000.0,1.899,1.0,4069300000.0,1.0,540700000,0.0,73829600000,73400500000.0,0,59827700000,,,95035300000,,,14646758079,-590300000.0,0.0,-163500000.0,1606800000.0,-220600000.0,4388300000.0,-5683300000.0,-6098400000.0,839300000.0,-134600000.0,731300000.0,731300000.0,731300000.0,0.0,0.0,0.18,2993800000.0,1075500000.0,0,0.409,1.851,20.028,20.505,458800000,0.0,61.72,3.599,3.629,0,7134800000,4069300000.0,4069300000.0,0.0,0.008,0.094,0.015,0.264,0.0,2679600000.0,1.0,237309755,239265313,239265313.0,17.007,102406600000,0,344200000.0,0,428.004,
31,NTRS,ART,2013-09-30,2013-10-25,2013-09-30,2021-09-08,-337900000,95969500000,95956525000.0,,,0.042,32.581,-344000000.0,29062000000,29062000000,0.0,729300000.0,,11.277,6594400000,,,6594400000,0,311500000.0,78161700000,0.022,1.22,1053000000.0,1364500000.0,0.342,1364500000.0,1053000000.0,1053000000.0,3.0,2.98,3.0,7817100000,7670200000.0,7817100000,-8988911311,-9.0,-6.588,640100000.0,2.668,1.0,3993800000.0,1.0,537700000,0.0,72964200000,73103375000.0,0,59342400000,,,88152400000,,,13478688689,-706000000.0,0.0,-86700000.0,876500000.0,-291100000.0,1552800000.0,-3195300000.0,-1521700000.0,984100000.0,-47600000.0,729300000.0,729300000.0,729300000.0,0.0,0.0,0.183,2940800000.0,1053000000.0,0,0.407,1.724,18.482,18.8,444300000,0.0,56.4,3.375,3.388,0,7040100000,3993800000.0,3993800000.0,0.0,0.008,0.095,0.014,0.264,0.0,2641400000.0,1.0,238983842,239930074,239930074.0,16.646,95431800000,0,323700000.0,0,397.748,
32,NTRS,ART,2013-06-30,2013-08-02,2013-06-30,2021-09-08,-350700000,97236000000,95372275000.0,,,0.041,32.221,-360300000.0,29766300000,29766300000,0.0,701600000.0,,11.588,8666500000,,,8666500000,0,300700000.0,76534900000,0.02,1.21,1017600000.0,1318300000.0,0.337,1318300000.0,1017600000.0,1017600000.0,2.88,2.87,2.88,7724600000,7598975000.0,7724600000,-6881251046,-7.0,-5.22,-1366900000.0,-5.702,1.0,3914100000.0,1.0,530400000,0.0,75605800000,72177525000.0,0,58773600000,,,89511400000,,,14218548954,1036600000.0,0.0,-39000000.0,1306300000.0,-290000000.0,2368600000.0,-270200000.0,714200000.0,-1006600000.0,-55200000.0,701600000.0,701600000.0,701600000.0,0.0,0.0,0.179,2896500000.0,1017600000.0,0,0.42,1.841,20.266,20.559,454500000,0.0,59.21,3.633,3.627,0,6909200000,3914100000.0,3914100000.0,0.0,0.007,0.092,0.014,0.26,0.0,2602000000.0,1.0,240137628,239738592,239738592.0,16.327,96705600000,0,316000000.0,0,403.379,
33,NTRS,ART,2013-03-31,2013-04-30,2013-03-31,2021-09-08,-284100000,93156800000,94677250000.0,,,0.041,31.827,-327500000.0,28548400000,28548400000,0.0,690100000.0,,11.238,7123500000,,,7123500000,0,294100000.0,75822100000,0.022,1.2,998000000.0,1292100000.0,0.333,1292100000.0,998000000.0,998000000.0,2.83,2.82,2.83,7612100000,7515400000.0,7612100000,-8525088043,-9.0,-6.598,41800000.0,0.175,1.0,3882100000.0,1.0,529500000,0.0,71202400000,70960925000.0,0,58679300000,,,85544700000,,,12899811957,-506800000.0,0.0,-94900000.0,-214900000.0,-287900000.0,10382000000.0,-1836600000.0,-1589100000.0,369300000.0,-86300000.0,690100000.0,690100000.0,690100000.0,0.0,0.0,0.178,2884100000.0,998000000.0,0,0.424,1.695,18.693,19.053,457200000,0.0,53.92,3.323,3.322,0,6793800000,3882100000.0,3882100000.0,0.0,0.007,0.092,0.014,0.257,0.0,2593500000.0,1.0,239239836,239167559,239167559.0,16.232,92627300000,0,307900000.0,0,387.29,
34,NTRS,ART,2012-12-31,2013-02-26,2012-12-31,2021-09-08,-283000000,97463800000,94289125000.0,,,0.041,31.308,-312500000.0,30236700000,30236700000,0.0,687300000.0,,11.949,5951800000,,,5951800000,0,289400000.0,81407800000,0.022,1.18,992300000.0,1281700000.0,0.331,1281700000.0,992300000.0,992300000.0,2.82,2.81,2.82,7527000000,7418175000.0,7527000000,-11733925841,-12.0,-9.155,501900000.0,2.088,1.0,3871100000.0,1.0,537800000,0.0,72641100000,71396125000.0,0,60240100000,,,89936800000,,,12550974159,-562600000.0,0.0,-55600000.0,-1393300000.0,-354300000.0,-3072900000.0,1627600000.0,3372100000.0,814400000.0,68300000.0,687300000.0,687300000.0,687300000.0,0.0,0.0,0.178,2878800000.0,992300000.0,0,0.418,1.667,18.261,18.61,469900000,0.0,52.48,3.242,3.259,0,6702700000,3871100000.0,3871100000.0,0.0,0.007,0.093,0.014,0.256,0.0,2595900000.0,1.0,239157282,240417805,240417805.0,16.102,96926000000,0,305000000.0,0,403.156,
35,NTRS,ART,2012-09-30,2012-10-26,2012-09-30,2021-09-08,-215900000,93632500000,94979100000.0,,,0.041,31.353,-273500000.0,29548400000,29548400000,0.0,649800000.0,,11.431,5714700000,,,5714700000,0,283900000.0,76931600000,0.025,1.16,940500000.0,1224400000.0,0.318,1224400000.0,940500000.0,940500000.0,2.65,2.66,2.65,7532200000,7315750000.0,7532200000,-12522375085,-13.0,-10.227,1909000000.0,7.946,1.0,3849500000.0,1.0,538000000,0.0,69260800000,71384000000.0,0,58433400000,,,86100300000,,,11311324915,-939900000.0,0.0,-6000000.0,-603500000.0,-277700000.0,-1896100000.0,-1139200000.0,-921600000.0,2182500000.0,-87100000.0,649800000.0,649800000.0,649800000.0,0.0,0.0,0.169,2909000000.0,940500000.0,0,0.438,1.502,17.407,17.8,453700000,0.0,47.17,2.938,2.944,0,6607900000,3849500000.0,3849500000.0,0.0,0.007,0.089,0.013,0.244,0.0,2648800000.0,1.0,239799129,240237014,240237014.0,16.024,93094500000,0,290700000.0,0,387.511,
36,NTRS,ART,2012-06-30,2012-07-27,2012-06-30,2021-09-08,-274100000,94455900000,95595525000.0,,,0.04,30.678,-388000000.0,30492700000,30492700000,0.0,641400000.0,,11.781,7309400000,,,7309400000,0,279300000.0,76995900000,0.025,1.14,927200000.0,1206500000.0,0.314,1206500000.0,927200000.0,927200000.0,2.62,2.63,2.62,7390300000,7220900000.0,7390300000,-12059402995,-13.0,-9.995,842400000.0,3.497,1.0,3841000000.0,1.0,533200000,0.0,70739400000,72070225000.0,0,58493100000,,,87065600000,,,11123897005,-1504800000.0,-101600000.0,32400000.0,-2038900000.0,-272700000.0,-2784200000.0,352700000.0,-331400000.0,1230400000.0,-303700000.0,641400000.0,641400000.0,641400000.0,0.0,0.0,0.167,2913800000.0,927200000.0,0,0.435,1.505,17.343,17.653,462000000,0.0,46.25,2.896,2.901,0,6502200000,3841000000.0,3841000000.0,0.0,0.007,0.089,0.013,0.241,0.0,2654600000.0,1.0,240516692,240900839,240900839.0,15.944,93922700000,0,285800000.0,0,389.881,
37,NTRS,ART,2012-03-31,2012-04-30,2012-03-31,2021-09-08,-276300000,91604300000,96331125000.0,,,0.039,29.961,-350500000.0,25670500000,25670500000,0.0,613800000.0,,11.682,7545900000,,,7545900000,0,273200000.0,73933000000,0.024,1.12,890500000.0,1163700000.0,0.307,1163700000.0,890500000.0,890500000.0,2.51,2.52,2.51,7223200000,7129675000.0,7223200000,-6655526356,-7.0,-5.719,1588500000.0,6.589,1.0,3792300000.0,1.0,536500000,0.0,72943200000,71758475000.0,0,60486600000,,,84381100000,,,11469073644,687500000.0,-172600000.0,22600000.0,-4276300000.0,-272600000.0,-1668300000.0,520400000.0,694800000.0,1939000000.0,-103600000.0,613800000.0,613800000.0,613800000.0,0.0,0.0,0.162,2901800000.0,890500000.0,0,0.446,1.588,18.685,18.948,481200000,0.0,47.56,3.024,3.024,0,6323500000,3792300000.0,3792300000.0,0.0,0.006,0.086,0.012,0.235,0.0,2648800000.0,1.0,241149572,241090093,241090093.0,15.73,91067800000,0,276700000.0,0,377.733,
38,NTRS,ART,2011-12-31,2012-02-24,2011-12-31,2021-09-08,-345600000,100223700000,96599850000.0,,,0.038,29.483,-371100000.0,34581600000,34581600000,0.0,603600000.0,,13.082,7482500000,,,7482500000,0,265100000.0,82677500000,0.026,1.12,883700000.0,1148800000.0,0.309,1148800000.0,883700000.0,883700000.0,2.47,2.47,2.47,7117300000,7055925000.0,7117300000,-16523797153,-19.0,-14.384,883200000.0,3.659,1.0,3714900000.0,1.0,532000000,0.0,72592600000,70678175000.0,0,59768800000,,,93106400000,,,10575302847,1497300000.0,-172600000.0,-3400000.0,-2401100000.0,-273700000.0,15803600000.0,-15388400000.0,-14930500000.0,1254300000.0,-172200000.0,603600000.0,603600000.0,603600000.0,0.0,0.0,0.162,2831200000.0,883700000.0,0,0.453,1.486,17.52,17.757,494500000,0.0,43.86,2.847,2.85,0,6302300000,3714900000.0,3714900000.0,0.0,0.006,0.086,0.013,0.238,0.0,2587200000.0,1.0,241114976,241401310,241401310.0,15.389,99691700000,0,280100000.0,0,412.971,
39,NTRS,ART,2011-09-30,2011-10-28,2011-09-30,2021-09-08,-232500000,96098200000,92504900000.0,,,0.039,29.681,-374700000.0,30000800000,30000800000,0.0,630500000.0,,12.435,6442400000,,,6442400000,0,263600000.0,78514000000,0.027,1.12,926700000.0,1190300000.0,0.328,1190300000.0,926700000.0,926700000.0,2.58,2.57,2.58,7152800000,6984175000.0,7152800000,-13431714170,-14.0,-11.284,-640900000.0,-2.659,1.0,3627800000.0,1.0,534100000,0.0,72005700000,68551300000.0,0,57667900000,,,88945400000,,,10126685830,847100000.0,-172600000.0,-5400000.0,-5679100000.0,-274100000.0,14109600000.0,-12988700000.0,-13413800000.0,-266200000.0,-7600000.0,630500000.0,630500000.0,630500000.0,0.0,0.0,0.174,2701100000.0,926700000.0,0,0.434,1.416,16.061,16.287,492100000,0.0,42.02,2.791,2.791,0,6240300000,3627800000.0,3627800000.0,0.0,0.007,0.09,0.014,0.255,1100000.0,2462300000.0,1.0,240996807,240991491,240991491.0,15.054,95564100000,0,296200000.0,0,396.546,
40,NTRS,ART,2011-06-30,2011-07-29,2011-06-30,2021-09-08,-243300000,97398300000,88661200000.0,,,0.04,29.093,-272800000.0,36933300000,36933300000,0.0,615700000.0,,12.864,9462300000,,,9462300000,0,261600000.0,77500900000,0.025,1.12,911300000.0,1172900000.0,0.332,1172900000.0,911300000.0,911300000.0,2.52,2.51,2.52,7025400000,6888150000.0,7025400000,-16649237715,-18.0,-14.195,313200000.0,1.297,1.0,3533300000.0,1.0,434900000,0.0,69492400000,67074075000.0,0,53280900000,,,90372900000,,,10821762285,1574900000.0,-71000000.0,21700000.0,-2616100000.0,-274800000.0,16324000000.0,-15681700000.0,-12296400000.0,586000000.0,346600000.0,615700000.0,615700000.0,615700000.0,0.0,0.0,0.174,2622000000.0,911300000.0,0,0.444,1.54,17.576,17.819,495700000,0.0,44.905,3.063,3.069,0,6138300000,3533300000.0,3533300000.0,0.0,0.007,0.089,0.014,0.258,1000000.0,2382300000.0,1.0,240992368,241484195,241484195.0,14.632,96963400000,0,295600000.0,0,401.531,
41,NTRS,ART,2011-03-31,2011-04-29,2011-03-31,2021-09-08,-279600000,92679200000,84323850000.0,,,0.042,28.614,-308600000.0,35655000000,35655000000,0.0,663300000.0,,12.377,12003600000,,,12003600000,0,253800000.0,71075400000,0.022,1.12,981600000.0,1235400000.0,0.352,1235400000.0,981600000.0,981600000.0,2.72,2.71,2.72,6928200000,6786700000.0,6928200000,-11563661331,-12.0,-9.36,519700000.0,2.146,1.0,3512700000.0,1.0,405800000,0.0,68622000000,65922900000.0,0,50363400000,,,85751000000,,,12087738669,941100000.0,0.0,54700000.0,1888800000.0,-274100000.0,15195600000.0,-15279700000.0,-12220100000.0,828300000.0,196900000.0,663300000.0,663300000.0,663300000.0,0.0,0.0,0.189,2531100000.0,981600000.0,0,0.412,1.745,18.224,18.379,494700000,0.0,49.99,3.441,3.446,0,6054500000,3512700000.0,3512700000.0,0.0,0.008,0.098,0.015,0.279,200000.0,2297000000.0,1.0,241803134,242126162,242126162.0,14.508,92273400000,0,318300000.0,0,381.096,
42,NTRS,ART,2010-12-31,2011-02-25,2010-12-31,2021-09-08,-305300000,83843900000,80233700000.0,,,0.043,28.221,-311100000.0,29254000000,29254000000,0.0,669500000.0,,11.275,9896100000,,,9896100000,0,249500000.0,64195700000,0.021,1.12,989800000.0,1239300000.0,0.355,1239300000.0,989800000.0,989800000.0,2.74,2.74,2.74,6830300000,6666425000.0,6830300000,-6717861088,-7.0,-5.421,479100000.0,1.98,1.0,3487700000.0,1.0,400900000,0.0,64085100000,63803050000.0,0,49413900000,,,77013600000,,,12640038912,326200000.0,0.0,64700000.0,-4562000000.0,-273200000.0,1145100000.0,-1768000000.0,374500000.0,790200000.0,158900000.0,669500000.0,669500000.0,669500000.0,0.0,0.0,0.192,2497900000.0,989800000.0,0,0.409,1.851,18.88,19.055,504500000,0.0,52.21,3.624,3.623,0,5972100000,3487700000.0,3487700000.0,0.0,0.008,0.1,0.016,0.284,0.0,2260900000.0,1.0,242099960,242028776,242028776.0,14.41,83443000000,0,320300000.0,0,344.765,
43,NTRS,ART,2010-09-30,2010-10-27,2010-09-30,2021-09-08,-266100000,80723400000,79808100000.0,,,0.044,27.955,-281900000.0,26358800000,26358800000,0.0,712700000.0,,10.926,12131900000,,,12131900000,0,249100000.0,58445800000,0.022,1.12,1054500000.0,1303600000.0,0.369,1303600000.0,1054500000.0,1054500000.0,2.94,2.92,2.94,6768700000,6536875000.0,6768700000,-2042121369,-2.0,-1.567,959700000.0,3.964,1.0,3532000000.0,1.0,399700000,0.0,66096800000,64169750000.0,0,48593900000,,,73954700000,,,12184778631,603600000.0,0.0,53300000.0,-948200000.0,-272200000.0,1664300000.0,-2395000000.0,136900000.0,1241600000.0,92700000.0,712700000.0,712700000.0,712700000.0,0.0,0.0,0.202,2477500000.0,1054500000.0,0,0.381,1.8,17.097,17.112,532400000,0.0,50.31,3.45,3.449,0,5883800000,3532000000.0,3532000000.0,0.0,0.009,0.109,0.016,0.299,-1400000.0,2233800000.0,1.0,242193970,242124461,242124461.0,14.588,80323700000,0,341800000.0,0,331.745,
44,NTRS,ART,2010-06-30,2010-07-30,2010-06-30,2021-09-08,-315300000,80048900000,79102625000.0,,,0.045,27.349,-267500000.0,26850600000,26850600000,0.0,745000000.0,,11.093,12082400000,,,12082400000,0,248100000.0,57952100000,0.024,1.12,1075600000.0,1323700000.0,0.375,1323700000.0,1075600000.0,1075600000.0,3.07,3.05,3.07,6619600000,6400525000.0,6619600000,-3392350583,-3.0,-2.563,1171400000.0,4.84,1.0,3530200000.0,1.0,393000000,0.0,64887700000,63534600000.0,0,48224900000,,,73429300000,,,11375849417,992900000.0,0.0,14100000.0,28500000.0,-270700000.0,4273500000.0,-4726200000.0,-7616300000.0,1438900000.0,6700000.0,745000000.0,745000000.0,745000000.0,0.0,0.0,0.211,2454600000.0,1075600000.0,0,0.365,1.719,15.27,15.306,529500000,0.0,46.99,3.222,3.222,0,5796600000,3530200000.0,3530200000.0,0.0,0.009,0.116,0.017,0.305,-1700000.0,2237400000.0,1.0,242090858,242045799,242045799.0,14.585,79655900000,0,330600000.0,0,329.094,
45,NTRS,ART,2010-03-31,2010-04-30,2010-03-31,2021-09-08,-332500000,76318600000,77851700000.0,,,0.046,26.671,-288700000.0,25634200000,25634200000,0.0,859600000.0,,10.838,9852200000,,,9852200000,0,247600000.0,57435200000,0.02,1.12,1160200000.0,1407800000.0,0.392,1407800000.0,1160200000.0,1160200000.0,3.2,3.18,3.2,6447100000,6277800000.0,6447100000,-2485106793,-2.0,-1.765,314000000.0,1.299,1.0,3591200000.0,1.0,394000000,0.0,60142600000,63323400000.0,0,45838600000,,,69871500000,,,13296893207,547600000.0,0.0,851900000.0,-5550600000.0,-265500000.0,-2578000000.0,2405000000.0,-2450800000.0,602700000.0,117900000.0,771500000.0,771500000.0,771500000.0,0.0,88100000.0,0.215,2342900000.0,1248300000.0,0,0.35,2.062,17.235,17.181,540500000,0.0,54.98,3.703,3.701,0,5665000000,3591200000.0,3591200000.0,0.0,0.01,0.123,0.018,0.323,-2100000.0,2227600000.0,1.0,241849640,241724178,241724178.0,14.857,75924600000,0,388700000.0,0,314.096,
46,NTRS,ART,2009-12-31,2010-02-26,2009-12-31,2021-09-08,-361600000,82141500000,78388200000.0,,,0.046,26.802,-314200000.0,30620000000,30620000000,0.0,864200000.0,,12.013,14432000000,,,14432000000,0,243700000.0,58281300000,0.021,1.12,1144100000.0,1387800000.0,0.389,1387800000.0,1144100000.0,1144100000.0,3.18,3.16,3.18,6312100000,6297200000.0,6312100000,-3302237236,-3.0,-2.379,700500000.0,2.974,1.0,3571900000.0,1.0,401600000,0.0,65551900000,65694350000.0,0,46439100000,,,75829400000,,,12885762764,-156400000.0,0.0,862300000.0,5794600000.0,-260300000.0,421200000.0,-1678600000.0,-4946300000.0,1014700000.0,86300000.0,753100000.0,753100000.0,753100000.0,0.0,111100000.0,0.211,2316700000.0,1255200000.0,0,0.352,2.041,17.11,16.758,543500000,0.0,53.29,3.608,3.514,0,5576000000,3571900000.0,3571900000.0,0.0,0.01,0.12,0.017,0.32,-4200000.0,2198200000.0,1.0,241804518,235511879,235511879.0,15.167,81739900000,0,391000000.0,0,347.073,
47,NTRS,ART,2009-09-30,2009-10-30,2009-09-30,2021-09-08,-313100000,77901500000,78366225000.0,,,0.048,25.778,-329600000.0,27020200000,27020200000,0.0,1006200000.0,,11.518,13076300000,,,13076300000,0,238500000.0,55324100000,0.022,1.12,1375300000.0,1613800000.0,0.43,1613800000.0,1375300000.0,1375300000.0,3.82,3.79,3.82,6223300000,6316525000.0,6223300000,-1808252645,-1.0,-1.12,299000000.0,1.239,1.0,3749000000.0,1.0,401400000,0.0,63556200000,64654925000.0,0,45579800000,,,71678200000,,,12135647355,-889800000.0,-8600000.0,858500000.0,5673900000.0,-255000000.0,-1082600000.0,-476100000.0,-7538700000.0,628600000.0,40300000.0,883100000.0,883100000.0,883100000.0,0.0,123100000.0,0.236,2250600000.0,1498400000.0,0,0.293,1.95,13.742,13.154,542700000,0.0,50.25,3.237,3.236,0,5443300000,3749000000.0,3749000000.0,0.0,0.011,0.14,0.021,0.367,-38900000.0,2221000000.0,1.0,241505420,241415698,241415698.0,15.529,77500100000,0,492200000.0,0,321.023,
48,NTRS,ART,2009-06-30,2009-07-29,2009-06-30,2021-09-08,-353400000,75045200000,78701850000.0,,,0.048,26.029,-341200000.0,22645000000,22645000000,0.0,670000000.0,,11.245,12048000000,,,12048000000,0,231000000.0,53580600000,0.019,1.12,864000000.0,1095000000.0,0.289,1095000000.0,864000000.0,864000000.0,2.38,2.35,2.38,6128700000,5969700000.0,6128700000,3534707853,4.0,3.228,285400000.0,1.212,1.0,3792500000.0,1.0,405300000,0.0,64042900000,62852300000.0,0,46542000000,,,68916500000,,,14131707853,-3120300000.0,-8600000.0,956900000.0,5478700000.0,-249300000.0,-519300000.0,-3059100000.0,-7371800000.0,626600000.0,-168500000.0,546900000.0,546900000.0,546900000.0,0.0,123100000.0,0.144,2805400000.0,987100000.0,0,0.471,2.306,25.84,24.597,548100000,0.0,58.54,3.726,3.634,0,5323500000,3792500000.0,3792500000.0,0.0,0.007,0.092,0.014,0.228,-38500000.0,2149900000.0,1.0,241402594,235455068,235455068.0,16.107,74639900000,0,317100000.0,0,317.003,
49,NTRS,ART,2009-03-31,2009-04-24,2009-03-31,2021-09-08,-446100000,78464600000,78642275000.0,,,0.049,29.212,-334700000.0,23880100000,23880100000,0.0,571400000.0,,11.026,15429300000,,,15429300000,0,224800000.0,53344600000,0.02,1.12,907700000.0,1132500000.0,0.291,1132500000.0,907700000.0,907700000.0,2.41,2.36,2.41,6524700000,5678550000.0,6524700000,3978500945,4.0,3.513,696300000.0,3.117,1.0,3888700000.0,1.0,387400000,0.0,69626400000,59716150000.0,0,48219200000,,,71939900000,,,12429300945,-1957400000.0,-8600000.0,153100000.0,5306000000.0,-248300000.0,1824800000.0,-4478100000.0,-7042300000.0,1031000000.0,-335100000.0,536400000.0,536400000.0,536400000.0,0.0,35000000.0,0.138,2946000000.0,942700000.0,0,0.465,1.905,23.172,23.058,535200000,0.0,55.57,3.196,3.192,0,5166600000,3888700000.0,3888700000.0,0.0,0.007,0.094,0.015,0.233,-37300000.0,2167900000.0,1.0,223669263,223357446,223357446.0,17.41,78077200000,0,371300000.0,0,349.562,
50,NTRS,ART,2008-12-31,2009-02-27,2008-12-31,2021-09-08,-494900000,82053600000,78396200000.0,,,0.053,28.853,-308000000.0,28942000000,28942000000,0.0,794800000.0,,11.842,8672000000,,,8672000000,0,220400000.0,62406400000,0.02,1.12,1263700000.0,1484100000.0,0.356,1484100000.0,1263700000.0,1263700000.0,3.53,3.47,3.53,6389400000,5236975000.0,6389400000,-7856718397,-6.0,-5.294,547300000.0,2.471,1.0,4163500000.0,1.0,389400000,0.0,61394200000,55487500000.0,0,46326200000,,,75664200000,,,12413281603,-1273400000.0,-8600000.0,93600000.0,-292100000.0,-247700000.0,12376100000.0,-14347200000.0,-18245400000.0,855300000.0,-157600000.0,782800000.0,782800000.0,782800000.0,0.0,12000000.0,0.188,2887800000.0,1275700000.0,0,0.317,1.943,15.858,15.737,506600000,0.0,55.55,2.981,2.955,0,5091200000,4163500000.0,4163500000.0,0.0,0.01,0.149,0.023,0.304,-35000000.0,2177600000.0,1.0,223461415,221446382,221446382.0,18.801,81664200000,0,480900000.0,0,368.776,
51,NTRS,ART,2008-09-30,2008-10-31,2008-09-30,2021-09-08,-190200000,79244000000,74785600000.0,,,0.054,21.794,-296400000.0,29854700000,29854700000,0.0,577500000.0,,15.386,7366400000,,,7366400000,0,219000000.0,62439100000,0.02,1.12,921100000.0,1140100000.0,0.282,1140100000.0,921100000.0,921100000.0,2.63,2.55,2.63,4836000000,4766900000.0,4836000000,-9929243635,-11.0,-8.709,901300000.0,4.062,1.0,4036100000.0,1.0,410000000,0.0,56345700000,51924550000.0,0,43229300000,,,74408000000,,,12559056365,-95800000.0,0.0,94200000.0,-248300000.0,-240400000.0,14332600000.0,-15544500000.0,-8784200000.0,1197700000.0,-81600000.0,577500000.0,577500000.0,577500000.0,0.0,0.0,0.143,3115000000.0,921100000.0,0,0.426,2.597,21.747,21.411,492900000,0.0,56.31,3.112,3.096,0,4821100000,4036100000.0,4036100000.0,0.0,0.008,0.121,0.018,0.228,-45100000.0,2146800000.0,1.0,223034210,221899198,221899198.0,18.189,78834000000,0,343600000.0,0,355.269,
52,NTRS,ART,2008-06-30,2008-07-31,2008-06-30,2021-09-08,-148400000,74806900000,70749325000.0,,,0.057,22.502,-278600000.0,29458200000,29458200000,0.0,934100000.0,,14.07,6575000000,,,6575000000,0,216000000.0,60274300000,0.014,1.09,1475000000.0,1691000000.0,0.422,1691000000.0,1475000000.0,1475000000.0,4.25,4.15,4.25,4964100000,4647750000.0,4964100000,-5603962264,-4.0,-3.314,806600000.0,3.656,1.0,4002600000.0,1.0,425400000,0.0,51498300000,49992825000.0,0,40414600000,,,69842800000,,,17279237736,2132600000.0,0.0,-42100000.0,-419500000.0,-233500000.0,13445500000.0,-12518900000.0,-5827000000.0,1085200000.0,120800000.0,934100000.0,934100000.0,934100000.0,0.0,0.0,0.233,2527600000.0,1475000000.0,0,0.256,3.481,18.498,18.393,493000000,0.0,78.17,4.317,4.308,0,5032200000,4002600000.0,4002600000.0,0.0,0.013,0.201,0.03,0.369,-45100000.0,2163800000.0,1.0,221046920,220603902,220603902.0,18.144,74381500000,0,540900000.0,0,337.172,
53,NTRS,ART,2008-03-31,2008-05-05,2008-03-31,2021-09-08,-136800000,77480300000,66950025000.0,,,0.057,21.598,-271500000.0,34490800000,34490800000,0.0,925400000.0,,15.283,10147200000,,,10147200000,0,213700000.0,58392500000,0.014,1.06,1356600000.0,1570300000.0,0.414,1570300000.0,1356600000.0,1356600000.0,4.21,4.11,4.21,4758400000,4463525000.0,4758400000,-7597880420,-6.0,-4.838,769000000.0,3.49,1.0,3796200000.0,1.0,424900000,0.0,52711800000,48990400000.0,0,38006400000,,,72721900000,,,16745719580,1490000000.0,0.0,-81900000.0,4330100000.0,-226800000.0,14883000000.0,-14650500000.0,-8221300000.0,1040500000.0,217000000.0,925400000.0,925400000.0,925400000.0,0.0,0.0,0.244,2439600000.0,1356600000.0,0,0.252,3.519,18.096,18.069,492800000,0.0,76.07,4.411,4.415,0,4879200000,3796200000.0,3796200000.0,0.0,0.014,0.207,0.028,0.357,-45100000.0,2093800000.0,1.0,220135659,220320307,220320307.0,17.23,77055400000,0,431200000.0,0,349.743,
54,NTRS,ART,2007-12-31,2008-02-28,2007-12-31,2021-09-08,-90300000,67611200000,62463050000.0,,,0.056,20.526,-253500000.0,28993800000,28993800000,0.0,726900000.0,,13.994,8950800000,,,8950800000,0,211400000.0,51213100000,0.015,1.03,1060800000.0,1272200000.0,0.364,1272200000.0,1060800000.0,1060800000.0,3.31,3.24,3.31,4509100000,4284775000.0,4509100000,-4646884304,-4.0,-3.653,627200000.0,2.855,1.0,3491000000.0,1.0,425800000,0.0,47142400000,46615000000.0,0,34228300000,,,63102100000,,,15396115696,-1039400000.0,0.0,-8200000.0,-1836800000.0,-219500000.0,5460400000.0,-7469200000.0,-1631900000.0,880700000.0,88700000.0,726900000.0,726900000.0,726900000.0,0.0,0.0,0.208,2430200000.0,1060800000.0,0,0.311,3.414,21.181,21.091,491900000,0.0,69.81,4.41,4.393,0,4556200000,3491000000.0,3491000000.0,0.0,0.012,0.17,0.023,0.304,-45100000.0,2035100000.0,1.0,220543127,219680628,219680628.0,15.891,67185400000,0,333900000.0,0,305.832,
55,NTRS,ART,2007-09-30,2007-10-30,2007-09-30,2021-09-08,-152500000,63098900000,60738300000.0,,,0.054,19.823,-247700000.0,22136000000,22136000000,0.0,772700000.0,,13.474,7655900000,,,7655900000,0,205600000.0,47668800000,0.013,1.0,1135200000.0,1340800000.0,0.407,1340800000.0,1135200000.0,1135200000.0,3.53,3.46,3.53,4359400000,4143475000.0,4359400000,1839617102,2.0,1.372,376800000.0,1.713,1.0,3297600000.0,1.0,0,0.0,48618800000,47264225000.0,0,36711600000,,,58739500000,,,16319717102,46600000.0,0.0,-4200000.0,-2497200000.0,-214600000.0,6747700000.0,-7432600000.0,-5081300000.0,624500000.0,107000000.0,772700000.0,772700000.0,772700000.0,0.0,0.0,0.234,2162400000.0,1135200000.0,0,0.283,3.744,21.12,21.02,478700000,0.0,74.2,4.949,4.948,0,4493600000,3297600000.0,3297600000.0,0.0,0.013,0.186,0.024,0.344,0.0,1821700000.0,1.0,219942279,219914891,219914891.0,14.995,63098900000,0,362500000.0,0,286.924,
56,NTRS,ART,2007-06-30,2007-07-31,2007-06-30,2021-09-08,-146800000,59609700000,58763800000.0,,,0.054,19.247,-257800000.0,19117800000,19117800000,0.0,728100000.0,,13.101,6996700000,,,6996700000,0,203600000.0,45862000000,0.016,0.98,1084600000.0,1288200000.0,0.408,1288200000.0,1084600000.0,1084600000.0,3.33,3.27,3.33,4227200000,4037625000.0,4227200000,1625932765,1.0,1.262,315800000.0,1.438,1.0,3157400000.0,1.0,0,0.0,47488600000,46817225000.0,0,36650100000,,,55382500000,,,13747032765,-837700000.0,0.0,25500000.0,-1925600000.0,-209700000.0,5507200000.0,-6983600000.0,-3826800000.0,573600000.0,65100000.0,728100000.0,728100000.0,728100000.0,0.0,0.0,0.231,2072800000.0,1084600000.0,0,0.294,3.252,18.881,18.757,486100000,0.0,62.46,4.354,4.345,0,4340700000,3157400000.0,3157400000.0,0.0,0.012,0.18,0.023,0.344,0.0,1635400000.0,1.0,220093384,219632587,219632587.0,14.376,59609700000,0,356500000.0,0,271.406,
57,NTRS,ART,2007-03-31,2007-04-30,2007-03-31,2021-09-08,-154500000,59532400000,57192850000.0,,,0.054,18.48,-251800000.0,22113000000,22113000000,0.0,689100000.0,,13.723,5790800000,,,5790800000,0,201800000.0,47019600000,0.015,0.96,1056100000.0,1257900000.0,0.41,1257900000.0,1056100000.0,1056100000.0,3.16,3.11,3.16,4043400000,3932925000.0,4043400000,-2510511787,-2.0,-1.996,113000000.0,0.516,1.0,3065600000.0,1.0,0,0.0,43210200000,45977225000.0,0,34215200000,,,55489000000,,,13811688213,-243900000.0,0.0,-2200000.0,-3739700000.0,-205000000.0,8943700000.0,-9689600000.0,-6130700000.0,364800000.0,137200000.0,689100000.0,689100000.0,689100000.0,0.0,0.0,0.225,2009500000.0,1056100000.0,0,0.304,3.416,20.043,19.921,483000000,0.0,62.95,4.505,4.493,0,4190400000,3065600000.0,3065600000.0,0.0,0.012,0.175,0.023,0.345,0.0,1469700000.0,1.0,219407279,218800423,218800423.0,14.011,59532400000,0,367000000.0,0,272.085,
58,NTRS,ART,2006-12-31,2007-02-28,2006-12-31,2021-09-08,-148600000,60712200000,54858500000.0,,,0.054,18.111,-238500000.0,21751300000,21751300000,0.0,665400000.0,,14.394,10778400000,,,10778400000,0,199600000.0,43820200000,0.016,0.94,1024200000.0,1223800000.0,0.411,1223800000.0,1024200000.0,1024200000.0,3.06,3.0,3.06,3943900000,3847925000.0,3943900000,2249733446,2.0,1.838,150000000.0,0.689,1.0,2981100000.0,1.0,0,0.0,49739300000,46182900000.0,0,34974900000,,,56768300000,,,13222633446,1964800000.0,0.0,-43000000.0,1851500000.0,-200500000.0,6806500000.0,-5383200000.0,-90000000.0,388500000.0,153000000.0,665400000.0,665400000.0,665400000.0,0.0,0.0,0.223,1956900000.0,1024200000.0,0,0.307,3.353,19.872,19.706,487200000,0.0,60.3,4.435,4.405,0,4131200000,2981100000.0,2981100000.0,0.0,0.012,0.173,0.022,0.344,0.0,1322100000.0,1.0,219280820,217766035,217766035.0,13.689,60712200000,0,358800000.0,0,278.796,
59,NTRS,ART,2006-09-30,2006-10-30,2006-09-30,2021-09-08,-10500000,55200900000,53033900000.0,,,0.055,18.087,-207200000.0,18481700000,18481700000,0.0,642200000.0,,13.025,10111600000,,,10111600000,0,198000000.0,38675900000,0.016,0.92,1001000000.0,1199000000.0,0.413,1199000000.0,1001000000.0,1001000000.0,2.95,2.91,2.95,3936000000,3762150000.0,3936000000,4432445359,4.0,3.697,401600000.0,1.845,1.0,2900000000.0,1.0,0,0.0,46830800000,44560350000.0,0,33388900000,,,51264900000,,,12802545359,1346500000.0,-7100000.0,-77300000.0,2281900000.0,-196200000.0,7131100000.0,-6495600000.0,-3935600000.0,608800000.0,102200000.0,642200000.0,642200000.0,642200000.0,0.0,0.0,0.221,1899000000.0,1001000000.0,0,0.312,3.253,19.935,19.908,471600000,0.0,58.73,4.415,4.407,0,4016300000,2900000000.0,2900000000.0,0.0,0.012,0.171,0.022,0.345,0.0,1292500000.0,1.0,217989875,217618046,217618046.0,13.326,55200900000,0,358800000.0,0,253.66,
60,NTRS,ART,2006-06-30,2006-07-31,2006-06-30,2021-09-08,-23200000,53325900000,51340525000.0,,,0.055,17.487,-187200000.0,18076800000,18076800000,0.0,626200000.0,,13.002,8879500000,,,8879500000,0,197400000.0,38683100000,0.016,0.9,976500000.0,1173900000.0,0.413,1173900000.0,976500000.0,976500000.0,2.88,2.84,2.88,3808400000,3660400000.0,3808400000,3247775964,3.0,2.767,321400000.0,1.476,1.0,2840100000.0,1.0,0,0.0,44128600000,43316425000.0,0,31819700000,,,49517500000,,,12445075964,2427400000.0,-7100000.0,-96600000.0,1588100000.0,-191900000.0,6794900000.0,-4975000000.0,-2474900000.0,508600000.0,98900000.0,626200000.0,626200000.0,626200000.0,0.0,0.0,0.22,1863600000.0,976500000.0,0,0.312,3.268,19.874,19.83,463200000,0.0,57.11,4.382,4.379,0,3902800000,2840100000.0,2840100000.0,0.0,0.012,0.171,0.023,0.344,0.0,1270600000.0,1.0,217914130,217785721,217785721.0,13.041,53325900000,0,350300000.0,0,244.855,
61,NTRS,ART,2006-03-31,2006-05-01,2006-03-31,2021-09-08,-27000000,50195000000,49572950000.0,,,0.055,17.016,-173800000.0,15636500000,15636500000,0.0,608300000.0,,12.554,9474400000,,,9474400000,0,196600000.0,34608800000,0.015,0.88,926400000.0,1123000000.0,0.41,1123000000.0,926400000.0,926400000.0,2.8,2.76,2.8,3703400000,3569875000.0,3703400000,6530374948,7.0,5.815,314400000.0,1.445,1.0,2739600000.0,1.0,0,0.0,44032900000,42032000000.0,0,31165100000,,,46491600000,,,12692474948,537700000.0,-7100000.0,-98800000.0,2267400000.0,-187600000.0,1532800000.0,-1501700000.0,-1896600000.0,488200000.0,18400000.0,608300000.0,608300000.0,608300000.0,0.0,0.0,0.222,1813200000.0,926400000.0,0,0.314,3.427,20.865,20.789,461400000,0.0,58.21,4.633,4.624,0,3785000000,2739600000.0,2739600000.0,0.0,0.012,0.17,0.022,0.338,0.0,1234000000.0,1.0,218046297,217645991,217645991.0,12.587,50195000000,0,318100000.0,0,230.627,
62,NTRS,ART,2005-12-31,2006-03-13,2005-12-31,2021-09-08,-18700000,53413800000,48964525000.0,,,0.054,16.51,-173700000.0,19031900000,19031900000,0.0,584400000.0,,13.834,8867200000,,,8867200000,0,191700000.0,38519500000,0.017,0.88,887800000.0,1079500000.0,0.412,1079500000.0,887800000.0,887800000.0,2.68,2.64,2.68,3600800000,3484375000.0,3600800000,1440421767,2.0,1.334,411400000.0,1.886,1.0,2622700000.0,1.0,0,0.0,43249100000,40589625000.0,0,31077500000,,,49813000000,,,11605121767,943700000.0,-464900000.0,-114700000.0,348800000.0,-183500000.0,4430300000.0,-4071700000.0,-7107100000.0,585100000.0,0.0,584400000.0,584400000.0,584400000.0,0.0,0.0,0.223,1734900000.0,887800000.0,0,0.328,3.223,19.858,19.869,471500000,0.0,53.25,4.425,4.428,0,3672100000,2622700000.0,2622700000.0,0.0,0.012,0.168,0.022,0.339,0.0,1181500000.0,1.0,217936559,218101996,218101996.0,12.025,53413800000,0,303400000.0,0,244.903,
63,NTRS,ART,2005-09-30,2005-11-02,2005-09-30,2021-09-08,-18600000,48427400000,46930250000.0,,,0.054,16.187,-173800000.0,14375500000,14375500000,0.0,569400000.0,,12.723,7803200000,,,7803200000,0,185800000.0,33495400000,0.016,0.84,868400000.0,1054200000.0,0.414,1054200000.0,868400000.0,868400000.0,2.61,2.57,2.61,3529000000,3408075000.0,3529000000,4859442923,6.0,4.61,227100000.0,1.042,1.0,2546100000.0,1.0,0,0.0,41855100000,39423650000.0,0,29799400000,,,44898400000,,,11431742923,200200000.0,-457800000.0,-104700000.0,184700000.0,-179300000.0,1694000000.0,-1894700000.0,-7305300000.0,400900000.0,0.0,569400000.0,569400000.0,569400000.0,-500000.0,0.0,0.224,1678200000.0,867900000.0,0,0.322,3.239,20.077,20.069,475100000,0.0,52.38,4.49,4.485,0,3574400000,2546100000.0,2546100000.0,0.0,0.012,0.167,0.022,0.341,0.0,1140500000.0,1.0,218246333,218012767,218012767.0,11.679,48427400000,0,299000000.0,0,222.131,
64,NTRS,ART,2005-06-30,2005-08-01,2005-06-30,2021-09-08,-15500000,46255600000,45100900000.0,,,0.054,15.8,-160400000.0,14555100000,14555100000,0.0,536400000.0,,12.422,7290400000,,,7290400000,0,179800000.0,33057100000,0.016,0.82,811000000.0,990800000.0,0.409,990800000.0,811000000.0,811000000.0,2.45,2.42,2.45,3446300000,3332200000.0,3446300000,3788765053,5.0,3.824,386500000.0,1.772,1.0,2424900000.0,1.0,0,0.0,38990900000,37598600000.0,0,28300400000,,,42809300000,,,11053465053,-43500000.0,-458300000.0,-112700000.0,-3234900000.0,-175300000.0,-1382100000.0,791700000.0,-5657700000.0,546900000.0,0.0,536400000.0,536400000.0,536400000.0,-500000.0,0.0,0.221,1614400000.0,810500000.0,0,0.335,3.207,20.607,20.661,476500000,0.0,50.62,4.558,4.553,0,3482500000,2424900000.0,2424900000.0,0.0,0.012,0.161,0.022,0.334,0.0,1087100000.0,1.0,218361617,218114436,221335272.0,11.118,46255600000,0,274600000.0,0,212.07,
65,NTRS,ART,2005-03-31,2005-05-02,2005-03-31,2021-09-08,-14900000,47761300000,44356825000.0,,,0.052,15.387,-144800000.0,16751100000,16751100000,0.0,517200000.0,,13.209,7253200000,,,7253200000,0,175400000.0,35096700000,0.018,0.8,774300000.0,949700000.0,0.409,949700000.0,774300000.0,774300000.0,2.36,2.33,2.36,3361400000,3265150000.0,3361400000,447837993,1.0,0.472,486600000.0,2.227,1.0,2323800000.0,1.0,0,0.0,38263400000,37652875000.0,0,27759000000,,,44399900000,,,9945737993,860300000.0,-462000000.0,-116200000.0,418600000.0,-171200000.0,3671700000.0,-3442800000.0,-5821200000.0,631400000.0,0.0,517200000.0,517200000.0,517200000.0,-500000.0,0.0,0.223,1550000000.0,773800000.0,0,0.339,2.959,19.23,19.275,480700000,0.0,45.49,4.28,4.276,0,3389200000,2323800000.0,2323800000.0,0.0,0.012,0.158,0.021,0.333,0.0,1049000000.0,1.0,218635700,218453518,218453518.0,10.638,47761300000,0,257100000.0,0,218.634,
66,NTRS,ART,2004-12-31,2005-03-14,2004-12-31,2021-09-08,-14700000,45276700000,42461225000.0,,,0.054,15.015,-133100000.0,15220000000,15220000000,0.0,505600000.0,,12.739,8528500000,,,8528500000,0,176400000.0,31057600000,0.018,0.8,755300000.0,931700000.0,0.407,931700000.0,755300000.0,755300000.0,2.3,2.26,2.3,3295600000,3204400000.0,3295600000,2817534955,4.0,3.024,520900000.0,2.373,1.0,2287000000.0,1.0,0,0.0,38585200000,36869225000.0,0,26984400000,,,41981100000,,,9509034955,456600000.0,-4200000.0,-112200000.0,-1239000000.0,-167000000.0,3284700000.0,-3482100000.0,-3397400000.0,654000000.0,0.0,505600000.0,505600000.0,505600000.0,-800000.0,0.0,0.221,1532500000.0,754500000.0,0,0.348,2.885,18.807,18.904,465100000,0.0,43.48,4.158,4.173,0,3300600000,2287000000.0,2287000000.0,0.0,0.012,0.158,0.02,0.33,0.0,1029400000.0,1.0,218699056,219492478,219492478.0,10.419,45276700000,0,249700000.0,0,206.279,
67,NTRS,ART,2004-09-30,2004-11-01,2004-09-30,2021-09-08,-14300000,41110000000,41504600000.0,,,0.054,14.713,-128600000.0,14174300000,14174300000,0.0,502700000.0,,11.745,7619200000,,,7619200000,0,173000000.0,28617800000,0.018,0.76,752900000.0,925900000.0,0.415,925900000.0,752900000.0,752900000.0,2.29,2.26,2.29,3225500000,3144325000.0,3225500000,2813907106,4.0,3.039,407900000.0,1.861,1.0,2233300000.0,1.0,0,0.0,34554900000,37237075000.0,0,24441900000,,,37884500000,,,9369007106,852800000.0,-11000000.0,-121400000.0,-2547200000.0,-162800000.0,131900000.0,184400000.0,2297500000.0,536500000.0,0.0,502700000.0,502700000.0,502700000.0,500000.0,0.0,0.225,1479900000.0,753400000.0,0,0.332,2.905,18.637,18.664,469800000,0.0,42.74,4.195,4.196,0,3218300000,2233300000.0,2233300000.0,0.0,0.012,0.16,0.02,0.337,0.0,1004800000.0,1.0,219209338,219234285,219234285.0,10.187,41110000000,0,250200000.0,0,187.516,
68,NTRS,ART,2004-06-30,2004-07-30,2004-06-30,2021-09-08,-16300000,43279300000,41413150000.0,,,0.053,14.457,-132300000.0,14580000000,14580000000,0.0,501800000.0,,12.618,10508700000,,,10508700000,0,176200000.0,27879100000,0.018,0.74,756600000.0,932800000.0,0.423,932800000.0,756600000.0,756600000.0,2.29,2.25,2.29,3178100000,3088025000.0,3178100000,4754321313,6.0,5.097,612500000.0,2.786,1.0,2207600000.0,1.0,0,0.0,39208000000,38670875000.0,0,26396500000,,,40101200000,,,8825621313,-367300000.0,-11600000.0,-115100000.0,1214800000.0,-158500000.0,3540900000.0,-4653000000.0,-1901800000.0,744800000.0,0.0,501800000.0,501800000.0,501800000.0,1500000.0,0.0,0.227,1449500000.0,758100000.0,0,0.323,2.777,17.588,17.533,480200000,0.0,40.15,3.998,3.998,0,3152500000,2207600000.0,2207600000.0,0.0,0.012,0.162,0.02,0.343,0.0,999300000.0,1.0,219816222,219826748,219826748.0,10.042,43279300000,0,254800000.0,0,196.879,
69,NTRS,ART,2004-03-31,2004-05-03,2004-03-31,2021-09-08,-11700000,40178900000,40361075000.0,,,0.054,14.168,-148200000.0,11845700000,11845700000,0.0,437600000.0,,11.884,6795600000,,,6795600000,0,183200000.0,28447600000,0.017,0.72,665200000.0,848400000.0,0.392,848400000.0,665200000.0,665200000.0,1.99,2.02,1.99,3118400000,3030025000.0,3118400000,4276742209,6.0,5.041,598800000.0,2.721,1.0,2166600000.0,1.0,0,0.0,35128800000,38230975000.0,0,25709600000,,,37060500000,,,9326842209,61700000.0,11100000.0,-81200000.0,-818600000.0,-154200000.0,2768200000.0,-3453500000.0,-526900000.0,747000000.0,0.0,437300000.0,437300000.0,437300000.0,16300000.0,300000.0,0.202,1484800000.0,681800000.0,0,0.362,2.991,21.328,21.266,491400000,0.0,42.32,4.305,4.299,0,3069100000,2166600000.0,2166600000.0,0.0,0.011,0.144,0.017,0.307,0.0,1017800000.0,1.0,220388521,220102831,220102831.0,9.844,40178900000,0,227900000.0,0,182.546,
70,NTRS,ART,2003-12-31,2004-03-12,2003-12-31,2021-09-08,-8900000,41450200000,39428775000.0,,,0.053,13.875,-180300000.0,11161000000,11161000000,0.0,404800000.0,,12.567,9767400000,,,9767400000,0,186300000.0,26270000000,0.015,0.72,611900000.0,798200000.0,0.382,798200000.0,611900000.0,611900000.0,1.84,1.89,1.84,3055300000,3006950000.0,3055300000,9038390912,15.0,11.323,331100000.0,1.504,1.0,2087900000.0,1.0,0,0.0,40056600000,38269425000.0,0,27285100000,,,38394900000,,,10431990912,-1076300000.0,-97900000.0,-84500000.0,1154300000.0,-149900000.0,992000000.0,-2579700000.0,-2678700000.0,511400000.0,0.0,404100000.0,404100000.0,404100000.0,18500000.0,700000.0,0.194,1456800000.0,631100000.0,0,0.391,3.414,25.815,25.723,498300000,0.0,47.33,4.996,4.992,0,2990700000,2087900000.0,2087900000.0,0.0,0.01,0.134,0.016,0.293,0.0,1006100000.0,1.0,220409696,220203094,220203094.0,9.482,41450200000,0,207800000.0,0,188.236,
71,NTRS,ART,2003-09-30,2003-10-31,2003-09-30,2021-09-08,800000,40744200000,38935775000.0,,,0.053,13.621,-196600000.0,10612100000,10612100000,0.0,371400000.0,,12.58,10158000000,,,10158000000,0,183500000.0,25654000000,0.015,0.68,555100000.0,738600000.0,0.358,738600000.0,555100000.0,555100000.0,1.69,1.72,1.69,3000300000,2993075000.0,3000300000,9770333163,18.0,13.228,630000000.0,2.86,1.0,2062900000.0,1.0,0,0.0,40290100000,37274875000.0,0,27020500000,,,37743900000,,,10224433163,-526500000.0,-91100000.0,-64700000.0,-675100000.0,-148400000.0,258000000.0,-1611100000.0,-1676600000.0,826600000.0,0.0,370200000.0,370200000.0,370200000.0,15800000.0,1200000.0,0.179,1490800000.0,572100000.0,0,0.402,3.408,27.619,27.456,503900000,0.0,46.4,4.956,4.954,0,2911800000,2062900000.0,2062900000.0,0.0,0.01,0.124,0.015,0.269,0.0,1019400000.0,1.0,220354163,220263066,220263066.0,9.366,40744200000,0,184900000.0,0,184.98,
72,NTRS,ART,2003-06-30,2003-08-01,2003-06-30,2021-09-08,4000000,39071000000,38667350000.0,,,0.053,13.373,-217500000.0,10908200000,10908200000,0.0,354000000.0,,12.262,9285600000,,,9285600000,0,177400000.0,25299300000,0.016,0.68,525400000.0,702800000.0,0.344,702800000.0,525400000.0,525400000.0,1.61,1.64,1.61,2946100000,2979275000.0,2946100000,7813529079,15.0,11.118,295000000.0,1.339,1.0,2042600000.0,1.0,0,0.0,37448400000,37121500000.0,0,25756300000,,,36124900000,,,9436129079,-29800000.0,-90000000.0,-77000000.0,-1005100000.0,-149000000.0,986900000.0,-1529200000.0,-2321600000.0,512500000.0,0.0,352200000.0,352200000.0,352200000.0,14800000.0,1800000.0,0.172,1500600000.0,542000000.0,0,0.422,3.203,26.792,26.547,508900000,0.0,42.74,4.62,4.61,0,2843400000,2042600000.0,2042600000.0,0.0,0.009,0.118,0.014,0.257,0.0,1032700000.0,1.0,220779810,220297456,220297456.0,9.272,39071000000,0,173200000.0,0,177.356,
73,NTRS,ART,2003-03-31,2003-05-05,2003-03-31,2021-09-08,4700000,36449700000,38349950000.0,,,0.054,13.732,-227300000.0,8772900000,8772900000,0.0,414200000.0,,11.045,7605800000,,,7605800000,0,169100000.0,48592300000,0.019,0.68,612600000.0,781700000.0,0.38,781700000.0,612600000.0,612600000.0,1.88,1.84,1.88,3026100000,2971075000.0,3026100000,6708355605,11.0,8.582,412800000.0,1.873,1.0,2058700000.0,1.0,0,0.0,35282600000,37256775000.0,0,25531200000,,,33423600000,,,7875455605,-179100000.0,-109000000.0,-111700000.0,-4379300000.0,-149700000.0,-2076600000.0,1257400000.0,-649800000.0,640100000.0,0.0,412100000.0,412100000.0,412100000.0,0.0,2100000.0,0.2,1444000000.0,614700000.0,0,0.362,2.603,19.111,19.005,521600000,0.0,35.73,3.825,3.825,0,2825100000,2058700000.0,2058700000.0,0.0,0.011,0.139,0.016,0.298,0.0,1002800000.0,1.0,220415774,220373864,220373864.0,9.342,36449700000,0,200500000.0,0,165.399,
74,NTRS,ART,2002-12-31,2003-03-10,2002-12-31,2021-09-08,7100000,39478200000,38727925000.0,,,0.054,13.601,-227000000.0,12004500000,12004500000,0.0,447100000.0,,12.16,8604700000,,,8604700000,0,166100000.0,26062100000,0.024,0.68,666800000.0,832900000.0,0.396,832900000.0,666800000.0,666800000.0,2.02,1.97,2.02,2999800000,2922475000.0,2999800000,2933405062,4.0,3.522,471700000.0,2.139,1.0,2101100000.0,1.0,0,0.0,36078400000,38623450000.0,0,24657600000,,,36478400000,,,6333205062,79900000.0,0.0,-119600000.0,-2081700000.0,-150500000.0,-1281800000.0,663000000.0,929900000.0,698700000.0,0.0,444900000.0,444900000.0,444900000.0,0.0,2200000.0,0.212,1432100000.0,669000000.0,0,0.337,2.111,14.235,14.188,515000000,0.0,28.66,3.014,3.008,0,2775300000,2101100000.0,2101100000.0,0.0,0.011,0.152,0.017,0.317,0.0,992600000.0,1.0,220977148,220552132,225834377.0,9.527,39478200000,0,221900000.0,0,178.997,
75,NTRS,ART,2002-09-30,2002-11-04,2002-09-30,2021-09-08,7300000,39670500000,38774500000.0,,,0.054,13.361,-228600000.0,10826900000,10826900000,0.0,453200000.0,,12.47,10833000000,,,10833000000,0,163500000.0,24373100000,0.018,0.68,678000000.0,841500000.0,0.405,841500000.0,678000000.0,678000000.0,2.05,2.0,2.05,2945100000,2865900000.0,2945100000,8281887380,12.0,9.842,377500000.0,1.713,1.0,2076200000.0,1.0,0,0.0,39676600000,38906975000.0,0,26063400000,,,36725400000,,,8275787380,266300000.0,0.0,-148200000.0,2594600000.0,-149900000.0,3905500000.0,-4245300000.0,-1195000000.0,606100000.0,0.0,450800000.0,450800000.0,450800000.0,0.0,2400000.0,0.217,1395800000.0,680400000.0,0,0.332,2.81,18.358,18.273,506800000,0.0,37.46,3.986,3.977,0,2721000000,2076200000.0,2076200000.0,0.0,0.012,0.157,0.017,0.327,0.0,990500000.0,1.0,220923315,220431828,225098182.0,9.419,39670500000,0,227200000.0,0,179.967,
76,NTRS,ART,2002-06-30,2002-08-13,2002-06-30,2021-09-08,3800000,37801400000,37637975000.0,,,0.056,13.19,-228700000.0,10102500000,10102500000,0.0,483400000.0,,11.975,10290600000,,,10290600000,0,164600000.0,22923500000,0.017,0.665,724700000.0,889300000.0,0.422,889300000.0,724700000.0,724700000.0,2.18,2.12,2.18,2913300000,2811075000.0,2913300000,9041488048,12.0,10.167,347300000.0,1.572,1.0,2109600000.0,1.0,0,0.0,37989500000,37877925000.0,0,24779700000,,,34888100000,,,8853388048,145600000.0,0.0,-151900000.0,1006000000.0,-147300000.0,808500000.0,-1238900000.0,2788600000.0,576000000.0,0.0,480700000.0,480700000.0,480700000.0,0.0,2700000.0,0.228,1382200000.0,727400000.0,0,0.305,3.039,18.418,18.321,497300000,0.0,39.94,4.197,4.182,0,2672900000,2109600000.0,2109600000.0,0.0,0.013,0.171,0.019,0.344,0.0,986400000.0,1.0,221667202,220864358,226552122.0,9.552,37801400000,0,244000000.0,0,171.152,
77,NTRS,ART,2002-03-31,2002-05-14,2002-03-31,2021-09-08,-5000000,37961600000,37233575000.0,,,0.057,12.822,-243700000.0,9197400000,9197400000,0.0,487900000.0,,12.406,11985100000,,,11985100000,0,187600000.0,21946800000,0.013,0.65,730800000.0,918400000.0,0.435,918400000.0,730800000.0,730800000.0,2.2,2.13,2.2,2831700000,2748025000.0,2831700000,14201544854,19.0,15.463,444300000.0,2.012,1.0,2112100000.0,1.0,0,0.0,40749300000,38197200000.0,0,26836200000,,,35129900000,,,11413844854,-10500000.0,-500000.0,-143900000.0,1262800000.0,-144600000.0,-645400000.0,-53100000.0,3692200000.0,688000000.0,0.0,484700000.0,484700000.0,484700000.0,0.0,3200000.0,0.229,1378100000.0,734000000.0,0,0.295,4.031,23.548,23.4,493700000,0.0,51.48,5.404,5.383,0,2600700000,2112100000.0,2112100000.0,0.0,0.013,0.176,0.019,0.346,0.0,990600000.0,1.0,221714158,220854363,227373197.0,9.563,37961600000,0,246100000.0,0,171.885,
78,NTRS,ART,2001-12-31,2002-03-12,2001-12-31,2021-09-08,-2400000,39664500000,37292625000.0,,,0.057,12.526,-254300000.0,13138300000,13138300000,0.0,487500000.0,,13.301,10686300000,,,10686300000,0,165000000.0,25019300000,0.011,0.65,727800000.0,892800000.0,0.423,892800000.0,727800000.0,727800000.0,2.18,2.11,2.18,2773500000,2683250000.0,2773500000,11010635848,15.0,12.333,471200000.0,2.128,1.0,2108800000.0,1.0,0,0.0,37212500000,38889650000.0,0,24149400000,,,36891000000,,,13462635848,304500000.0,-1500000.0,-133100000.0,1316500000.0,-142300000.0,3258000000.0,-3679000000.0,-1729400000.0,725500000.0,0.0,483400000.0,483400000.0,483400000.0,0.0,4100000.0,0.229,1376900000.0,731900000.0,0,0.298,4.854,27.85,27.862,488700000,0.0,60.74,6.384,6.378,0,2520100000,2108800000.0,2108800000.0,0.0,0.013,0.18,0.019,0.345,0.0,993900000.0,1.0,221643659,221425584,228971338.0,9.524,39664500000,0,244400000.0,0,179.132,
79,NTRS,ART,2001-09-30,2001-11-09,2001-09-30,2021-09-08,-7900000,35124400000,36382075000.0,,,0.059,12.309,-291300000.0,7802300000,7802300000,0.0,510600000.0,,11.886,8238300000,,,8238300000,0,143800000.0,22788500000,0.011,0.62,761800000.0,905600000.0,0.422,905600000.0,761800000.0,761800000.0,2.29,2.21,2.29,2725800000,2605425000.0,2725800000,12949951438,17.0,14.3,450700000.0,2.035,1.0,2146000000.0,1.0,0,0.0,35560400000,38896350000.0,0,24796000000,,,32398600000,,,12513951438,323800000.0,-1100000.0,-107600000.0,-1908200000.0,-138100000.0,-498500000.0,80300000.0,2651800000.0,742000000.0,0.0,505700000.0,505700000.0,505700000.0,0.0,4900000.0,0.236,1379300000.0,766700000.0,0,0.271,4.591,24.746,24.603,484600000,0.0,56.34,5.831,5.814,0,2462700000,2146000000.0,2146000000.0,0.0,0.014,0.194,0.02,0.355,0.0,995700000.0,1.0,222114864,221453555,,9.691,35124400000,0,256100000.0,0,158.608,
80,NTRS,ART,2001-06-30,2001-08-10,2001-06-30,2021-09-08,-13200000,36183800000,36299400000.0,,,0.059,12.003,-292600000.0,6201700000,6201700000,0.0,507300000.0,,12.597,9284500000,,,9284500000,0,118900000.0,22846200000,0.01,0.6,755800000.0,874700000.0,0.408,874700000.0,755800000.0,755800000.0,2.27,2.19,2.27,2661100000,2514100000.0,2661100000,17116106852,23.0,19.568,404200000.0,1.823,1.0,2141900000.0,1.0,0,0.0,39266600000,40078875000.0,0,27713700000,,,33522700000,,,14033306852,291700000.0,-34000000.0,-123000000.0,-1865700000.0,-104200000.0,-1539600000.0,1134500000.0,1178700000.0,696800000.0,0.0,501800000.0,501800000.0,501800000.0,0.0,5500000.0,0.234,1380600000.0,761300000.0,0,0.264,5.273,27.966,27.771,480400000,0.0,63.04,6.552,6.525,0,2376600000,2141900000.0,2141900000.0,0.0,0.014,0.2,0.019,0.353,0.0,992100000.0,1.0,222609563,221701482,,9.661,36183800000,0,254000000.0,0,163.21,
81,NTRS,ART,2001-03-31,2001-05-11,2001-03-31,2021-09-08,-13100000,38197800000,36465475000.0,,,0.058,11.611,-273200000.0,5400900000,5400900000,0.0,499000000.0,,13.848,10722200000,,,10722200000,0,70800000.0,23591900000,0.009,0.58,743600000.0,814400000.0,0.385,814400000.0,743600000.0,743600000.0,2.23,2.15,2.23,2572600000,2425050000.0,2572600000,19656835646,26.0,24.137,230900000.0,1.042,1.0,2116400000.0,1.0,0,0.0,43519100000,40715375000.0,0,30526500000,,,35625200000,,,14335535646,-47400000.0,-33500000.0,-153000000.0,2202600000.0,-130200000.0,4072000000.0,-4623500000.0,-4645400000.0,504100000.0,0.0,493200000.0,493200000.0,493200000.0,0.0,5800000.0,0.233,1367000000.0,749400000.0,0,0.26,5.572,29.066,28.874,466400000,0.0,64.39,6.774,6.741,0,2287700000,2116400000.0,2116400000.0,0.0,0.014,0.203,0.018,0.351,0.0,976200000.0,1.0,222636056,221567912,,9.552,38197800000,0,250400000.0,0,172.398,
82,NTRS,ART,2000-12-31,2001-03-16,2000-12-31,2021-09-08,-900000,36022300000,35220875000.0,,,0.059,10.878,-245700000.0,8152700000,8152700000,0.0,485100000.0,,13.63,9369700000,,,9369700000,0,67800000.0,22827900000,0.01,0.58,724400000.0,792200000.0,0.381,792200000.0,724400000.0,724400000.0,2.17,2.08,2.17,2462200000,2344800000.0,2462200000,14671052247,20.0,18.519,125400000.0,0.554,1.0,2081600000.0,1.0,0,0.0,37239300000,38775900000.0,0,25251300000,,,33560100000,,,13454052247,309900000.0,-32500000.0,-163100000.0,5274300000.0,-125800000.0,6455300000.0,-6516500000.0,-3085600000.0,371100000.0,0.0,479400000.0,479400000.0,479400000.0,0.0,5700000.0,0.23,1351500000.0,730100000.0,0,0.267,5.464,28.064,27.392,448100000,0.0,59.44,6.463,6.463,0,2200000000,2081600000.0,2081600000.0,0.0,0.014,0.204,0.019,0.348,0.0,958800000.0,1.0,226346774,226346774,,9.197,36022300000,0,245000000.0,0,159.147,
83,NTRS,ART,2000-09-30,2000-11-13,2000-09-30,2021-09-08,-2300000,34793700000,34239300000.0,,,,10.693,,4649600000,4649600000,,,,13.74,10146400000,,,10146400000,0,,21154600000,0.005,0.473,,,,,,,,,,2360500000,2241750000.0,2360500000,24625502848,,,,,1.0,,,0,,40290500000,38769750000.0,0,27792600000,,,32433200000,,,19128702848,,,,,,,,,,,,,,,,,,,0,,8.104,,,409800000,,86.25,,,0,2116800000,,,,,,,,,,1.0,221782062,220749384,,,34793700000,0,,0,157.616,
84,NTRS,ART,2000-06-30,2000-08-10,2000-06-30,2021-09-08,-2300000,36848100000,33519450000.0,,,,10.429,,6185600000,6185600000,,,,14.987,11150100000,,,11150100000,0,,22312200000,0.006,0.458,,,,,,,,,,2304900000,2190650000.0,2304900000,22725789464,,,,,1.0,,,0,,41812600000,38122150000.0,0,28508600000,,,34543200000,,,17761289464,,,,,,,,,,,,,,,,,,,0,,7.706,,,394500000,,80.06,,,0,2034800000,,,,,,,,,,1.0,221849731,221010593,,,36848100000,0,,0,166.725,
85,NTRS,ART,2000-03-31,2000-05-10,2000-03-31,2021-09-08,-2400000,33219400000,30387000000.0,,,,10.179,,5977700000,5977700000,,,,13.754,8519500000,,,8519500000,0,,21454700000,0.007,0.443,,,,,,,,,,2251600000,2141300000.0,2251600000,17144678132,,,,,1.0,,,0,,35761200000,33424500000.0,0,25271200000,,,30967800000,,,14602878132,,,,,,,,,,,,,,,,,,,0,,6.486,,,384900000,,65.69,,,0,1945300000,,,,,,,,,,1.0,222299865,221199338,,,33219400000,0,,0,150.179,
86,NTRS,ART,1999-09-30,1999-11-12,1999-09-30,2021-09-08,-3000000,33684900000,29825075000.0,,,0.056,9.574,-78400000.0,7489300000,7489300000,0.0,390600000.0,,14.867,11053400000,,,11053400000,0,56000000.0,19061200000,0.01,0.48,591000000.0,647000000.0,0.385,647000000.0,591000000.0,591000000.0,1.74,1.685,1.74,2123000000,2042675000.0,2123000000,14749435837,25.0,22.797,235000000.0,1.06,1.0,1679300000.0,1.0,0,0.0,37249000000,32658625000.0,0,24537000000,,,31561900000,,,11185335837,670000000.0,0.0,-95300000.0,2678100000.0,-108300000.0,4502300000.0,-4144900000.0,-4063200000.0,313400000.0,0.0,385900000.0,385900000.0,385900000.0,0.0,4700000.0,0.23,1083600000.0,595700000.0,0,0.276,5.269,28.985,28.879,356900000,0.0,50.25,6.661,6.636,0,1798300000,1679300000.0,1679300000.0,0.0,0.013,0.189,0.018,0.352,0.0,795700000.0,1.0,222593748,221752584,229537752.0,7.573,33684900000,0,205100000.0,0,151.903,
87,NTRS,ART,1999-06-30,1999-08-12,1999-06-30,2021-09-08,1500000,30190800000,28423550000.0,,,0.057,9.355,-75200000.0,4736100000,4736100000,0.0,376600000.0,,13.54,8977000000,,,8977000000,0,54800000.0,18280300000,0.011,0.465,570900000.0,625700000.0,0.385,625700000.0,570900000.0,570900000.0,1.68,1.625,1.68,2076400000,1981600000.0,2076400000,13625816585,24.0,21.777,170300000.0,0.767,1.0,1626800000.0,1.0,0,0.0,34431700000,30848150000.0,0,23816500000,,,28114400000,,,9384916585,-115100000.0,0.0,-93000000.0,-1153100000.0,-105200000.0,-189600000.0,-171000000.0,-88600000.0,245500000.0,0.0,372000000.0,372000000.0,372000000.0,0.0,4600000.0,0.229,1051300000.0,575500000.0,0,0.277,4.52,25.228,25.057,350000000,0.0,42.095,5.769,5.743,0,1721800000,1626800000.0,1626800000.0,0.0,0.013,0.188,0.019,0.351,0.0,773900000.0,1.0,222946112,221949172,230294202.0,7.33,30190800000,0,198900000.0,0,136.026,
88,NTRS,ART,1999-03-31,1999-05-14,1999-03-31,2021-09-08,3900000,27554600000,28320100000.0,,,0.056,9.163,-71800000.0,4618400000,4618400000,0.0,364100000.0,,12.567,8151600000,,,8151600000,0,53400000.0,16592200000,0.01,0.45,552800000.0,606200000.0,0.383,606200000.0,552800000.0,552800000.0,1.625,1.57,1.625,2031000000,1922775000.0,2031000000,13344428759,24.0,22.013,171000000.0,0.772,1.0,1584800000.0,1.0,0,0.0,31087800000,30561025000.0,0,21269700000,,,25523600000,,,9811228759,71100000.0,-15000000.0,-89500000.0,2561700000.0,-102100000.0,2799000000.0,-2970700000.0,-3081200000.0,242800000.0,0.0,359400000.0,359400000.0,359400000.0,0.0,4700000.0,0.227,1027300000.0,557500000.0,0,0.277,4.831,27.299,27.04,346200000,0.0,43.94,6.191,6.145,0,1650000000,1584800000.0,1584800000.0,0.0,0.013,0.187,0.018,0.349,0.0,755900000.0,1.0,223286954,221643090,230140766.0,7.15,27554600000,0,193400000.0,0,124.32,
89,NTRS,ART,1998-12-31,1999-03-16,1998-12-31,2021-09-08,-600000,27870000000,27494400000.0,,,0.056,8.765,-76200000.0,6816900000,6816900000,0.0,353900000.0,,13.364,6812900000,,,6812900000,0,52400000.0,18202700000,0.01,0.45,537800000.0,590200000.0,0.383,590200000.0,537800000.0,537800000.0,1.575,1.52,1.575,1940300000,1865150000.0,1940300000,10217237929,19.0,17.311,354700000.0,1.602,1.0,1539800000.0,1.0,0,0.0,27866000000,29085075000.0,0,19356900000,,,25929700000,,,10221237929,627100000.0,-15000000.0,-97000000.0,336700000.0,-98500000.0,1988000000.0,-1791800000.0,-1653600000.0,430900000.0,0.0,349000000.0,349000000.0,349000000.0,0.0,4900000.0,0.227,997100000.0,542700000.0,0,0.286,5.268,29.287,29.137,340200000,0.0,45.89,6.638,6.597,0,1582900000,1539800000.0,1539800000.0,0.0,0.013,0.187,0.018,0.349,0.0,739500000.0,1.0,222733448,221366976,229734116.0,6.956,27870000000,0,188800000.0,0,125.9,
90,NTRS,ART,1998-09-30,1999-03-02,1998-09-30,2021-09-08,-700000,28078800000,26855750000.0,,,0.055,8.5,-73500000.0,6447100000,6447100000,0.0,343600000.0,,13.946,8375400000,,,8375400000,0,51500000.0,17041600000,0.01,0.435,521100000.0,572600000.0,0.385,572600000.0,521100000.0,521100000.0,1.56,1.485,1.56,1878700000,1814825000.0,1878700000,11936851555,23.0,20.847,186200000.0,0.842,1.0,1487400000.0,1.0,0,0.0,30007100000,28304400000.0,0,20073400000,,,26200100000,,,10008551555,-1188400000.0,-68000000.0,-103400000.0,-310500000.0,-95300000.0,700900000.0,-2149800000.0,-1944700000.0,259700000.0,0.0,338600000.0,338600000.0,338600000.0,0.0,5000000.0,0.228,961300000.0,526100000.0,0,0.279,5.327,29.559,28.888,334400000,0.0,45.065,6.729,6.697,0,1519400000,1487400000.0,1487400000.0,0.0,0.013,0.187,0.018,0.35,0.0,712900000.0,1.0,222091458,221036342,229428380.0,6.729,28078800000,0,182500000.0,0,127.033,
91,NTRS,ART,1998-09-30,1998-11-16,1998-09-30,2021-09-08,-700000,28078800000,26855750000.0,,,0.055,8.5,-73500000.0,6447100000,6447100000,0.0,343600000.0,,13.946,8375400000,,,8375400000,0,51500000.0,17041600000,0.011,0.42,521100000.0,572600000.0,0.385,572600000.0,521100000.0,521100000.0,1.56,1.485,1.56,1878700000,1814825000.0,1878700000,10632064239,20.0,18.568,186200000.0,0.842,1.0,1487400000.0,1.0,0,0.0,30007100000,28304400000.0,0,20073400000,,,26200100000,,,8703764239,-1188400000.0,-68000000.0,-103400000.0,-310500000.0,-95300000.0,700900000.0,-2149800000.0,-1944700000.0,259700000.0,0.0,338600000.0,338600000.0,338600000.0,0.0,5000000.0,0.228,961300000.0,526100000.0,0,0.269,4.633,25.705,25.122,334400000,0.0,39.19,5.852,5.824,0,1519400000,1487400000.0,1487400000.0,0.0,0.013,0.187,0.018,0.35,0.0,712900000.0,1.0,222091458,221036342,229428380.0,6.729,28078800000,0,182500000.0,0,127.033,
92,NTRS,ART,1998-06-30,1998-08-12,1998-06-30,2021-09-08,300000,29777000000,26565850000.0,,,0.055,8.308,-68500000.0,6624100000,6624100000,0.0,334400000.0,,15.173,10130300000,,,10130300000,0,51000000.0,17124300000,0.012,0.405,507700000.0,558700000.0,0.381,558700000.0,507700000.0,507700000.0,1.505,1.44,1.505,1841100000,1769525000.0,1841100000,11318805341,22.0,20.259,245500000.0,1.108,1.0,1465000000.0,1.0,0,0.0,33283200000,27864325000.0,0,21776300000,,,27935900000,,,7812605341,-402200000.0,-68000000.0,-85500000.0,2280100000.0,-91800000.0,3346200000.0,-4062400000.0,-3990300000.0,314000000.0,0.0,329300000.0,329300000.0,329300000.0,0.0,5100000.0,0.225,952200000.0,512800000.0,0,0.269,4.243,23.725,23.319,329500000,0.0,35.095,5.333,5.309,0,1453800000,1465000000.0,1465000000.0,0.0,0.012,0.186,0.018,0.347,0.0,702100000.0,1.0,222613060,221617352,230013132.0,6.61,29777000000,0,178400000.0,0,134.362,
93,NTRS,ART,1998-03-31,1998-05-14,1998-03-31,2021-09-08,1900000,24251800000,25634350000.0,,,0.055,8.118,-66400000.0,4658000000,4658000000,0.0,322600000.0,,12.469,5590200000,,,5590200000,0,50300000.0,16166200000,0.011,0.39,488400000.0,538700000.0,0.381,538700000.0,488400000.0,488400000.0,1.44,1.39,1.44,1800500000,1721475000.0,1800500000,8892425720,18.0,16.507,195100000.0,0.88,1.0,1415000000.0,1.0,0,0.0,25184000000,26474650000.0,0,18103700000,,,22451300000,,,7960225720,175400000.0,-53000000.0,-65100000.0,-182800000.0,-88400000.0,623400000.0,-709500000.0,-769900000.0,261500000.0,0.0,317500000.0,317500000.0,317500000.0,0.0,5100000.0,0.224,921500000.0,493500000.0,0,0.271,4.421,25.072,24.785,327800000,0.0,35.69,5.626,5.594,0,1391200000,1415000000.0,1415000000.0,0.0,0.012,0.184,0.018,0.345,0.0,681300000.0,1.0,223037986,221804222,230111592.0,6.379,24251800000,0,170900000.0,0,109.339,
94,NTRS,ART,1997-12-31,1998-03-17,1997-12-31,2021-09-08,2100000,25315400000,25379350000.0,,,0.054,7.835,-54200000.0,7048300000,7048300000,0.0,309400000.0,,13.557,6476200000,,,6476200000,0,49300000.0,16360000000,0.01,0.39,466900000.0,516200000.0,0.379,516200000.0,466900000.0,466900000.0,1.37,1.33,1.37,1739000000,1669650000.0,1739000000,7862008155,17.0,15.231,146900000.0,0.662,1.0,1363700000.0,1.0,0,0.0,24743300000,26283775000.0,0,16638800000,,,23576400000,,,8434108155,446400000.0,-53000000.0,-53200000.0,813200000.0,-85300000.0,3245700000.0,-3000400000.0,-2739700000.0,201100000.0,0.0,304400000.0,304400000.0,304400000.0,0.0,5000000.0,0.223,891800000.0,471900000.0,0,0.285,4.85,27.707,27.602,316400000,0.0,37.815,6.185,6.155,0,1330800000,1363700000.0,1363700000.0,0.0,0.012,0.182,0.018,0.342,0.0,656200000.0,1.0,223036048,221955290,229322312.0,6.144,25315400000,0,162500000.0,0,114.056,
95,NTRS,ART,1997-09-30,1997-11-13,1997-09-30,2021-09-08,2100000,26919200000,24452575000.0,,,,7.398,,7358300000,7358300000,,,,14.858,8685900000,,,8685900000,0,,15843400000,0.012,0.36,,,,,,,,,,1697500000,1620925000.0,1697500000,8007219808,,,,,1.0,,,0,,28246800000,25788425000.0,0,18148400000,,,25221700000,,,6679619808,,,,,,,,,,,,,,,,,,,0,,3.935,,,312400000,,29.94,,,0,1274300000,,,,,,,,,,1.0,223100194,229439594,,,26919200000,0,,0,117.326,
96,NTRS,ART,1997-06-30,1997-08-13,1997-06-30,2021-09-08,2200000,26051000000,,,,,7.201,,5732900000,5732900000,,,,14.799,7406400000,,,7406400000,0,,15891100000,0.013,0.348,,,,,,,,,,1648900000,,1648900000,7732088788,,,,,1.0,,,0,,27724500000,,0,18994000000,,,24402100000,,,6058588788,,,,,,,,,,,,,,,,,,,0,,3.674,,,312000000,,27.125,,,0,1214400000,,,,,,,,,,1.0,223358112,228967682,,,26051000000,0,,0,113.776,
97,NTRS,ART,1997-03-31,1997-05-14,1997-03-31,2021-09-08,200000,23231800000,,,,,6.948,,4564000000,4564000000,,,,13.582,5752700000,,,5752700000,0,,15213900000,0.015,0.335,,,,,,,,,,1593200000,,1593200000,6332026579,,,,,1.0,,,0,,24420500000,,0,17241500000,,,21638600000,,,5143326579,,,,,,,,,,,,,,,,,,,0,,3.228,,,291700000,,23.065,,,0,1160600000,,,,,,,,,,1.0,222992698,229298986,,,23231800000,0,,0,101.317,
98,NTRS,ART,1996-12-31,1997-03-14,1996-12-31,2021-09-08,1600000,21608300000,,,,,6.734,-56800000.0,4489400000,4489400000,0.0,258800000.0,,12.994,5643000000,,,5643000000,0,46800000.0,13796200000,0.016,0.335,382500000.0,429300000.0,0.372,429300000.0,382500000.0,382500000.0,1.105,1.1,1.105,1544100000,,1544100000,5793438554,15.0,13.495,291200000.0,1.27,1.0,1154200000.0,1.0,0,0.0,22761900000,,0,15604000000,,,20064200000,,,4639838554,-16400000.0,-14600000.0,-106100000.0,110000000.0,-74700000.0,1243000000.0,-1607400000.0,-1525400000.0,348000000.0,0.0,253900000.0,253900000.0,253900000.0,0.0,4900000.0,0.22,766800000.0,387400000.0,0,0.303,3.005,18.274,18.837,291500000,0.0,20.815,4.02,4.135,0,1110200000,1154200000.0,1154200000.0,0.0,,,,0.331,0.0,559700000.0,1.0,222908410,229296380,229296380.0,5.034,21608300000,0,128600000.0,0,94.237,
