None,ticker,dimension,calendardate,datekey,reportperiod,lastupdated,accoci,assets,assetsavg,assetsc,assetsnc,assetturnover,bvps,capex,cashneq,cashnequsd,cor,consolinc,currentratio,de,debt,debtc,debtnc,debtusd,deferredrev,depamor,deposits,divyield,dps,ebit,ebitda,ebitdamargin,ebitdausd,ebitusd,ebt,eps,epsdil,epsusd,equity,equityavg,equityusd,ev,evebit,evebitda,fcf,fcfps,fxusd,gp,grossmargin,intangibles,intexp,invcap,invcapavg,inventory,investments,investmentsc,investmentsnc,liabilities,liabilitiesc,liabilitiesnc,marketcap,ncf,ncfbus,ncfcommon,ncfdebt,ncfdiv,ncff,ncfi,ncfinv,ncfo,ncfx,netinc,netinccmn,netinccmnusd,netincdis,netincnci,netmargin,opex,opinc,payables,payoutratio,pb,pe,pe1,ppnenet,prefdivis,price,ps,ps1,receivables,retearn,revenue,revenueusd,rnd,roa,roe,roic,ros,sbcomp,sgna,sharefactor,sharesbas,shareswa,shareswadil,sps,tangibles,taxassets,taxexp,taxliabilities,tbvps,workingcapital
0,NTRS,MRY,2020-12-31,2020-12-31,2020-12-31,2021-09-08,428000000.0,170003900000.0,158807000000.0,,,0.038,56.108,-560400000.0,64265700000.0,64265700000.0,0.0,1209300000.0,,13.545,8901000000.0,,,8901000000.0,0.0,500300000.0,143878000000.0,0.03,2.8,1627600000.0,2127900000.0,0.356,2127900000.0,1627600000.0,1627600000.0,5.48,5.46,5.48,11688300000.0,11382325000.0,11688300000.0,-15510988358.0,-10.0,-7.289,1336400000.0,6.415,1.0,5975800000.0,1.0,707200000.0,0.0,113932000000.0,115543050000.0,0.0,94971000000.0,,,158315600000.0,,,19384411642.0,-69700000.0,0.0,-280300000.0,-2956400000.0,-584600000.0,27871900000.0,-29923000000.0,-28813100000.0,1896800000.0,84600000.0,1209300000.0,1153100000.0,1153100000.0,0.0,0.0,0.193,4348200000.0,1627600000.0,0.0,0.511,1.658,16.811,16.996,514900000.0,56200000.0,93.14,3.244,3.247,0.0,12207700000.0,5975800000.0,5975800000.0,0.0,0.007,0.101,0.014,0.272,0.0,4001500000.0,1.0,208121233.0,208319412,208319412.0,28.686,169296700000.0,0.0,418300000.0,0.0,812.678,
1,NTRS,MRY,2019-12-31,2019-12-31,2019-12-31,2021-09-08,-194700000.0,136828400000.0,127401125000.0,,,0.048,51.7,-599800000.0,43227300000.0,43227300000.0,0.0,1492200000.0,,11.337,11786200000.0,,,11786200000.0,0.0,458900000.0,109120600000.0,0.024,2.6,1944100000.0,2403000000.0,0.395,2403000000.0,1944100000.0,1944100000.0,6.66,6.63,6.66,11091000000.0,10831000000.0,11091000000.0,2775302884.0,1.0,1.155,1992200000.0,9.287,1.0,6087600000.0,1.0,696800000.0,0.0,104690500000.0,102283150000.0,0.0,83174000000.0,,,125737400000.0,,,22510302884.0,-122400000.0,-10500000.0,-1056200000.0,-2406900000.0,-529700000.0,615900000.0,-3405000000.0,-2340800000.0,2592000000.0,74700000.0,1492200000.0,1445800000.0,1445800000.0,0.0,0.0,0.237,4143500000.0,1944100000.0,0.0,0.39,2.03,15.569,15.952,483300000.0,46400000.0,106.24,3.698,3.744,0.0,11656700000.0,6087600000.0,6087600000.0,0.0,0.011,0.133,0.019,0.319,0.0,3813700000.0,1.0,211881616.0,214525547,214525547.0,28.377,136131600000.0,0.0,451900000.0,0.0,634.571,
2,NTRS,MRY,2018-12-31,2018-12-31,2018-12-31,2021-09-08,-453700000.0,132212500000.0,132342350000.0,,,0.045,47.091,-506000000.0,40091200000.0,40091200000.0,0.0,1556400000.0,,11.582,14065500000.0,,,14065500000.0,0.0,460900000.0,104496800000.0,0.023,1.94,1957800000.0,2418700000.0,0.405,2418700000.0,1957800000.0,1957800000.0,6.68,6.64,6.68,10508300000.0,10364100000.0,10508300000.0,-9969962025.0,-5.0,-4.122,1261500000.0,5.653,1.0,5974700000.0,1.0,669300000.0,0.0,105517500000.0,103186425000.0,0.0,83620500000.0,,,121704200000.0,,,18506437975.0,63500000.0,-104200000.0,-891700000.0,1687400000.0,-405400000.0,-5818200000.0,4327100000.0,5860600000.0,1767500000.0,-212900000.0,1556400000.0,1510000000.0,1510000000.0,0.0,0.0,0.253,4016900000.0,1957800000.0,0.0,0.29,1.761,12.256,12.513,428200000.0,46400000.0,83.59,3.097,3.122,0.0,10776800000.0,5974700000.0,5974700000.0,0.0,0.011,0.146,0.019,0.328,0.0,3686300000.0,1.0,221395358.0,223148335,223148335.0,26.775,131543200000.0,0.0,401400000.0,0.0,589.488,
3,NTRS,MRY,2017-12-31,2017-12-31,2017-12-31,2021-09-08,-414300000.0,138590500000.0,129271275000.0,,,0.042,44.757,-472800000.0,51933400000.0,51933400000.0,0.0,1199000000.0,,12.566,12395500000.0,,,12395500000.0,0.0,421700000.0,112390800000.0,0.016,1.6,1633900000.0,2055600000.0,0.38,2055600000.0,1633900000.0,1633900000.0,4.95,4.92,4.95,10216200000.0,10106750000.0,10216200000.0,-11805303524.0,-7.0,-5.743,1247600000.0,5.466,1.0,5403300000.0,1.0,605600000.0,0.0,98447000000.0,94365000000.0,0.0,79252600000.0,,,128374300000.0,,,22717096476.0,-813900000.0,-188500000.0,-415100000.0,3550700000.0,-356800000.0,11252700000.0,-14021600000.0,-12793500000.0,1720400000.0,234600000.0,1199000000.0,1149200000.0,1149200000.0,0.0,0.0,0.213,3769400000.0,1633900000.0,0.0,0.323,2.224,19.768,20.18,464600000.0,49800000.0,99.89,4.204,4.22,0.0,9685100000.0,5403300000.0,5403300000.0,0.0,0.009,0.114,0.017,0.302,0.0,3437800000.0,1.0,227421128.0,228257664,228257664.0,23.672,137984900000.0,0.0,434900000.0,0.0,604.514,
4,NTRS,MRY,2016-12-31,2016-12-31,2016-12-31,2021-09-08,-370000000.0,123926900000.0,120830075000.0,,,0.041,42.932,-473400000.0,38781100000.0,38781100000.0,0.0,1032500000.0,,11.684,8892900000.0,,,8892900000.0,0.0,373300000.0,101651700000.0,0.017,1.48,1517100000.0,1890400000.0,0.379,1890400000.0,1517100000.0,1517100000.0,4.35,4.32,4.35,9770400000.0,9283625000.0,9770400000.0,-7002110189.0,-5.0,-3.704,1036600000.0,4.555,1.0,4987800000.0,1.0,519400000.0,0.0,93519300000.0,95681100000.0,0.0,78162300000.0,,,114156500000.0,,,20163689811.0,-1086500000.0,-16900000.0,-177300000.0,847200000.0,-333000000.0,7536900000.0,-10192100000.0,-11033300000.0,1510000000.0,58700000.0,1032500000.0,1009100000.0,1009100000.0,0.0,0.0,0.202,3470700000.0,1517100000.0,0.0,0.34,2.064,19.982,20.471,466600000.0,23400000.0,89.05,4.043,4.063,0.0,8908400000.0,4987800000.0,4987800000.0,0.0,0.008,0.109,0.016,0.304,0.0,3106300000.0,1.0,226431104.0,227580584,227580584.0,21.917,123407500000.0,0.0,484600000.0,0.0,542.258,
5,NTRS,MRY,2015-12-31,2015-12-31,2015-12-31,2021-09-08,-372700000.0,116749600000.0,115909925000.0,,,0.041,37.48,-433500000.0,38600400000.0,38600400000.0,0.0,973800000.0,,12.41,8099200000.0,,,8099200000.0,0.0,351600000.0,96868900000.0,0.02,1.41,1465000000.0,1816600000.0,0.383,1816600000.0,1465000000.0,1465000000.0,4.03,3.99,4.03,8705900000.0,8711825000.0,8705900000.0,5069671715.0,3.0,2.791,1400900000.0,6.031,1.0,4745600000.0,1.0,526400000.0,0.0,85722000000.0,97222450000.0,0.0,70554500000.0,,,108043700000.0,,,16668671715.0,3397500000.0,0.0,-402900000.0,1161900000.0,-321400000.0,8534100000.0,-6900100000.0,-5648700000.0,1834400000.0,-70900000.0,973800000.0,950400000.0,950400000.0,0.0,0.0,0.2,3280600000.0,1465000000.0,0.0,0.35,1.915,17.539,17.888,446900000.0,23400000.0,72.09,3.512,3.529,0.0,8242800000.0,4745600000.0,4745600000.0,0.0,0.008,0.109,0.015,0.309,0.0,2952600000.0,1.0,231220304.0,232279849,232279849.0,20.431,116223200000.0,0.0,491200000.0,0.0,500.359,
6,NTRS,MRY,2014-12-31,2014-12-31,2014-12-31,2021-09-08,-319700000.0,109946500000.0,107673500000.0,,,0.04,35.826,-409500000.0,19041600000.0,19041600000.0,0.0,811800000.0,,12.013,6892500000.0,,,6892500000.0,0.0,335700000.0,90757000000.0,0.019,1.3,1190200000.0,1525900000.0,0.353,1525900000.0,1190200000.0,1190200000.0,3.34,3.32,3.34,8448900000.0,8245600000.0,8448900000.0,3393937539.0,3.0,2.224,526500000.0,2.233,1.0,4325200000.0,1.0,533200000.0,0.0,97264200000.0,86826875000.0,0.0,82493500000.0,,,101497600000.0,,,15873037539.0,-138000000.0,0.0,-353200000.0,-868700000.0,-302900000.0,7073700000.0,-8234600000.0,-7443600000.0,936000000.0,86900000.0,811800000.0,802300000.0,802300000.0,0.0,0.0,0.185,3135000000.0,1190200000.0,0.0,0.389,1.879,19.784,20.18,444300000.0,9500000.0,67.4,3.67,3.675,0.0,7625400000.0,4325200000.0,4325200000.0,0.0,0.007,0.097,0.014,0.275,0.0,2862900000.0,1.0,235505008.0,235829790,235829790.0,18.34,109413300000.0,0.0,378400000.0,0.0,463.95,
7,NTRS,MRY,2013-12-31,2013-12-31,2013-12-31,2021-09-08,-244300000.0,102947300000.0,97327400000.0,,,0.042,33.068,-384900000.0,23089400000.0,23089400000.0,0.0,731300000.0,,12.012,7423900000.0,,,7423900000.0,0.0,318500000.0,84098100000.0,0.02,1.23,1075500000.0,1394000000.0,0.343,1394000000.0,1075500000.0,1075500000.0,3.01,2.99,3.01,7912000000.0,7766450000.0,7912000000.0,-7676890019.0,-7.0,-5.507,454400000.0,1.899,1.0,4069300000.0,1.0,540700000.0,0.0,86741100000.0,76628375000.0,0.0,72739200000.0,,,95035300000.0,,,14790709981.0,-590300000.0,0.0,-163500000.0,1606800000.0,-220600000.0,4388300000.0,-5683300000.0,-6098400000.0,839300000.0,-134600000.0,731300000.0,731300000.0,731300000.0,0.0,0.0,0.18,2993800000.0,1075500000.0,0.0,0.409,1.869,20.225,20.561,458800000.0,0.0,61.89,3.635,3.639,0.0,7134800000.0,4069300000.0,4069300000.0,0.0,0.008,0.094,0.014,0.264,0.0,2679600000.0,1.0,238983842.0,239265313,239265313.0,17.007,102406600000.0,0.0,344200000.0,0.0,428.004,
8,NTRS,MRY,2012-12-31,2012-12-31,2012-12-31,2021-09-08,-283000000.0,97463800000.0,94289125000.0,,,0.041,31.308,-312500000.0,30236700000.0,30236700000.0,0.0,687300000.0,,11.949,5951800000.0,,,5951800000.0,0.0,289400000.0,81407800000.0,0.024,1.18,992300000.0,1281700000.0,0.331,1281700000.0,992300000.0,992300000.0,2.82,2.81,2.82,7527000000.0,7418175000.0,7527000000.0,-11805375689.0,-12.0,-9.211,501900000.0,2.088,1.0,3871100000.0,1.0,537800000.0,0.0,72641100000.0,71396125000.0,0.0,60240100000.0,,,89936800000.0,,,12028324311.0,-562600000.0,0.0,-55600000.0,-1393300000.0,-354300000.0,-3072900000.0,1627600000.0,3372100000.0,814400000.0,68300000.0,687300000.0,687300000.0,687300000.0,0.0,0.0,0.178,2878800000.0,992300000.0,0.0,0.418,1.598,17.501,17.787,469900000.0,0.0,50.16,3.107,3.115,0.0,6702700000.0,3871100000.0,3871100000.0,0.0,0.007,0.093,0.014,0.256,0.0,2595900000.0,1.0,239799129.0,240417805,240417805.0,16.102,96926000000.0,0.0,305000000.0,0.0,403.156,
9,NTRS,MRY,2011-12-31,2011-12-31,2011-12-31,2021-09-08,-345600000.0,100223700000.0,96599850000.0,,,0.038,29.483,-371100000.0,34581600000.0,34581600000.0,0.0,603600000.0,,13.082,7482500000.0,,,7482500000.0,0.0,265100000.0,82677500000.0,0.028,1.12,883700000.0,1148800000.0,0.309,1148800000.0,883700000.0,883700000.0,2.47,2.47,2.47,7117300000.0,7055925000.0,7117300000.0,-14000466634.0,-16.0,-12.187,883200000.0,3.659,1.0,3714900000.0,1.0,532000000.0,0.0,72592600000.0,70678175000.0,0.0,59768800000.0,,,93106400000.0,,,9557933366.0,1497300000.0,-172600000.0,-3400000.0,-2401100000.0,-273700000.0,15803600000.0,-15388400000.0,-14930500000.0,1254300000.0,-172200000.0,603600000.0,603600000.0,603600000.0,0.0,0.0,0.162,2831200000.0,883700000.0,0.0,0.453,1.343,15.835,16.057,494500000.0,0.0,39.66,2.573,2.577,0.0,6302300000.0,3714900000.0,3714900000.0,0.0,0.006,0.086,0.013,0.238,0.0,2587200000.0,1.0,240996807.0,241401310,241401310.0,15.389,99691700000.0,0.0,280100000.0,0.0,412.971,
10,NTRS,MRY,2010-12-31,2010-12-31,2010-12-31,2021-09-08,-305300000.0,83843900000.0,80233700000.0,,,0.043,28.221,-311100000.0,29254000000.0,29254000000.0,0.0,669500000.0,,11.275,9896100000.0,,,9896100000.0,0.0,249500000.0,64195700000.0,0.02,1.12,989800000.0,1239300000.0,0.355,1239300000.0,989800000.0,989800000.0,2.74,2.74,2.74,6830300000.0,6666425000.0,6830300000.0,-806932122.0,-1.0,-0.651,479100000.0,1.98,1.0,3487700000.0,1.0,400900000.0,0.0,64085100000.0,63803050000.0,0.0,48643300000.0,,,77013600000.0,,,13419967878.0,326200000.0,0.0,64700000.0,-4562000000.0,-273200000.0,1145100000.0,-1768000000.0,-2071600000.0,790200000.0,158900000.0,669500000.0,669500000.0,669500000.0,0.0,0.0,0.192,2497900000.0,989800000.0,0.0,0.409,1.965,20.045,20.223,504500000.0,0.0,55.41,3.848,3.845,0.0,5972100000.0,3487700000.0,3487700000.0,0.0,0.008,0.1,0.016,0.284,0.0,2260900000.0,1.0,242193970.0,242028776,242028776.0,14.41,83443000000.0,0.0,320300000.0,0.0,344.765,
11,NTRS,MRY,2009-12-31,2009-12-31,2009-12-31,2021-09-08,-361600000.0,82141500000.0,78388200000.0,,,0.046,26.802,-314200000.0,30620000000.0,30620000000.0,0.0,864200000.0,,12.013,14432000000.0,,,14432000000.0,0.0,243700000.0,58281300000.0,0.021,1.12,1144100000.0,1387800000.0,0.389,1387800000.0,1144100000.0,1144100000.0,3.18,3.16,3.18,6312100000.0,6297200000.0,6312100000.0,-1289015992.0,-1.0,-0.929,700500000.0,2.974,1.0,3571900000.0,1.0,401600000.0,0.0,65551900000.0,65694350000.0,0.0,46439100000.0,,,75829400000.0,,,12654884008.0,-156400000.0,0.0,862300000.0,5794600000.0,-260300000.0,421200000.0,-1678600000.0,-1130500000.0,1014700000.0,86300000.0,753100000.0,753100000.0,753100000.0,0.0,111100000.0,0.211,2316700000.0,1255200000.0,0.0,0.352,2.005,16.804,16.478,543500000.0,0.0,52.4,3.543,3.455,0.0,5576000000.0,3571900000.0,3571900000.0,0.0,0.01,0.12,0.017,0.32,0.0,2198200000.0,1.0,241505420.0,235511879,235511879.0,15.167,81739900000.0,0.0,391000000.0,0.0,347.073,
12,NTRS,MRY,2008-12-31,2008-12-31,2008-12-31,2021-09-08,-494900000.0,82053600000.0,78396200000.0,,,0.053,28.853,-308000000.0,28942000000.0,28942000000.0,0.0,794800000.0,,11.842,8672000000.0,,,8672000000.0,0.0,220400000.0,62406400000.0,0.021,1.12,1263700000.0,1484100000.0,0.356,1484100000.0,1263700000.0,1263700000.0,3.51,3.47,3.51,6389400000.0,5236975000.0,6389400000.0,-10859296291.0,-9.0,-7.317,547300000.0,2.471,1.0,4163500000.0,1.0,389400000.0,0.0,61394200000.0,55487500000.0,0.0,46326200000.0,,,75664200000.0,,,11629003709.0,-1273400000.0,0.0,93600000.0,-292100000.0,-247700000.0,12376100000.0,-14347200000.0,-18245400000.0,855300000.0,-157600000.0,782800000.0,782800000.0,782800000.0,0.0,12000000.0,0.188,2887800000.0,1275700000.0,0.0,0.319,1.82,14.856,14.855,506600000.0,0.0,52.14,2.793,2.773,0.0,5091200000.0,4163500000.0,4163500000.0,0.0,0.01,0.149,0.023,0.304,0.0,2177600000.0,1.0,223034210.0,221446382,221446382.0,18.801,81664200000.0,0.0,480900000.0,0.0,368.776,
13,NTRS,MRY,2007-12-31,2007-12-31,2007-12-31,2021-09-08,-90300000.0,67611200000.0,62463050000.0,,,0.056,20.526,-253500000.0,28993800000.0,28993800000.0,0.0,726900000.0,,13.994,8950800000.0,,,8950800000.0,0.0,211400000.0,51213100000.0,0.013,1.03,1060800000.0,1272200000.0,0.364,1272200000.0,1060800000.0,1060800000.0,3.28,3.23,3.28,4509100000.0,4284775000.0,4509100000.0,2363079726.0,2.0,1.857,627200000.0,2.855,1.0,3491000000.0,1.0,425800000.0,0.0,47142400000.0,46295325000.0,0.0,34228300000.0,,,63102100000.0,,,16843179726.0,-1039400000.0,0.0,-8200000.0,-1836800000.0,-219500000.0,5460400000.0,-7469200000.0,-1631900000.0,880700000.0,88700000.0,726900000.0,726900000.0,726900000.0,0.0,0.0,0.208,2430200000.0,1060800000.0,0.0,0.314,3.735,23.171,23.348,491900000.0,0.0,76.58,4.825,4.819,0.0,4556200000.0,3491000000.0,3491000000.0,0.0,0.012,0.17,0.023,0.304,-45100000.0,2035100000.0,1.0,219942279.0,219680628,219680628.0,15.891,67185400000.0,0.0,333900000.0,0.0,305.832,
14,NTRS,MRY,2006-12-31,2006-12-31,2006-12-31,2021-09-08,-148600000.0,60712200000.0,54858500000.0,,,0.054,18.111,-238500000.0,21751300000.0,21751300000.0,0.0,665400000.0,,14.394,10778400000.0,,,10778400000.0,0.0,199600000.0,43820200000.0,0.015,0.94,1024200000.0,1223800000.0,0.411,1223800000.0,1024200000.0,1024200000.0,3.06,3.0,3.06,3943900000.0,3847925000.0,3943900000.0,4859705514.0,5.0,3.971,150000000.0,0.689,1.0,2981100000.0,1.0,422500000.0,0.0,49316800000.0,46077275000.0,0.0,34974900000.0,,,56768300000.0,,,13229805514.0,1964800000.0,0.0,-43000000.0,1996100000.0,-200500000.0,6806500000.0,-5383200000.0,-90000000.0,388500000.0,153000000.0,665400000.0,665400000.0,665400000.0,0.0,0.0,0.223,1956900000.0,1024200000.0,0.0,0.307,3.354,19.882,19.833,487200000.0,0.0,60.69,4.438,4.433,0.0,4131200000.0,2981100000.0,2981100000.0,0.0,0.012,0.173,0.022,0.344,-21300000.0,1761100000.0,1.0,217989875.0,217766035,217766035.0,13.689,60289700000.0,0.0,358800000.0,0.0,276.855,
15,NTRS,MRY,2005-12-31,2005-12-31,2005-12-31,2021-09-08,-18700000.0,53413800000.0,48964525000.0,,,0.054,16.51,-173700000.0,19031900000.0,19031900000.0,0.0,584400000.0,,13.834,8867200000.0,,,8867200000.0,0.0,191700000.0,38519500000.0,0.017,0.86,887800000.0,1079500000.0,0.412,1079500000.0,887800000.0,887800000.0,2.68,2.64,2.68,3600800000.0,3484375000.0,3600800000.0,4737224976.0,5.0,4.388,409400000.0,1.877,1.0,2622700000.0,1.0,0.0,0.0,43249100000.0,40589625000.0,0.0,31077500000.0,,,49813000000.0,,,11309524976.0,943700000.0,-464900000.0,-114700000.0,348800000.0,-183500000.0,4523300000.0,-4069700000.0,-7105100000.0,583100000.0,-93000000.0,584400000.0,584400000.0,584400000.0,0.0,0.0,0.223,1734900000.0,887800000.0,0.0,0.321,3.141,19.352,19.336,471500000.0,0.0,51.82,4.312,4.309,0.0,3672100000.0,2622700000.0,2622700000.0,0.0,0.012,0.168,0.022,0.339,0.0,1562900000.0,1.0,218246333.0,218101996,218101996.0,12.025,53413800000.0,0.0,303400000.0,0.0,244.903,
16,NTRS,MRY,2004-12-31,2004-12-31,2004-12-31,2021-09-08,-14700000.0,45276700000.0,42461225000.0,,,0.054,15.015,-133100000.0,15220000000.0,15220000000.0,0.0,505600000.0,,12.739,8528500000.0,,,8528500000.0,0.0,176400000.0,31057600000.0,0.016,0.78,755300000.0,931700000.0,0.407,931700000.0,755300000.0,755300000.0,2.3,2.27,2.3,3295600000.0,3204400000.0,3295600000.0,4094089640.0,5.0,4.394,521700000.0,2.377,1.0,2287000000.0,1.0,0.0,0.0,38585200000.0,36869225000.0,0.0,26984400000.0,,,41981100000.0,,,10649189640.0,456600000.0,-4200000.0,-112200000.0,-1239000000.0,-167000000.0,3249900000.0,-3482900000.0,-372700000.0,654800000.0,34800000.0,505600000.0,505600000.0,505600000.0,0.0,0.0,0.221,1531700000.0,755300000.0,0.0,0.339,3.231,21.062,21.122,465100000.0,0.0,48.58,4.656,4.662,0.0,3300600000.0,2287000000.0,2287000000.0,0.0,0.012,0.158,0.02,0.33,0.0,1029400000.0,1.0,219209338.0,219492478,219492478.0,10.419,45276700000.0,0.0,249700000.0,0.0,206.279,
17,NTRS,MRY,2003-12-31,2003-12-31,2003-12-31,2021-09-08,-8900000.0,41450200000.0,39428775000.0,,,0.053,13.875,-180300000.0,11161000000.0,11161000000.0,0.0,404800000.0,,12.567,9767400000.0,,,9767400000.0,0.0,186300000.0,26270000000.0,0.015,0.7,612600000.0,798900000.0,0.383,798900000.0,612600000.0,612600000.0,1.84,1.89,1.84,3055300000.0,3006950000.0,3055300000.0,9743890664.0,16.0,12.197,238400000.0,1.083,1.0,2087900000.0,1.0,0.0,0.0,40056600000.0,38269425000.0,0.0,27285100000.0,,,38394900000.0,,,10197990664.0,-1076300000.0,-97900000.0,-84500000.0,1154300000.0,-149900000.0,992000000.0,-2487000000.0,-2086500000.0,418700000.0,0.0,404800000.0,404800000.0,404800000.0,18500000.0,0.0,0.194,1456800000.0,631100000.0,0.0,0.38,3.338,25.193,25.152,498300000.0,0.0,46.28,4.884,4.881,0.0,2990700000.0,2087900000.0,2087900000.0,0.0,0.01,0.135,0.016,0.293,0.0,1006100000.0,1.0,220354163.0,220203094,220203094.0,9.482,41450200000.0,0.0,207800000.0,0.0,188.236,
18,NTRS,MRY,2002-12-31,2002-12-31,2002-12-31,2021-09-08,7100000.0,39478200000.0,38729675000.0,,,0.052,13.601,-227000000.0,12004500000.0,12004500000.0,0.0,447100000.0,,12.16,8604700000.0,,,8604700000.0,0.0,158800000.0,26062100000.0,0.019,0.68,666800000.0,825600000.0,0.407,825600000.0,666800000.0,666800000.0,2.02,1.97,2.02,2999800000.0,2922475000.0,2999800000.0,7749462191.0,12.0,9.386,427600000.0,1.939,1.0,2029000000.0,1.0,0.0,0.0,36078400000.0,38625200000.0,0.0,24657600000.0,,,36478400000.0,,,7743362191.0,79900000.0,0.0,-119600000.0,-2081700000.0,-150500000.0,-1243200000.0,668500000.0,957200000.0,654600000.0,0.0,444900000.0,444900000.0,444900000.0,0.0,2200000.0,0.219,1360000000.0,669000000.0,0.0,0.337,2.581,17.405,17.351,515000000.0,0.0,35.05,3.816,3.81,0.0,2775300000.0,2029000000.0,2029000000.0,0.0,0.011,0.152,0.017,0.329,0.0,941900000.0,1.0,220923315.0,220552132,220552132.0,9.2,39478200000.0,0.0,221900000.0,0.0,178.997,
19,NTRS,MRY,2001-12-31,2001-12-31,2001-12-31,2021-09-08,-2400000.0,39671800000.0,37298575000.0,,,0.056,12.526,-254300000.0,13138300000.0,13138300000.0,0.0,487500000.0,,13.304,10686300000.0,,,10686300000.0,0.0,158700000.0,25019300000.0,0.011,0.635,726100000.0,884800000.0,0.427,884800000.0,726100000.0,726100000.0,2.18,2.1,2.18,2773500000.0,2683250000.0,2773500000.0,13811757110.0,19.0,15.61,502100000.0,2.268,1.0,2073300000.0,1.0,0.0,0.0,37219800000.0,38889650000.0,0.0,24311000000.0,,,36898300000.0,,,13375757110.0,304500000.0,-1500000.0,-133100000.0,1316500000.0,-137900000.0,3294300000.0,-3746200000.0,-3491500000.0,756400000.0,0.0,483400000.0,483400000.0,483400000.0,-2800000.0,4100000.0,0.233,1345900000.0,727400000.0,0.0,0.291,4.823,27.67,27.624,488700000.0,0.0,60.22,6.451,6.431,0.0,2520100000.0,2073300000.0,2073300000.0,0.0,0.013,0.18,0.019,0.35,0.0,946500000.0,1.0,222114864.0,221425584,221425584.0,9.363,39671800000.0,0.0,242700000.0,0.0,179.165,
20,NTRS,MRY,2000-12-31,2000-12-31,2000-12-31,2021-09-08,-13200000.0,36022300000.0,35220875000.0,,,0.06,11.143,-245700000.0,8152700000.0,8152700000.0,0.0,485100000.0,,13.63,9369700000.0,,,9369700000.0,0.0,144700000.0,22827900000.0,0.007,0.56,724400000.0,869100000.0,0.412,869100000.0,724400000.0,724400000.0,2.17,2.08,2.17,2462200000.0,2344800000.0,2462200000.0,23585344977.0,33.0,27.138,125400000.0,0.568,1.0,2111800000.0,1.0,0.0,0.0,37239300000.0,38768675000.0,0.0,25251300000.0,,,33560100000.0,,,18088544977.0,309900000.0,-33000000.0,-163100000.0,5274300000.0,-119900000.0,6455300000.0,-6516500000.0,-5987200000.0,371100000.0,0.0,479400000.0,479400000.0,479400000.0,0.0,5700000.0,0.227,1381700000.0,730100000.0,0.0,0.258,7.346,37.732,37.585,448100000.0,0.0,81.56,8.565,8.534,0.0,2200000000.0,2111800000.0,2111800000.0,0.0,0.014,0.204,0.019,0.343,0.0,958800000.0,1.0,221782062.0,220961477,230613311.0,9.557,36022300000.0,0.0,245000000.0,0.0,163.025,
21,NTRS,MRY,1999-12-31,1999-12-31,1999-12-31,2021-09-08,-2400000.0,28708200000.0,30034625000.0,,,0.058,9.81,-194700000.0,5417100000.0,5417100000.0,0.0,405000000.0,,12.201,4095300000.0,,,4095300000.0,0.0,120500000.0,21371000000.0,0.008,0.427,611700000.0,732200000.0,0.42,732200000.0,611700000.0,611700000.0,1.81,1.74,1.81,2174700000.0,2101275000.0,2174700000.0,15361568644.0,25.0,20.98,412100000.0,1.859,1.0,1741500000.0,1.0,0.0,0.0,27386400000.0,32561000000.0,0.0,21467300000.0,,,26533500000.0,,,11797468644.0,-388100000.0,0.0,-115600000.0,-2717700000.0,-111400000.0,234700000.0,-1229600000.0,-2023700000.0,606800000.0,0.0,400200000.0,400200000.0,400200000.0,0.0,4800000.0,0.23,1125000000.0,616500000.0,0.0,0.236,5.425,29.479,29.282,380400000.0,0.0,53.0,6.774,6.746,0.0,1870700000.0,1741500000.0,1741500000.0,0.0,0.013,0.19,0.019,0.351,0.0,819000000.0,1.0,222593748.0,221673316,229874028.0,7.856,28708200000.0,0.0,211500000.0,0.0,129.507,
22,NTRS,MRY,1998-12-31,1998-12-31,1998-12-31,2021-09-08,-600000.0,27870000000.0,27494400000.0,,,0.056,8.765,-145000000.0,6816900000.0,6816900000.0,0.0,353900000.0,,13.364,6812900000.0,,,6812900000.0,0.0,52400000.0,18202700000.0,0.01,0.435,537800000.0,590200000.0,0.383,590200000.0,537800000.0,537800000.0,1.58,1.52,1.58,1940300000.0,1865150000.0,1940300000.0,11623702599.0,22.0,19.695,354700000.0,1.602,1.0,1539800000.0,1.0,0.0,0.0,27866000000.0,29085075000.0,0.0,19503700000.0,,,25929700000.0,,,9695402599.0,627100000.0,-15000000.0,-97000000.0,336700000.0,-98500000.0,1988000000.0,-1860600000.0,-672100000.0,499700000.0,0.0,349000000.0,349000000.0,349000000.0,0.0,4900000.0,0.227,997100000.0,542700000.0,0.0,0.275,4.997,27.781,27.63,340200000.0,0.0,43.655,6.297,6.276,0.0,1582900000.0,1539800000.0,1539800000.0,0.0,0.013,0.187,0.018,0.349,0.0,739500000.0,1.0,222091458.0,221366976,229734116.0,6.956,27870000000.0,0.0,188800000.0,0.0,125.9,
23,NTRS,MRY,1997-12-31,1997-12-31,1997-12-31,2021-09-08,2100000.0,25315400000.0,25379350000.0,,,0.054,7.835,-54200000.0,7048300000.0,7048300000.0,0.0,309400000.0,,13.557,6476200000.0,,,6476200000.0,0.0,49300000.0,16360000000.0,0.011,0.375,466900000.0,516200000.0,0.379,516200000.0,466900000.0,466900000.0,1.37,1.33,1.37,1739000000.0,1669650000.0,1739000000.0,9108219266.0,20.0,17.645,146900000.0,0.662,1.0,1363700000.0,1.0,0.0,0.0,24743300000.0,26394650000.0,0.0,16638800000.0,,,23576400000.0,,,7780619266.0,446400000.0,-53000000.0,-53200000.0,813200000.0,-85300000.0,3245700000.0,-3000400000.0,-2962900000.0,201100000.0,0.0,304400000.0,304400000.0,304400000.0,0.0,5000000.0,0.223,891800000.0,471900000.0,0.0,0.274,4.474,25.561,25.456,316400000.0,0.0,34.875,5.706,5.676,0.0,1330800000.0,1363700000.0,1363700000.0,0.0,0.012,0.182,0.018,0.342,0.0,656200000.0,1.0,223100194.0,221955290,229322312.0,6.144,25315400000.0,0.0,162500000.0,0.0,114.056,
24,NTRS,MRY,1996-12-31,1996-12-31,1996-12-31,2021-09-08,1600000.0,21608300000.0,21255325000.0,,,0.054,6.897,-56800000.0,4489400000.0,4489400000.0,0.0,258800000.0,,12.994,5643000000.0,,,5643000000.0,0.0,46800000.0,13796200000.0,0.018,0.323,382500000.0,429300000.0,0.371,429300000.0,382500000.0,382500000.0,1.135,1.105,1.135,1544100000.0,1505800000.0,1544100000.0,,,,291200000.0,1.301,1.0,1156300000.0,1.0,0.0,0.0,22761900000.0,23626300000.0,0.0,15604000000.0,,,20064200000.0,,,4040214931.0,-16400000.0,-14600000.0,-106100000.0,110000000.0,-74700000.0,1243000000.0,-1607400000.0,-1490200000.0,348000000.0,0.0,253900000.0,253900000.0,253900000.0,0.0,4900000.0,0.22,768900000.0,387400000.0,0.0,0.285,2.617,15.913,15.969,291500000.0,0.0,18.125,3.494,3.509,0.0,1110200000.0,1156300000.0,1156300000.0,0.0,0.012,0.169,0.016,0.331,0.0,558000000.0,1.0,222908410.0,223867658,229678236.0,5.165,21608300000.0,0.0,128600000.0,0.0,96.523,
25,NTRS,MRY,1995-12-31,1995-12-31,1995-12-31,2021-09-08,2600000.0,19933500000.0,,,,,6.559,-37300000.0,3093100000.0,3093100000.0,0.0,220000000.0,,12.723,5533000000.0,,,5533000000.0,0.0,42200000.0,12488200000.0,0.019,0.273,312000000.0,354200000.0,0.344,354200000.0,312000000.0,312000000.0,0.955,0.93,0.955,1452600000.0,,1452600000.0,,,,104500000.0,0.472,1.0,1030000000.0,1.0,0.0,0.0,22373400000.0,,0.0,15519200000.0,,,18480900000.0,,,,116400000.0,-43500000.0,-54700000.0,333300000.0,-65800000.0,558700000.0,-584100000.0,-781500000.0,141800000.0,0.0,211500000.0,211500000.0,211500000.0,0.0,8500000.0,0.205,709500000.0,320500000.0,0.0,0.286,,,14.66,281500000.0,0.0,14.0,,3.01,0.0,928800000.0,1030000000.0,1030000000.0,0.0,,,,0.303,0.0,527000000.0,1.0,,221474684,230170948.0,4.651,19933500000.0,0.0,100500000.0,0.0,90.004,
26,NTRS,MRY,1994-12-31,1994-12-31,1994-12-31,2021-09-08,,,,,,,,-34000000.0,,,0.0,182200000.0,,,,,,,,41400000.0,,0.026,0.23,254200000.0,295600000.0,0.307,295600000.0,254200000.0,254200000.0,0.795,0.79,0.795,,,,,,,353700000.0,1.604,1.0,962000000.0,1.0,,0.0,,,,,,,,,,,-327200000.0,0.0,-2400000.0,-148900000.0,-54100000.0,1196300000.0,-1911200000.0,-1884100000.0,387700000.0,0.0,174900000.0,174900000.0,174900000.0,0.0,7300000.0,0.182,700500000.0,261500000.0,,0.289,,,11.006,,0.0,8.75,,2.006,,,962000000.0,962000000.0,0.0,,,,0.264,0.0,505200000.0,1.0,,220576856,220576856.0,4.361,,,79300000.0,,,
0,NTRS,MRQ,2021-06-30,2021-06-30,2021-06-30,2021-09-08,194700000.0,172291100000.0,,,,,56.741,-102900000.0,62880700000.0,62880700000.0,0.0,368100000.0,,13.573,10149000000.0,,,10149000000.0,0.0,128400000.0,146210200000.0,0.024,0.7,486500000.0,614900000.0,0.383,614900000.0,486500000.0,486500000.0,1.73,1.72,1.73,11823000000.0,,11823000000.0,-22614425567.0,-13.0,-10.045,-1338900000.0,-6.426,1.0,1607300000.0,1.0,709400000.0,0.0,118850000000.0,,0.0,96713700000.0,,,160468100000.0,,,24065174433.0,214900000.0,0.0,2100000.0,154900000.0,-145800000.0,8800700000.0,-7365300000.0,-7429200000.0,-1236000000.0,15500000.0,368100000.0,363400000.0,363400000.0,0.0,0.0,0.226,1120800000.0,486500000.0,0.0,0.405,2.035,19.458,19.63,496500000.0,4700000.0,115.62,3.863,3.867,0.0,12630900000.0,1607300000.0,1607300000.0,0.0,,,,,0.0,1053300000.0,1.0,208140239.0,208369188,209138090.0,7.714,171581700000.0,0.0,118400000.0,0.0,823.45,
1,NTRS,MRQ,2021-03-31,2021-03-31,2021-03-31,2021-09-08,65900000.0,163924100000.0,,,,,55.056,-105500000.0,56638700000.0,56638700000.0,0.0,375100000.0,,13.307,9959100000.0,,,9959100000.0,0.0,125400000.0,137457400000.0,0.027,0.7,495900000.0,621300000.0,0.385,621300000.0,495900000.0,495900000.0,1.71,1.7,1.71,11457900000.0,,11457900000.0,-33468775413.0,-20.0,-15.464,-37200000.0,-0.179,1.0,1613400000.0,1.0,704000000.0,0.0,116540500000.0,,0.0,95293300000.0,,,152466200000.0,,,21895924587.0,194900000.0,0.0,-126900000.0,1216100000.0,-145900000.0,-4905600000.0,5133700000.0,6143300000.0,68300000.0,-101500000.0,375100000.0,358900000.0,358900000.0,0.0,0.0,0.222,1117500000.0,495900000.0,0.0,0.409,1.911,18.526,18.67,496700000.0,16200000.0,105.11,3.612,3.608,0.0,12415600000.0,1613400000.0,1613400000.0,0.0,,,,,0.0,1045800000.0,1.0,208314381.0,208112824,208946448.0,7.753,163220100000.0,0.0,120800000.0,0.0,784.287,
2,NTRS,MRQ,2020-12-31,2020-12-31,2020-12-31,2021-09-08,428000000.0,170003900000.0,,,,,56.133,-170300000.0,64265700000.0,64265700000.0,0.0,240900000.0,,13.545,8901000000.0,,,8901000000.0,0.0,127800000.0,143878000000.0,0.03,0.7,373400000.0,501200000.0,0.329,501200000.0,373400000.0,373400000.0,1.13,1.12,1.13,11688300000.0,,11688300000.0,-15510988358.0,-10.0,-7.289,1306000000.0,6.272,1.0,1524400000.0,1.0,707200000.0,0.0,113932000000.0,,0.0,94971000000.0,,,158315600000.0,,,19384411642.0,-348000000.0,0.0,7500000.0,-4446500000.0,-145800000.0,14839600000.0,-16808500000.0,-16988700000.0,1476300000.0,144600000.0,240900000.0,236200000.0,236200000.0,0.0,0.0,0.155,1151000000.0,373400000.0,0.0,0.619,1.658,16.811,16.996,514900000.0,4700000.0,93.14,3.244,3.247,0.0,12207700000.0,1524400000.0,1524400000.0,0.0,,,,,0.0,1078900000.0,1.0,208121233.0,208224384,206207655.0,7.321,169296700000.0,0.0,132500000.0,0.0,813.049,
3,NTRS,MRQ,2020-09-30,2020-09-30,2020-09-30,2021-09-08,424500000.0,152082000000.0,,,,,55.64,-125700000.0,48269900000.0,48269900000.0,0.0,294500000.0,,12.134,13374500000.0,,,13374500000.0,0.0,123900000.0,122589100000.0,0.036,0.7,389900000.0,513800000.0,0.346,513800000.0,389900000.0,389900000.0,1.32,1.32,1.32,11579100000.0,,11579100000.0,-21436617639.0,-12.0,-9.654,-203600000.0,-0.978,1.0,1484600000.0,1.0,698000000.0,0.0,116488600000.0,,0.0,91848900000.0,,,140502900000.0,,,16224982361.0,275300000.0,0.0,-1400000.0,40600000.0,-145800000.0,-838300000.0,1176800000.0,1370000000.0,-77900000.0,14700000.0,294500000.0,278300000.0,278300000.0,0.0,0.0,0.187,1094700000.0,389900000.0,0.0,0.53,1.401,12.654,12.866,510000000.0,16200000.0,77.97,2.704,2.704,0.0,12118300000.0,1484600000.0,1484600000.0,0.0,,,,,0.0,967700000.0,1.0,208092630.0,208106190,208688494.0,7.134,151384000000.0,0.0,95400000.0,0.0,727.436,
4,NTRS,MRQ,2020-06-30,2020-06-30,2020-06-30,2021-09-08,370400000.0,151432900000.0,,,,,54.704,-132000000.0,51036100000.0,51036100000.0,0.0,313300000.0,,12.304,13374500000.0,,,13374500000.0,0.0,124800000.0,122054100000.0,0.035,0.7,403200000.0,528000000.0,0.367,528000000.0,403200000.0,403200000.0,1.47,1.46,1.47,11382200000.0,,11382200000.0,-25842151464.0,-14.0,-11.089,3051700000.0,14.667,1.0,1440100000.0,1.0,690600000.0,0.0,113080700000.0,,0.0,88751100000.0,,,140050700000.0,,,16506848536.0,-1371000000.0,0.0,1600000.0,-1134600000.0,-145900000.0,-11837400000.0,7209000000.0,6778600000.0,3183700000.0,73700000.0,313300000.0,308500000.0,308500000.0,0.0,0.0,0.214,1036900000.0,403200000.0,0.0,0.476,1.45,12.039,12.32,501000000.0,4800000.0,79.34,2.724,2.724,0.0,11988400000.0,1440100000.0,1440100000.0,0.0,,,,,0.0,951100000.0,1.0,208052036.0,208068635,208568357.0,6.921,150742300000.0,0.0,89900000.0,0.0,724.484,
5,NTRS,MRQ,2020-03-31,2020-03-31,2020-03-31,2021-09-08,45000000.0,161709200000.0,,,,,52.086,-132400000.0,56851800000.0,56851800000.0,0.0,360600000.0,,13.863,14502800000.0,,,14502800000.0,0.0,123800000.0,131491200000.0,0.036,0.7,461100000.0,584900000.0,0.383,584900000.0,461100000.0,461100000.0,1.56,1.55,1.56,10879700000.0,,10879700000.0,-16359071124.0,-8.0,-6.755,-2817700000.0,-13.489,1.0,1526700000.0,1.0,689300000.0,0.0,118670900000.0,,0.0,89758500000.0,,,150829500000.0,,,15789828876.0,1374000000.0,0.0,-288000000.0,2584100000.0,-147100000.0,25708000000.0,-21500300000.0,-19973000000.0,-2685300000.0,-148400000.0,360600000.0,330100000.0,330100000.0,0.0,0.0,0.216,1065600000.0,461100000.0,0.0,0.449,1.451,10.919,11.212,490200000.0,30500000.0,75.46,2.574,2.57,0.0,11828100000.0,1526700000.0,1526700000.0,0.0,,,,,0.0,1003800000.0,1.0,209247666.0,208881131,209816822.0,7.309,161019900000.0,0.0,100500000.0,0.0,770.869,
6,NTRS,MRQ,2019-12-31,2019-12-31,2019-12-31,2021-09-08,-194700000.0,136828400000.0,,,,,52.663,-245300000.0,43227300000.0,43227300000.0,0.0,371100000.0,,11.337,11786200000.0,,,11786200000.0,0.0,117300000.0,109120600000.0,0.024,0.7,476400000.0,593700000.0,0.383,593700000.0,476400000.0,476400000.0,1.71,1.71,1.71,11091000000.0,,11091000000.0,2775302884.0,1.0,1.155,1391100000.0,6.605,1.0,1548700000.0,1.0,696800000.0,0.0,104690500000.0,,0.0,83174000000.0,,,125737400000.0,,,22510302884.0,-578400000.0,0.0,-240300000.0,-489400000.0,-148700000.0,10114800000.0,-12403400000.0,-12676400000.0,1636400000.0,73800000.0,371100000.0,365300000.0,365300000.0,0.0,0.0,0.236,1072300000.0,476400000.0,0.0,0.409,2.03,15.569,15.952,483300000.0,5800000.0,106.24,3.698,3.744,0.0,11656700000.0,1548700000.0,1548700000.0,0.0,,,,,0.0,984100000.0,1.0,211881616.0,210605147,207511499.0,7.354,136131600000.0,0.0,105300000.0,0.0,646.383,
7,NTRS,MRQ,2019-09-30,2019-09-30,2019-09-30,2021-09-08,-91000000.0,124355800000.0,,,,,50.715,-118000000.0,32035700000.0,32035700000.0,0.0,384600000.0,,10.502,12300700000.0,,,12300700000.0,0.0,115300000.0,97264200000.0,0.026,0.7,508600000.0,623900000.0,0.404,623900000.0,508600000.0,508600000.0,1.7,1.69,1.7,10811300000.0,,10811300000.0,-5451895583.0,-3.0,-2.263,459100000.0,2.154,1.0,1544900000.0,1.0,687200000.0,0.0,103933600000.0,,0.0,81147800000.0,,,113544500000.0,,,20053604417.0,-310700000.0,-10500000.0,-296400000.0,-400000.0,-129100000.0,-2483500000.0,1667100000.0,2380800000.0,577100000.0,-71400000.0,384600000.0,367200000.0,367200000.0,0.0,0.0,0.238,1036300000.0,508600000.0,0.0,0.412,1.855,13.509,13.805,400500000.0,17400000.0,93.32,3.316,3.29,0.0,11441200000.0,1544900000.0,1544900000.0,0.0,,,,,0.0,944300000.0,1.0,214890746.0,213176809,214206576.0,7.247,123668600000.0,0.0,124000000.0,0.0,580.122,
8,NTRS,MRQ,2019-06-30,2019-06-30,2019-06-30,2021-09-08,-159800000.0,126550900000.0,,,,,49.993,-145500000.0,37755900000.0,37755900000.0,0.0,389400000.0,,10.712,12250400000.0,,,12250400000.0,0.0,112400000.0,100230400000.0,0.026,0.6,506900000.0,619300000.0,0.409,619300000.0,506900000.0,506900000.0,1.76,1.75,1.76,10805500000.0,,10805500000.0,-1450406990.0,-1.0,-0.609,-60700000.0,-0.281,1.0,1513100000.0,1.0,682000000.0,0.0,100363400000.0,,0.0,79091000000.0,,,115745400000.0,,,19590893010.0,274200000.0,0.0,-267600000.0,312500000.0,-131100000.0,4431000000.0,-4276300000.0,-3784600000.0,84800000.0,34700000.0,389400000.0,383500000.0,383500000.0,0.0,0.0,0.253,1006200000.0,506900000.0,0.0,0.341,1.813,13.286,13.534,407500000.0,5900000.0,90.0,3.273,3.25,0.0,11225500000.0,1513100000.0,1513100000.0,0.0,,,,,0.0,929300000.0,1.0,217676589.0,216139033,217169539.0,7.001,125868900000.0,0.0,117500000.0,0.0,582.352,
9,NTRS,MRQ,2019-03-31,2019-03-31,2019-03-31,2021-09-08,-345300000.0,121869400000.0,,,,,48.645,-91000000.0,32910100000.0,32910100000.0,0.0,347100000.0,,10.48,11868800000.0,,,11868800000.0,0.0,113900000.0,95844200000.0,0.023,0.6,452200000.0,566100000.0,0.382,566100000.0,452200000.0,452200000.0,1.49,1.48,1.49,10616200000.0,,10616200000.0,-6279091603.0,-3.0,-2.633,202700000.0,0.929,1.0,1480900000.0,1.0,683000000.0,0.0,100145100000.0,,0.0,79707600000.0,,,111253200000.0,,,19746608397.0,492500000.0,0.0,-251900000.0,-2229600000.0,-120800000.0,-11446400000.0,11607600000.0,11739400000.0,293700000.0,37600000.0,347100000.0,329800000.0,329800000.0,0.0,0.0,0.223,1028700000.0,452200000.0,0.0,0.403,1.86,13.383,13.74,411500000.0,17300000.0,90.41,3.304,3.301,0.0,10972900000.0,1480900000.0,1480900000.0,0.0,,,,,0.0,956000000.0,1.0,218411773.0,218236802,219270215.0,6.786,121186400000.0,0.0,105100000.0,0.0,555.298,
10,NTRS,MRQ,2018-12-31,2018-12-31,2018-12-31,2021-09-08,-453700000.0,132212500000.0,,,,,47.701,-177900000.0,40091200000.0,40091200000.0,0.0,409900000.0,,11.582,14065500000.0,,,14065500000.0,0.0,114000000.0,104496800000.0,0.023,0.55,485900000.0,599900000.0,0.398,599900000.0,485900000.0,485900000.0,1.81,1.8,1.81,10508300000.0,,10508300000.0,-9969962025.0,-5.0,-4.122,281200000.0,1.276,1.0,1507800000.0,1.0,669300000.0,0.0,105517500000.0,,0.0,83620500000.0,,,121704200000.0,,,18506437975.0,-491800000.0,-34200000.0,-231900000.0,314500000.0,-121800000.0,77800000.0,-1021100000.0,-480400000.0,459100000.0,-7600000.0,409900000.0,404000000.0,404000000.0,0.0,0.0,0.268,1021900000.0,485900000.0,0.0,0.304,1.761,12.256,12.513,428200000.0,5900000.0,83.59,3.097,3.122,0.0,10776800000.0,1507800000.0,1507800000.0,0.0,,,,,0.0,932700000.0,1.0,221395358.0,220297372,216109435.0,6.844,131543200000.0,0.0,76000000.0,0.0,597.117,
11,NTRS,MRQ,2018-09-30,2018-09-30,2018-09-30,2021-09-08,-526900000.0,132378500000.0,,,,,46.594,-130600000.0,42182700000.0,42182700000.0,0.0,374500000.0,,11.772,13706300000.0,,,13706300000.0,0.0,113700000.0,104891300000.0,0.018,0.55,481000000.0,594700000.0,0.401,594700000.0,481000000.0,481000000.0,1.59,1.58,1.59,10364500000.0,,10364500000.0,-6071131196.0,-3.0,-2.567,1323300000.0,5.949,1.0,1483300000.0,1.0,672700000.0,0.0,103229400000.0,,0.0,81812000000.0,,,122014000000.0,,,22803768804.0,185300000.0,0.0,-227900000.0,-1313900000.0,-94000000.0,-2939600000.0,1730700000.0,1343900000.0,1453900000.0,-59700000.0,374500000.0,357200000.0,357200000.0,0.0,0.0,0.241,1002300000.0,481000000.0,0.0,0.346,2.2,15.654,15.983,417200000.0,17300000.0,102.13,3.862,3.848,0.0,10496300000.0,1483300000.0,1483300000.0,0.0,,,,,0.0,905200000.0,1.0,223281786.0,222442797,223860014.0,6.668,131705800000.0,0.0,106500000.0,0.0,592.088,
12,NTRS,MRQ,2018-06-30,2018-06-30,2018-06-30,2021-09-08,-508100000.0,135106200000.0,,,,,46.196,-111700000.0,43899100000.0,43899100000.0,0.0,390400000.0,,12.044,15024200000.0,,,15024200000.0,0.0,117300000.0,106524900000.0,0.016,0.42,507200000.0,624500000.0,0.415,624500000.0,507200000.0,507200000.0,1.69,1.68,1.69,10357600000.0,,10357600000.0,-7470245657.0,-4.0,-3.26,220600000.0,0.984,1.0,1504600000.0,1.0,673500000.0,0.0,105557800000.0,,0.0,81756300000.0,,,124748600000.0,,,23149354343.0,-1193300000.0,-70000000.0,-187800000.0,3667900000.0,-94600000.0,6210800000.0,-7538700000.0,-5961300000.0,332300000.0,-197700000.0,390400000.0,384500000.0,384500000.0,0.0,0.0,0.256,997400000.0,507200000.0,0.0,0.249,2.235,16.768,17.12,428800000.0,5900000.0,102.89,4.01,3.996,0.0,10262500000.0,1504600000.0,1504600000.0,0.0,,,,,0.0,922100000.0,1.0,224991295.0,224207590,225611397.0,6.711,134432700000.0,0.0,116800000.0,0.0,599.59,
13,NTRS,MRQ,2018-03-31,2018-03-31,2018-03-31,2021-09-08,-505700000.0,129672200000.0,,,,,45.312,-85800000.0,41993600000.0,41993600000.0,0.0,381600000.0,,11.681,11374000000.0,,,11374000000.0,0.0,115900000.0,105191400000.0,0.016,0.42,483700000.0,599600000.0,0.405,599600000.0,483700000.0,483700000.0,1.59,1.58,1.59,10226000000.0,,10226000000.0,-16196914986.0,-9.0,-7.488,-563600000.0,-2.497,1.0,1479000000.0,1.0,611600000.0,0.0,98441000000.0,,0.0,80585000000.0,,,119446200000.0,,,23340985014.0,1563300000.0,0.0,-244100000.0,-981100000.0,-95000000.0,-9167200000.0,11156200000.0,10958400000.0,-477800000.0,52100000.0,381600000.0,364300000.0,364300000.0,0.0,0.0,0.246,995300000.0,483700000.0,0.0,0.264,2.283,18.553,18.958,442600000.0,17300000.0,103.13,4.17,4.158,0.0,9973800000.0,1479000000.0,1479000000.0,0.0,,,,,0.0,926300000.0,1.0,226325851.0,225681167,227047519.0,6.553,129060600000.0,0.0,102100000.0,0.0,571.871,
14,NTRS,MRQ,2017-12-31,2017-12-31,2017-12-31,2021-09-08,-414300000.0,138590500000.0,,,,,45.05,-120900000.0,51933400000.0,51933400000.0,0.0,356600000.0,,12.566,12395500000.0,,,12395500000.0,0.0,110500000.0,112390800000.0,0.016,0.42,435600000.0,546100000.0,0.38,546100000.0,435600000.0,435600000.0,1.52,1.51,1.52,10216200000.0,,10216200000.0,-11805303524.0,-7.0,-5.743,729800000.0,3.218,1.0,1437500000.0,1.0,605600000.0,0.0,98447000000.0,,0.0,79252600000.0,,,128374300000.0,,,22717096476.0,-744800000.0,-188500000.0,-145700000.0,253600000.0,-95600000.0,6436100000.0,-8055900000.0,-7336500000.0,850700000.0,24300000.0,356600000.0,350700000.0,350700000.0,0.0,0.0,0.244,1001900000.0,435600000.0,0.0,0.276,2.224,19.768,20.18,464600000.0,5900000.0,99.89,4.204,4.22,0.0,9685100000.0,1437500000.0,1437500000.0,0.0,,,,,0.0,909700000.0,1.0,227421128.0,226775244,226775244.0,6.339,137984900000.0,0.0,79000000.0,0.0,608.465,
15,NTRS,MRQ,2017-09-30,2017-09-30,2017-09-30,2021-09-08,-335100000.0,131400200000.0,,,,,44.582,-132500000.0,46678800000.0,46678800000.0,0.0,298400000.0,,11.926,12156400000.0,,,12156400000.0,0.0,104800000.0,105810600000.0,0.017,0.42,416600000.0,521400000.0,0.386,521400000.0,416600000.0,416600000.0,1.21,1.2,1.21,10165200000.0,,10165200000.0,-12571085973.0,-8.0,-6.299,424600000.0,1.862,1.0,1352200000.0,1.0,526500000.0,0.0,96351300000.0,,0.0,77842500000.0,,,121235000000.0,,,21004714027.0,-431900000.0,0.0,-112000000.0,4068700000.0,-87000000.0,4632500000.0,-5667700000.0,-5758600000.0,557100000.0,46200000.0,298400000.0,281100000.0,281100000.0,0.0,0.0,0.208,935600000.0,416600000.0,0.0,0.347,2.066,19.831,20.204,462500000.0,17300000.0,91.93,4.017,4.008,0.0,9431200000.0,1352200000.0,1352200000.0,0.0,,,,,0.0,843600000.0,1.0,228485957.0,228010866,228010866.0,5.93,130873700000.0,0.0,118200000.0,0.0,573.98,
16,NTRS,MRQ,2017-06-30,2017-06-30,2017-06-30,2021-09-08,-338900000.0,125605700000.0,,,,,43.927,-125200000.0,41696200000.0,41696200000.0,0.0,267900000.0,,11.476,8120400000.0,,,8120400000.0,0.0,105100000.0,104312100000.0,0.016,0.38,390800000.0,495900000.0,0.373,495900000.0,390800000.0,390800000.0,1.12,1.12,1.12,10067900000.0,,10067900000.0,-7496449898.0,-5.0,-3.865,-597300000.0,-2.606,1.0,1328200000.0,1.0,523100000.0,0.0,91506800000.0,,0.0,76761500000.0,,,115537800000.0,,,22318050102.0,1045600000.0,0.0,-124500000.0,138500000.0,-87300000.0,2891700000.0,-1324500000.0,-1112500000.0,-472100000.0,-49500000.0,267900000.0,262000000.0,262000000.0,0.0,0.0,0.197,937400000.0,390800000.0,0.0,0.339,2.217,21.672,21.944,463300000.0,5900000.0,97.21,4.382,4.374,0.0,9247500000.0,1328200000.0,1328200000.0,0.0,,,,,0.0,855100000.0,1.0,229585949.0,229196531,229196531.0,5.795,125082600000.0,0.0,122900000.0,0.0,545.744,
17,NTRS,MRQ,2017-03-31,2017-03-31,2017-03-31,2021-09-08,-352000000.0,121488700000.0,,,,,43.559,-94200000.0,37790300000.0,37790300000.0,0.0,276100000.0,,11.176,7975800000.0,,,7975800000.0,0.0,101300000.0,100529500000.0,0.017,0.38,390900000.0,492200000.0,0.383,492200000.0,390900000.0,390900000.0,1.1,1.09,1.1,9977700000.0,,9977700000.0,-10079392017.0,-7.0,-5.214,690500000.0,3.015,1.0,1285400000.0,1.0,519300000.0,0.0,91154900000.0,,0.0,77247200000.0,,,111511000000.0,,,19808807983.0,-682800000.0,0.0,-32900000.0,-910100000.0,-86900000.0,-2707600000.0,1026500000.0,1414100000.0,784700000.0,213600000.0,276100000.0,255400000.0,255400000.0,0.0,0.0,0.199,894500000.0,390900000.0,0.0,0.345,1.985,19.326,19.588,459900000.0,20700000.0,86.58,3.895,3.9,0.0,9074400000.0,1285400000.0,1285400000.0,0.0,,,,,0.0,829400000.0,1.0,228791961.0,229059540,229059540.0,5.612,120969400000.0,0.0,114800000.0,0.0,528.113,
18,NTRS,MRQ,2016-12-31,2016-12-31,2016-12-31,2021-09-08,-370000000.0,123926900000.0,,,,,42.921,-165000000.0,38781100000.0,38781100000.0,0.0,266500000.0,,11.684,8892900000.0,,,8892900000.0,0.0,96600000.0,101651700000.0,0.017,0.38,389500000.0,486100000.0,0.385,486100000.0,389500000.0,389500000.0,1.12,1.11,1.12,9770400000.0,,9770400000.0,-7002110189.0,-5.0,-3.704,673500000.0,2.959,1.0,1263400000.0,1.0,519400000.0,0.0,93519300000.0,,0.0,78162300000.0,,,114156500000.0,,,20163689811.0,439300000.0,0.0,106800000.0,1111100000.0,-86100000.0,4715400000.0,-4939400000.0,-4976000000.0,838500000.0,-175200000.0,266500000.0,260700000.0,260700000.0,0.0,0.0,0.206,873900000.0,389500000.0,0.0,0.339,2.064,19.982,20.471,466600000.0,5800000.0,89.05,4.043,4.063,0.0,8908400000.0,1263400000.0,1263400000.0,0.0,,,,,0.0,796300000.0,1.0,226431104.0,227638682,227638682.0,5.55,123407500000.0,0.0,123000000.0,0.0,542.12,
19,NTRS,MRQ,2016-09-30,2016-09-30,2016-09-30,2021-09-08,-259700000.0,120085000000.0,,,,,42.287,-122600000.0,35023200000.0,35023200000.0,0.0,257600000.0,,11.535,7857400000.0,,,7857400000.0,0.0,91800000.0,99471300000.0,0.021,0.38,373700000.0,465500000.0,0.383,465500000.0,373700000.0,373700000.0,1.09,1.08,1.09,9579800000.0,,9579800000.0,-11694883281.0,-8.0,-6.341,1056100000.0,4.662,1.0,1216700000.0,1.0,524400000.0,0.0,92394800000.0,,0.0,77922400000.0,,,110505200000.0,,,15405916719.0,-419400000.0,0.0,-29700000.0,-2230700000.0,-81800000.0,-1301400000.0,-322300000.0,-1016000000.0,1178700000.0,25600000.0,257600000.0,251700000.0,251700000.0,0.0,0.0,0.207,843000000.0,373700000.0,0.0,0.349,1.608,15.692,16.073,438800000.0,5900000.0,67.99,3.144,3.144,0.0,8736100000.0,1216700000.0,1216700000.0,0.0,,,,,0.0,771600000.0,1.0,226590921.0,226540086,226540086.0,5.371,119560600000.0,0.0,116100000.0,0.0,527.768,
20,NTRS,MRQ,2016-06-30,2016-06-30,2016-06-30,2021-09-08,-239600000.0,121509600000.0,,,,,39.341,-108800000.0,37202300000.0,37202300000.0,0.0,263000000.0,,12.574,10101500000.0,,,10101500000.0,0.0,94600000.0,99086900000.0,0.022,0.36,394700000.0,489300000.0,0.371,489300000.0,394700000.0,394700000.0,1.11,1.1,1.11,8951500000.0,,8951500000.0,772227557.0,1.0,0.426,-320500000.0,-1.409,1.0,1319700000.0,1.0,527800000.0,0.0,93881000000.0,,0.0,75371200000.0,,,112558100000.0,,,15118127557.0,-1676300000.0,-16900000.0,-119400000.0,2123000000.0,-82300000.0,4123100000.0,-5592900000.0,-5226000000.0,-211700000.0,5200000.0,263000000.0,257200000.0,257200000.0,0.0,0.0,0.195,925000000.0,394700000.0,0.0,0.324,1.689,15.766,16.122,434000000.0,5800000.0,66.26,3.118,3.11,0.0,8566300000.0,1319700000.0,1319700000.0,0.0,,,,,0.0,784000000.0,1.0,228163712.0,227535701,227535701.0,5.8,120981800000.0,0.0,131700000.0,0.0,531.705,
21,NTRS,MRQ,2016-03-31,2016-03-31,2016-03-31,2021-09-08,-283900000.0,117798800000.0,,,,,38.635,-77000000.0,22305700000.0,22305700000.0,0.0,245400000.0,,12.337,7959800000.0,,,7959800000.0,0.0,90300000.0,97659600000.0,0.022,0.36,359200000.0,449500000.0,0.378,449500000.0,359200000.0,359200000.0,1.03,1.03,1.03,8832800000.0,,8832800000.0,820197772.0,1.0,0.449,-372500000.0,-1.629,1.0,1188000000.0,1.0,523600000.0,0.0,102929300000.0,,0.0,87564600000.0,,,108966000000.0,,,14922897772.0,569900000.0,0.0,-135000000.0,-156200000.0,-82800000.0,-200000.0,662500000.0,184700000.0,-295500000.0,203100000.0,245400000.0,239500000.0,239500000.0,0.0,0.0,0.202,828800000.0,359200000.0,0.0,0.35,1.689,15.463,15.856,437800000.0,5900000.0,65.17,3.112,3.107,0.0,8394800000.0,1188000000.0,1188000000.0,0.0,,,,,0.0,754400000.0,1.0,228984161.0,228619089,228619089.0,5.196,117275200000.0,0.0,113800000.0,0.0,512.972,
22,NTRS,MRQ,2015-12-31,2015-12-31,2015-12-31,2021-09-08,-372700000.0,116749600000.0,,,,,37.791,-149200000.0,38600400000.0,38600400000.0,0.0,239300000.0,,12.41,8099200000.0,,,8099200000.0,0.0,89500000.0,96868900000.0,0.02,0.36,350400000.0,439900000.0,0.374,439900000.0,350400000.0,350400000.0,1.0,0.99,1.0,8705900000.0,,8705900000.0,5069671715.0,3.0,2.791,1201400000.0,5.215,1.0,1175200000.0,1.0,526400000.0,0.0,85722000000.0,,0.0,70554500000.0,,,108043700000.0,,,16668671715.0,1973400000.0,0.0,-146700000.0,35300000.0,-83600000.0,-3035300000.0,3623200000.0,4407500000.0,1350600000.0,34900000.0,239300000.0,233400000.0,233400000.0,0.0,0.0,0.199,824800000.0,350400000.0,0.0,0.36,1.915,17.539,17.888,446900000.0,5900000.0,72.09,3.512,3.529,0.0,8242800000.0,1175200000.0,1175200000.0,0.0,,,,,0.0,750300000.0,1.0,231220304.0,230370121,230370121.0,5.101,116223200000.0,0.0,111100000.0,0.0,504.506,
23,NTRS,MRQ,2015-09-30,2015-09-30,2015-09-30,2021-09-08,-273700000.0,119995200000.0,,,,,37.826,-92900000.0,19676500000.0,19676500000.0,0.0,234600000.0,,12.66,8077500000.0,,,8077500000.0,0.0,82100000.0,99935900000.0,0.02,0.36,353200000.0,435300000.0,0.373,435300000.0,353200000.0,353200000.0,0.97,0.96,0.97,8784500000.0,,8784500000.0,-1113480794.0,-1.0,-0.616,-1136300000.0,-4.893,1.0,1165500000.0,1.0,529700000.0,0.0,107866500000.0,,0.0,92326900000.0,,,111210700000.0,,,15868919206.0,-2671100000.0,0.0,-128100000.0,1246700000.0,-83700000.0,1339500000.0,-2854800000.0,-2456000000.0,-1043400000.0,-112400000.0,234600000.0,228800000.0,228800000.0,0.0,0.0,0.196,812300000.0,353200000.0,0.0,0.371,1.806,16.678,16.995,427700000.0,5800000.0,68.15,3.378,3.369,0.0,8093700000.0,1165500000.0,1165500000.0,0.0,,,,,0.0,747000000.0,1.0,232852813.0,232231720,232231720.0,5.019,119465500000.0,0.0,118600000.0,0.0,514.424,
24,NTRS,MRQ,2015-06-30,2015-06-30,2015-06-30,2021-09-08,-273700000.0,119942900000.0,,,,,37.527,-97500000.0,23823200000.0,23823200000.0,0.0,269200000.0,,12.709,6840800000.0,,,6840800000.0,0.0,91600000.0,100687900000.0,0.018,0.36,411400000.0,503000000.0,0.397,503000000.0,411400000.0,411400000.0,1.11,1.1,1.11,8749300000.0,,8749300000.0,4293756428.0,3.0,2.443,938900000.0,4.027,1.0,1265900000.0,1.0,534300000.0,0.0,102426200000.0,,0.0,89012800000.0,,,111193600000.0,,,17843356428.0,3071000000.0,0.0,-53100000.0,-160100000.0,-77100000.0,12421200000.0,-10474400000.0,-10755900000.0,1036400000.0,87800000.0,269200000.0,263400000.0,263400000.0,0.0,0.0,0.208,854500000.0,411400000.0,0.0,0.324,2.039,19.244,19.656,436500000.0,5800000.0,76.46,3.87,3.866,0.0,7949800000.0,1265900000.0,1265900000.0,0.0,,,,,0.0,739700000.0,1.0,233368512.0,233149020,233149020.0,5.43,119408600000.0,0.0,142200000.0,0.0,512.156,
25,NTRS,MRQ,2015-03-31,2015-03-31,2015-03-31,2021-09-08,-266400000.0,106952000000.0,,,,,36.882,-93900000.0,20621000000.0,20621000000.0,0.0,230700000.0,,11.425,7071400000.0,,,7071400000.0,0.0,88400000.0,86736500000.0,0.019,0.33,350000000.0,438400000.0,0.385,438400000.0,350000000.0,350000000.0,0.95,0.94,0.95,8607600000.0,,8607600000.0,4113248934.0,3.0,2.553,396900000.0,1.701,1.0,1139000000.0,1.0,527300000.0,0.0,92875100000.0,,0.0,77778300000.0,,,98344400000.0,,,16262348934.0,1024200000.0,0.0,-75000000.0,40000000.0,-77000000.0,-2191300000.0,2805900000.0,3155700000.0,490800000.0,-81200000.0,230700000.0,224800000.0,224800000.0,0.0,0.0,0.197,789000000.0,350000000.0,0.0,0.347,1.889,19.229,19.675,442400000.0,5900000.0,69.65,3.674,3.672,0.0,7771700000.0,1139000000.0,1139000000.0,0.0,,,,,0.0,715600000.0,1.0,233486704.0,233381168,233381168.0,4.88,106424700000.0,0.0,119300000.0,0.0,456.012,
26,NTRS,MRQ,2014-12-31,2014-12-31,2014-12-31,2021-09-08,-319700000.0,109946500000.0,,,,,36.043,-123300000.0,19041600000.0,19041600000.0,0.0,244000000.0,,12.013,6892500000.0,,,6892500000.0,0.0,85100000.0,90757000000.0,0.019,0.33,345800000.0,430900000.0,0.382,430900000.0,345800000.0,345800000.0,0.98,0.98,0.98,8448900000.0,,8448900000.0,3393937539.0,3.0,2.224,-460800000.0,-1.966,1.0,1127100000.0,1.0,533200000.0,0.0,97264200000.0,,0.0,82493500000.0,,,101497600000.0,,,15873037539.0,105500000.0,0.0,-160000000.0,-34200000.0,-77500000.0,-417400000.0,831300000.0,1113000000.0,-337500000.0,29100000.0,244000000.0,234500000.0,234500000.0,0.0,0.0,0.208,781300000.0,345800000.0,0.0,0.337,1.879,19.784,20.18,444300000.0,9500000.0,67.4,3.67,3.675,0.0,7625400000.0,1127100000.0,1127100000.0,0.0,,,,,0.0,710200000.0,1.0,235505008.0,234413793,234413793.0,4.808,109413300000.0,0.0,101800000.0,0.0,466.753,
27,NTRS,MRQ,2014-09-30,2014-09-30,2014-09-30,2021-09-08,-218400000.0,111153700000.0,,,,,36.243,-94200000.0,19263400000.0,19263400000.0,0.0,204500000.0,,12.012,6784300000.0,,,6784300000.0,0.0,81200000.0,91722500000.0,0.019,0.33,304200000.0,385400000.0,0.357,385400000.0,304200000.0,304200000.0,0.85,0.84,0.85,8542600000.0,,8542600000.0,-13428953062.0,-12.0,-9.446,-360700000.0,-1.53,1.0,1078900000.0,1.0,538100000.0,0.0,98136500000.0,,0.0,84087200000.0,,,102611100000.0,,,16026846938.0,-1026300000.0,0.0,-24700000.0,1407000000.0,-75500000.0,5276100000.0,-5981300000.0,-6169100000.0,-266500000.0,-54600000.0,204500000.0,204500000.0,204500000.0,0.0,0.0,0.19,774700000.0,304200000.0,0.0,0.388,1.876,21.731,22.232,436600000.0,0.0,68.03,3.781,3.783,0.0,7469400000.0,1078900000.0,1078900000.0,0.0,,,,,0.0,705300000.0,1.0,235584991.0,235701076,235701076.0,4.577,110615600000.0,0.0,99700000.0,0.0,469.305,
28,NTRS,MRQ,2014-06-30,2014-06-30,2014-06-30,2021-09-08,-205200000.0,105761200000.0,,,,,34.077,-103600000.0,34923000000.0,34923000000.0,0.0,181900000.0,,12.15,5467200000.0,,,5467200000.0,0.0,85900000.0,88862500000.0,0.02,0.33,270700000.0,356600000.0,0.33,356600000.0,270700000.0,270700000.0,0.76,0.75,0.76,8042600000.0,,8042600000.0,-11960549982.0,-11.0,-8.429,897900000.0,3.804,1.0,1081700000.0,1.0,544600000.0,0.0,75760800000.0,,0.0,64385100000.0,,,97718600000.0,,,15184450018.0,268900000.0,0.0,-59500000.0,-1104100000.0,-74900000.0,1426900000.0,-2262500000.0,-2156300000.0,1001500000.0,103000000.0,181900000.0,181900000.0,181900000.0,0.0,0.0,0.168,811000000.0,270700000.0,0.0,0.434,1.888,20.533,20.984,441900000.0,0.0,64.21,3.614,3.607,0.0,7344100000.0,1081700000.0,1081700000.0,0.0,,,,,0.0,748800000.0,1.0,236481078.0,236012703,236012703.0,4.583,105216600000.0,0.0,88800000.0,0.0,445.809,
29,NTRS,MRQ,2014-03-31,2014-03-31,2014-03-31,2021-09-08,-236100000.0,103832600000.0,,,,,33.508,-88400000.0,33553100000.0,33553100000.0,0.0,181400000.0,,12.063,6408100000.0,,,6408100000.0,0.0,83500000.0,86267700000.0,0.019,0.31,269500000.0,353000000.0,0.34,353000000.0,269500000.0,269500000.0,0.75,0.75,0.75,7948300000.0,,7948300000.0,-13018972462.0,-12.0,-9.116,450100000.0,1.897,1.0,1037500000.0,1.0,541600000.0,0.0,76146000000.0,,0.0,63135400000.0,,,95884300000.0,,,15558027538.0,513900000.0,0.0,-109000000.0,-1137400000.0,-75000000.0,788100000.0,-822100000.0,-231200000.0,538500000.0,9400000.0,181400000.0,181400000.0,181400000.0,0.0,0.0,0.175,768000000.0,269500000.0,0.0,0.413,1.957,20.78,21.286,449400000.0,0.0,65.56,3.762,3.761,0.0,7241400000.0,1037500000.0,1037500000.0,0.0,,,,,0.0,698600000.0,1.0,237309755.0,237208151,237208151.0,4.374,103291000000.0,0.0,88100000.0,0.0,435.445,
30,NTRS,MRQ,2013-12-31,2013-12-31,2013-12-31,2021-09-08,-244300000.0,102947300000.0,,,,,33.213,-176100000.0,23089400000.0,23089400000.0,0.0,169700000.0,,12.012,7423900000.0,,,7423900000.0,0.0,81000000.0,84098100000.0,0.02,0.31,245700000.0,326700000.0,0.314,326700000.0,245700000.0,245700000.0,0.7,0.7,0.7,7912000000.0,,7912000000.0,-7676890019.0,-7.0,-5.507,-297700000.0,-1.25,1.0,1040200000.0,1.0,540700000.0,0.0,86741100000.0,,0.0,72739200000.0,,,95035300000.0,,,14790709981.0,471700000.0,0.0,-110800000.0,985000000.0,-74300000.0,6814100000.0,-6193300000.0,-7052500000.0,-121600000.0,-27500000.0,169700000.0,169700000.0,169700000.0,0.0,0.0,0.163,794500000.0,245700000.0,0.0,0.443,1.869,20.225,20.561,458800000.0,0.0,61.89,3.635,3.639,0.0,7134800000.0,1040200000.0,1040200000.0,0.0,,,,,0.0,695800000.0,1.0,238983842.0,238216648,238216648.0,4.367,102406600000.0,0.0,76000000.0,0.0,429.889,
31,NTRS,MRQ,2013-09-30,2013-09-30,2013-09-30,2021-09-08,-337900000.0,95969500000.0,,,,,32.581,-46400000.0,29062000000.0,29062000000.0,0.0,206500000.0,,11.277,6594400000.0,,,6594400000.0,0.0,81200000.0,78161700000.0,0.022,0.31,301500000.0,382700000.0,0.367,382700000.0,301500000.0,301500000.0,0.85,0.84,0.85,7817100000.0,,7817100000.0,-8041115789.0,-8.0,-5.893,2196200000.0,9.154,1.0,1042200000.0,1.0,537700000.0,0.0,72964200000.0,,0.0,59342400000.0,,,88152400000.0,,,13058684211.0,-1940200000.0,0.0,-71300000.0,-2015500000.0,-74500000.0,-1989300000.0,-2201100000.0,-1111700000.0,2242600000.0,7600000.0,206500000.0,206500000.0,206500000.0,0.0,0.0,0.198,740700000.0,301500000.0,0.0,0.365,1.671,17.906,18.127,444300000.0,0.0,54.38,3.27,3.267,0.0,7040100000.0,1042200000.0,1042200000.0,0.0,,,,,0.0,672800000.0,1.0,240137628.0,239930074,239930074.0,4.344,95431800000.0,0.0,95000000.0,0.0,397.748,
32,NTRS,MRQ,2013-06-30,2013-06-30,2013-06-30,2021-09-08,-350700000.0,97236000000.0,,,,,32.221,-90100000.0,29766300000.0,29766300000.0,0.0,191100000.0,,11.588,8666500000.0,,,8666500000.0,0.0,80000000.0,76534900000.0,0.021,0.31,285800000.0,365800000.0,0.36,365800000.0,285800000.0,285800000.0,0.78,0.78,0.78,7724600000.0,,7724600000.0,-7572913496.0,-7.0,-5.744,-1684300000.0,-7.026,1.0,1015500000.0,1.0,530400000.0,0.0,75605800000.0,,0.0,58773600000.0,,,89511400000.0,,,13851986504.0,857400000.0,0.0,41700000.0,1450300000.0,-70700000.0,4231100000.0,-1727800000.0,-1183700000.0,-1594200000.0,-51700000.0,191100000.0,191100000.0,191100000.0,0.0,0.0,0.188,729700000.0,285800000.0,0.0,0.397,1.793,19.743,20.104,454500000.0,0.0,57.9,3.539,3.546,0.0,6909200000.0,1015500000.0,1015500000.0,0.0,,,,,0.0,662900000.0,1.0,239239836.0,239738592,239738592.0,4.236,96705600000.0,0.0,94700000.0,0.0,403.379,
33,NTRS,MRQ,2013-03-31,2013-03-31,2013-03-31,2021-09-08,-284100000.0,93156800000.0,,,,,31.827,-72300000.0,28548400000.0,28548400000.0,0.0,164000000.0,,11.238,7123500000.0,,,7123500000.0,0.0,76300000.0,75822100000.0,0.022,0.3,242500000.0,318800000.0,0.328,318800000.0,242500000.0,242500000.0,0.68,0.67,0.68,7612100000.0,,7612100000.0,-11236717851.0,-11.0,-8.696,240200000.0,1.004,1.0,971400000.0,1.0,529500000.0,0.0,71202400000.0,,0.0,58679300000.0,,,85544700000.0,,,13048182149.0,20800000.0,0.0,-23100000.0,1187000000.0,-1100000.0,-4667600000.0,4438900000.0,3249500000.0,312500000.0,-63000000.0,164000000.0,164000000.0,164000000.0,0.0,0.0,0.169,728900000.0,242500000.0,0.0,0.441,1.714,18.908,19.279,457200000.0,0.0,54.559,3.361,3.361,0.0,6793800000.0,971400000.0,971400000.0,0.0,,,,,0.0,648100000.0,1.0,239157282.0,239167559,239167559.0,4.062,92627300000.0,0.0,78500000.0,0.0,387.29,
34,NTRS,MRQ,2012-12-31,2012-12-31,2012-12-31,2021-09-08,-283000000.0,97463800000.0,,,,,31.435,-135200000.0,30236700000.0,30236700000.0,0.0,167700000.0,,11.949,5951800000.0,,,5951800000.0,0.0,74000000.0,81407800000.0,0.024,0.3,223200000.0,297200000.0,0.308,297200000.0,223200000.0,223200000.0,0.69,0.69,0.69,7527000000.0,,7527000000.0,-11805375689.0,-12.0,-9.211,-112000000.0,-0.468,1.0,964700000.0,1.0,537800000.0,0.0,72641100000.0,,0.0,60240100000.0,,,89936800000.0,,,12028324311.0,356000000.0,0.0,-34000000.0,254700000.0,-144800000.0,3978600000.0,-3705300000.0,-2475800000.0,23200000.0,59500000.0,167700000.0,167700000.0,167700000.0,0.0,0.0,0.174,741500000.0,223200000.0,0.0,0.435,1.598,17.501,17.787,469900000.0,0.0,50.16,3.107,3.115,0.0,6702700000.0,964700000.0,964700000.0,0.0,,,,,0.0,657600000.0,1.0,239799129.0,239448811,239448811.0,4.029,96926000000.0,0.0,55500000.0,0.0,404.788,
35,NTRS,MRQ,2012-09-30,2012-09-30,2012-09-30,2021-09-08,-215900000.0,93632500000.0,,,,,31.353,-62700000.0,29548400000.0,29548400000.0,0.0,178800000.0,,11.431,5714700000.0,,,5714700000.0,0.0,70400000.0,76931600000.0,0.025,0.3,266100000.0,336500000.0,0.35,336500000.0,266100000.0,266100000.0,0.73,0.73,0.73,7532200000.0,,7532200000.0,-12019717741.0,-13.0,-9.817,189200000.0,0.788,1.0,962500000.0,1.0,538000000.0,0.0,69260800000.0,,0.0,58433400000.0,,,86100300000.0,,,11163582259.0,-197600000.0,0.0,-23600000.0,-1585700000.0,-73400000.0,-1173500000.0,724000000.0,1124200000.0,251900000.0,0.0,178800000.0,178800000.0,178800000.0,0.0,0.0,0.186,696400000.0,266100000.0,0.0,0.411,1.482,17.18,17.515,453700000.0,0.0,46.415,2.9,2.897,0.0,6607900000.0,962500000.0,962500000.0,0.0,,,,,0.0,633400000.0,1.0,240516692.0,240237014,240237014.0,4.006,93094500000.0,0.0,87300000.0,0.0,387.511,
36,NTRS,MRQ,2012-06-30,2012-06-30,2012-06-30,2021-09-08,-274100000.0,94455900000.0,,,,,30.678,-57300000.0,30492700000.0,30492700000.0,0.0,179600000.0,,11.781,7309400000.0,,,7309400000.0,0.0,73400000.0,76995900000.0,0.025,0.3,266200000.0,339600000.0,0.345,339600000.0,266200000.0,266200000.0,0.73,0.73,0.73,7390300000.0,,7390300000.0,-7026896697.0,-8.0,-5.824,-275600000.0,-1.144,1.0,983500000.0,1.0,533200000.0,0.0,70739400000.0,,0.0,58493100000.0,,,87065600000.0,,,11097703303.0,-686000000.0,0.0,-14200000.0,-70900000.0,-68600000.0,2909300000.0,-3294200000.0,-3487000000.0,-218300000.0,-82800000.0,179600000.0,179600000.0,179600000.0,0.0,0.0,0.183,717300000.0,266200000.0,0.0,0.411,1.502,17.302,17.565,462000000.0,0.0,46.02,2.889,2.886,0.0,6502200000.0,983500000.0,983500000.0,0.0,,,,,0.0,654400000.0,1.0,241149572.0,240900839,240900839.0,4.083,93922700000.0,0.0,86600000.0,0.0,389.881,
37,NTRS,MRQ,2012-03-31,2012-03-31,2012-03-31,2021-09-08,-276300000.0,91604300000.0,,,,,29.961,-57300000.0,25670500000.0,25670500000.0,0.0,161200000.0,,11.682,7545900000.0,,,7545900000.0,0.0,71600000.0,73933000000.0,0.024,0.28,236800000.0,308400000.0,0.321,308400000.0,236800000.0,236800000.0,0.66,0.66,0.66,7223200000.0,,7223200000.0,-15658194389.0,-18.0,-13.456,700300000.0,2.905,1.0,960400000.0,1.0,536500000.0,0.0,72943200000.0,,0.0,60486600000.0,,,84381100000.0,,,11440905611.0,-35000000.0,0.0,16200000.0,8600000.0,-67500000.0,-8787300000.0,7903100000.0,8210700000.0,757600000.0,91600000.0,161200000.0,161200000.0,161200000.0,0.0,0.0,0.168,723600000.0,236800000.0,0.0,0.424,1.584,18.639,18.904,481200000.0,0.0,47.45,3.017,3.017,0.0,6323500000.0,960400000.0,960400000.0,0.0,,,,,0.0,650500000.0,1.0,241114976.0,241090093,241090093.0,3.984,91067800000.0,0.0,75600000.0,0.0,377.733,
38,NTRS,MRQ,2011-12-31,2011-12-31,2011-12-31,2021-09-08,-345600000.0,100223700000.0,,,,,29.53,-96200000.0,34581600000.0,34581600000.0,0.0,130200000.0,,13.082,7482500000.0,,,7482500000.0,0.0,68500000.0,82677500000.0,0.028,0.28,171400000.0,239900000.0,0.254,239900000.0,171400000.0,171400000.0,0.53,0.54,0.53,7117300000.0,,7117300000.0,-14000466634.0,-16.0,-12.187,1295100000.0,5.374,1.0,943100000.0,1.0,532000000.0,0.0,72592600000.0,,0.0,59768800000.0,,,93106400000.0,,,9557933366.0,-21300000.0,0.0,15600000.0,1044500000.0,-68200000.0,5155400000.0,-6472100000.0,-6769500000.0,1391300000.0,-95900000.0,130200000.0,130200000.0,130200000.0,0.0,0.0,0.138,771700000.0,171400000.0,0.0,0.528,1.343,15.835,16.057,494500000.0,0.0,39.66,2.573,2.577,0.0,6302300000.0,943100000.0,943100000.0,0.0,,,,,0.0,710500000.0,1.0,240996807.0,241015861,241015861.0,3.913,99691700000.0,0.0,41200000.0,0.0,413.631,
39,NTRS,MRQ,2011-09-30,2011-09-30,2011-09-30,2021-09-08,-232500000.0,96098200000.0,,,,,29.681,-177200000.0,30000800000.0,30000800000.0,0.0,170400000.0,,12.435,6442400000.0,,,6442400000.0,0.0,65800000.0,78514000000.0,0.032,0.28,252800000.0,318600000.0,0.334,318600000.0,252800000.0,252800000.0,0.7,0.7,0.7,7152800000.0,,7152800000.0,-19041086967.0,-21.0,-15.997,-877400000.0,-3.641,1.0,954000000.0,1.0,534100000.0,0.0,72005700000.0,,0.0,57667900000.0,,,88945400000.0,,,8429913033.0,-762500000.0,-101600000.0,14800000.0,-3021100000.0,-68400000.0,-2061600000.0,2215900000.0,1714400000.0,-700200000.0,-216600000.0,170400000.0,170400000.0,170400000.0,0.0,0.0,0.179,701200000.0,252800000.0,0.0,0.4,1.179,13.37,13.558,492100000.0,0.0,34.98,2.324,2.324,0.0,6240300000.0,954000000.0,954000000.0,0.0,,,,,0.0,639200000.0,1.0,240992368.0,240991491,240991491.0,3.959,95564100000.0,0.0,82400000.0,0.0,396.546,
40,NTRS,MRQ,2011-06-30,2011-06-30,2011-06-30,2021-09-08,-243300000.0,97398300000.0,,,,,29.093,-19800000.0,36933300000.0,36933300000.0,0.0,152000000.0,,12.864,9462300000.0,,,9462300000.0,0.0,67300000.0,77500900000.0,0.024,0.28,229500000.0,296800000.0,0.318,296800000.0,229500000.0,229500000.0,0.62,0.62,0.62,7025400000.0,,7025400000.0,-12538127961.0,-14.0,-10.69,470500000.0,1.948,1.0,934800000.0,1.0,434900000.0,0.0,69492400000.0,,0.0,53280900000.0,,,90372900000.0,,,11113272039.0,1506300000.0,-71000000.0,-24000000.0,-2308300000.0,-68500000.0,4025200000.0,-3126500000.0,-2460800000.0,490300000.0,117300000.0,152000000.0,152000000.0,152000000.0,0.0,0.0,0.163,705300000.0,229500000.0,0.0,0.452,1.582,18.05,18.238,495700000.0,0.0,45.96,3.145,3.141,0.0,6138300000.0,934800000.0,934800000.0,0.0,,,,,0.0,648600000.0,1.0,241803134.0,241484195,241484195.0,3.871,96963400000.0,0.0,77500000.0,0.0,401.531,
41,NTRS,MRQ,2011-03-31,2011-03-31,2011-03-31,2021-09-08,-279600000.0,92679200000.0,,,,,28.614,-77900000.0,35655000000.0,35655000000.0,0.0,151000000.0,,12.377,12003600000.0,,,12003600000.0,0.0,63500000.0,71075400000.0,0.022,0.28,230000000.0,293500000.0,0.332,293500000.0,230000000.0,230000000.0,0.62,0.61,0.62,6928200000.0,,6928200000.0,-7071327030.0,-7.0,-5.724,-5000000.0,-0.021,1.0,882900000.0,1.0,405800000.0,0.0,68622000000.0,,0.0,50363400000.0,,,85751000000.0,,,12286572970.0,774800000.0,0.0,-9800000.0,1883800000.0,-68600000.0,8684600000.0,-8005700000.0,-7414600000.0,72900000.0,23000000.0,151000000.0,151000000.0,151000000.0,0.0,0.0,0.171,652900000.0,230000000.0,0.0,0.452,1.773,18.523,18.658,494700000.0,0.0,50.75,3.498,3.498,0.0,6054500000.0,882900000.0,882900000.0,0.0,,,,,0.0,588800000.0,1.0,242099960.0,242126162,242126162.0,3.646,92273400000.0,0.0,79000000.0,0.0,381.096,
42,NTRS,MRQ,2010-12-31,2010-12-31,2010-12-31,2021-09-08,-305300000.0,83843900000.0,,,,,28.199,-99800000.0,29254000000.0,29254000000.0,0.0,157100000.0,,11.275,9896100000.0,,,9896100000.0,0.0,67000000.0,64195700000.0,0.02,0.28,214400000.0,281400000.0,0.329,281400000.0,214400000.0,214400000.0,0.64,0.64,0.64,6830300000.0,,6830300000.0,-806932122.0,-1.0,-0.651,-229000000.0,-0.945,1.0,856100000.0,1.0,400900000.0,0.0,64085100000.0,,0.0,48643300000.0,,,77013600000.0,,,13419967878.0,-671500000.0,0.0,13600000.0,-2233500000.0,-68600000.0,3461400000.0,-4072400000.0,-4503600000.0,-129200000.0,68700000.0,157100000.0,157100000.0,157100000.0,0.0,0.0,0.184,641700000.0,214400000.0,0.0,0.438,1.965,20.045,20.223,504500000.0,0.0,55.41,3.848,3.845,0.0,5972100000.0,856100000.0,856100000.0,0.0,,,,,0.0,585700000.0,1.0,242193970.0,242216267,242216267.0,3.534,83443000000.0,0.0,57300000.0,0.0,344.498,
43,NTRS,MRQ,2010-09-30,2010-09-30,2010-09-30,2021-09-08,-266100000.0,80723400000.0,,,,,27.955,-75300000.0,26358800000.0,26358800000.0,0.0,155600000.0,,10.926,12131900000.0,,,12131900000.0,0.0,63800000.0,58445800000.0,0.023,0.28,237400000.0,301200000.0,0.35,301200000.0,237400000.0,237400000.0,0.64,0.64,0.64,6768700000.0,,6768700000.0,-3089737010.0,-3.0,-2.37,76700000.0,0.317,1.0,859500000.0,1.0,399700000.0,0.0,66096800000.0,,0.0,48593900000.0,,,73954700000.0,,,11678462990.0,-34700000.0,0.0,41900000.0,41900000.0,-69100000.0,152800000.0,-477100000.0,7800000.0,152000000.0,137600000.0,155600000.0,155600000.0,155600000.0,0.0,0.0,0.181,622100000.0,237400000.0,0.0,0.438,1.725,16.386,16.408,532400000.0,0.0,48.24,3.306,3.307,0.0,5883800000.0,859500000.0,859500000.0,0.0,,,,,0.0,559200000.0,1.0,242090858.0,242124461,242124461.0,3.55,80323700000.0,0.0,81800000.0,0.0,331.745,
44,NTRS,MRQ,2010-06-30,2010-06-30,2010-06-30,2021-09-08,-315300000.0,80048900000.0,,,,,27.349,-55600000.0,26850600000.0,26850600000.0,0.0,199600000.0,,11.093,12082400000.0,,,12082400000.0,0.0,59500000.0,57952100000.0,0.024,0.28,299800000.0,359300000.0,0.393,359300000.0,299800000.0,299800000.0,0.82,0.82,0.82,6619600000.0,,6619600000.0,-4487621812.0,-4.0,-3.39,677000000.0,2.797,1.0,914200000.0,1.0,393000000.0,0.0,64887700000.0,,0.0,48224900000.0,,,73429300000.0,,,11294378188.0,872500000.0,0.0,9000000.0,2196600000.0,-67800000.0,2896800000.0,-2724500000.0,-2755800000.0,732600000.0,-32400000.0,199600000.0,199600000.0,199600000.0,0.0,0.0,0.218,614400000.0,299800000.0,0.0,0.341,1.706,15.16,15.212,529500000.0,0.0,46.7,3.199,3.202,0.0,5796600000.0,914200000.0,914200000.0,0.0,,,,,0.0,563300000.0,1.0,241849640.0,242045799,242045799.0,3.777,79655900000.0,0.0,100200000.0,0.0,329.094,
45,NTRS,MRQ,2010-03-31,2010-03-31,2010-03-31,2021-09-08,-332500000.0,76318600000.0,,,,,26.671,-80400000.0,25634200000.0,25634200000.0,0.0,157200000.0,,10.838,9852200000.0,,,9852200000.0,0.0,59200000.0,57435200000.0,0.02,0.28,238200000.0,297400000.0,0.347,297400000.0,238200000.0,238200000.0,0.65,0.64,0.65,6447100000.0,,6447100000.0,-2825882335.0,-2.0,-2.007,-45600000.0,-0.189,1.0,857900000.0,1.0,394000000.0,0.0,60142600000.0,,0.0,45838600000.0,,,69871500000.0,,,13362117665.0,159900000.0,0.0,200000.0,-4567000000.0,-67700000.0,-5365900000.0,5506000000.0,5180000000.0,34800000.0,-15000000.0,157200000.0,157200000.0,157200000.0,0.0,0.0,0.183,619700000.0,238200000.0,0.0,0.431,2.073,17.32,17.269,540500000.0,0.0,55.26,3.721,3.72,0.0,5665000000.0,857900000.0,857900000.0,0.0,,,,,0.0,552700000.0,1.0,241804518.0,241724178,241724178.0,3.549,75924600000.0,0.0,81000000.0,0.0,314.096,
46,NTRS,MRQ,2009-12-31,2009-12-31,2009-12-31,2021-09-08,-361600000.0,82141500000.0,,,,,26.124,-70600000.0,30620000000.0,30620000000.0,0.0,200300000.0,,12.013,14432000000.0,,,14432000000.0,0.0,66600000.0,58281300000.0,0.021,0.28,279100000.0,345700000.0,0.384,345700000.0,279100000.0,279100000.0,0.83,0.82,0.83,6312100000.0,,6312100000.0,-1289015992.0,-1.0,-0.929,251600000.0,1.041,1.0,900400000.0,1.0,401600000.0,0.0,65551900000.0,,0.0,46439100000.0,,,75829400000.0,,,12654884008.0,-394100000.0,0.0,2200000.0,1380300000.0,-67600000.0,3980600000.0,-4699400000.0,-1674600000.0,322200000.0,2500000.0,200300000.0,200300000.0,200300000.0,0.0,0.0,0.222,621300000.0,279100000.0,0.0,0.337,2.005,16.804,16.478,543500000.0,0.0,52.4,3.543,3.455,0.0,5576000000.0,900400000.0,900400000.0,0.0,,,,,3900000.0,558600000.0,1.0,241505420.0,241620860,241620860.0,3.726,81739900000.0,0.0,78800000.0,0.0,338.298,
47,NTRS,MRQ,2009-09-30,2009-09-30,2009-09-30,2021-09-08,-313100000.0,77901500000.0,,,,,25.778,-60900000.0,27020200000.0,27020200000.0,0.0,187900000.0,,11.518,13076300000.0,,,13076300000.0,0.0,62800000.0,55324100000.0,0.019,0.28,258500000.0,321300000.0,0.375,321300000.0,258500000.0,258500000.0,0.77,0.77,0.77,6223300000.0,,6223300000.0,3442974867.0,3.0,2.133,288400000.0,1.195,1.0,857700000.0,1.0,401400000.0,0.0,63556200000.0,,0.0,45579800000.0,,,71678200000.0,,,14039974867.0,354600000.0,0.0,2700000.0,1018600000.0,-67600000.0,2762000000.0,-2808300000.0,-4921400000.0,349300000.0,51600000.0,187900000.0,187900000.0,187900000.0,0.0,0.0,0.219,599200000.0,258500000.0,0.0,0.364,2.256,15.899,15.225,542700000.0,0.0,58.16,3.745,3.745,0.0,5443300000.0,857700000.0,857700000.0,0.0,,,,,-400000.0,562800000.0,1.0,241402594.0,241415698,241415698.0,3.553,77500100000.0,0.0,70600000.0,0.0,321.023,
48,NTRS,MRQ,2009-06-30,2009-06-30,2009-06-30,2021-09-08,-353400000.0,75045200000.0,,,,,26.029,-76800000.0,22645000000.0,22645000000.0,0.0,314200000.0,,11.245,12048000000.0,,,12048000000.0,0.0,59000000.0,53580600000.0,0.021,0.28,384400000.0,443400000.0,0.455,443400000.0,384400000.0,384400000.0,0.95,0.95,0.95,6128700000.0,,6128700000.0,3555766038.0,4.0,3.247,-180400000.0,-0.766,1.0,975200000.0,1.0,405300000.0,0.0,64042900000.0,,0.0,46542000000.0,,,68916500000.0,,,12006566038.0,427200000.0,0.0,846800000.0,-3382500000.0,-62600000.0,-3954700000.0,4406700000.0,2781000000.0,-103600000.0,78800000.0,226100000.0,226100000.0,226100000.0,0.0,88100000.0,0.232,502700000.0,472500000.0,0.0,0.295,1.959,21.954,22.46,548100000.0,0.0,53.68,3.166,3.333,0.0,5323500000.0,975200000.0,975200000.0,0.0,,,,,-1200000.0,553500000.0,1.0,223669263.0,235455068,235455068.0,4.142,74639900000.0,0.0,158300000.0,0.0,317.003,
49,NTRS,MRQ,2009-03-31,2009-03-31,2009-03-31,2021-09-08,-446100000.0,78464600000.0,,,,,29.212,-105900000.0,23880100000.0,23880100000.0,0.0,161800000.0,,11.026,15429300000.0,,,15429300000.0,0.0,55300000.0,53344600000.0,0.019,0.28,222100000.0,277400000.0,0.331,277400000.0,222100000.0,222100000.0,0.62,0.61,0.62,6524700000.0,,6524700000.0,-6902538155.0,-8.0,-6.095,340900000.0,1.526,1.0,838600000.0,1.0,387400000.0,0.0,69626400000.0,,0.0,48219200000.0,,,71939900000.0,,,13367461845.0,-544100000.0,0.0,10600000.0,6778200000.0,-62500000.0,-2366700000.0,1422400000.0,2684500000.0,446800000.0,-46600000.0,138800000.0,138800000.0,138800000.0,0.0,23000000.0,0.166,593500000.0,245100000.0,0.0,0.452,2.049,24.921,24.822,535200000.0,0.0,59.82,3.438,3.436,0.0,5166600000.0,838600000.0,838600000.0,0.0,,,,,-2300000.0,523300000.0,1.0,223461415.0,223357446,223357446.0,3.755,78077200000.0,0.0,83300000.0,0.0,349.562,
50,NTRS,MRQ,2008-12-31,2008-12-31,2008-12-31,2021-09-08,-494900000.0,82053600000.0,,,,,28.658,-86000000.0,28942000000.0,28942000000.0,0.0,342300000.0,,11.842,8672000000.0,,,8672000000.0,0.0,61400000.0,62406400000.0,0.021,0.28,510300000.0,571700000.0,0.531,571700000.0,510300000.0,510300000.0,1.48,1.47,1.48,6389400000.0,,6389400000.0,-10859296291.0,-9.0,-7.317,-149900000.0,-0.672,1.0,1077500000.0,1.0,389400000.0,0.0,61394200000.0,,0.0,46326200000.0,,,75664200000.0,,,11629003709.0,-1127500000.0,0.0,-1600000.0,1259600000.0,-62300000.0,2476800000.0,-3496900000.0,-12010700000.0,-63900000.0,-43500000.0,330300000.0,330300000.0,330300000.0,0.0,12000000.0,0.307,555200000.0,522300000.0,0.0,0.189,1.82,14.856,14.855,506600000.0,0.0,52.14,2.793,2.773,0.0,5091200000.0,1077500000.0,1077500000.0,0.0,,,,,33600000.0,581400000.0,1.0,223034210.0,222951632,222951632.0,4.833,81664200000.0,0.0,180000000.0,0.0,366.287,
51,NTRS,MRQ,2008-09-30,2008-09-30,2008-09-30,2021-09-08,-190200000.0,79244000000.0,,,,,21.794,-72500000.0,29854700000.0,29854700000.0,0.0,-148300000.0,,15.386,7366400000.0,,,7366400000.0,0.0,55300000.0,62439100000.0,0.016,0.28,-252800000.0,-197500000.0,-0.219,-197500000.0,-252800000.0,-252800000.0,-0.66,-0.66,-0.66,4836000000.0,,4836000000.0,-6923612376.0,-8.0,-6.073,274800000.0,1.238,1.0,901200000.0,1.0,410000000.0,0.0,56345700000.0,,0.0,43229300000.0,,,74408000000.0,,,15959587624.0,-1875900000.0,0.0,101100000.0,823400000.0,-61900000.0,3325300000.0,-5391300000.0,-826600000.0,347300000.0,-157200000.0,-148300000.0,-148300000.0,-148300000.0,0.0,0.0,-0.165,1154000000.0,-252800000.0,0.0,-0.424,3.3,27.636,27.984,492900000.0,0.0,72.2,3.954,3.969,0.0,4821100000.0,901200000.0,901200000.0,0.0,,,,,-20000000.0,491700000.0,1.0,221046920.0,221899198,221899198.0,4.061,78834000000.0,0.0,-104500000.0,0.0,355.269,
52,NTRS,MRQ,2008-06-30,2008-06-30,2008-06-30,2021-09-08,-148400000.0,74806900000.0,,,,,22.502,-70300000.0,29458200000.0,29458200000.0,0.0,215600000.0,,14.07,6575000000.0,,,6575000000.0,0.0,52800000.0,60274300000.0,0.016,0.28,428100000.0,480900000.0,0.449,480900000.0,428100000.0,428100000.0,0.97,0.96,0.97,4964100000.0,,4964100000.0,-9248897862.0,-6.0,-5.469,230500000.0,1.045,1.0,1071400000.0,1.0,425400000.0,0.0,51498300000.0,,0.0,40414600000.0,,,69842800000.0,,,15094702138.0,1590100000.0,0.0,43000000.0,-3555200000.0,-61600000.0,-1610600000.0,2987700000.0,3110500000.0,300800000.0,-87800000.0,215600000.0,215600000.0,215600000.0,0.0,0.0,0.201,643300000.0,428100000.0,0.0,0.289,3.041,16.16,16.365,493000000.0,0.0,68.57,3.771,3.779,0.0,5032200000.0,1071400000.0,1071400000.0,0.0,,,,,-7500000.0,571500000.0,1.0,220135659.0,220603902,220603902.0,4.857,74381500000.0,0.0,212500000.0,0.0,337.172,
53,NTRS,MRQ,2008-03-31,2008-03-31,2008-03-31,2021-09-08,-136800000.0,77480300000.0,,,,,21.598,-79200000.0,34490800000.0,34490800000.0,0.0,385200000.0,,15.283,10147200000.0,,,10147200000.0,0.0,50900000.0,58392500000.0,0.016,0.28,578100000.0,629000000.0,0.565,629000000.0,578100000.0,578100000.0,1.73,1.71,1.73,4758400000.0,,4758400000.0,-5383498348.0,-4.0,-3.428,191900000.0,0.871,1.0,1113400000.0,1.0,424900000.0,0.0,52711800000.0,,0.0,38006400000.0,,,72721900000.0,,,14659501652.0,139900000.0,0.0,-48900000.0,1180100000.0,-61900000.0,8184600000.0,-8446700000.0,-8518600000.0,271100000.0,130900000.0,385200000.0,385200000.0,385200000.0,0.0,0.0,0.346,535300000.0,578100000.0,0.0,0.162,3.081,15.841,15.978,492800000.0,0.0,66.47,3.862,3.858,0.0,4879200000.0,1113400000.0,1113400000.0,0.0,,,,,-6100000.0,533000000.0,1.0,220543127.0,220320307,220320307.0,5.054,77055400000.0,0.0,192900000.0,0.0,349.743,
54,NTRS,MRQ,2007-12-31,2007-12-31,2007-12-31,2021-09-08,-90300000.0,67611200000.0,,,,,20.462,-74400000.0,28993800000.0,28993800000.0,0.0,125000000.0,,13.994,8950800000.0,,,8950800000.0,0.0,60000000.0,51213100000.0,0.013,0.28,167700000.0,227700000.0,0.24,227700000.0,167700000.0,167700000.0,0.54,0.54,0.54,4509100000.0,,4509100000.0,2363079726.0,2.0,1.857,204100000.0,0.926,1.0,950100000.0,1.0,425800000.0,0.0,47142400000.0,,0.0,34228300000.0,,,63102100000.0,,,16843179726.0,50100000.0,0.0,-1000000.0,1303400000.0,-55000000.0,4433300000.0,-4694200000.0,1378400000.0,278500000.0,32500000.0,125000000.0,125000000.0,125000000.0,0.0,0.0,0.132,782400000.0,167700000.0,0.0,0.519,3.735,23.171,23.348,491900000.0,0.0,76.58,4.825,4.819,0.0,4556200000.0,950100000.0,950100000.0,0.0,,,,,-45100000.0,550600000.0,1.0,219942279.0,220362363,220362363.0,4.312,67185400000.0,0.0,42700000.0,0.0,304.886,
55,NTRS,MRQ,2007-09-30,2007-09-30,2007-09-30,2021-09-08,-152500000.0,63098900000.0,,,,,19.823,-54700000.0,22136000000.0,22136000000.0,0.0,208300000.0,,13.474,7655900000.0,,,7655900000.0,0.0,52300000.0,47668800000.0,0.015,0.25,301100000.0,353400000.0,0.407,353400000.0,301100000.0,301100000.0,0.95,0.93,0.95,4359400000.0,,4359400000.0,2464488558.0,2.0,1.838,180100000.0,0.819,1.0,867700000.0,1.0,429600000.0,0.0,48189200000.0,,0.0,36711600000.0,,,58739500000.0,,,14585588558.0,352500000.0,0.0,-35200000.0,652200000.0,-55000000.0,2438200000.0,-2365700000.0,-1797300000.0,234800000.0,45200000.0,208300000.0,208300000.0,208300000.0,0.0,0.0,0.24,566600000.0,301100000.0,0.0,0.263,3.346,18.876,18.773,478700000.0,0.0,66.27,4.423,4.42,0.0,4493600000.0,867700000.0,867700000.0,0.0,,,,,0.0,508700000.0,1.0,220093384.0,219914891,219914891.0,3.946,62669300000.0,0.0,92800000.0,0.0,284.971,
56,NTRS,MRQ,2007-06-30,2007-06-30,2007-06-30,2021-09-08,-146800000.0,59609700000.0,,,,,19.247,-63200000.0,19117800000.0,19117800000.0,0.0,206900000.0,,13.101,6996700000.0,,,6996700000.0,0.0,50500000.0,45862000000.0,0.015,0.25,309700000.0,360200000.0,0.416,360200000.0,309700000.0,309700000.0,0.94,0.92,0.94,4227200000.0,,4227200000.0,-2227476397.0,-2.0,-1.729,192900000.0,0.878,1.0,865000000.0,1.0,427000000.0,0.0,47061600000.0,,0.0,36650100000.0,,,55382500000.0,,,14094723603.0,947500000.0,0.0,3200000.0,1194400000.0,-54900000.0,-173100000.0,856100000.0,716200000.0,256100000.0,8400000.0,206900000.0,206900000.0,206900000.0,0.0,0.0,0.239,555300000.0,309700000.0,0.0,0.266,3.334,19.358,19.291,486100000.0,0.0,64.24,4.464,4.469,0.0,4340700000.0,865000000.0,865000000.0,0.0,,,,,0.0,501500000.0,1.0,219407279.0,219632587,219632587.0,3.938,59182700000.0,0.0,102800000.0,0.0,269.462,
57,NTRS,MRQ,2007-03-31,2007-03-31,2007-03-31,2021-09-08,-154500000.0,59532400000.0,,,,,18.48,-61200000.0,22113000000.0,22113000000.0,0.0,186700000.0,,13.723,5790800000.0,,,5790800000.0,0.0,48600000.0,47019600000.0,0.016,0.25,282300000.0,330900000.0,0.409,330900000.0,282300000.0,282300000.0,0.85,0.84,0.85,4043400000.0,,4043400000.0,2214648515.0,2.0,1.761,50100000.0,0.229,1.0,808200000.0,1.0,422100000.0,0.0,42788100000.0,,0.0,34215200000.0,,,55489000000.0,,,13187548515.0,-2389500000.0,0.0,24800000.0,-4986800000.0,-54600000.0,-1238000000.0,-1265400000.0,-1929200000.0,111300000.0,2600000.0,186700000.0,186700000.0,186700000.0,0.0,0.0,0.231,525900000.0,282300000.0,0.0,0.294,3.261,19.137,19.032,483000000.0,0.0,60.14,4.302,4.292,0.0,4190400000.0,808200000.0,808200000.0,0.0,,,,,0.0,474300000.0,1.0,219280820.0,218800423,218800423.0,3.694,59110300000.0,0.0,95600000.0,0.0,270.156,
58,NTRS,MRQ,2006-12-31,2006-12-31,2006-12-31,2021-09-08,-148600000.0,60712200000.0,,,,,18.09,-68600000.0,21751300000.0,21751300000.0,0.0,170800000.0,,14.394,10778400000.0,,,10778400000.0,0.0,54200000.0,43820200000.0,0.015,0.25,242100000.0,296300000.0,0.392,296300000.0,242100000.0,242100000.0,0.79,0.77,0.79,3943900000.0,,3943900000.0,4859705514.0,5.0,3.971,-46200000.0,-0.212,1.0,756700000.0,1.0,422500000.0,0.0,49316800000.0,,0.0,34974900000.0,,,56768300000.0,,,13229805514.0,1136100000.0,0.0,19500000.0,787600000.0,-50100000.0,5720500000.0,-4657600000.0,388800000.0,22400000.0,50800000.0,170800000.0,170800000.0,170800000.0,0.0,0.0,0.226,514600000.0,242100000.0,0.0,0.316,3.354,19.882,19.833,487200000.0,0.0,60.69,4.438,4.433,0.0,4131200000.0,756700000.0,756700000.0,0.0,,,,,-21300000.0,460100000.0,1.0,217989875.0,218014690,218014690.0,3.471,60289700000.0,0.0,71300000.0,0.0,276.54,
59,NTRS,MRQ,2006-09-30,2006-09-30,2006-09-30,2021-09-08,-10500000.0,55200900000.0,,,,,18.087,-64800000.0,18481700000.0,18481700000.0,0.0,163700000.0,,13.025,10111600000.0,,,10111600000.0,0.0,50300000.0,38675900000.0,0.016,0.23,250500000.0,300800000.0,0.413,300800000.0,250500000.0,250500000.0,0.75,0.74,0.75,3936000000.0,,3936000000.0,3535422616.0,4.0,2.949,117700000.0,0.541,1.0,727500000.0,1.0,0.0,0.0,46830800000.0,,0.0,33388900000.0,,,51264900000.0,,,12732722616.0,-531800000.0,0.0,-9100000.0,1223800000.0,-50100000.0,1197800000.0,-1915400000.0,-3001300000.0,182500000.0,3300000.0,163700000.0,163700000.0,163700000.0,0.0,0.0,0.225,477000000.0,250500000.0,0.0,0.307,3.235,19.827,19.807,471600000.0,0.0,58.43,4.391,4.385,0.0,4016300000.0,727500000.0,727500000.0,0.0,,,,,0.0,429200000.0,1.0,217914130.0,217618046,217618046.0,3.343,55200900000.0,0.0,86800000.0,0.0,253.66,
60,NTRS,MRQ,2006-06-30,2006-06-30,2006-06-30,2021-09-08,-23200000.0,53325900000.0,,,,,17.487,-57200000.0,18076800000.0,18076800000.0,0.0,167900000.0,,13.002,8879500000.0,,,8879500000.0,0.0,48700000.0,38683100000.0,0.016,0.23,281200000.0,329900000.0,0.427,329900000.0,281200000.0,281200000.0,0.77,0.76,0.77,3808400000.0,,3808400000.0,5895860224.0,6.0,5.022,-10000000.0,-0.046,1.0,773200000.0,1.0,0.0,0.0,44128600000.0,,0.0,31819700000.0,,,49517500000.0,,,12057960224.0,1541300000.0,0.0,-32700000.0,-619700000.0,-50200000.0,3263400000.0,-1849800000.0,-829200000.0,47200000.0,80500000.0,167900000.0,167900000.0,167900000.0,0.0,0.0,0.217,492000000.0,281200000.0,0.0,0.299,3.166,19.256,19.201,463200000.0,0.0,55.3,4.246,4.241,0.0,3902800000.0,773200000.0,773200000.0,0.0,,,,,0.0,441900000.0,1.0,218046297.0,217785721,217785721.0,3.55,53325900000.0,0.0,113300000.0,0.0,244.855,
61,NTRS,MRQ,2006-03-31,2006-03-31,2006-03-31,2021-09-08,-27000000.0,50195000000.0,,,,,17.016,-47900000.0,15636500000.0,15636500000.0,0.0,163000000.0,,12.554,9474400000.0,,,9474400000.0,0.0,46400000.0,34608800000.0,0.017,0.23,250400000.0,296800000.0,0.41,296800000.0,250400000.0,250400000.0,0.75,0.74,0.75,3703400000.0,,3703400000.0,1276969348.0,1.0,1.137,88500000.0,0.407,1.0,723700000.0,1.0,0.0,0.0,44032900000.0,,0.0,31165100000.0,,,46491600000.0,,,11441669348.0,-180800000.0,0.0,-20700000.0,604400000.0,-50100000.0,-3375200000.0,3039600000.0,3351700000.0,136400000.0,18400000.0,163000000.0,163000000.0,163000000.0,0.0,0.0,0.225,473300000.0,250400000.0,0.0,0.307,3.09,18.809,18.75,461400000.0,0.0,52.5,4.176,4.171,0.0,3785000000.0,723700000.0,723700000.0,0.0,,,,,0.0,429900000.0,1.0,217936559.0,217645991,217645991.0,3.325,50195000000.0,0.0,87400000.0,0.0,230.627,
62,NTRS,MRQ,2005-12-31,2005-12-31,2005-12-31,2021-09-08,-18700000.0,53413800000.0,,,,,16.53,-37300000.0,19031900000.0,19031900000.0,0.0,147600000.0,,13.834,8867200000.0,,,8867200000.0,0.0,52600000.0,38519500000.0,0.017,0.23,218900000.0,271500000.0,0.402,271500000.0,218900000.0,218900000.0,0.68,0.67,0.68,3600800000.0,,3600800000.0,4737224976.0,5.0,4.388,205700000.0,0.944,1.0,675600000.0,1.0,0.0,0.0,43249100000.0,,0.0,31077500000.0,,,49813000000.0,,,11309524976.0,517800000.0,-7100000.0,-31300000.0,1073400000.0,-45800000.0,6063800000.0,-5770400000.0,-5917000000.0,243000000.0,-18600000.0,147600000.0,147600000.0,147600000.0,0.0,0.0,0.218,456700000.0,218900000.0,0.0,0.338,3.141,19.352,19.336,471500000.0,0.0,51.82,4.312,4.309,0.0,3672100000.0,675600000.0,675600000.0,0.0,,,,,0.0,689000000.0,1.0,218246333.0,217832107,217832107.0,3.101,53413800000.0,0.0,71300000.0,0.0,245.206,
63,NTRS,MRQ,2005-09-30,2005-09-30,2005-09-30,2021-09-08,-18600000.0,48427400000.0,,,,,16.187,-44800000.0,14375500000.0,14375500000.0,0.0,147700000.0,,12.723,7803200000.0,,,7803200000.0,0.0,49700000.0,33495400000.0,0.017,0.21,226000000.0,275700000.0,0.413,275700000.0,226000000.0,226000000.0,0.68,0.67,0.68,3529000000.0,,3529000000.0,3773479739.0,4.0,3.579,51100000.0,0.234,1.0,667600000.0,1.0,0.0,0.0,41855100000.0,,0.0,29799400000.0,,,44898400000.0,,,11038179739.0,549100000.0,0.0,-29900000.0,520500000.0,-45800000.0,864400000.0,-393700000.0,920300000.0,95900000.0,-17500000.0,147700000.0,147700000.0,147700000.0,0.0,0.0,0.221,441600000.0,226000000.0,0.0,0.309,3.128,19.386,19.368,475100000.0,0.0,50.55,4.335,4.328,0.0,3574400000.0,667600000.0,667600000.0,0.0,,,,,0.0,300500000.0,1.0,218361617.0,218012767,218012767.0,3.062,48427400000.0,0.0,78300000.0,0.0,222.131,
64,NTRS,MRQ,2005-06-30,2005-06-30,2005-06-30,2021-09-08,-15500000.0,46255600000.0,,,,,15.8,-43800000.0,14555100000.0,14555100000.0,0.0,150000000.0,,12.422,7290400000.0,,,7290400000.0,0.0,47900000.0,33057100000.0,0.018,0.21,231100000.0,279000000.0,0.415,279000000.0,231100000.0,231100000.0,0.69,0.68,0.69,3446300000.0,,3446300000.0,469701563.0,1.0,0.474,-22000000.0,-0.101,1.0,672700000.0,1.0,0.0,0.0,38990900000.0,,0.0,28300400000.0,,,42809300000.0,,,9967601563.0,-348400000.0,0.0,-21600000.0,59600000.0,-45900000.0,-1960300000.0,1623400000.0,-1009400000.0,21800000.0,-33300000.0,150000000.0,150000000.0,150000000.0,0.0,0.0,0.223,441600000.0,231100000.0,0.0,0.304,2.892,18.582,18.608,476500000.0,0.0,45.59,4.111,4.101,0.0,3482500000.0,672700000.0,672700000.0,0.0,,,,,0.0,299200000.0,1.0,218635700.0,218114436,218114436.0,3.084,46255600000.0,0.0,81100000.0,0.0,212.07,
65,NTRS,MRQ,2005-03-31,2005-03-31,2005-03-31,2021-09-08,-14900000.0,47761300000.0,,,,,15.387,-47800000.0,16751100000.0,16751100000.0,0.0,139100000.0,,13.209,7253200000.0,,,7253200000.0,0.0,41500000.0,35096700000.0,0.018,0.21,211800000.0,253300000.0,0.417,253300000.0,211800000.0,211800000.0,0.64,0.63,0.64,3361400000.0,,3361400000.0,2808786993.0,4.0,2.958,174600000.0,0.799,1.0,606800000.0,1.0,0.0,0.0,38263400000.0,,0.0,27759000000.0,,,44399900000.0,,,9500286993.0,225200000.0,-457800000.0,-31900000.0,-1304700000.0,-46000000.0,-444600000.0,471000000.0,-1099000000.0,222400000.0,-23600000.0,139100000.0,139100000.0,139100000.0,0.0,0.0,0.229,395000000.0,211800000.0,0.0,0.328,2.826,18.369,18.407,480700000.0,0.0,43.44,4.088,4.084,0.0,3389200000.0,606800000.0,606800000.0,0.0,,,,,0.0,274200000.0,1.0,218699056.0,218453518,218453518.0,2.778,47761300000.0,0.0,72700000.0,0.0,218.634,
66,NTRS,MRQ,2004-12-31,2004-12-31,2004-12-31,2021-09-08,-14700000.0,45276700000.0,,,,,15.061,-37400000.0,15220000000.0,15220000000.0,0.0,132600000.0,,12.739,8528500000.0,,,8528500000.0,0.0,46700000.0,31057600000.0,0.016,0.21,199500000.0,246200000.0,0.411,246200000.0,199500000.0,199500000.0,0.6,0.6,0.6,3295600000.0,,3295600000.0,4094089640.0,5.0,4.394,21800000.0,0.1,1.0,599000000.0,1.0,0.0,0.0,38585200000.0,,0.0,26984400000.0,,,41981100000.0,,,10649189640.0,-225700000.0,0.0,-21300000.0,909300000.0,-41600000.0,3274100000.0,-3593800000.0,-3090100000.0,59200000.0,34800000.0,132600000.0,132600000.0,132600000.0,0.0,0.0,0.221,399500000.0,199500000.0,0.0,0.35,3.231,21.062,21.122,465100000.0,0.0,48.58,4.656,4.662,0.0,3300600000.0,599000000.0,599000000.0,0.0,,,,,0.0,266600000.0,1.0,219209338.0,218811379,218811379.0,2.738,45276700000.0,0.0,66900000.0,0.0,206.921,
67,NTRS,MRQ,2004-09-30,2004-09-30,2004-09-30,2021-09-08,-14300000.0,41110000000.0,,,,,14.713,-31400000.0,14174300000.0,14174300000.0,0.0,114700000.0,,11.745,7619200000.0,,,7619200000.0,0.0,43700000.0,28617800000.0,0.019,0.19,168600000.0,212300000.0,0.389,212300000.0,168600000.0,168600000.0,0.52,0.52,0.52,3225500000.0,,3225500000.0,4897201858.0,6.0,5.285,215400000.0,0.983,1.0,546400000.0,1.0,0.0,0.0,34554900000.0,,0.0,24441900000.0,,,37884500000.0,,,8968501858.0,305400000.0,-500000.0,-32800000.0,-2889600000.0,-41800000.0,-2214600000.0,2273200000.0,2548400000.0,246800000.0,0.0,114700000.0,114700000.0,114700000.0,0.0,0.0,0.21,377800000.0,168600000.0,0.0,0.365,2.78,17.816,17.817,469800000.0,0.0,40.8,4.016,4.005,0.0,3218300000.0,546400000.0,546400000.0,0.0,,,,,0.0,247100000.0,1.0,219816222.0,219234285,219234285.0,2.492,41110000000.0,0.0,53900000.0,0.0,187.516,
68,NTRS,MRQ,2004-06-30,2004-06-30,2004-06-30,2021-09-08,-16300000.0,43279300000.0,,,,,14.457,-28200000.0,14580000000.0,14580000000.0,0.0,130800000.0,,12.618,10508700000.0,,,10508700000.0,0.0,43500000.0,27879100000.0,0.018,0.19,194400000.0,237900000.0,0.416,237900000.0,194400000.0,194400000.0,0.6,0.59,0.6,3178100000.0,,3178100000.0,4267926668.0,6.0,4.572,74300000.0,0.338,1.0,571600000.0,1.0,0.0,0.0,39208000000.0,,0.0,26396500000.0,,,40101200000.0,,,9318026668.0,555400000.0,-3700000.0,-30200000.0,3713100000.0,-41800000.0,3055100000.0,-2602200000.0,-1164000000.0,102500000.0,0.0,130800000.0,130800000.0,130800000.0,0.0,0.0,0.229,377200000.0,194400000.0,0.0,0.317,2.932,18.543,18.463,480200000.0,0.0,42.28,4.221,4.21,0.0,3152500000.0,571600000.0,571600000.0,0.0,,,,,0.0,261100000.0,1.0,220388521.0,219826748,223350239.0,2.6,43279300000.0,0.0,63600000.0,0.0,196.879,
69,NTRS,MRQ,2004-03-31,2004-03-31,2004-03-31,2021-09-08,-11700000.0,40178900000.0,,,,,14.168,-36100000.0,11845700000.0,11845700000.0,0.0,127500000.0,,11.884,6795600000.0,,,6795600000.0,0.0,42500000.0,28447600000.0,0.015,0.19,192800000.0,235300000.0,0.413,235300000.0,192800000.0,192800000.0,0.58,0.57,0.58,3118400000.0,,3118400000.0,8875287737.0,13.0,10.421,210200000.0,0.955,1.0,570000000.0,1.0,0.0,0.0,35128800000.0,,0.0,25709600000.0,,,37060500000.0,,,10268887737.0,-178500000.0,0.0,-27900000.0,-2971800000.0,-41800000.0,-864700000.0,439900000.0,1333000000.0,246300000.0,0.0,127500000.0,127500000.0,127500000.0,0.0,0.0,0.224,377200000.0,192800000.0,0.0,0.328,3.293,23.445,23.412,491400000.0,0.0,46.59,4.74,4.733,0.0,3069100000.0,570000000.0,570000000.0,0.0,,,,,0.0,254600000.0,1.0,220409696.0,220102831,220102831.0,2.59,40178900000.0,0.0,65300000.0,0.0,182.546,
70,NTRS,MRQ,2003-12-31,2003-12-31,2003-12-31,2021-09-08,-8900000.0,41450200000.0,,,,,13.895,-32900000.0,11161000000.0,11161000000.0,0.0,129700000.0,,12.567,9767400000.0,,,9767400000.0,0.0,43300000.0,26270000000.0,0.015,0.19,197800000.0,241100000.0,0.442,241100000.0,197800000.0,197800000.0,0.59,0.58,0.59,3055300000.0,,3055300000.0,9743890664.0,16.0,12.197,-141800000.0,-0.645,1.0,545300000.0,1.0,0.0,0.0,40056600000.0,,0.0,27285100000.0,,,38394900000.0,,,10197990664.0,170500000.0,-6800000.0,-30500000.0,-398900000.0,-37400000.0,156100000.0,123300000.0,129400000.0,-108900000.0,0.0,130400000.0,130400000.0,130400000.0,800000.0,-700000.0,0.239,347400000.0,197900000.0,0.0,0.322,3.338,25.193,25.152,498300000.0,0.0,46.28,4.884,4.881,0.0,2990700000.0,545300000.0,545300000.0,0.0,,,,,0.0,242000000.0,1.0,220354163.0,219879208,219879208.0,2.48,41450200000.0,0.0,67400000.0,0.0,188.514,
71,NTRS,MRQ,2003-09-30,2003-09-30,2003-09-30,2021-09-08,800000.0,40744200000.0,,,,,13.621,-35100000.0,10612100000.0,10612100000.0,0.0,113800000.0,,12.58,10158000000.0,,,10158000000.0,0.0,46900000.0,25654000000.0,0.016,0.17,172300000.0,219200000.0,0.421,219200000.0,172300000.0,172300000.0,0.52,0.51,0.52,3000300000.0,,3000300000.0,7727424954.0,14.0,10.542,308900000.0,1.402,1.0,520700000.0,1.0,0.0,0.0,40290100000.0,,0.0,27020500000.0,,,37743900000.0,,,9350024954.0,-914700000.0,-1100000.0,-26500000.0,872400000.0,-37500000.0,1194400000.0,-2453100000.0,-1590900000.0,344000000.0,0.0,113800000.0,113800000.0,113800000.0,1000000.0,0.0,0.219,347400000.0,173300000.0,0.0,0.327,3.116,25.257,25.059,503900000.0,0.0,42.35,4.61,4.599,0.0,2911800000.0,520700000.0,520700000.0,0.0,,,,,0.0,241600000.0,1.0,220779810.0,220263066,220263066.0,2.364,40744200000.0,0.0,58500000.0,0.0,184.98,
72,NTRS,MRQ,2003-06-30,2003-06-30,2003-06-30,2021-09-08,4000000.0,39071000000.0,,,,,13.373,-44100000.0,10908200000.0,10908200000.0,0.0,66600000.0,,12.262,9285600000.0,,,9285600000.0,0.0,53100000.0,25299300000.0,0.016,0.17,103000000.0,156100000.0,0.294,156100000.0,103000000.0,103000000.0,0.3,0.36,0.3,2946100000.0,,2946100000.0,8002196198.0,15.0,11.468,66000000.0,0.3,1.0,530600000.0,1.0,0.0,0.0,37448400000.0,,0.0,25756300000.0,,,36124900000.0,,,9169296198.0,984400000.0,19000000.0,3700000.0,1679700000.0,-37500000.0,2363500000.0,-1489200000.0,202000000.0,110100000.0,0.0,66300000.0,66300000.0,66300000.0,14800000.0,300000.0,0.125,412500000.0,118100000.0,0.0,0.567,3.112,26.034,25.839,508900000.0,0.0,41.6,4.605,4.602,0.0,2843400000.0,530600000.0,530600000.0,0.0,,,,,0.0,279600000.0,1.0,220415774.0,220297456,220297456.0,2.409,39071000000.0,0.0,36700000.0,0.0,177.356,
73,NTRS,MRQ,2003-03-31,2003-03-31,2003-03-31,2021-09-08,4700000.0,36449700000.0,,,,,13.732,-68200000.0,8772900000.0,8772900000.0,0.0,94700000.0,,11.045,7605800000.0,,,7605800000.0,0.0,43000000.0,24482400000.0,0.022,0.17,139500000.0,182500000.0,0.371,182500000.0,139500000.0,139500000.0,0.43,0.43,0.43,3026100000.0,,3026100000.0,3328954157.0,5.0,4.304,5300000.0,0.024,1.0,491300000.0,1.0,0.0,0.0,35282600000.0,,0.0,25531200000.0,,,33423600000.0,,,6728754157.0,-1316500000.0,-109000000.0,-31200000.0,-998900000.0,-37500000.0,-2722000000.0,1332000000.0,-827000000.0,73500000.0,0.0,94300000.0,94300000.0,94300000.0,1900000.0,400000.0,0.192,349500000.0,141800000.0,0.0,0.395,2.224,16.328,16.197,521600000.0,0.0,30.45,3.37,3.361,0.0,2825100000.0,491300000.0,491300000.0,0.0,,,,,0.0,242900000.0,1.0,220977148.0,220373864,220373864.0,2.229,36449700000.0,0.0,45200000.0,0.0,165.399,
74,NTRS,MRQ,2002-12-31,2002-12-31,2002-12-31,2021-09-08,7100000.0,39478200000.0,,,,,13.632,-49200000.0,12004500000.0,12004500000.0,0.0,96300000.0,,12.16,8604700000.0,,,8604700000.0,0.0,33200000.0,26062100000.0,0.019,0.17,142000000.0,175200000.0,0.361,175200000.0,142000000.0,142000000.0,0.44,0.43,0.44,2999800000.0,,2999800000.0,7749462191.0,12.0,9.386,99000000.0,0.45,1.0,485600000.0,1.0,0.0,0.0,36078400000.0,,0.0,24657600000.0,,,36478400000.0,,,7743362191.0,720300000.0,0.0,-10700000.0,-2228300000.0,-37500000.0,-509300000.0,1081400000.0,609500000.0,148200000.0,0.0,95800000.0,95800000.0,95800000.0,800000.0,500000.0,0.197,342300000.0,143300000.0,0.0,0.386,2.581,17.405,17.351,515000000.0,0.0,35.05,3.816,3.81,0.0,2775300000.0,485600000.0,485600000.0,0.0,,,,,0.0,229100000.0,1.0,220923315.0,220062622,220062622.0,2.207,39478200000.0,0.0,46200000.0,0.0,179.395,
75,NTRS,MRQ,2002-09-30,2002-09-30,2002-09-30,2021-09-08,7300000.0,39670500000.0,,,,,13.361,-56000000.0,10826900000.0,10826900000.0,0.0,96400000.0,,12.47,10833000000.0,,,10833000000.0,0.0,40800000.0,24373100000.0,0.018,0.17,143200000.0,184000000.0,0.38,184000000.0,143200000.0,143200000.0,0.44,0.43,0.44,2945100000.0,,2945100000.0,8549386859.0,13.0,10.257,130300000.0,0.591,1.0,483800000.0,1.0,0.0,0.0,39676600000.0,,0.0,26063400000.0,,,36725400000.0,,,8361286859.0,-418000000.0,0.0,-38800000.0,542400000.0,-37700000.0,1894700000.0,-2499000000.0,-2278800000.0,186300000.0,0.0,95800000.0,95800000.0,95800000.0,1100000.0,600000.0,0.198,338900000.0,144900000.0,0.0,0.386,2.839,18.548,18.4,506800000.0,0.0,37.72,4.188,4.165,0.0,2721000000.0,483800000.0,483800000.0,0.0,,,,,0.0,241500000.0,1.0,221667202.0,220431828,220431828.0,2.195,39670500000.0,0.0,47400000.0,0.0,179.967,
76,NTRS,MRQ,2002-06-30,2002-06-30,2002-06-30,2021-09-08,3800000.0,37801400000.0,,,,,13.19,-53900000.0,10102500000.0,10102500000.0,0.0,126800000.0,,11.975,10290600000.0,,,10290600000.0,0.0,42200000.0,22923500000.0,0.015,0.17,189600000.0,231800000.0,0.433,231800000.0,189600000.0,189600000.0,0.57,0.55,0.57,2913300000.0,,2913300000.0,12556425801.0,17.0,14.257,188700000.0,0.854,1.0,535700000.0,1.0,0.0,0.0,37989500000.0,,0.0,24779700000.0,,,34888100000.0,,,9768725801.0,835100000.0,0.0,-31000000.0,-1694500000.0,-37600000.0,-782500000.0,1375000000.0,1873800000.0,242600000.0,0.0,126200000.0,126200000.0,126200000.0,-900000.0,600000.0,0.236,346400000.0,189300000.0,0.0,0.298,3.353,20.322,20.211,497300000.0,0.0,44.06,4.755,4.737,0.0,2672900000.0,535700000.0,535700000.0,0.0,,,,,0.0,237100000.0,1.0,221714158.0,220864358,220864358.0,2.425,37801400000.0,0.0,63400000.0,0.0,171.152,
77,NTRS,MRQ,2002-03-31,2002-03-31,2002-03-31,2021-09-08,-5000000.0,37968600000.0,,,,,12.822,-67900000.0,9197400000.0,9197400000.0,0.0,127600000.0,,12.408,11985100000.0,,,11985100000.0,0.0,42600000.0,43561800000.0,0.011,0.17,192600000.0,235200000.0,0.433,235200000.0,192600000.0,192600000.0,0.58,0.56,0.58,2831700000.0,,2831700000.0,10871000342.0,15.0,12.248,9600000.0,0.043,1.0,543400000.0,1.0,0.0,0.0,40756300000.0,,0.0,26836200000.0,,,35136900000.0,,,13323000342.0,-1057500000.0,0.0,-39100000.0,1298700000.0,-37700000.0,-1846100000.0,711100000.0,752700000.0,77500000.0,0.0,127100000.0,127100000.0,127100000.0,0.0,500000.0,0.234,350300000.0,193100000.0,0.0,0.293,4.705,27.487,27.323,493700000.0,0.0,60.11,6.442,6.42,0.0,2600700000.0,543400000.0,543400000.0,0.0,,,,,0.0,246900000.0,1.0,221643659.0,220854363,220854363.0,2.46,37968600000.0,0.0,65500000.0,0.0,171.917,
78,NTRS,MRQ,2001-12-31,2001-12-31,2001-12-31,2021-09-08,-2400000.0,39671800000.0,,,,,12.551,-50800000.0,13138300000.0,13138300000.0,0.0,102400000.0,,13.304,10686300000.0,,,10686300000.0,0.0,31600000.0,25019300000.0,0.011,0.17,150900000.0,182500000.0,0.421,182500000.0,150900000.0,150900000.0,0.46,0.44,0.46,2773500000.0,,2773500000.0,13811757110.0,19.0,15.61,143600000.0,0.65,1.0,433500000.0,1.0,0.0,0.0,37219800000.0,,0.0,24311000000.0,,,36898300000.0,,,13375757110.0,906700000.0,0.0,-39300000.0,2448000000.0,-30900000.0,4645700000.0,-3933400000.0,-3304800000.0,194400000.0,0.0,101700000.0,101700000.0,101700000.0,-2800000.0,700000.0,0.235,284700000.0,148800000.0,0.0,0.37,4.823,27.67,27.624,488700000.0,0.0,60.22,6.451,6.431,0.0,2520100000.0,433500000.0,433500000.0,0.0,,,,,0.0,191600000.0,1.0,222114864.0,220980645,197630958.0,1.962,39671800000.0,0.0,49200000.0,0.0,179.526,
79,NTRS,MRQ,2001-09-30,2001-09-30,2001-09-30,2021-09-08,-7900000.0,35131600000.0,,,,,12.309,-56100000.0,7826100000.0,7826100000.0,0.0,126600000.0,,11.889,8238300000.0,,,8238300000.0,0.0,41900000.0,22788500000.0,0.012,0.155,189300000.0,231200000.0,0.427,231200000.0,189300000.0,189300000.0,0.57,0.55,0.57,2725800000.0,,2725800000.0,14765349866.0,19.0,15.978,37700000.0,0.17,1.0,541900000.0,1.0,0.0,0.0,35543800000.0,,0.0,24772200000.0,,,32405800000.0,,,11682549866.0,-538700000.0,0.0,-42500000.0,-1046200000.0,-35500000.0,-1173700000.0,541200000.0,1704800000.0,93800000.0,0.0,125700000.0,125700000.0,125700000.0,0.0,900000.0,0.232,351700000.0,190200000.0,0.0,0.272,4.286,23.102,22.917,484600000.0,0.0,52.48,5.348,5.321,0.0,2462700000.0,541900000.0,541900000.0,0.0,,,,,0.0,250800000.0,1.0,222609563.0,221453555,228778525.0,2.447,35131600000.0,0.0,63600000.0,0.0,158.641,
80,NTRS,MRQ,2001-06-30,2001-06-30,2001-06-30,2021-09-08,-13200000.0,36193100000.0,,,,,12.003,-68900000.0,6201700000.0,6201700000.0,0.0,131300000.0,,12.601,9284500000.0,,,9284500000.0,0.0,42400000.0,22846200000.0,0.01,0.155,196300000.0,238700000.0,0.435,238700000.0,196300000.0,196300000.0,0.59,0.57,0.59,2661100000.0,,2661100000.0,19236053500.0,25.0,21.076,284300000.0,1.282,1.0,549200000.0,1.0,0.0,0.0,39275900000.0,,0.0,27713700000.0,,,33532000000.0,,,13914753500.0,679000000.0,-500000.0,-23000000.0,-1437700000.0,-35500000.0,-2235000000.0,2560800000.0,2777400000.0,353200000.0,0.0,130200000.0,130200000.0,130200000.0,0.0,1100000.0,0.237,351800000.0,197400000.0,0.0,0.263,5.229,27.73,27.533,480400000.0,0.0,62.5,6.406,6.379,0.0,2376600000.0,549200000.0,549200000.0,0.0,,,,,0.0,253900000.0,1.0,222636056.0,221701482,229484490.0,2.477,36193100000.0,0.0,66100000.0,0.0,163.252,
81,NTRS,MRQ,2001-03-31,2001-03-31,2001-03-31,2021-09-08,-13100000.0,38197800000.0,,,,,11.611,-78500000.0,5400900000.0,5400900000.0,0.0,127200000.0,,13.848,10722200000.0,,,10722200000.0,0.0,42800000.0,23591900000.0,0.009,0.155,189600000.0,232400000.0,0.436,232400000.0,189600000.0,189600000.0,0.57,0.55,0.57,2572600000.0,,2572600000.0,15363673375.0,21.0,16.807,36500000.0,0.165,1.0,532600000.0,1.0,0.0,0.0,43519100000.0,,0.0,30526500000.0,,,35625200000.0,,,14146673375.0,-742500000.0,-1000000.0,-28300000.0,1352400000.0,-36000000.0,2057300000.0,-2914800000.0,-4668900000.0,115000000.0,0.0,125800000.0,125800000.0,125800000.0,0.0,1400000.0,0.236,341600000.0,191000000.0,0.0,0.272,5.499,28.683,28.027,466400000.0,0.0,62.5,6.59,6.451,0.0,2287700000.0,532600000.0,532600000.0,0.0,,,,,0.0,250100000.0,1.0,226346774.0,221567912,229821275.0,2.404,38197800000.0,0.0,63800000.0,0.0,172.398,
82,NTRS,MRQ,2000-12-31,2000-12-31,2000-12-31,2021-09-08,-13200000.0,36022300000.0,,,,,11.147,-87800000.0,8152700000.0,8152700000.0,0.0,125500000.0,,13.63,9369700000.0,,,9369700000.0,0.0,35200000.0,22827900000.0,0.007,0.155,186600000.0,221800000.0,0.396,221800000.0,186600000.0,186600000.0,0.56,0.54,0.56,2462200000.0,,2462200000.0,23585344977.0,33.0,27.138,92200000.0,0.417,1.0,560600000.0,1.0,0.0,0.0,37239300000.0,,0.0,25251300000.0,,,33560100000.0,,,18088544977.0,926000000.0,-1500000.0,-13800000.0,-776700000.0,-25200000.0,852900000.0,-106900000.0,-514100000.0,180000000.0,0.0,124000000.0,124000000.0,124000000.0,0.0,1500000.0,0.221,372500000.0,188100000.0,0.0,0.277,7.346,37.732,37.585,448100000.0,0.0,81.56,8.565,8.534,0.0,2200000000.0,560600000.0,560600000.0,0.0,,,,,0.0,240900000.0,1.0,221782062.0,220889189,230913755.0,2.538,36022300000.0,0.0,62600000.0,0.0,163.079,
83,NTRS,MRQ,2000-09-30,2000-09-30,2000-09-30,2021-09-08,-13100000.0,34793700000.0,,,,,10.693,-57400000.0,4649600000.0,4649600000.0,0.0,123300000.0,,13.74,10146400000.0,,,10146400000.0,0.0,36500000.0,21154600000.0,0.005,0.135,183300000.0,219800000.0,0.415,219800000.0,183300000.0,183300000.0,0.55,0.53,0.55,2360500000.0,,2360500000.0,24682504091.0,35.0,27.902,-8800000.0,-0.04,1.0,529700000.0,1.0,0.0,0.0,40290500000.0,,0.0,27792600000.0,,,32433200000.0,,,19718004091.0,-570800000.0,-3300000.0,-57900000.0,-1003700000.0,-1600000.0,-2214800000.0,1595400000.0,682700000.0,48600000.0,0.0,121800000.0,121800000.0,121800000.0,0.0,1500000.0,0.23,344900000.0,184800000.0,0.0,0.245,8.353,42.856,42.526,409800000.0,0.0,88.88,9.745,9.697,0.0,2116800000.0,529700000.0,529700000.0,0.0,,,,,0.0,247200000.0,1.0,221849731.0,220749384,230936938.0,2.4,34793700000.0,0.0,61500000.0,0.0,157.616,
84,NTRS,MRQ,2000-06-30,2000-06-30,2000-06-30,2021-09-08,-13100000.0,36848100000.0,,,,,10.429,-49500000.0,6214500000.0,6214500000.0,0.0,123000000.0,,14.987,11150100000.0,,,11150100000.0,0.0,56000000.0,22312200000.0,0.007,0.135,184100000.0,240100000.0,0.458,240100000.0,184100000.0,184100000.0,0.55,0.53,0.55,2304900000.0,,2304900000.0,17004629217.0,25.0,20.338,111000000.0,0.502,1.0,523700000.0,1.0,0.0,0.0,41783700000.0,,0.0,28479700000.0,,,34543200000.0,,,14462829217.0,339900000.0,-28200000.0,-53000000.0,2630600000.0,-61500000.0,3376600000.0,-3197200000.0,-3046700000.0,160500000.0,0.0,121600000.0,121600000.0,121600000.0,0.0,1400000.0,0.232,338200000.0,185500000.0,0.0,0.245,6.275,32.781,32.53,394500000.0,0.0,65.06,7.502,7.458,0.0,2034800000.0,523700000.0,523700000.0,0.0,,,,,0.0,238000000.0,1.0,222299865.0,221010593,230503264.0,2.37,36848100000.0,0.0,62500000.0,0.0,166.725,
85,NTRS,MRQ,2000-03-31,2000-03-31,2000-03-31,2021-09-08,-13200000.0,33219400000.0,,,,,10.179,-51000000.0,5977700000.0,5977700000.0,0.0,113300000.0,,13.754,8519500000.0,,,8519500000.0,0.0,17000000.0,21454700000.0,0.007,0.135,170400000.0,187400000.0,0.376,187400000.0,170400000.0,170400000.0,0.51,0.49,0.51,2251600000.0,,2251600000.0,18602533615.0,29.0,24.426,-69000000.0,-0.312,1.0,497800000.0,1.0,0.0,0.0,35761200000.0,,0.0,25271200000.0,,,30967800000.0,,,15038433615.0,-385200000.0,0.0,-38400000.0,4424100000.0,-31600000.0,4440600000.0,-4807800000.0,-3109100000.0,-18000000.0,0.0,112000000.0,112000000.0,112000000.0,0.0,1300000.0,0.225,326100000.0,171700000.0,0.0,0.265,6.679,35.96,35.746,384900000.0,0.0,67.56,8.226,8.175,0.0,1945300000.0,497800000.0,497800000.0,0.0,,,,,0.0,232700000.0,1.0,222593748.0,221199338,230120655.0,2.25,33219400000.0,0.0,58400000.0,0.0,150.179,
86,NTRS,MRQ,1999-12-31,1999-12-31,1999-12-31,2021-09-08,-2400000.0,28708200000.0,,,,,9.825,-59600000.0,5417100000.0,5417100000.0,0.0,106000000.0,,12.201,4095300000.0,,,4095300000.0,0.0,77200000.0,21371000000.0,0.008,0.068,160100000.0,237300000.0,0.503,237300000.0,160100000.0,160100000.0,0.48,0.45,0.48,2174700000.0,,2174700000.0,15361568644.0,25.0,20.98,390400000.0,1.764,1.0,472200000.0,1.0,0.0,0.0,27386400000.0,,0.0,21467300000.0,,,26533500000.0,,,11797468644.0,202700000.0,0.0,-32800000.0,-6958200000.0,-27700000.0,-4709800000.0,4462500000.0,3528800000.0,450000000.0,0.0,104700000.0,104700000.0,104700000.0,0.0,1300000.0,0.222,310800000.0,161400000.0,0.0,0.142,5.425,29.479,29.282,380400000.0,0.0,53.0,6.774,6.746,0.0,1870700000.0,472200000.0,472200000.0,0.0,,,,,0.0,221400000.0,1.0,222593748.0,221347216,229522188.0,2.133,28708200000.0,0.0,55400000.0,0.0,129.698,
87,NTRS,MRQ,1999-09-30,1999-09-30,1999-09-30,2021-09-08,-3000000.0,33684900000.0,,,,,9.574,-41700000.0,7423100000.0,7423100000.0,0.0,104200000.0,,14.867,11053400000.0,,,11053400000.0,0.0,14500000.0,19061200000.0,0.011,0.12,156800000.0,171300000.0,0.395,171300000.0,156800000.0,156800000.0,0.46,0.45,0.46,2123000000.0,,2123000000.0,13548900176.0,23.0,20.941,39100000.0,0.176,1.0,434200000.0,1.0,0.0,0.0,37315200000.0,,0.0,24603200000.0,,,31561900000.0,,,9308000176.0,500900000.0,0.0,-34500000.0,2076500000.0,-27800000.0,2799200000.0,-2379100000.0,-1857000000.0,80800000.0,0.0,102900000.0,102900000.0,102900000.0,0.0,1300000.0,0.237,276100000.0,158100000.0,0.0,0.261,4.384,24.12,24.133,356900000.0,0.0,41.75,5.543,5.513,0.0,1798300000.0,434200000.0,434200000.0,0.0,,,,,0.0,204400000.0,1.0,222946112.0,221752584,229537752.0,1.958,33684900000.0,0.0,53900000.0,0.0,151.903,
88,NTRS,MRQ,1999-06-30,1999-06-30,1999-06-30,2021-09-08,1500000.0,30190800000.0,,,,,9.355,-41700000.0,4713200000.0,4713200000.0,0.0,99700000.0,,13.54,8977000000.0,,,8977000000.0,0.0,14500000.0,18280300000.0,0.01,0.12,151100000.0,165600000.0,0.391,165600000.0,151100000.0,151100000.0,0.44,0.43,0.44,2076400000.0,,2076400000.0,14362617269.0,25.0,22.954,128800000.0,0.58,1.0,423900000.0,1.0,0.0,0.0,34454600000.0,,0.0,23839400000.0,,,28114400000.0,,,10829417269.0,79200000.0,0.0,-32400000.0,825300000.0,-27900000.0,2459300000.0,-2550600000.0,-2369900000.0,170500000.0,0.0,98600000.0,98600000.0,98600000.0,0.0,1100000.0,0.233,271700000.0,152200000.0,0.0,0.273,5.215,29.111,28.955,350000000.0,0.0,48.5,6.657,6.617,0.0,1721800000.0,423900000.0,423900000.0,0.0,,,,,0.0,198200000.0,1.0,223286954.0,221949172,230294202.0,1.91,30190800000.0,0.0,52500000.0,0.0,136.026,
89,NTRS,MRQ,1999-03-31,1999-03-31,1999-03-31,2021-09-08,3900000.0,27554600000.0,,,,,9.163,-51700000.0,4618400000.0,4618400000.0,0.0,95100000.0,,12.567,8151600000.0,,,8151600000.0,0.0,14300000.0,16592200000.0,0.01,0.12,143700000.0,158000000.0,0.384,158000000.0,143700000.0,143700000.0,0.42,0.41,0.42,2031000000.0,,2031000000.0,9886478758.0,18.0,16.309,-146200000.0,-0.66,1.0,411200000.0,1.0,0.0,0.0,31087800000.0,,0.0,21269700000.0,,,25523600000.0,,,9890478758.0,-1170900000.0,0.0,-15900000.0,1338700000.0,-28000000.0,-314000000.0,-762400000.0,-1325600000.0,-94500000.0,0.0,94000000.0,94000000.0,94000000.0,0.0,1100000.0,0.229,266400000.0,144800000.0,0.0,0.286,4.87,27.519,27.326,346200000.0,0.0,44.405,6.241,6.21,0.0,1650000000.0,411200000.0,411200000.0,0.0,,,,,0.0,195000000.0,1.0,222733448.0,221643090,230140766.0,1.855,27554600000.0,0.0,49700000.0,0.0,124.32,
90,NTRS,MRQ,1998-12-31,1998-12-31,1998-12-31,2021-09-08,-600000.0,27870000000.0,,,,,8.779,-87300000.0,6816900000.0,6816900000.0,0.0,91600000.0,,13.364,6812900000.0,,,6812900000.0,0.0,12700000.0,18202700000.0,0.01,0.12,139400000.0,152100000.0,0.371,152100000.0,139400000.0,139400000.0,0.41,0.395,0.41,1940300000.0,,1940300000.0,11623702599.0,22.0,19.695,212500000.0,0.961,1.0,410000000.0,1.0,0.0,0.0,27866000000.0,,0.0,19503700000.0,,,25929700000.0,,,9695402599.0,1260800000.0,0.0,-12500000.0,-1562400000.0,-24600000.0,-442200000.0,1403200000.0,2470800000.0,299800000.0,0.0,90400000.0,90400000.0,90400000.0,0.0,1200000.0,0.22,269400000.0,140600000.0,0.0,0.293,4.997,27.781,27.63,340200000.0,0.0,43.655,6.297,6.276,0.0,1582900000.0,410000000.0,410000000.0,0.0,,,,,0.0,198100000.0,1.0,222091458.0,221018430,229391804.0,1.855,27870000000.0,0.0,49000000.0,0.0,126.098,
91,NTRS,MRQ,1998-09-30,1998-09-30,1998-09-30,2021-09-08,-700000.0,28078800000.0,,,,,8.5,-18200000.0,6447100000.0,6447100000.0,0.0,90200000.0,,13.946,8375400000.0,,,8375400000.0,0.0,13300000.0,17041600000.0,0.012,0.105,136700000.0,150000000.0,0.393,150000000.0,136700000.0,136700000.0,0.405,0.39,0.405,1878700000.0,,1878700000.0,11102870672.0,21.0,19.39,-24800000.0,-0.112,1.0,381700000.0,1.0,0.0,0.0,30007100000.0,,0.0,20073400000.0,,,26200100000.0,,,7596670672.0,-284200000.0,0.0,-32200000.0,-1754700000.0,-24700000.0,-1892700000.0,1615100000.0,2117600000.0,-6600000.0,0.0,89000000.0,89000000.0,89000000.0,0.0,1200000.0,0.233,243800000.0,137900000.0,0.0,0.259,4.044,22.436,22.304,334400000.0,0.0,34.125,5.107,5.071,0.0,1519400000.0,381700000.0,381700000.0,0.0,,,,,0.0,182600000.0,1.0,222613060.0,221036342,229428380.0,1.727,28078800000.0,0.0,47700000.0,0.0,127.033,
92,NTRS,MRQ,1998-06-30,1998-06-30,1998-06-30,2021-09-08,300000.0,29777000000.0,,,,,8.308,-14800000.0,6624100000.0,6624100000.0,0.0,87200000.0,,15.173,10130300000.0,,,10130300000.0,0.0,13100000.0,17124300000.0,0.011,0.105,133000000.0,146100000.0,0.383,146100000.0,133000000.0,133000000.0,0.39,0.375,0.39,1841100000.0,,1841100000.0,9435523216.0,19.0,16.888,129500000.0,0.584,1.0,381900000.0,1.0,0.0,0.0,33283200000.0,,0.0,21776300000.0,,,27935900000.0,,,8503323216.0,265400000.0,-15000000.0,-28900000.0,4540100000.0,-24800000.0,5447900000.0,-5326800000.0,-5362500000.0,144300000.0,0.0,86000000.0,86000000.0,86000000.0,0.0,1200000.0,0.225,247700000.0,134200000.0,0.0,0.269,4.619,25.822,25.673,329500000.0,0.0,38.125,5.804,5.767,0.0,1453800000.0,381900000.0,381900000.0,0.0,,,,,0.0,180200000.0,1.0,223037986.0,221617352,230013132.0,1.723,29777000000.0,0.0,47000000.0,0.0,134.362,
93,NTRS,MRQ,1998-03-31,1998-03-31,1998-03-31,2021-09-08,1900000.0,24251800000.0,,,,,8.118,-24700000.0,4658000000.0,4658000000.0,0.0,84900000.0,,12.469,5590200000.0,,,5590200000.0,0.0,13300000.0,16166200000.0,0.01,0.105,128700000.0,142000000.0,0.388,142000000.0,128700000.0,128700000.0,0.375,0.365,0.375,1800500000.0,,1800500000.0,7763872294.0,16.0,14.412,37500000.0,0.169,1.0,366200000.0,1.0,0.0,0.0,25184000000.0,,0.0,18103700000.0,,,22451300000.0,,,8335972294.0,-614900000.0,0.0,-23400000.0,-886300000.0,-24400000.0,-1125000000.0,447900000.0,102000000.0,62200000.0,0.0,83600000.0,83600000.0,83600000.0,0.0,1300000.0,0.228,236200000.0,130000000.0,0.0,0.28,4.63,26.255,26.136,327800000.0,0.0,37.375,5.891,5.859,0.0,1391200000.0,366200000.0,366200000.0,0.0,,,,,0.0,178600000.0,1.0,223036048.0,221804222,230111592.0,1.651,24251800000.0,0.0,45100000.0,0.0,109.339,
94,NTRS,MRQ,1997-12-31,1997-12-31,1997-12-31,2021-09-08,2100000.0,25315400000.0,,,,,7.842,-15800000.0,7048300000.0,7048300000.0,0.0,81300000.0,,13.557,6476200000.0,,,6476200000.0,0.0,11800000.0,16360000000.0,0.011,0.105,122700000.0,134500000.0,0.376,134500000.0,122700000.0,122700000.0,0.36,0.35,0.36,1739000000.0,,1739000000.0,9108219266.0,20.0,17.645,44800000.0,0.202,1.0,357600000.0,1.0,0.0,0.0,24743300000.0,,0.0,16638800000.0,,,23576400000.0,,,7780619266.0,-554700000.0,-53000000.0,-18900000.0,-2209600000.0,-21400000.0,-1729300000.0,1114000000.0,1171800000.0,60600000.0,0.0,80000000.0,80000000.0,80000000.0,0.0,1300000.0,0.224,233600000.0,124000000.0,0.0,0.292,4.474,25.561,25.456,316400000.0,0.0,34.875,5.706,5.676,0.0,1330800000.0,357600000.0,357600000.0,0.0,,,,,0.0,171500000.0,1.0,223100194.0,221767634,229579922.0,1.612,25315400000.0,0.0,42700000.0,0.0,114.153,
95,NTRS,MRQ,1997-09-30,1997-09-30,1997-09-30,2021-09-08,2100000.0,26919200000.0,,,,,7.642,-13200000.0,7358300000.0,7358300000.0,0.0,81000000.0,,14.858,8685900000.0,,,8685900000.0,0.0,12800000.0,15843400000.0,0.012,0.09,123300000.0,136100000.0,0.379,136100000.0,123300000.0,123300000.0,0.36,0.35,0.36,1697500000.0,,1697500000.0,8277082581.0,19.0,16.806,33700000.0,0.152,1.0,359300000.0,1.0,0.0,0.0,28246800000.0,,0.0,18148400000.0,,,25221700000.0,,,6603582581.0,502000000.0,0.0,-14300000.0,835900000.0,-21200000.0,752600000.0,-297500000.0,-124800000.0,46900000.0,0.0,79700000.0,79700000.0,79700000.0,0.0,1300000.0,0.222,234700000.0,124600000.0,0.0,0.25,3.89,22.724,22.146,312400000.0,0.0,29.565,5.051,5.023,0.0,1274300000.0,359300000.0,359300000.0,0.0,,,,,0.0,171800000.0,1.0,223358112.0,222131878,229439594.0,1.618,26919200000.0,0.0,43600000.0,0.0,121.186,
96,NTRS,MRQ,1997-06-30,1997-06-30,1997-06-30,2021-09-08,2200000.0,26051000000.0,,,,,7.425,-12700000.0,5732900000.0,5732900000.0,0.0,75400000.0,,14.799,7849900000.0,,,7849900000.0,0.0,12400000.0,15891100000.0,0.014,0.09,113700000.0,126100000.0,0.38,126100000.0,113700000.0,113700000.0,0.335,0.325,0.335,1648900000.0,,1648900000.0,6582893365.0,16.0,14.111,79100000.0,0.356,1.0,331900000.0,1.0,0.0,0.0,28168000000.0,,0.0,18994000000.0,,,24402100000.0,,,5394193365.0,843000000.0,0.0,-8500000.0,2077200000.0,-21400000.0,2725100000.0,-1973900000.0,-2437000000.0,91800000.0,0.0,74200000.0,74200000.0,74200000.0,0.0,1200000.0,0.224,217000000.0,114900000.0,0.0,0.269,3.271,19.53,19.198,312000000.0,0.0,24.19,4.353,4.334,0.0,1214400000.0,331900000.0,331900000.0,0.0,,,,,0.0,159400000.0,1.0,222992698.0,222059232,228967682.0,1.495,26051000000.0,0.0,39500000.0,0.0,117.316,
97,NTRS,MRQ,1997-03-31,1997-03-31,1997-03-31,2021-09-08,200000.0,23231800000.0,,,,,7.181,-12500000.0,4564000000.0,4564000000.0,0.0,71700000.0,,13.582,5752700000.0,,,5752700000.0,0.0,12300000.0,15213900000.0,0.018,0.09,107200000.0,119500000.0,0.379,119500000.0,107200000.0,107200000.0,0.32,0.31,0.32,1593200000.0,,1593200000.0,5333132688.0,13.0,11.952,-10700000.0,-0.048,1.0,314900000.0,1.0,0.0,0.0,24420500000.0,,0.0,17241500000.0,,,21638600000.0,,,4179532688.0,-343900000.0,0.0,-11500000.0,109700000.0,-21300000.0,1497300000.0,-1843000000.0,-1572900000.0,1800000.0,0.0,70500000.0,70500000.0,70500000.0,0.0,1200000.0,0.224,206500000.0,108400000.0,0.0,0.281,2.623,15.82,15.69,291700000.0,0.0,18.75,3.499,3.482,0.0,1160600000.0,314900000.0,314900000.0,0.0,,,,,0.0,153500000.0,1.0,222908410.0,221859420,229298986.0,1.419,23231800000.0,0.0,36700000.0,0.0,104.714,
98,NTRS,MRQ,1996-12-31,1996-12-31,1996-12-31,2021-09-08,1600000.0,21608300000.0,,,,,7.472,-13800000.0,4489400000.0,4489400000.0,0.0,67400000.0,,12.994,5643000000.0,,,5643000000.0,0.0,11100000.0,13796200000.0,0.018,0.09,99700000.0,110800000.0,0.368,110800000.0,99700000.0,99700000.0,0.32,0.295,0.32,1544100000.0,,1544100000.0,,,,127100000.0,0.615,1.0,301400000.0,1.0,0.0,0.0,22761900000.0,,0.0,15604000000.0,,,20064200000.0,,,4040214931.0,223900000.0,-14600000.0,-24000000.0,-291900000.0,-18700000.0,24400000.0,58600000.0,463000000.0,140900000.0,0.0,66200000.0,66200000.0,66200000.0,0.0,1200000.0,0.22,200500000.0,100900000.0,0.0,0.281,2.617,15.913,15.969,291500000.0,0.0,18.125,3.494,3.509,0.0,1110200000.0,301400000.0,301400000.0,0.0,,,,,0.0,142800000.0,1.0,222908410.0,206664164,225148536.0,1.458,21608300000.0,0.0,33500000.0,0.0,104.558,
99,NTRS,MRQ,1996-09-30,1996-09-30,1996-09-30,2021-09-08,-200000.0,21360100000.0,,,,,6.621,-11600000.0,3447000000.0,3447000000.0,0.0,66500000.0,,13.082,5934900000.0,,,5934900000.0,0.0,12000000.0,13438600000.0,0.019,0.077,98100000.0,110100000.0,0.378,110100000.0,98100000.0,98100000.0,0.285,0.285,0.285,1516800000.0,,1516800000.0,,,,221000000.0,0.965,1.0,291100000.0,1.0,0.0,0.0,23848000000.0,,0.0,16737000000.0,,,19843300000.0,,,,-164300000.0,0.0,-28500000.0,-618600000.0,-18700000.0,-493600000.0,96700000.0,-628800000.0,232600000.0,0.0,65300000.0,65300000.0,65300000.0,0.0,1200000.0,0.224,191800000.0,99300000.0,0.0,0.27,,,,288800000.0,0.0,16.438,,,0.0,1064100000.0,291100000.0,291100000.0,0.0,,,,,0.0,140600000.0,1.0,,229074360,229684588.0,1.271,21360100000.0,0.0,32800000.0,0.0,93.245,
100,NTRS,MRQ,1996-06-30,1996-06-30,1996-06-30,2021-09-08,-1100000.0,21751200000.0,,,,,6.501,-14700000.0,3578100000.0,3578100000.0,0.0,63400000.0,,13.562,6221400000.0,,,6221400000.0,0.0,11900000.0,13267800000.0,0.021,0.077,93900000.0,105800000.0,0.368,105800000.0,93900000.0,93900000.0,0.27,0.27,0.27,1493700000.0,,1493700000.0,,,,-155500000.0,-0.677,1.0,287200000.0,1.0,0.0,0.0,24394500000.0,,0.0,16708500000.0,,,20257500000.0,,,,107200000.0,0.0,-26500000.0,228100000.0,-18900000.0,1351500000.0,-1103500000.0,-583800000.0,-140800000.0,0.0,62200000.0,62200000.0,62200000.0,0.0,1200000.0,0.217,192100000.0,95100000.0,0.0,0.285,,,,289200000.0,0.0,14.438,,,0.0,1016400000.0,287200000.0,287200000.0,0.0,,,,,0.0,137400000.0,1.0,,229778868,230342300.0,1.25,21751200000.0,0.0,31700000.0,0.0,94.661,
101,NTRS,MRQ,1996-03-31,1996-03-31,1996-03-31,2021-09-08,-3000000.0,20301700000.0,,,,,6.386,-16700000.0,3127800000.0,3127800000.0,0.0,61500000.0,,12.824,6326900000.0,,,6326900000.0,0.0,11800000.0,12100400000.0,0.021,0.077,90800000.0,102600000.0,0.372,102600000.0,90800000.0,90800000.0,0.26,0.26,0.26,1468600000.0,,1468600000.0,,,,98600000.0,0.429,1.0,276100000.0,1.0,0.0,0.0,23500800000.0,,0.0,16112900000.0,,,18833100000.0,,,,-183200000.0,0.0,-27100000.0,792400000.0,-18400000.0,360700000.0,-659200000.0,-740600000.0,115300000.0,0.0,60200000.0,60200000.0,60200000.0,0.0,1300000.0,0.218,184000000.0,92100000.0,0.0,0.296,,,,287900000.0,0.0,13.5,,,0.0,971700000.0,276100000.0,276100000.0,0.0,,,,,0.0,137200000.0,1.0,,229963748,231689640.0,1.201,20301700000.0,0.0,30600000.0,0.0,88.282,
102,NTRS,MRQ,1995-12-31,1995-12-31,1995-12-31,2021-09-08,2600000.0,19933500000.0,,,,,6.559,,3093100000.0,3093100000.0,,,,12.723,5533000000.0,,,5533000000.0,0.0,,12488200000.0,0.019,0.077,,,,,,,,,,1452600000.0,,1452600000.0,,,,,,1.0,,,0.0,,22373400000.0,,0.0,15519200000.0,,,18480900000.0,,,,,,,,,,,,,,,,,,,,,,0.0,,,,14.66,281500000.0,,14.0,,3.01,0.0,928800000.0,,,,,,,,,,1.0,,221474684,,,19933500000.0,0.0,,0.0,90.004,
0,NTRS,MRT,2021-06-30,2021-06-30,2021-06-30,2021-09-08,194700000.0,172291100000.0,164575275000.0,,,0.038,56.741,-504400000.0,62880700000.0,62880700000.0,0.0,1278600000.0,,13.573,10149000000.0,,,10149000000.0,0.0,505500000.0,146210200000.0,0.024,2.8,1745700000.0,2251200000.0,0.361,2251200000.0,1745700000.0,1745700000.0,5.89,5.86,5.89,11823000000.0,11637075000.0,11823000000.0,-22614425567.0,-13.0,-10.045,-273700000.0,-1.314,1.0,6229700000.0,1.0,709400000.0,0.0,118850000000.0,116452775000.0,0.0,96713700000.0,,,160468100000.0,,,24065174433.0,337100000.0,0.0,-118700000.0,-3034900000.0,-583300000.0,17896400000.0,-17863300000.0,-16904600000.0,230700000.0,73300000.0,1278600000.0,1236800000.0,1236800000.0,0.0,0.0,0.199,4484000000.0,1745700000.0,0.0,0.475,2.035,19.458,19.63,496500000.0,41800000.0,115.62,3.863,3.867,0.0,12630900000.0,6229700000.0,6229700000.0,0.0,0.008,0.106,0.015,0.28,0.0,4145700000.0,1.0,208140239.0,208369188,209138090.0,29.897,171581700000.0,0.0,467100000.0,0.0,823.45,
1,NTRS,MRT,2021-03-31,2021-03-31,2021-03-31,2021-09-08,65900000.0,163924100000.0,159360725000.0,,,0.038,55.056,-533500000.0,56638700000.0,56638700000.0,0.0,1223800000.0,,13.307,9959100000.0,,,9959100000.0,0.0,501900000.0,137457400000.0,0.027,2.8,1662400000.0,2164300000.0,0.357,2164300000.0,1662400000.0,1662400000.0,5.63,5.6,5.63,11457900000.0,11526875000.0,11457900000.0,-33468775413.0,-20.0,-15.464,4116900000.0,19.782,1.0,6062500000.0,1.0,704000000.0,0.0,116540500000.0,115010450000.0,0.0,95293300000.0,,,152466200000.0,,,21895924587.0,-1248800000.0,0.0,-119200000.0,-4324400000.0,-583400000.0,-2741700000.0,-3289000000.0,-2696800000.0,4650400000.0,131500000.0,1223800000.0,1181900000.0,1181900000.0,0.0,0.0,0.195,4400100000.0,1662400000.0,0.0,0.497,1.911,18.526,18.67,496700000.0,41900000.0,105.11,3.612,3.608,0.0,12415600000.0,6062500000.0,6062500000.0,0.0,0.007,0.103,0.014,0.274,0.0,4043500000.0,1.0,208314381.0,208112824,208946448.0,29.131,163220100000.0,0.0,438600000.0,0.0,784.287,
2,NTRS,MRT,2020-12-31,2020-12-31,2020-12-31,2021-09-08,428000000.0,170003900000.0,158807000000.0,,,0.038,56.108,-560400000.0,64265700000.0,64265700000.0,0.0,1209300000.0,,13.545,8901000000.0,,,8901000000.0,0.0,500300000.0,143878000000.0,0.03,2.8,1627600000.0,2127900000.0,0.356,2127900000.0,1627600000.0,1627600000.0,5.48,5.46,5.48,11688300000.0,11382325000.0,11688300000.0,-15510988358.0,-10.0,-7.289,1336400000.0,6.415,1.0,5975800000.0,1.0,707200000.0,0.0,113932000000.0,115543050000.0,0.0,94971000000.0,,,158315600000.0,,,19384411642.0,-69700000.0,0.0,-280300000.0,-2956400000.0,-584600000.0,27871900000.0,-29923000000.0,-28813100000.0,1896800000.0,84600000.0,1209300000.0,1153100000.0,1153100000.0,0.0,0.0,0.193,4348200000.0,1627600000.0,0.0,0.511,1.658,16.811,16.996,514900000.0,56200000.0,93.14,3.244,3.247,0.0,12207700000.0,5975800000.0,5975800000.0,0.0,0.007,0.101,0.014,0.272,0.0,4001500000.0,1.0,208121233.0,208319412,208319412.0,28.686,169296700000.0,0.0,418300000.0,0.0,812.678,
3,NTRS,MRT,2020-09-30,2020-09-30,2020-09-30,2021-09-08,424500000.0,152082000000.0,150513125000.0,,,0.04,55.64,-635400000.0,48269900000.0,48269900000.0,0.0,1339500000.0,,12.134,13374500000.0,,,13374500000.0,0.0,489800000.0,122589100000.0,0.036,2.8,1730600000.0,2220400000.0,0.37,2220400000.0,1730600000.0,1730600000.0,6.06,6.04,6.06,11579100000.0,11233000000.0,11579100000.0,-21436617639.0,-12.0,-9.654,1421500000.0,6.831,1.0,6000100000.0,1.0,698000000.0,0.0,116488600000.0,113232675000.0,0.0,91848900000.0,,,140502900000.0,,,16224982361.0,-300100000.0,0.0,-528100000.0,1000700000.0,-587500000.0,23147100000.0,-25517900000.0,-24500800000.0,2056900000.0,13800000.0,1339500000.0,1282200000.0,1282200000.0,0.0,0.0,0.214,4269500000.0,1730600000.0,0.0,0.462,1.401,12.654,12.866,510000000.0,57300000.0,77.97,2.704,2.704,0.0,12118300000.0,6000100000.0,6000100000.0,0.0,0.009,0.114,0.015,0.288,0.0,3906700000.0,1.0,208092630.0,208106190,208688494.0,28.832,151384000000.0,0.0,391100000.0,0.0,727.436,
4,NTRS,MRT,2020-06-30,2020-06-30,2020-06-30,2021-09-08,370400000.0,151432900000.0,143581575000.0,,,0.042,54.704,-627700000.0,51036100000.0,51036100000.0,0.0,1429600000.0,,12.304,13374500000.0,,,13374500000.0,0.0,481200000.0,122054100000.0,0.035,2.8,1849300000.0,2330500000.0,0.385,2330500000.0,1849300000.0,1849300000.0,6.44,6.41,6.44,11382200000.0,11041050000.0,11382200000.0,-25842151464.0,-14.0,-11.089,2084200000.0,10.017,1.0,6060400000.0,1.0,690600000.0,0.0,113080700000.0,110093925000.0,0.0,88751100000.0,,,140050700000.0,,,16506848536.0,-886100000.0,-10500000.0,-823100000.0,959700000.0,-570800000.0,21501900000.0,-25027600000.0,-23490000000.0,2711900000.0,-72300000.0,1429600000.0,1371100000.0,1371100000.0,0.0,0.0,0.226,4211100000.0,1849300000.0,0.0,0.435,1.45,12.039,12.32,501000000.0,58500000.0,79.34,2.724,2.724,0.0,11988400000.0,6060400000.0,6060400000.0,0.0,0.01,0.124,0.017,0.305,0.0,3883300000.0,1.0,208052036.0,208068635,208568357.0,29.127,150742300000.0,0.0,419700000.0,0.0,724.484,
5,NTRS,MRT,2020-03-31,2020-03-31,2020-03-31,2021-09-08,45000000.0,161709200000.0,137361075000.0,,,0.045,52.086,-641200000.0,56851800000.0,56851800000.0,0.0,1505700000.0,,13.863,14502800000.0,,,14502800000.0,0.0,468800000.0,131491200000.0,0.036,2.7,1953000000.0,2421800000.0,0.395,2421800000.0,1953000000.0,1953000000.0,6.73,6.7,6.73,10879700000.0,10896875000.0,10879700000.0,-16359071124.0,-8.0,-6.755,-1028200000.0,-4.922,1.0,6133400000.0,1.0,689300000.0,0.0,118670900000.0,106914600000.0,0.0,89758500000.0,,,150829500000.0,,,15789828876.0,759100000.0,-10500000.0,-1092300000.0,2406800000.0,-556000000.0,37770300000.0,-36512900000.0,-34053200000.0,-387000000.0,-111300000.0,1505700000.0,1446100000.0,1446100000.0,0.0,0.0,0.236,4180400000.0,1953000000.0,0.0,0.401,1.451,10.919,11.212,490200000.0,59600000.0,75.46,2.574,2.57,0.0,11828100000.0,6133400000.0,6133400000.0,0.0,0.011,0.133,0.018,0.318,0.0,3861500000.0,1.0,209247666.0,208881131,209816822.0,29.363,161019900000.0,0.0,447300000.0,0.0,770.869,
6,NTRS,MRT,2019-12-31,2019-12-31,2019-12-31,2021-09-08,-194700000.0,136828400000.0,127401125000.0,,,0.048,51.7,-599800000.0,43227300000.0,43227300000.0,0.0,1492200000.0,,11.337,11786200000.0,,,11786200000.0,0.0,458900000.0,109120600000.0,0.024,2.6,1944100000.0,2403000000.0,0.395,2403000000.0,1944100000.0,1944100000.0,6.66,6.63,6.66,11091000000.0,10831000000.0,11091000000.0,2775302884.0,1.0,1.155,1992200000.0,9.287,1.0,6087600000.0,1.0,696800000.0,0.0,104690500000.0,102283150000.0,0.0,83174000000.0,,,125737400000.0,,,22510302884.0,-122400000.0,-10500000.0,-1056200000.0,-2406900000.0,-529700000.0,615900000.0,-3405000000.0,-2340800000.0,2592000000.0,74700000.0,1492200000.0,1445800000.0,1445800000.0,0.0,0.0,0.237,4143500000.0,1944100000.0,0.0,0.39,2.03,15.569,15.952,483300000.0,46400000.0,106.24,3.698,3.744,0.0,11656700000.0,6087600000.0,6087600000.0,0.0,0.011,0.133,0.019,0.319,0.0,3813700000.0,1.0,211881616.0,214525547,214525547.0,28.377,136131600000.0,0.0,451900000.0,0.0,634.571,
7,NTRS,MRT,2019-09-30,2019-09-30,2019-09-30,2021-09-08,-91000000.0,124355800000.0,126247150000.0,,,0.048,50.715,-532400000.0,32035700000.0,32035700000.0,0.0,1531000000.0,,10.502,12300700000.0,,,12300700000.0,0.0,455600000.0,97264200000.0,0.026,2.45,1953600000.0,2409200000.0,0.398,2409200000.0,1953600000.0,1953600000.0,6.76,6.72,6.76,10811300000.0,10685325000.0,10811300000.0,-5451895583.0,-3.0,-2.263,882300000.0,4.139,1.0,6046700000.0,1.0,687200000.0,0.0,103933600000.0,102489900000.0,0.0,81147800000.0,,,113544500000.0,,,20053604417.0,-35800000.0,-44700000.0,-1047800000.0,-1603000000.0,-502800000.0,-9421100000.0,7977300000.0,9855200000.0,1414700000.0,-6700000.0,1531000000.0,1484500000.0,1484500000.0,0.0,0.0,0.246,4093100000.0,1953600000.0,0.0,0.362,1.855,13.509,13.805,400500000.0,46500000.0,93.32,3.316,3.29,0.0,11441200000.0,6046700000.0,6046700000.0,0.0,0.012,0.139,0.019,0.323,0.0,3762300000.0,1.0,214890746.0,213176809,214206576.0,28.365,123668600000.0,0.0,422600000.0,0.0,580.122,
8,NTRS,MRT,2019-06-30,2019-06-30,2019-06-30,2021-09-08,-159800000.0,126550900000.0,128252825000.0,,,0.047,49.993,-545000000.0,37755900000.0,37755900000.0,0.0,1520900000.0,,10.712,12250400000.0,,,12250400000.0,0.0,454000000.0,100230400000.0,0.026,2.3,1926000000.0,2380000000.0,0.398,2380000000.0,1926000000.0,1926000000.0,6.65,6.61,6.65,10805500000.0,10573625000.0,10805500000.0,-1450406990.0,-1.0,-0.609,1746500000.0,8.08,1.0,5985100000.0,1.0,682000000.0,0.0,100363400000.0,102313850000.0,0.0,79091000000.0,,,115745400000.0,,,19590893010.0,460200000.0,-34200000.0,-979300000.0,-2916500000.0,-467700000.0,-9877200000.0,8040900000.0,8818300000.0,2291500000.0,5000000.0,1520900000.0,1474500000.0,1474500000.0,0.0,0.0,0.246,4059100000.0,1926000000.0,0.0,0.346,1.813,13.286,13.534,407500000.0,46400000.0,90.0,3.273,3.25,0.0,11225500000.0,5985100000.0,5985100000.0,0.0,0.011,0.139,0.019,0.322,0.0,3723200000.0,1.0,217676589.0,216139033,217169539.0,27.691,125868900000.0,0.0,405100000.0,0.0,582.352,
9,NTRS,MRT,2019-03-31,2019-03-31,2019-03-31,2021-09-08,-345300000.0,121869400000.0,130391650000.0,,,0.046,48.645,-511200000.0,32910100000.0,32910100000.0,0.0,1521900000.0,,10.48,11868800000.0,,,11868800000.0,0.0,458900000.0,95844200000.0,0.023,2.12,1926300000.0,2385200000.0,0.399,2385200000.0,1926300000.0,1926300000.0,6.58,6.54,6.58,10616200000.0,10461650000.0,10616200000.0,-6279091603.0,-3.0,-2.633,2027800000.0,9.292,1.0,5976600000.0,1.0,683000000.0,0.0,100145100000.0,103612450000.0,0.0,79707600000.0,,,111253200000.0,,,19746608397.0,-1007300000.0,-104200000.0,-899500000.0,438900000.0,-431200000.0,-8097400000.0,4778500000.0,6641600000.0,2539000000.0,-227400000.0,1521900000.0,1475500000.0,1475500000.0,0.0,0.0,0.247,4050300000.0,1926300000.0,0.0,0.322,1.86,13.383,13.74,411500000.0,46400000.0,90.41,3.304,3.301,0.0,10972900000.0,5976600000.0,5976600000.0,0.0,0.011,0.141,0.019,0.322,0.0,3716000000.0,1.0,218411773.0,218236802,219270215.0,27.386,121186400000.0,0.0,404400000.0,0.0,555.298,
10,NTRS,MRT,2018-12-31,2018-12-31,2018-12-31,2021-09-08,-453700000.0,132212500000.0,132342350000.0,,,0.045,47.091,-506000000.0,40091200000.0,40091200000.0,0.0,1556400000.0,,11.582,14065500000.0,,,14065500000.0,0.0,460900000.0,104496800000.0,0.023,1.94,1957800000.0,2418700000.0,0.405,2418700000.0,1957800000.0,1957800000.0,6.68,6.64,6.68,10508300000.0,10364100000.0,10508300000.0,-9969962025.0,-5.0,-4.122,1261500000.0,5.653,1.0,5974700000.0,1.0,669300000.0,0.0,105517500000.0,103186425000.0,0.0,83620500000.0,,,121704200000.0,,,18506437975.0,63500000.0,-104200000.0,-891700000.0,1687400000.0,-405400000.0,-5818200000.0,4327100000.0,5860600000.0,1767500000.0,-212900000.0,1556400000.0,1510000000.0,1510000000.0,0.0,0.0,0.253,4016900000.0,1957800000.0,0.0,0.29,1.761,12.256,12.513,428200000.0,46400000.0,83.59,3.097,3.122,0.0,10776800000.0,5974700000.0,5974700000.0,0.0,0.011,0.146,0.019,0.328,0.0,3686300000.0,1.0,221395358.0,223148335,223148335.0,26.775,131543200000.0,0.0,401400000.0,0.0,589.488,
11,NTRS,MRT,2018-09-30,2018-09-30,2018-09-30,2021-09-08,-526900000.0,132378500000.0,133936850000.0,,,0.044,46.594,-449000000.0,42182700000.0,42182700000.0,0.0,1503100000.0,,11.772,13706300000.0,,,13706300000.0,0.0,457400000.0,104891300000.0,0.018,1.81,1907500000.0,2364900000.0,0.401,2364900000.0,1907500000.0,1907500000.0,6.39,6.35,6.39,10364500000.0,10291075000.0,10364500000.0,-6071131196.0,-3.0,-2.567,1710100000.0,7.688,1.0,5904400000.0,1.0,672700000.0,0.0,103229400000.0,101418800000.0,0.0,81812000000.0,,,122014000000.0,,,22803768804.0,-189500000.0,-258500000.0,-805500000.0,1626500000.0,-379200000.0,540100000.0,-2707700000.0,-995500000.0,2159100000.0,-181000000.0,1503100000.0,1456700000.0,1456700000.0,0.0,0.0,0.247,3996900000.0,1907500000.0,0.0,0.283,2.2,15.654,15.983,417200000.0,46400000.0,102.13,3.862,3.848,0.0,10496300000.0,5904400000.0,5904400000.0,0.0,0.011,0.142,0.019,0.323,0.0,3663300000.0,1.0,223281786.0,222442797,223860014.0,26.543,131705800000.0,0.0,404400000.0,0.0,592.088,
12,NTRS,MRT,2018-06-30,2018-06-30,2018-06-30,2021-09-08,-508100000.0,135106200000.0,133692275000.0,,,0.043,46.196,-450900000.0,43899100000.0,43899100000.0,0.0,1427000000.0,,12.044,15024200000.0,,,15024200000.0,0.0,448500000.0,106524900000.0,0.016,1.68,1843100000.0,2291600000.0,0.397,2291600000.0,1843100000.0,1843100000.0,6.01,5.97,6.01,10357600000.0,10241250000.0,10357600000.0,-7470245657.0,-4.0,-3.26,811400000.0,3.619,1.0,5773300000.0,1.0,673500000.0,0.0,105557800000.0,99699275000.0,0.0,81756300000.0,,,124748600000.0,,,23149354343.0,-806700000.0,-258500000.0,-689600000.0,7009100000.0,-372200000.0,8112200000.0,-10106100000.0,-8098000000.0,1262300000.0,-75100000.0,1427000000.0,1380600000.0,1380600000.0,0.0,0.0,0.239,3930200000.0,1843100000.0,0.0,0.28,2.235,16.768,17.12,428800000.0,46400000.0,102.89,4.01,3.996,0.0,10262500000.0,5773300000.0,5773300000.0,0.0,0.01,0.135,0.018,0.319,0.0,3601700000.0,1.0,224991295.0,224207590,225611397.0,25.75,134432700000.0,0.0,416100000.0,0.0,599.59,
13,NTRS,MRT,2018-03-31,2018-03-31,2018-03-31,2021-09-08,-505700000.0,129672200000.0,131317150000.0,,,0.043,45.312,-464400000.0,41993600000.0,41993600000.0,0.0,1304500000.0,,11.681,11374000000.0,,,11374000000.0,0.0,436300000.0,105191400000.0,0.016,1.64,1726700000.0,2163000000.0,0.386,2163000000.0,1726700000.0,1726700000.0,5.44,5.41,5.44,10226000000.0,10168825000.0,10226000000.0,-16196914986.0,-9.0,-7.488,-6500000.0,-0.029,1.0,5596900000.0,1.0,611600000.0,0.0,98441000000.0,96186525000.0,0.0,80585000000.0,,,119446200000.0,,,23340985014.0,1432200000.0,-188500000.0,-626300000.0,3479700000.0,-364900000.0,4793100000.0,-3891900000.0,-3249200000.0,457900000.0,73100000.0,1304500000.0,1258100000.0,1258100000.0,0.0,0.0,0.225,3870200000.0,1726700000.0,0.0,0.301,2.283,18.553,18.958,442600000.0,46400000.0,103.13,4.17,4.158,0.0,9973800000.0,5596900000.0,5596900000.0,0.0,0.01,0.124,0.018,0.309,0.0,3534700000.0,1.0,226325851.0,225681167,227047519.0,24.8,129060600000.0,0.0,422200000.0,0.0,571.871,
14,NTRS,MRT,2017-12-31,2017-12-31,2017-12-31,2021-09-08,-414300000.0,138590500000.0,129271275000.0,,,0.042,44.757,-472800000.0,51933400000.0,51933400000.0,0.0,1199000000.0,,12.566,12395500000.0,,,12395500000.0,0.0,421700000.0,112390800000.0,0.016,1.6,1633900000.0,2055600000.0,0.38,2055600000.0,1633900000.0,1633900000.0,4.95,4.92,4.95,10216200000.0,10106750000.0,10216200000.0,-11805303524.0,-7.0,-5.743,1247600000.0,5.466,1.0,5403300000.0,1.0,605600000.0,0.0,98447000000.0,94365000000.0,0.0,79252600000.0,,,128374300000.0,,,22717096476.0,-813900000.0,-188500000.0,-415100000.0,3550700000.0,-356800000.0,11252700000.0,-14021600000.0,-12793500000.0,1720400000.0,234600000.0,1199000000.0,1149200000.0,1149200000.0,0.0,0.0,0.213,3769400000.0,1633900000.0,0.0,0.323,2.224,19.768,20.18,464600000.0,49800000.0,99.89,4.204,4.22,0.0,9685100000.0,5403300000.0,5403300000.0,0.0,0.009,0.114,0.017,0.302,0.0,3437800000.0,1.0,227421128.0,228257664,228257664.0,23.672,137984900000.0,0.0,434900000.0,0.0,604.514,
15,NTRS,MRT,2017-09-30,2017-09-30,2017-09-30,2021-09-08,-335100000.0,131400200000.0,125605375000.0,,,0.042,44.582,-516900000.0,46678800000.0,46678800000.0,0.0,1108900000.0,,11.926,12156400000.0,,,12156400000.0,0.0,407800000.0,105810600000.0,0.017,1.56,1587800000.0,1995600000.0,0.382,1995600000.0,1587800000.0,1587800000.0,4.55,4.52,4.55,10165200000.0,9995300000.0,10165200000.0,-12571085973.0,-8.0,-6.299,1191300000.0,5.225,1.0,5229200000.0,1.0,526500000.0,0.0,96351300000.0,93133075000.0,0.0,77842500000.0,,,121235000000.0,,,21004714027.0,370200000.0,0.0,-162600000.0,4408200000.0,-347300000.0,9532000000.0,-10905100000.0,-10433000000.0,1708200000.0,35100000.0,1108900000.0,1059200000.0,1059200000.0,0.0,0.0,0.203,3641400000.0,1587800000.0,0.0,0.343,2.066,19.831,20.204,462500000.0,49700000.0,91.93,4.017,4.008,0.0,9431200000.0,5229200000.0,5229200000.0,0.0,0.008,0.106,0.017,0.304,0.0,3324400000.0,1.0,228485957.0,228010866,228010866.0,22.934,130873700000.0,0.0,478900000.0,0.0,573.98,
16,NTRS,MRT,2017-06-30,2017-06-30,2017-06-30,2021-09-08,-338900000.0,125605700000.0,122776575000.0,,,0.041,43.927,-507000000.0,41696200000.0,41696200000.0,0.0,1068100000.0,,11.476,8120400000.0,,,8120400000.0,0.0,394800000.0,104312100000.0,0.016,1.52,1544900000.0,1939700000.0,0.381,1939700000.0,1544900000.0,1544900000.0,4.43,4.4,4.43,10067900000.0,9848950000.0,10067900000.0,-7496449898.0,-5.0,-3.865,1822800000.0,7.953,1.0,5093700000.0,1.0,523100000.0,0.0,91506800000.0,92143950000.0,0.0,76761500000.0,,,115537800000.0,,,22318050102.0,382700000.0,0.0,-80300000.0,-1891200000.0,-342100000.0,3598100000.0,-5559700000.0,-5690400000.0,2329800000.0,14500000.0,1068100000.0,1029800000.0,1029800000.0,0.0,0.0,0.202,3548800000.0,1544900000.0,0.0,0.343,2.217,21.672,21.944,463300000.0,38300000.0,97.21,4.382,4.374,0.0,9247500000.0,5093700000.0,5093700000.0,0.0,0.008,0.105,0.017,0.303,0.0,3252400000.0,1.0,229585949.0,229196531,229196531.0,22.224,125082600000.0,0.0,476800000.0,0.0,545.744,
17,NTRS,MRT,2017-03-31,2017-03-31,2017-03-31,2021-09-08,-352000000.0,121488700000.0,121752550000.0,,,0.042,43.559,-490600000.0,37790300000.0,37790300000.0,0.0,1063200000.0,,11.176,7975800000.0,,,7975800000.0,0.0,384300000.0,100529500000.0,0.017,1.5,1548800000.0,1933100000.0,0.38,1933100000.0,1548800000.0,1548800000.0,4.42,4.38,4.42,9977700000.0,9569850000.0,9977700000.0,-10079392017.0,-7.0,-5.214,2099600000.0,9.166,1.0,5085200000.0,1.0,519300000.0,0.0,91154900000.0,92737500000.0,0.0,77247200000.0,,,111511000000.0,,,19808807983.0,-2339200000.0,-16900000.0,-75200000.0,93300000.0,-337100000.0,4829500000.0,-9828100000.0,-9803900000.0,2590200000.0,69200000.0,1063200000.0,1025000000.0,1025000000.0,0.0,0.0,0.202,3536400000.0,1548800000.0,0.0,0.339,1.985,19.326,19.588,459900000.0,38200000.0,86.58,3.895,3.9,0.0,9074400000.0,5085200000.0,5085200000.0,0.0,0.008,0.107,0.017,0.305,0.0,3181300000.0,1.0,228791961.0,229059540,229059540.0,22.2,120969400000.0,0.0,485600000.0,0.0,528.113,
18,NTRS,MRT,2016-12-31,2016-12-31,2016-12-31,2021-09-08,-370000000.0,123926900000.0,120830075000.0,,,0.041,42.932,-473400000.0,38781100000.0,38781100000.0,0.0,1032500000.0,,11.684,8892900000.0,,,8892900000.0,0.0,373300000.0,101651700000.0,0.017,1.48,1517100000.0,1890400000.0,0.379,1890400000.0,1517100000.0,1517100000.0,4.35,4.32,4.35,9770400000.0,9283625000.0,9770400000.0,-7002110189.0,-5.0,-3.704,1036600000.0,4.555,1.0,4987800000.0,1.0,519400000.0,0.0,93519300000.0,95681100000.0,0.0,78162300000.0,,,114156500000.0,,,20163689811.0,-1086500000.0,-16900000.0,-177300000.0,847200000.0,-333000000.0,7536900000.0,-10192100000.0,-11033300000.0,1510000000.0,58700000.0,1032500000.0,1009100000.0,1009100000.0,0.0,0.0,0.202,3470700000.0,1517100000.0,0.0,0.34,2.064,19.982,20.471,466600000.0,23400000.0,89.05,4.043,4.063,0.0,8908400000.0,4987800000.0,4987800000.0,0.0,0.008,0.109,0.016,0.304,0.0,3106300000.0,1.0,226431104.0,227580584,227580584.0,21.917,123407500000.0,0.0,484600000.0,0.0,542.258,
19,NTRS,MRT,2016-09-30,2016-09-30,2016-09-30,2021-09-08,-259700000.0,120085000000.0,119035750000.0,,,0.041,42.287,-457600000.0,35023200000.0,35023200000.0,0.0,1005300000.0,,11.535,7857400000.0,,,7857400000.0,0.0,366200000.0,99471300000.0,0.021,1.46,1478000000.0,1844200000.0,0.376,1844200000.0,1478000000.0,1478000000.0,4.23,4.2,4.23,9579800000.0,9017500000.0,9579800000.0,-11694883281.0,-8.0,-6.341,1564500000.0,6.906,1.0,4899600000.0,1.0,524400000.0,0.0,92394800000.0,93731775000.0,0.0,77922400000.0,,,110505200000.0,,,15405916719.0,447600000.0,-16900000.0,-430800000.0,-228600000.0,-330500000.0,-213800000.0,-1629500000.0,-1649800000.0,2022100000.0,268800000.0,1005300000.0,981800000.0,981800000.0,0.0,0.0,0.2,3421600000.0,1478000000.0,0.0,0.345,1.608,15.692,16.073,438800000.0,23500000.0,67.99,3.144,3.144,0.0,8736100000.0,4899600000.0,4899600000.0,0.0,0.008,0.109,0.016,0.302,0.0,3060300000.0,1.0,226590921.0,226540086,226540086.0,21.628,119560600000.0,0.0,472700000.0,0.0,527.768,
20,NTRS,MRT,2016-06-30,2016-06-30,2016-06-30,2021-09-08,-239600000.0,121509600000.0,119013300000.0,,,0.041,39.341,-427900000.0,37202300000.0,37202300000.0,0.0,982300000.0,,12.574,10101500000.0,,,10101500000.0,0.0,356500000.0,99086900000.0,0.022,1.44,1457500000.0,1814000000.0,0.374,1814000000.0,1457500000.0,1457500000.0,4.11,4.08,4.11,8951500000.0,8818675000.0,8951500000.0,772227557.0,1.0,0.426,-627900000.0,-2.76,1.0,4848400000.0,1.0,527800000.0,0.0,93881000000.0,97599700000.0,0.0,75371200000.0,,,112558100000.0,,,15118127557.0,-1804100000.0,-16900000.0,-529200000.0,3248800000.0,-332400000.0,2427100000.0,-4162000000.0,-3089800000.0,-200000000.0,130800000.0,982300000.0,958900000.0,958900000.0,0.0,0.0,0.198,3390900000.0,1457500000.0,0.0,0.35,1.689,15.766,16.122,434000000.0,23400000.0,66.26,3.118,3.11,0.0,8566300000.0,4848400000.0,4848400000.0,0.0,0.008,0.109,0.015,0.301,0.0,3035700000.0,1.0,228163712.0,227535701,227535701.0,21.308,120981800000.0,0.0,475200000.0,0.0,531.705,
21,NTRS,MRT,2016-03-31,2016-03-31,2016-03-31,2021-09-08,-283900000.0,117798800000.0,118621625000.0,,,0.04,38.635,-416600000.0,22305700000.0,22305700000.0,0.0,988500000.0,,12.337,7959800000.0,,,7959800000.0,0.0,353500000.0,97659600000.0,0.022,1.44,1474200000.0,1827700000.0,0.381,1827700000.0,1474200000.0,1474200000.0,4.11,4.08,4.11,8832800000.0,8768125000.0,8832800000.0,820197772.0,1.0,0.449,631500000.0,2.762,1.0,4794600000.0,1.0,523600000.0,0.0,102929300000.0,99736000000.0,0.0,87564600000.0,,,108966000000.0,,,14922897772.0,2943200000.0,0.0,-462900000.0,965700000.0,-327200000.0,10725200000.0,-9043500000.0,-8619700000.0,1048100000.0,213400000.0,988500000.0,965100000.0,965100000.0,0.0,0.0,0.201,3320400000.0,1474200000.0,0.0,0.35,1.689,15.463,15.856,437800000.0,23400000.0,65.17,3.112,3.107,0.0,8394800000.0,4794600000.0,4794600000.0,0.0,0.008,0.11,0.015,0.307,0.0,2991400000.0,1.0,228984161.0,228619089,228619089.0,20.972,117275200000.0,0.0,485700000.0,0.0,512.972,
22,NTRS,MRT,2015-12-31,2015-12-31,2015-12-31,2021-09-08,-372700000.0,116749600000.0,115909925000.0,,,0.041,37.48,-433500000.0,38600400000.0,38600400000.0,0.0,973800000.0,,12.41,8099200000.0,,,8099200000.0,0.0,351600000.0,96868900000.0,0.02,1.41,1465000000.0,1816600000.0,0.383,1816600000.0,1465000000.0,1465000000.0,4.03,3.99,4.03,8705900000.0,8711825000.0,8705900000.0,5069671715.0,3.0,2.791,1400900000.0,6.031,1.0,4745600000.0,1.0,526400000.0,0.0,85722000000.0,97222450000.0,0.0,70554500000.0,,,108043700000.0,,,16668671715.0,3397500000.0,0.0,-402900000.0,1161900000.0,-321400000.0,8534100000.0,-6900100000.0,-5648700000.0,1834400000.0,-70900000.0,973800000.0,950400000.0,950400000.0,0.0,0.0,0.2,3280600000.0,1465000000.0,0.0,0.35,1.915,17.539,17.888,446900000.0,23400000.0,72.09,3.512,3.529,0.0,8242800000.0,4745600000.0,4745600000.0,0.0,0.008,0.109,0.015,0.309,0.0,2952600000.0,1.0,231220304.0,232279849,232279849.0,20.431,116223200000.0,0.0,491200000.0,0.0,500.359,
23,NTRS,MRT,2015-09-30,2015-09-30,2015-09-30,2021-09-08,-273700000.0,119995200000.0,114209150000.0,,,0.041,37.826,-407600000.0,19676500000.0,19676500000.0,0.0,978500000.0,,12.66,8077500000.0,,,8077500000.0,0.0,347200000.0,99935900000.0,0.02,1.38,1460400000.0,1807600000.0,0.385,1807600000.0,1460400000.0,1460400000.0,4.01,3.98,4.01,8784500000.0,8647575000.0,8784500000.0,-1113480794.0,-1.0,-0.616,-261300000.0,-1.125,1.0,4697500000.0,1.0,529700000.0,0.0,107866500000.0,100108000000.0,0.0,92326900000.0,,,111210700000.0,,,15868919206.0,1529600000.0,0.0,-416200000.0,1092400000.0,-315300000.0,11152000000.0,-9692000000.0,-8943200000.0,146300000.0,-76700000.0,978500000.0,951500000.0,951500000.0,0.0,0.0,0.203,3237100000.0,1460400000.0,0.0,0.344,1.806,16.678,16.995,427700000.0,27000000.0,68.15,3.378,3.369,0.0,8093700000.0,4697500000.0,4697500000.0,0.0,0.008,0.11,0.015,0.311,0.0,2912500000.0,1.0,232852813.0,232231720,232231720.0,20.228,119465500000.0,0.0,481900000.0,0.0,514.424,
24,NTRS,MRT,2015-06-30,2015-06-30,2015-06-30,2021-09-08,-273700000.0,119942900000.0,111998775000.0,,,0.041,37.527,-408900000.0,23823200000.0,23823200000.0,0.0,948400000.0,,12.709,6840800000.0,,,6840800000.0,0.0,346300000.0,100687900000.0,0.018,1.35,1411400000.0,1757700000.0,0.381,1757700000.0,1411400000.0,1411400000.0,3.89,3.86,3.89,8749300000.0,8587100000.0,8749300000.0,4293756428.0,3.0,2.443,514300000.0,2.206,1.0,4610900000.0,1.0,534300000.0,0.0,102426200000.0,97675500000.0,0.0,89012800000.0,,,111193600000.0,,,17843356428.0,3174400000.0,0.0,-312800000.0,1252700000.0,-307100000.0,15088600000.0,-12818500000.0,-12656300000.0,923200000.0,-18900000.0,948400000.0,927200000.0,927200000.0,0.0,0.0,0.201,3199500000.0,1411400000.0,0.0,0.347,2.039,19.244,19.656,436500000.0,21200000.0,76.46,3.87,3.866,0.0,7949800000.0,4610900000.0,4610900000.0,0.0,0.008,0.108,0.014,0.306,0.0,2870800000.0,1.0,233368512.0,233149020,233149020.0,19.777,119408600000.0,0.0,463000000.0,0.0,512.156,
25,NTRS,MRT,2015-03-31,2015-03-31,2015-03-31,2021-09-08,-266400000.0,106952000000.0,108453350000.0,,,0.041,36.882,-415000000.0,20621000000.0,20621000000.0,0.0,861100000.0,,11.425,7071400000.0,,,7071400000.0,0.0,340600000.0,86736500000.0,0.019,1.32,1270700000.0,1611300000.0,0.364,1611300000.0,1270700000.0,1270700000.0,3.54,3.51,3.54,8607600000.0,8410425000.0,8607600000.0,4113248934.0,3.0,2.553,473300000.0,2.028,1.0,4426700000.0,1.0,527300000.0,0.0,92875100000.0,91009150000.0,0.0,77778300000.0,,,98344400000.0,,,16262348934.0,372300000.0,0.0,-319200000.0,308700000.0,-304900000.0,4094300000.0,-4606600000.0,-4056700000.0,888300000.0,-3700000.0,861100000.0,845700000.0,845700000.0,0.0,0.0,0.191,3156000000.0,1270700000.0,0.0,0.373,1.889,19.229,19.675,442400000.0,15400000.0,69.65,3.674,3.672,0.0,7771700000.0,4426700000.0,4426700000.0,0.0,0.008,0.101,0.014,0.287,0.0,2879900000.0,1.0,233486704.0,233381168,233381168.0,18.968,106424700000.0,0.0,409600000.0,0.0,456.012,
26,NTRS,MRT,2014-12-31,2014-12-31,2014-12-31,2021-09-08,-319700000.0,109946500000.0,107673500000.0,,,0.04,35.826,-409500000.0,19041600000.0,19041600000.0,0.0,811800000.0,,12.013,6892500000.0,,,6892500000.0,0.0,335700000.0,90757000000.0,0.019,1.3,1190200000.0,1525900000.0,0.353,1525900000.0,1190200000.0,1190200000.0,3.34,3.32,3.34,8448900000.0,8245600000.0,8448900000.0,3393937539.0,3.0,2.224,526500000.0,2.233,1.0,4325200000.0,1.0,533200000.0,0.0,97264200000.0,86826875000.0,0.0,82493500000.0,,,101497600000.0,,,15873037539.0,-138000000.0,0.0,-353200000.0,-868700000.0,-302900000.0,7073700000.0,-8234600000.0,-7443600000.0,936000000.0,86900000.0,811800000.0,802300000.0,802300000.0,0.0,0.0,0.185,3135000000.0,1190200000.0,0.0,0.389,1.879,19.784,20.18,444300000.0,9500000.0,67.4,3.67,3.675,0.0,7625400000.0,4325200000.0,4325200000.0,0.0,0.007,0.097,0.014,0.275,0.0,2862900000.0,1.0,235505008.0,235829790,235829790.0,18.34,109413300000.0,0.0,378400000.0,0.0,463.95,
27,NTRS,MRT,2014-09-30,2014-09-30,2014-09-30,2021-09-08,-218400000.0,111153700000.0,105923700000.0,,,0.04,36.243,-462300000.0,19263400000.0,19263400000.0,0.0,737500000.0,,12.012,6784300000.0,,,6784300000.0,0.0,331600000.0,91722500000.0,0.019,1.28,1090100000.0,1421700000.0,0.335,1421700000.0,1090100000.0,1090100000.0,3.06,3.04,3.06,8542600000.0,8111375000.0,8542600000.0,-13428953062.0,-12.0,-9.446,689600000.0,2.926,1.0,4238300000.0,1.0,538100000.0,0.0,98136500000.0,84196100000.0,0.0,84087200000.0,,,102611100000.0,,,16026846938.0,228200000.0,0.0,-304000000.0,150500000.0,-299700000.0,14305200000.0,-15259200000.0,-15609100000.0,1151900000.0,30300000.0,737500000.0,737500000.0,737500000.0,0.0,0.0,0.174,3148200000.0,1090100000.0,0.0,0.418,1.876,21.731,22.232,436600000.0,0.0,68.03,3.781,3.783,0.0,7469400000.0,4238300000.0,4238300000.0,0.0,0.007,0.091,0.013,0.257,0.0,2848500000.0,1.0,235584991.0,235701076,235701076.0,17.982,110615600000.0,0.0,352600000.0,0.0,469.305,
28,NTRS,MRT,2014-06-30,2014-06-30,2014-06-30,2021-09-08,-205200000.0,105761200000.0,102127650000.0,,,0.041,34.077,-414500000.0,34923000000.0,34923000000.0,0.0,739500000.0,,12.15,5467200000.0,,,5467200000.0,0.0,331600000.0,88862500000.0,0.02,1.26,1087400000.0,1419000000.0,0.338,1419000000.0,1087400000.0,1087400000.0,3.06,3.04,3.06,8042600000.0,7930000000.0,8042600000.0,-11960549982.0,-11.0,-8.429,3246500000.0,13.756,1.0,4201600000.0,1.0,544600000.0,0.0,75760800000.0,77903025000.0,0.0,64385100000.0,,,97718600000.0,,,15184450018.0,-685700000.0,0.0,-350600000.0,-3272000000.0,-298700000.0,7039800000.0,-11479000000.0,-10551700000.0,3661000000.0,92500000.0,739500000.0,739500000.0,739500000.0,0.0,0.0,0.176,3114200000.0,1087400000.0,0.0,0.412,1.888,20.533,20.984,441900000.0,0.0,64.21,3.614,3.607,0.0,7344100000.0,4201600000.0,4201600000.0,0.0,0.007,0.093,0.014,0.259,0.0,2816000000.0,1.0,236481078.0,236012703,236012703.0,17.802,105216600000.0,0.0,347900000.0,0.0,445.809,
29,NTRS,MRT,2014-03-31,2014-03-31,2014-03-31,2021-09-08,-236100000.0,103832600000.0,99996350000.0,,,0.041,33.508,-401000000.0,33553100000.0,33553100000.0,0.0,748700000.0,,12.063,6408100000.0,,,6408100000.0,0.0,325700000.0,86267700000.0,0.019,1.24,1102500000.0,1428200000.0,0.345,1428200000.0,1102500000.0,1102500000.0,3.08,3.07,3.08,7948300000.0,7850500000.0,7948300000.0,-13018972462.0,-12.0,-9.116,664300000.0,2.8,1.0,4135400000.0,1.0,541600000.0,0.0,76146000000.0,77864275000.0,0.0,63135400000.0,,,95884300000.0,,,15558027538.0,-97200000.0,0.0,-249400000.0,-717600000.0,-294500000.0,9844000000.0,-10944300000.0,-9579100000.0,1065300000.0,-62200000.0,748700000.0,748700000.0,748700000.0,0.0,0.0,0.181,3032900000.0,1102500000.0,0.0,0.403,1.957,20.78,21.286,449400000.0,0.0,65.56,3.762,3.761,0.0,7241400000.0,4135400000.0,4135400000.0,0.0,0.007,0.095,0.014,0.267,0.0,2730100000.0,1.0,237309755.0,237208151,237208151.0,17.434,103291000000.0,0.0,353800000.0,0.0,435.445,
30,NTRS,MRT,2013-12-31,2013-12-31,2013-12-31,2021-09-08,-244300000.0,102947300000.0,97327400000.0,,,0.042,33.068,-384900000.0,23089400000.0,23089400000.0,0.0,731300000.0,,12.012,7423900000.0,,,7423900000.0,0.0,318500000.0,84098100000.0,0.02,1.23,1075500000.0,1394000000.0,0.343,1394000000.0,1075500000.0,1075500000.0,3.01,2.99,3.01,7912000000.0,7766450000.0,7912000000.0,-7676890019.0,-7.0,-5.507,454400000.0,1.899,1.0,4069300000.0,1.0,540700000.0,0.0,86741100000.0,76628375000.0,0.0,72739200000.0,,,95035300000.0,,,14790709981.0,-590300000.0,0.0,-163500000.0,1606800000.0,-220600000.0,4388300000.0,-5683300000.0,-6098400000.0,839300000.0,-134600000.0,731300000.0,731300000.0,731300000.0,0.0,0.0,0.18,2993800000.0,1075500000.0,0.0,0.409,1.869,20.225,20.561,458800000.0,0.0,61.89,3.635,3.639,0.0,7134800000.0,4069300000.0,4069300000.0,0.0,0.008,0.094,0.014,0.264,0.0,2679600000.0,1.0,238983842.0,239265313,239265313.0,17.007,102406600000.0,0.0,344200000.0,0.0,428.004,
31,NTRS,MRT,2013-09-30,2013-09-30,2013-09-30,2021-09-08,-337900000.0,95969500000.0,95956525000.0,,,0.042,32.581,-344000000.0,29062000000.0,29062000000.0,0.0,729300000.0,,11.277,6594400000.0,,,6594400000.0,0.0,311500000.0,78161700000.0,0.022,1.22,1053000000.0,1364500000.0,0.342,1364500000.0,1053000000.0,1053000000.0,3.0,2.98,3.0,7817100000.0,7670200000.0,7817100000.0,-8041115789.0,-8.0,-5.893,640100000.0,2.668,1.0,3993800000.0,1.0,537700000.0,0.0,72964200000.0,73103375000.0,0.0,59342400000.0,,,88152400000.0,,,13058684211.0,-706000000.0,0.0,-86700000.0,876500000.0,-291100000.0,1552800000.0,-3195300000.0,-1521700000.0,984100000.0,-47600000.0,729300000.0,729300000.0,729300000.0,0.0,0.0,0.183,2940800000.0,1053000000.0,0.0,0.407,1.671,17.906,18.127,444300000.0,0.0,54.38,3.27,3.267,0.0,7040100000.0,3993800000.0,3993800000.0,0.0,0.008,0.095,0.014,0.264,0.0,2641400000.0,1.0,240137628.0,239930074,239930074.0,16.646,95431800000.0,0.0,323700000.0,0.0,397.748,
32,NTRS,MRT,2013-06-30,2013-06-30,2013-06-30,2021-09-08,-350700000.0,97236000000.0,95372275000.0,,,0.041,32.221,-360300000.0,29766300000.0,29766300000.0,0.0,701600000.0,,11.588,8666500000.0,,,8666500000.0,0.0,300700000.0,76534900000.0,0.021,1.21,1017600000.0,1318300000.0,0.337,1318300000.0,1017600000.0,1017600000.0,2.88,2.87,2.88,7724600000.0,7598975000.0,7724600000.0,-7572913496.0,-7.0,-5.744,-1366900000.0,-5.702,1.0,3914100000.0,1.0,530400000.0,0.0,75605800000.0,72177525000.0,0.0,58773600000.0,,,89511400000.0,,,13851986504.0,1036600000.0,0.0,-39000000.0,1306300000.0,-290000000.0,2368600000.0,-270200000.0,714200000.0,-1006600000.0,-55200000.0,701600000.0,701600000.0,701600000.0,0.0,0.0,0.179,2896500000.0,1017600000.0,0.0,0.42,1.793,19.743,20.104,454500000.0,0.0,57.9,3.539,3.546,0.0,6909200000.0,3914100000.0,3914100000.0,0.0,0.007,0.092,0.014,0.26,0.0,2602000000.0,1.0,239239836.0,239738592,239738592.0,16.327,96705600000.0,0.0,316000000.0,0.0,403.379,
33,NTRS,MRT,2013-03-31,2013-03-31,2013-03-31,2021-09-08,-284100000.0,93156800000.0,94677250000.0,,,0.041,31.827,-327500000.0,28548400000.0,28548400000.0,0.0,690100000.0,,11.238,7123500000.0,,,7123500000.0,0.0,294100000.0,75822100000.0,0.022,1.2,998000000.0,1292100000.0,0.333,1292100000.0,998000000.0,998000000.0,2.83,2.82,2.83,7612100000.0,7515400000.0,7612100000.0,-11236717851.0,-11.0,-8.696,41800000.0,0.175,1.0,3882100000.0,1.0,529500000.0,0.0,71202400000.0,70960925000.0,0.0,58679300000.0,,,85544700000.0,,,13048182149.0,-506800000.0,0.0,-94900000.0,-214900000.0,-287900000.0,1046800000.0,-1836600000.0,-1589100000.0,369300000.0,-86300000.0,690100000.0,690100000.0,690100000.0,0.0,0.0,0.178,2884100000.0,998000000.0,0.0,0.424,1.714,18.908,19.279,457200000.0,0.0,54.559,3.361,3.361,0.0,6793800000.0,3882100000.0,3882100000.0,0.0,0.007,0.092,0.014,0.257,0.0,2593500000.0,1.0,239157282.0,239167559,239167559.0,16.232,92627300000.0,0.0,307900000.0,0.0,387.29,
34,NTRS,MRT,2012-12-31,2012-12-31,2012-12-31,2021-09-08,-283000000.0,97463800000.0,94289125000.0,,,0.041,31.308,-312500000.0,30236700000.0,30236700000.0,0.0,687300000.0,,11.949,5951800000.0,,,5951800000.0,0.0,289400000.0,81407800000.0,0.024,1.18,992300000.0,1281700000.0,0.331,1281700000.0,992300000.0,992300000.0,2.82,2.81,2.82,7527000000.0,7418175000.0,7527000000.0,-11805375689.0,-12.0,-9.211,501900000.0,2.088,1.0,3871100000.0,1.0,537800000.0,0.0,72641100000.0,71396125000.0,0.0,60240100000.0,,,89936800000.0,,,12028324311.0,-562600000.0,0.0,-55600000.0,-1393300000.0,-354300000.0,-3072900000.0,1627600000.0,3372100000.0,814400000.0,68300000.0,687300000.0,687300000.0,687300000.0,0.0,0.0,0.178,2878800000.0,992300000.0,0.0,0.418,1.598,17.501,17.787,469900000.0,0.0,50.16,3.107,3.115,0.0,6702700000.0,3871100000.0,3871100000.0,0.0,0.007,0.093,0.014,0.256,0.0,2595900000.0,1.0,239799129.0,240417805,240417805.0,16.102,96926000000.0,0.0,305000000.0,0.0,403.156,
35,NTRS,MRT,2012-09-30,2012-09-30,2012-09-30,2021-09-08,-215900000.0,93632500000.0,94979100000.0,,,0.041,31.353,-273500000.0,29548400000.0,29548400000.0,0.0,649800000.0,,11.431,5714700000.0,,,5714700000.0,0.0,283900000.0,76931600000.0,0.025,1.16,940500000.0,1224400000.0,0.318,1224400000.0,940500000.0,940500000.0,2.65,2.66,2.65,7532200000.0,7315750000.0,7532200000.0,-12019717741.0,-13.0,-9.817,1909000000.0,7.946,1.0,3849500000.0,1.0,538000000.0,0.0,69260800000.0,71384000000.0,0.0,58433400000.0,,,86100300000.0,,,11163582259.0,-939900000.0,0.0,-6000000.0,-603500000.0,-277700000.0,-1896100000.0,-1139200000.0,-921600000.0,2182500000.0,-87100000.0,649800000.0,649800000.0,649800000.0,0.0,0.0,0.169,2909000000.0,940500000.0,0.0,0.438,1.482,17.18,17.515,453700000.0,0.0,46.415,2.9,2.897,0.0,6607900000.0,3849500000.0,3849500000.0,0.0,0.007,0.089,0.013,0.244,0.0,2648800000.0,1.0,240516692.0,240237014,240237014.0,16.024,93094500000.0,0.0,290700000.0,0.0,387.511,
36,NTRS,MRT,2012-06-30,2012-06-30,2012-06-30,2021-09-08,-274100000.0,94455900000.0,95595525000.0,,,0.04,30.678,-388000000.0,30492700000.0,30492700000.0,0.0,641400000.0,,11.781,7309400000.0,,,7309400000.0,0.0,279300000.0,76995900000.0,0.025,1.14,927200000.0,1206500000.0,0.314,1206500000.0,927200000.0,927200000.0,2.62,2.63,2.62,7390300000.0,7220900000.0,7390300000.0,-7026896697.0,-8.0,-5.824,842400000.0,3.497,1.0,3841000000.0,1.0,533200000.0,0.0,70739400000.0,72070225000.0,0.0,58493100000.0,,,87065600000.0,,,11097703303.0,-1504800000.0,-101600000.0,32400000.0,-2038900000.0,-272700000.0,-2784200000.0,352700000.0,-331400000.0,1230400000.0,-303700000.0,641400000.0,641400000.0,641400000.0,0.0,0.0,0.167,2913800000.0,927200000.0,0.0,0.435,1.502,17.302,17.565,462000000.0,0.0,46.02,2.889,2.886,0.0,6502200000.0,3841000000.0,3841000000.0,0.0,0.007,0.089,0.013,0.241,0.0,2654600000.0,1.0,241149572.0,240900839,240900839.0,15.944,93922700000.0,0.0,285800000.0,0.0,389.881,
37,NTRS,MRT,2012-03-31,2012-03-31,2012-03-31,2021-09-08,-276300000.0,91604300000.0,96331125000.0,,,0.039,29.961,-350500000.0,25670500000.0,25670500000.0,0.0,613800000.0,,11.682,7545900000.0,,,7545900000.0,0.0,273200000.0,73933000000.0,0.024,1.12,890500000.0,1163700000.0,0.307,1163700000.0,890500000.0,890500000.0,2.51,2.52,2.51,7223200000.0,7129675000.0,7223200000.0,-15658194389.0,-18.0,-13.456,1588500000.0,6.589,1.0,3792300000.0,1.0,536500000.0,0.0,72943200000.0,71758475000.0,0.0,60486600000.0,,,84381100000.0,,,11440905611.0,687500000.0,-172600000.0,22600000.0,-4276300000.0,-272600000.0,-1668300000.0,520400000.0,694800000.0,1939000000.0,-103600000.0,613800000.0,613800000.0,613800000.0,0.0,0.0,0.162,2901800000.0,890500000.0,0.0,0.446,1.584,18.639,18.904,481200000.0,0.0,47.45,3.017,3.017,0.0,6323500000.0,3792300000.0,3792300000.0,0.0,0.006,0.086,0.012,0.235,0.0,2648800000.0,1.0,241114976.0,241090093,241090093.0,15.73,91067800000.0,0.0,276700000.0,0.0,377.733,
38,NTRS,MRT,2011-12-31,2011-12-31,2011-12-31,2021-09-08,-345600000.0,100223700000.0,96599850000.0,,,0.038,29.483,-371100000.0,34581600000.0,34581600000.0,0.0,603600000.0,,13.082,7482500000.0,,,7482500000.0,0.0,265100000.0,82677500000.0,0.028,1.12,883700000.0,1148800000.0,0.309,1148800000.0,883700000.0,883700000.0,2.47,2.47,2.47,7117300000.0,7055925000.0,7117300000.0,-14000466634.0,-16.0,-12.187,883200000.0,3.659,1.0,3714900000.0,1.0,532000000.0,0.0,72592600000.0,70678175000.0,0.0,59768800000.0,,,93106400000.0,,,9557933366.0,1497300000.0,-172600000.0,-3400000.0,-2401100000.0,-273700000.0,15803600000.0,-15388400000.0,-14930500000.0,1254300000.0,-172200000.0,603600000.0,603600000.0,603600000.0,0.0,0.0,0.162,2831200000.0,883700000.0,0.0,0.453,1.343,15.835,16.057,494500000.0,0.0,39.66,2.573,2.577,0.0,6302300000.0,3714900000.0,3714900000.0,0.0,0.006,0.086,0.013,0.238,0.0,2587200000.0,1.0,240996807.0,241401310,241401310.0,15.389,99691700000.0,0.0,280100000.0,0.0,412.971,
39,NTRS,MRT,2011-09-30,2011-09-30,2011-09-30,2021-09-08,-232500000.0,96098200000.0,92504900000.0,,,0.039,29.681,-374700000.0,30000800000.0,30000800000.0,0.0,630500000.0,,12.435,6442400000.0,,,6442400000.0,0.0,263600000.0,78514000000.0,0.032,1.12,926700000.0,1190300000.0,0.328,1190300000.0,926700000.0,926700000.0,2.58,2.57,2.58,7152800000.0,6984175000.0,7152800000.0,-19041086967.0,-21.0,-15.997,-640900000.0,-2.659,1.0,3627800000.0,1.0,534100000.0,0.0,72005700000.0,68551300000.0,0.0,57667900000.0,,,88945400000.0,,,8429913033.0,847100000.0,-172600000.0,-5400000.0,-5679100000.0,-274100000.0,14109600000.0,-12988700000.0,-12664600000.0,-266200000.0,-7600000.0,630500000.0,630500000.0,630500000.0,0.0,0.0,0.174,2701100000.0,926700000.0,0.0,0.434,1.179,13.37,13.558,492100000.0,0.0,34.98,2.324,2.324,0.0,6240300000.0,3627800000.0,3627800000.0,0.0,0.007,0.09,0.014,0.255,0.0,2462300000.0,1.0,240992368.0,240991491,240991491.0,15.054,95564100000.0,0.0,296200000.0,0.0,396.546,
40,NTRS,MRT,2011-06-30,2011-06-30,2011-06-30,2021-09-08,-243300000.0,97398300000.0,88661200000.0,,,0.04,29.093,-272800000.0,36933300000.0,36933300000.0,0.0,615700000.0,,12.864,9462300000.0,,,9462300000.0,0.0,261600000.0,77500900000.0,0.024,1.12,911300000.0,1172900000.0,0.332,1172900000.0,911300000.0,911300000.0,2.52,2.51,2.52,7025400000.0,6888150000.0,7025400000.0,-12538127961.0,-14.0,-10.69,313200000.0,1.297,1.0,3533300000.0,1.0,434900000.0,0.0,69492400000.0,67074075000.0,0.0,53280900000.0,,,90372900000.0,,,11113272039.0,1574900000.0,-71000000.0,21700000.0,-2616100000.0,-274800000.0,16324000000.0,-15681700000.0,-14371200000.0,586000000.0,346600000.0,615700000.0,615700000.0,615700000.0,0.0,0.0,0.174,2622000000.0,911300000.0,0.0,0.444,1.582,18.05,18.238,495700000.0,0.0,45.96,3.145,3.141,0.0,6138300000.0,3533300000.0,3533300000.0,0.0,0.007,0.089,0.014,0.258,0.0,2382300000.0,1.0,241803134.0,241484195,241484195.0,14.632,96963400000.0,0.0,295600000.0,0.0,401.531,
41,NTRS,MRT,2011-03-31,2011-03-31,2011-03-31,2021-09-08,-279600000.0,92679200000.0,84323850000.0,,,0.042,28.614,-308600000.0,35655000000.0,35655000000.0,0.0,663300000.0,,12.377,12003600000.0,,,12003600000.0,0.0,253800000.0,71075400000.0,0.022,1.12,981600000.0,1235400000.0,0.352,1235400000.0,981600000.0,981600000.0,2.72,2.71,2.72,6928200000.0,6786700000.0,6928200000.0,-7071327030.0,-7.0,-5.724,519700000.0,2.146,1.0,3512700000.0,1.0,405800000.0,0.0,68622000000.0,65922900000.0,0.0,50363400000.0,,,85751000000.0,,,12286572970.0,941100000.0,0.0,54700000.0,1888800000.0,-274100000.0,15195600000.0,-15279700000.0,-14666200000.0,828300000.0,196900000.0,663300000.0,663300000.0,663300000.0,0.0,0.0,0.189,2531100000.0,981600000.0,0.0,0.412,1.773,18.523,18.658,494700000.0,0.0,50.75,3.498,3.498,0.0,6054500000.0,3512700000.0,3512700000.0,0.0,0.008,0.098,0.015,0.279,0.0,2297000000.0,1.0,242099960.0,242126162,242126162.0,14.508,92273400000.0,0.0,318300000.0,0.0,381.096,
42,NTRS,MRT,2010-12-31,2010-12-31,2010-12-31,2021-09-08,-305300000.0,83843900000.0,80233700000.0,,,0.043,28.221,-311100000.0,29254000000.0,29254000000.0,0.0,669500000.0,,11.275,9896100000.0,,,9896100000.0,0.0,249500000.0,64195700000.0,0.02,1.12,989800000.0,1239300000.0,0.355,1239300000.0,989800000.0,989800000.0,2.74,2.74,2.74,6830300000.0,6666425000.0,6830300000.0,-806932122.0,-1.0,-0.651,479100000.0,1.98,1.0,3487700000.0,1.0,400900000.0,0.0,64085100000.0,63803050000.0,0.0,48643300000.0,,,77013600000.0,,,13419967878.0,326200000.0,0.0,64700000.0,-4562000000.0,-273200000.0,1145100000.0,-1768000000.0,-2071600000.0,790200000.0,158900000.0,669500000.0,669500000.0,669500000.0,0.0,0.0,0.192,2497900000.0,989800000.0,0.0,0.409,1.965,20.045,20.223,504500000.0,0.0,55.41,3.848,3.845,0.0,5972100000.0,3487700000.0,3487700000.0,0.0,0.008,0.1,0.016,0.284,0.0,2260900000.0,1.0,242193970.0,242028776,242028776.0,14.41,83443000000.0,0.0,320300000.0,0.0,344.765,
43,NTRS,MRT,2010-09-30,2010-09-30,2010-09-30,2021-09-08,-266100000.0,80723400000.0,79808100000.0,,,0.044,27.955,-281900000.0,26358800000.0,26358800000.0,0.0,712700000.0,,10.926,12131900000.0,,,12131900000.0,0.0,249100000.0,58445800000.0,0.023,1.12,1054500000.0,1303600000.0,0.369,1303600000.0,1054500000.0,1054500000.0,2.94,2.92,2.94,6768700000.0,6536875000.0,6768700000.0,-3089737010.0,-3.0,-2.37,959700000.0,3.964,1.0,3532000000.0,1.0,399700000.0,0.0,66096800000.0,64169750000.0,0.0,48593900000.0,,,73954700000.0,,,11678462990.0,603600000.0,0.0,53300000.0,-948200000.0,-272200000.0,1664300000.0,-2395000000.0,757400000.0,1241600000.0,92700000.0,712700000.0,712700000.0,712700000.0,0.0,0.0,0.202,2477500000.0,1054500000.0,0.0,0.381,1.725,16.386,16.408,532400000.0,0.0,48.24,3.306,3.307,0.0,5883800000.0,3532000000.0,3532000000.0,0.0,0.009,0.109,0.016,0.299,3900000.0,2233800000.0,1.0,242090858.0,242124461,242124461.0,14.588,80323700000.0,0.0,341800000.0,0.0,331.745,
44,NTRS,MRT,2010-06-30,2010-06-30,2010-06-30,2021-09-08,-315300000.0,80048900000.0,79102625000.0,,,0.045,27.349,-267500000.0,26850600000.0,26850600000.0,0.0,745000000.0,,11.093,12082400000.0,,,12082400000.0,0.0,248100000.0,57952100000.0,0.024,1.12,1075600000.0,1323700000.0,0.375,1323700000.0,1075600000.0,1075600000.0,3.07,3.05,3.07,6619600000.0,6400525000.0,6619600000.0,-4487621812.0,-4.0,-3.39,1171400000.0,4.84,1.0,3530200000.0,1.0,393000000.0,0.0,64887700000.0,63534600000.0,0.0,48224900000.0,,,73429300000.0,,,11294378188.0,992900000.0,0.0,14100000.0,28500000.0,-270700000.0,4273500000.0,-4726200000.0,-4171800000.0,1438900000.0,6700000.0,745000000.0,745000000.0,745000000.0,0.0,0.0,0.211,2454600000.0,1075600000.0,0.0,0.365,1.706,15.16,15.212,529500000.0,0.0,46.7,3.199,3.202,0.0,5796600000.0,3530200000.0,3530200000.0,0.0,0.009,0.116,0.017,0.305,3500000.0,2237400000.0,1.0,241849640.0,242045799,242045799.0,14.585,79655900000.0,0.0,330600000.0,0.0,329.094,
45,NTRS,MRT,2010-03-31,2010-03-31,2010-03-31,2021-09-08,-332500000.0,76318600000.0,77851700000.0,,,0.046,26.671,-288700000.0,25634200000.0,25634200000.0,0.0,859600000.0,,10.838,9852200000.0,,,9852200000.0,0.0,247600000.0,57435200000.0,0.02,1.12,1160200000.0,1407800000.0,0.392,1407800000.0,1160200000.0,1160200000.0,3.2,3.18,3.2,6447100000.0,6277800000.0,6447100000.0,-2825882335.0,-2.0,-2.007,314000000.0,1.299,1.0,3591200000.0,1.0,394000000.0,0.0,60142600000.0,63323400000.0,0.0,45838600000.0,,,69871500000.0,,,13362117665.0,547600000.0,0.0,851900000.0,-5550600000.0,-265500000.0,-2578000000.0,2405000000.0,1365000000.0,602700000.0,117900000.0,771500000.0,771500000.0,771500000.0,0.0,88100000.0,0.215,2342900000.0,1248300000.0,0.0,0.35,2.073,17.32,17.269,540500000.0,0.0,55.26,3.721,3.72,0.0,5665000000.0,3591200000.0,3591200000.0,0.0,0.01,0.123,0.018,0.323,2300000.0,2227600000.0,1.0,241804518.0,241724178,241724178.0,14.857,75924600000.0,0.0,388700000.0,0.0,314.096,
46,NTRS,MRT,2009-12-31,2009-12-31,2009-12-31,2021-09-08,-361600000.0,82141500000.0,78388200000.0,,,0.046,26.802,-314200000.0,30620000000.0,30620000000.0,0.0,864200000.0,,12.013,14432000000.0,,,14432000000.0,0.0,243700000.0,58281300000.0,0.021,1.12,1144100000.0,1387800000.0,0.389,1387800000.0,1144100000.0,1144100000.0,3.18,3.16,3.18,6312100000.0,6297200000.0,6312100000.0,-1289015992.0,-1.0,-0.929,700500000.0,2.974,1.0,3571900000.0,1.0,401600000.0,0.0,65551900000.0,65694350000.0,0.0,46439100000.0,,,75829400000.0,,,12654884008.0,-156400000.0,0.0,862300000.0,5794600000.0,-260300000.0,421200000.0,-1678600000.0,-1130500000.0,1014700000.0,86300000.0,753100000.0,753100000.0,753100000.0,0.0,111100000.0,0.211,2316700000.0,1255200000.0,0.0,0.352,2.005,16.804,16.478,543500000.0,0.0,52.4,3.543,3.455,0.0,5576000000.0,3571900000.0,3571900000.0,0.0,0.01,0.12,0.017,0.32,0.0,2198200000.0,1.0,241505420.0,235511879,235511879.0,15.167,81739900000.0,0.0,391000000.0,0.0,347.073,
47,NTRS,MRT,2009-09-30,2009-09-30,2009-09-30,2021-09-08,-313100000.0,77901500000.0,78366225000.0,,,0.048,25.778,-329600000.0,27020200000.0,27020200000.0,0.0,1006200000.0,,11.518,13076300000.0,,,13076300000.0,0.0,238500000.0,55324100000.0,0.019,1.12,1375300000.0,1613800000.0,0.43,1613800000.0,1375300000.0,1375300000.0,3.82,3.8,3.82,6223300000.0,6316525000.0,6223300000.0,3442974867.0,3.0,2.133,299000000.0,1.239,1.0,3749000000.0,1.0,401400000.0,0.0,63556200000.0,64654925000.0,0.0,45579800000.0,,,71678200000.0,,,14039974867.0,-889800000.0,0.0,858500000.0,5673900000.0,-255000000.0,-1082600000.0,-476100000.0,-11466600000.0,628600000.0,40300000.0,883100000.0,883100000.0,883100000.0,0.0,123100000.0,0.236,2250600000.0,1498400000.0,0.0,0.293,2.256,15.899,15.225,542700000.0,0.0,58.16,3.745,3.745,0.0,5443300000.0,3749000000.0,3749000000.0,0.0,0.011,0.14,0.021,0.367,29700000.0,2221000000.0,1.0,241402594.0,241415698,241415698.0,15.529,77500100000.0,0.0,492200000.0,0.0,321.023,
48,NTRS,MRT,2009-06-30,2009-06-30,2009-06-30,2021-09-08,-353400000.0,75045200000.0,78701850000.0,,,0.048,26.029,-341200000.0,22645000000.0,22645000000.0,0.0,670000000.0,,11.245,12048000000.0,,,12048000000.0,0.0,231000000.0,53580600000.0,0.021,1.12,864000000.0,1095000000.0,0.289,1095000000.0,864000000.0,864000000.0,2.39,2.37,2.39,6128700000.0,5969700000.0,6128700000.0,3555766038.0,4.0,3.247,285400000.0,1.212,1.0,3792500000.0,1.0,405300000.0,0.0,64042900000.0,62852300000.0,0.0,46542000000.0,,,68916500000.0,,,12006566038.0,-3120300000.0,0.0,956900000.0,5478700000.0,-249300000.0,-519300000.0,-3059100000.0,-7371800000.0,626600000.0,-168500000.0,546900000.0,546900000.0,546900000.0,0.0,123100000.0,0.144,2805400000.0,987100000.0,0.0,0.469,1.959,21.954,22.46,548100000.0,0.0,53.68,3.166,3.333,0.0,5323500000.0,3792500000.0,3792500000.0,0.0,0.007,0.092,0.014,0.228,10100000.0,2149900000.0,1.0,223669263.0,235455068,235455068.0,16.107,74639900000.0,0.0,317100000.0,0.0,317.003,
49,NTRS,MRT,2009-03-31,2009-03-31,2009-03-31,2021-09-08,-446100000.0,78464600000.0,78642275000.0,,,0.049,29.212,-334700000.0,23880100000.0,23880100000.0,0.0,571400000.0,,11.026,15429300000.0,,,15429300000.0,0.0,224800000.0,53344600000.0,0.019,1.12,907700000.0,1132500000.0,0.291,1132500000.0,907700000.0,907700000.0,2.41,2.38,2.41,6524700000.0,5678550000.0,6524700000.0,-6902538155.0,-8.0,-6.095,696300000.0,3.117,1.0,3888700000.0,1.0,387400000.0,0.0,69626400000.0,59716150000.0,0.0,48219200000.0,,,71939900000.0,,,13367461845.0,-1957400000.0,0.0,153100000.0,5306000000.0,-248300000.0,1824800000.0,-4478100000.0,-7042300000.0,1031000000.0,-335100000.0,536400000.0,536400000.0,536400000.0,0.0,35000000.0,0.138,2946000000.0,942700000.0,0.0,0.465,2.049,24.921,24.822,535200000.0,0.0,59.82,3.438,3.436,0.0,5166600000.0,3888700000.0,3888700000.0,0.0,0.007,0.094,0.015,0.233,3800000.0,2167900000.0,1.0,223461415.0,223357446,223357446.0,17.41,78077200000.0,0.0,371300000.0,0.0,349.562,
50,NTRS,MRT,2008-12-31,2008-12-31,2008-12-31,2021-09-08,-494900000.0,82053600000.0,78396200000.0,,,0.053,28.853,-308000000.0,28942000000.0,28942000000.0,0.0,794800000.0,,11.842,8672000000.0,,,8672000000.0,0.0,220400000.0,62406400000.0,0.021,1.12,1263700000.0,1484100000.0,0.356,1484100000.0,1263700000.0,1263700000.0,3.51,3.47,3.51,6389400000.0,5236975000.0,6389400000.0,-10859296291.0,-9.0,-7.317,547300000.0,2.471,1.0,4163500000.0,1.0,389400000.0,0.0,61394200000.0,55487500000.0,0.0,46326200000.0,,,75664200000.0,,,11629003709.0,-1273400000.0,0.0,93600000.0,-292100000.0,-247700000.0,12376100000.0,-14347200000.0,-18245400000.0,855300000.0,-157600000.0,782800000.0,782800000.0,782800000.0,0.0,12000000.0,0.188,2887800000.0,1275700000.0,0.0,0.319,1.82,14.856,14.855,506600000.0,0.0,52.14,2.793,2.773,0.0,5091200000.0,4163500000.0,4163500000.0,0.0,0.01,0.149,0.023,0.304,0.0,2177600000.0,1.0,223034210.0,221446382,221446382.0,18.801,81664200000.0,0.0,480900000.0,0.0,368.776,
51,NTRS,MRT,2008-09-30,2008-09-30,2008-09-30,2021-09-08,-190200000.0,79244000000.0,74785600000.0,,,0.054,21.794,-296400000.0,29854700000.0,29854700000.0,0.0,577500000.0,,15.386,7366400000.0,,,7366400000.0,0.0,219000000.0,62439100000.0,0.016,1.12,921100000.0,1140100000.0,0.282,1140100000.0,921100000.0,921100000.0,2.58,2.55,2.58,4836000000.0,4766900000.0,4836000000.0,-6923612376.0,-8.0,-6.073,901300000.0,4.062,1.0,4036100000.0,1.0,410000000.0,0.0,56345700000.0,51924550000.0,0.0,43229300000.0,,,74408000000.0,,,15959587624.0,-95800000.0,0.0,94200000.0,-248300000.0,-240400000.0,14332600000.0,-15544500000.0,-4856300000.0,1197700000.0,-81600000.0,577500000.0,577500000.0,577500000.0,0.0,0.0,0.143,3115000000.0,921100000.0,0.0,0.434,3.3,27.636,27.984,492900000.0,0.0,72.2,3.954,3.969,0.0,4821100000.0,4036100000.0,4036100000.0,0.0,0.008,0.121,0.018,0.228,-78700000.0,2146800000.0,1.0,221046920.0,221899198,221899198.0,18.189,78834000000.0,0.0,343600000.0,0.0,355.269,
52,NTRS,MRT,2008-06-30,2008-06-30,2008-06-30,2021-09-08,-148400000.0,74806900000.0,70749325000.0,,,0.057,22.502,-278600000.0,29458200000.0,29458200000.0,0.0,934100000.0,,14.07,6575000000.0,,,6575000000.0,0.0,216000000.0,60274300000.0,0.016,1.09,1475000000.0,1691000000.0,0.422,1691000000.0,1475000000.0,1475000000.0,4.19,4.14,4.19,4964100000.0,4647750000.0,4964100000.0,-9248897862.0,-6.0,-5.469,806600000.0,3.656,1.0,4002600000.0,1.0,425400000.0,0.0,51498300000.0,49885425000.0,0.0,40414600000.0,,,69842800000.0,,,15094702138.0,2132600000.0,0.0,-42100000.0,-419500000.0,-233500000.0,13445500000.0,-12518900000.0,-5827000000.0,1085200000.0,120800000.0,934100000.0,934100000.0,934100000.0,0.0,0.0,0.233,2527600000.0,1475000000.0,0.0,0.26,3.041,16.16,16.365,493000000.0,0.0,68.57,3.771,3.779,0.0,5032200000.0,4002600000.0,4002600000.0,0.0,0.013,0.201,0.03,0.369,-58700000.0,2163800000.0,1.0,220135659.0,220603902,220603902.0,18.144,74381500000.0,0.0,540900000.0,0.0,337.172,
53,NTRS,MRT,2008-03-31,2008-03-31,2008-03-31,2021-09-08,-136800000.0,77480300000.0,66950025000.0,,,0.057,21.598,-271500000.0,34490800000.0,34490800000.0,0.0,925400000.0,,15.283,10147200000.0,,,10147200000.0,0.0,213700000.0,58392500000.0,0.016,1.06,1356600000.0,1570300000.0,0.414,1570300000.0,1356600000.0,1356600000.0,4.16,4.1,4.16,4758400000.0,4463525000.0,4758400000.0,-5383498348.0,-4.0,-3.428,769000000.0,3.49,1.0,3796200000.0,1.0,424900000.0,0.0,52711800000.0,48776250000.0,0.0,38006400000.0,,,72721900000.0,,,14659501652.0,1490000000.0,0.0,-81900000.0,4330100000.0,-226800000.0,14883000000.0,-14650500000.0,-8221300000.0,1040500000.0,217000000.0,925400000.0,925400000.0,925400000.0,0.0,0.0,0.244,2439600000.0,1356600000.0,0.0,0.255,3.081,15.841,15.978,492800000.0,0.0,66.47,3.862,3.858,0.0,4879200000.0,3796200000.0,3796200000.0,0.0,0.014,0.207,0.028,0.357,-51200000.0,2093800000.0,1.0,220543127.0,220320307,220320307.0,17.23,77055400000.0,0.0,431200000.0,0.0,349.743,
54,NTRS,MRT,2007-12-31,2007-12-31,2007-12-31,2021-09-08,-90300000.0,67611200000.0,62463050000.0,,,0.056,20.526,-253500000.0,28993800000.0,28993800000.0,0.0,726900000.0,,13.994,8950800000.0,,,8950800000.0,0.0,211400000.0,51213100000.0,0.013,1.03,1060800000.0,1272200000.0,0.364,1272200000.0,1060800000.0,1060800000.0,3.28,3.23,3.28,4509100000.0,4284775000.0,4509100000.0,2363079726.0,2.0,1.857,627200000.0,2.855,1.0,3491000000.0,1.0,425800000.0,0.0,47142400000.0,46295325000.0,0.0,34228300000.0,,,63102100000.0,,,16843179726.0,-1039400000.0,0.0,-8200000.0,-1836800000.0,-219500000.0,5460400000.0,-7469200000.0,-1631900000.0,880700000.0,88700000.0,726900000.0,726900000.0,726900000.0,0.0,0.0,0.208,2430200000.0,1060800000.0,0.0,0.314,3.735,23.171,23.348,491900000.0,0.0,76.58,4.825,4.819,0.0,4556200000.0,3491000000.0,3491000000.0,0.0,0.012,0.17,0.023,0.304,-45100000.0,2035100000.0,1.0,219942279.0,219680628,219680628.0,15.891,67185400000.0,0.0,333900000.0,0.0,305.832,
55,NTRS,MRT,2007-09-30,2007-09-30,2007-09-30,2021-09-08,-152500000.0,63098900000.0,60738300000.0,,,0.054,19.823,-247700000.0,22136000000.0,22136000000.0,0.0,772700000.0,,13.474,7655900000.0,,,7655900000.0,0.0,205600000.0,47668800000.0,0.015,1.0,1135200000.0,1340800000.0,0.407,1340800000.0,1135200000.0,1135200000.0,3.53,3.46,3.53,4359400000.0,4143475000.0,4359400000.0,2464488558.0,2.0,1.838,376900000.0,1.714,1.0,3297600000.0,1.0,429600000.0,0.0,48189200000.0,46838925000.0,0.0,36711600000.0,,,58739500000.0,,,14585588558.0,46600000.0,0.0,12300000.0,-2352600000.0,-214600000.0,6747600000.0,-7432600000.0,-2621500000.0,624600000.0,107000000.0,772700000.0,772700000.0,772700000.0,0.0,0.0,0.234,2162400000.0,1135200000.0,0.0,0.283,3.346,18.876,18.773,478700000.0,0.0,66.27,4.423,4.42,0.0,4493600000.0,3297600000.0,3297600000.0,0.0,0.013,0.186,0.024,0.344,-21300000.0,1944600000.0,1.0,220093384.0,219914891,219914891.0,14.995,62669300000.0,0.0,362500000.0,0.0,284.971,
56,NTRS,MRT,2007-06-30,2007-06-30,2007-06-30,2021-09-08,-146800000.0,59609700000.0,58763800000.0,,,0.054,19.247,-257800000.0,19117800000.0,19117800000.0,0.0,728100000.0,,13.101,6996700000.0,,,6996700000.0,0.0,203600000.0,45862000000.0,0.015,0.98,1084600000.0,1288200000.0,0.408,1288200000.0,1084600000.0,1084600000.0,3.33,3.27,3.33,4227200000.0,4037625000.0,4227200000.0,-2227476397.0,-2.0,-1.729,314500000.0,1.432,1.0,3157400000.0,1.0,427000000.0,0.0,47061600000.0,46499325000.0,0.0,36650100000.0,,,55382500000.0,,,14094723603.0,-837700000.0,0.0,38400000.0,-1781000000.0,-209700000.0,5507200000.0,-6982300000.0,-3825500000.0,572300000.0,65100000.0,728100000.0,728100000.0,728100000.0,0.0,0.0,0.231,2072800000.0,1084600000.0,0.0,0.294,3.334,19.358,19.291,486100000.0,0.0,64.24,4.464,4.469,0.0,4340700000.0,3157400000.0,3157400000.0,0.0,0.012,0.18,0.023,0.344,-21300000.0,1865100000.0,1.0,219407279.0,219632587,219632587.0,14.376,59182700000.0,0.0,356500000.0,0.0,269.462,
57,NTRS,MRT,2007-03-31,2007-03-31,2007-03-31,2021-09-08,-154500000.0,59532400000.0,57192850000.0,,,0.054,18.48,-251800000.0,22113000000.0,22113000000.0,0.0,689100000.0,,13.723,5790800000.0,,,5790800000.0,0.0,201800000.0,47019600000.0,0.016,0.96,1056100000.0,1257900000.0,0.41,1257900000.0,1056100000.0,1056100000.0,3.16,3.11,3.16,4043400000.0,3932925000.0,4043400000.0,2214648515.0,2.0,1.761,111600000.0,0.51,1.0,3065600000.0,1.0,422100000.0,0.0,42788100000.0,45766075000.0,0.0,34215200000.0,,,55489000000.0,,,13187548515.0,-243900000.0,0.0,2500000.0,-3595100000.0,-205000000.0,8943700000.0,-9688200000.0,-5370900000.0,363400000.0,137200000.0,689100000.0,689100000.0,689100000.0,0.0,0.0,0.225,2009500000.0,1056100000.0,0.0,0.304,3.261,19.137,19.032,483000000.0,0.0,60.14,4.302,4.292,0.0,4190400000.0,3065600000.0,3065600000.0,0.0,0.012,0.175,0.023,0.345,-21300000.0,1805500000.0,1.0,219280820.0,218800423,218800423.0,14.011,59110300000.0,0.0,367000000.0,0.0,270.156,
58,NTRS,MRT,2006-12-31,2006-12-31,2006-12-31,2021-09-08,-148600000.0,60712200000.0,54858500000.0,,,0.054,18.111,-238500000.0,21751300000.0,21751300000.0,0.0,665400000.0,,14.394,10778400000.0,,,10778400000.0,0.0,199600000.0,43820200000.0,0.015,0.94,1024200000.0,1223800000.0,0.411,1223800000.0,1024200000.0,1024200000.0,3.06,3.0,3.06,3943900000.0,3847925000.0,3943900000.0,4859705514.0,5.0,3.971,150000000.0,0.689,1.0,2981100000.0,1.0,422500000.0,0.0,49316800000.0,46077275000.0,0.0,34974900000.0,,,56768300000.0,,,13229805514.0,1964800000.0,0.0,-43000000.0,1996100000.0,-200500000.0,6806500000.0,-5383200000.0,-90000000.0,388500000.0,153000000.0,665400000.0,665400000.0,665400000.0,0.0,0.0,0.223,1956900000.0,1024200000.0,0.0,0.307,3.354,19.882,19.833,487200000.0,0.0,60.69,4.438,4.433,0.0,4131200000.0,2981100000.0,2981100000.0,0.0,0.012,0.173,0.022,0.344,-21300000.0,1761100000.0,1.0,217989875.0,217766035,217766035.0,13.689,60289700000.0,0.0,358800000.0,0.0,276.855,
59,NTRS,MRT,2006-09-30,2006-09-30,2006-09-30,2021-09-08,-10500000.0,55200900000.0,53033900000.0,,,0.055,18.087,-207200000.0,18481700000.0,18481700000.0,0.0,642200000.0,,13.025,10111600000.0,,,10111600000.0,0.0,198000000.0,38675900000.0,0.016,0.92,1001000000.0,1199000000.0,0.413,1199000000.0,1001000000.0,1001000000.0,2.95,2.91,2.95,3936000000.0,3762150000.0,3936000000.0,3535422616.0,4.0,2.949,401900000.0,1.847,1.0,2900000000.0,1.0,0.0,0.0,46830800000.0,44560350000.0,0.0,33388900000.0,,,51264900000.0,,,12732722616.0,1346500000.0,-7100000.0,-93800000.0,2281900000.0,-196200000.0,7149800000.0,-6496000000.0,-6395800000.0,609100000.0,83600000.0,642200000.0,642200000.0,642200000.0,0.0,0.0,0.221,1899000000.0,1001000000.0,0.0,0.312,3.235,19.827,19.807,471600000.0,0.0,58.43,4.391,4.385,0.0,4016300000.0,2900000000.0,2900000000.0,0.0,0.012,0.171,0.022,0.345,0.0,1990000000.0,1.0,217914130.0,217618046,217618046.0,13.326,55200900000.0,0.0,358800000.0,0.0,253.66,
60,NTRS,MRT,2006-06-30,2006-06-30,2006-06-30,2021-09-08,-23200000.0,53325900000.0,51340525000.0,,,0.055,17.487,-187200000.0,18076800000.0,18076800000.0,0.0,626200000.0,,13.002,8879500000.0,,,8879500000.0,0.0,197400000.0,38683100000.0,0.016,0.9,976500000.0,1173900000.0,0.413,1173900000.0,976500000.0,976500000.0,2.88,2.84,2.88,3808400000.0,3660400000.0,3808400000.0,5895860224.0,6.0,5.022,335300000.0,1.54,1.0,2840100000.0,1.0,0.0,0.0,44128600000.0,43316425000.0,0.0,31819700000.0,,,49517500000.0,,,12057960224.0,2427400000.0,-7100000.0,-114600000.0,1578600000.0,-191900000.0,6816400000.0,-4974300000.0,-2474200000.0,522500000.0,62800000.0,626200000.0,626200000.0,626200000.0,0.0,0.0,0.22,1863600000.0,976500000.0,0.0,0.312,3.166,19.256,19.201,463200000.0,0.0,55.3,4.246,4.241,0.0,3902800000.0,2840100000.0,2840100000.0,0.0,0.012,0.171,0.023,0.344,0.0,1861300000.0,1.0,218046297.0,217785721,217785721.0,13.041,53325900000.0,0.0,350300000.0,0.0,244.855,
61,NTRS,MRT,2006-03-31,2006-03-31,2006-03-31,2021-09-08,-27000000.0,50195000000.0,49572950000.0,,,0.055,17.016,-173800000.0,15636500000.0,15636500000.0,0.0,608300000.0,,12.554,9474400000.0,,,9474400000.0,0.0,196600000.0,34608800000.0,0.017,0.88,926400000.0,1123000000.0,0.41,1123000000.0,926400000.0,926400000.0,2.8,2.76,2.8,3703400000.0,3569875000.0,3703400000.0,1276969348.0,1.0,1.137,323300000.0,1.485,1.0,2739600000.0,1.0,0.0,0.0,44032900000.0,42032000000.0,0.0,31165100000.0,,,46491600000.0,,,11441669348.0,537700000.0,-7100000.0,-103500000.0,2257900000.0,-187600000.0,1592700000.0,-1501100000.0,-2654400000.0,497100000.0,-51000000.0,608300000.0,608300000.0,608300000.0,0.0,0.0,0.222,1813200000.0,926400000.0,0.0,0.314,3.09,18.809,18.75,461400000.0,0.0,52.5,4.176,4.171,0.0,3785000000.0,2739600000.0,2739600000.0,0.0,0.012,0.17,0.022,0.338,0.0,1718600000.0,1.0,217936559.0,217645991,217645991.0,12.587,50195000000.0,0.0,318100000.0,0.0,230.627,
62,NTRS,MRT,2005-12-31,2005-12-31,2005-12-31,2021-09-08,-18700000.0,53413800000.0,48964525000.0,,,0.054,16.51,-173700000.0,19031900000.0,19031900000.0,0.0,584400000.0,,13.834,8867200000.0,,,8867200000.0,0.0,191700000.0,38519500000.0,0.017,0.86,887800000.0,1079500000.0,0.412,1079500000.0,887800000.0,887800000.0,2.68,2.64,2.68,3600800000.0,3484375000.0,3600800000.0,4737224976.0,5.0,4.388,409400000.0,1.877,1.0,2622700000.0,1.0,0.0,0.0,43249100000.0,40589625000.0,0.0,31077500000.0,,,49813000000.0,,,11309524976.0,943700000.0,-464900000.0,-114700000.0,348800000.0,-183500000.0,4523300000.0,-4069700000.0,-7105100000.0,583100000.0,-93000000.0,584400000.0,584400000.0,584400000.0,0.0,0.0,0.223,1734900000.0,887800000.0,0.0,0.321,3.141,19.352,19.336,471500000.0,0.0,51.82,4.312,4.309,0.0,3672100000.0,2622700000.0,2622700000.0,0.0,0.012,0.168,0.022,0.339,0.0,1562900000.0,1.0,218246333.0,218101996,218101996.0,12.025,53413800000.0,0.0,303400000.0,0.0,244.903,
63,NTRS,MRT,2005-09-30,2005-09-30,2005-09-30,2021-09-08,-18600000.0,48427400000.0,46930250000.0,,,0.054,16.187,-173800000.0,14375500000.0,14375500000.0,0.0,569400000.0,,12.723,7803200000.0,,,7803200000.0,0.0,185800000.0,33495400000.0,0.017,0.84,868400000.0,1054200000.0,0.414,1054200000.0,868400000.0,868400000.0,2.61,2.58,2.61,3529000000.0,3408075000.0,3529000000.0,3773479739.0,4.0,3.579,225500000.0,1.034,1.0,2546100000.0,1.0,0.0,0.0,41855100000.0,39423650000.0,0.0,29799400000.0,,,44898400000.0,,,11038179739.0,200200000.0,-457800000.0,-104700000.0,184700000.0,-179300000.0,1733600000.0,-1893100000.0,-4278200000.0,399300000.0,-39600000.0,569400000.0,569400000.0,569400000.0,0.0,0.0,0.224,1677700000.0,868400000.0,0.0,0.322,3.128,19.386,19.368,475100000.0,0.0,50.55,4.335,4.328,0.0,3574400000.0,2546100000.0,2546100000.0,0.0,0.012,0.167,0.022,0.341,0.0,1140500000.0,1.0,218361617.0,218012767,218012767.0,11.679,48427400000.0,0.0,299000000.0,0.0,222.131,
64,NTRS,MRT,2005-06-30,2005-06-30,2005-06-30,2021-09-08,-15500000.0,46255600000.0,45100900000.0,,,0.054,15.8,-160400000.0,14555100000.0,14555100000.0,0.0,536400000.0,,12.422,7290400000.0,,,7290400000.0,0.0,179800000.0,33057100000.0,0.018,0.82,811000000.0,990800000.0,0.409,990800000.0,811000000.0,811000000.0,2.45,2.43,2.45,3446300000.0,3332200000.0,3446300000.0,469701563.0,1.0,0.474,389800000.0,1.787,1.0,2424900000.0,1.0,0.0,0.0,38990900000.0,37598600000.0,0.0,28300400000.0,,,42809300000.0,,,9967601563.0,-43500000.0,-458300000.0,-107600000.0,-3225400000.0,-175300000.0,-1345400000.0,773800000.0,-2650100000.0,550200000.0,-22100000.0,536400000.0,536400000.0,536400000.0,0.0,0.0,0.221,1613900000.0,811000000.0,0.0,0.335,2.892,18.582,18.608,476500000.0,0.0,45.59,4.111,4.101,0.0,3482500000.0,2424900000.0,2424900000.0,0.0,0.012,0.161,0.022,0.334,0.0,1087100000.0,1.0,218635700.0,218114436,218114436.0,11.118,46255600000.0,0.0,274600000.0,0.0,212.07,
65,NTRS,MRT,2005-03-31,2005-03-31,2005-03-31,2021-09-08,-14900000.0,47761300000.0,44356825000.0,,,0.052,15.387,-144800000.0,16751100000.0,16751100000.0,0.0,517200000.0,,13.209,7253200000.0,,,7253200000.0,0.0,175400000.0,35096700000.0,0.018,0.8,774300000.0,949700000.0,0.409,949700000.0,774300000.0,774300000.0,2.36,2.34,2.36,3361400000.0,3265150000.0,3361400000.0,2808786993.0,4.0,2.958,486100000.0,2.225,1.0,2323800000.0,1.0,0.0,0.0,38263400000.0,37652875000.0,0.0,27759000000.0,,,44399900000.0,,,9500286993.0,860300000.0,-462000000.0,-116200000.0,428100000.0,-171200000.0,3670000000.0,-3451800000.0,-2804700000.0,630900000.0,11200000.0,517200000.0,517200000.0,517200000.0,0.0,0.0,0.223,1549500000.0,774300000.0,0.0,0.339,2.826,18.369,18.407,480700000.0,0.0,43.44,4.088,4.084,0.0,3389200000.0,2323800000.0,2323800000.0,0.0,0.012,0.158,0.021,0.333,0.0,1049000000.0,1.0,218699056.0,218453518,218453518.0,10.638,47761300000.0,0.0,257100000.0,0.0,218.634,
66,NTRS,MRT,2004-12-31,2004-12-31,2004-12-31,2021-09-08,-14700000.0,45276700000.0,42461225000.0,,,0.054,15.015,-133100000.0,15220000000.0,15220000000.0,0.0,505600000.0,,12.739,8528500000.0,,,8528500000.0,0.0,176400000.0,31057600000.0,0.016,0.78,755300000.0,931700000.0,0.407,931700000.0,755300000.0,755300000.0,2.3,2.27,2.3,3295600000.0,3204400000.0,3295600000.0,4094089640.0,5.0,4.394,521700000.0,2.377,1.0,2287000000.0,1.0,0.0,0.0,38585200000.0,36869225000.0,0.0,26984400000.0,,,41981100000.0,,,10649189640.0,456600000.0,-4200000.0,-112200000.0,-1239000000.0,-167000000.0,3249900000.0,-3482900000.0,-372700000.0,654800000.0,34800000.0,505600000.0,505600000.0,505600000.0,0.0,0.0,0.221,1531700000.0,755300000.0,0.0,0.339,3.231,21.062,21.122,465100000.0,0.0,48.58,4.656,4.662,0.0,3300600000.0,2287000000.0,2287000000.0,0.0,0.012,0.158,0.02,0.33,0.0,1029400000.0,1.0,219209338.0,219492478,219492478.0,10.419,45276700000.0,0.0,249700000.0,0.0,206.279,
67,NTRS,MRT,2004-09-30,2004-09-30,2004-09-30,2021-09-08,-14300000.0,41110000000.0,41504600000.0,,,0.054,14.713,-128600000.0,14174300000.0,14174300000.0,0.0,502700000.0,,11.745,7619200000.0,,,7619200000.0,0.0,173000000.0,28617800000.0,0.019,0.76,753600000.0,926600000.0,0.415,926600000.0,753600000.0,753600000.0,2.29,2.26,2.29,3225500000.0,3144325000.0,3225500000.0,4897201858.0,6.0,5.285,358100000.0,1.633,1.0,2233300000.0,1.0,0.0,0.0,34554900000.0,37237075000.0,0.0,24441900000.0,,,37884500000.0,,,8968501858.0,852800000.0,-11000000.0,-121400000.0,-2547200000.0,-162800000.0,131900000.0,234200000.0,2846800000.0,486700000.0,0.0,503400000.0,503400000.0,503400000.0,800000.0,-700000.0,0.225,1479600000.0,753700000.0,0.0,0.332,2.78,17.816,17.817,469800000.0,0.0,40.8,4.016,4.005,0.0,3218300000.0,2233300000.0,2233300000.0,0.0,0.012,0.16,0.02,0.337,0.0,1004800000.0,1.0,219816222.0,219234285,219234285.0,10.187,41110000000.0,0.0,250200000.0,0.0,187.516,
68,NTRS,MRT,2004-06-30,2004-06-30,2004-06-30,2021-09-08,-16300000.0,43279300000.0,41413150000.0,,,0.053,14.457,-132300000.0,14580000000.0,14580000000.0,0.0,501800000.0,,12.618,10508700000.0,,,10508700000.0,0.0,176200000.0,27879100000.0,0.018,0.74,757300000.0,933500000.0,0.423,933500000.0,757300000.0,757300000.0,2.29,2.25,2.29,3178100000.0,3088025000.0,3178100000.0,4267926668.0,6.0,4.572,451600000.0,2.054,1.0,2207600000.0,1.0,0.0,0.0,39208000000.0,38670875000.0,0.0,26396500000.0,,,40101200000.0,,,9318026668.0,-367300000.0,-11600000.0,-115100000.0,1214800000.0,-158500000.0,3540900000.0,-4492100000.0,-1292500000.0,583900000.0,0.0,502500000.0,502500000.0,502500000.0,1800000.0,-700000.0,0.228,1449200000.0,758400000.0,0.0,0.323,2.932,18.543,18.463,480200000.0,0.0,42.28,4.221,4.21,0.0,3152500000.0,2207600000.0,2207600000.0,0.0,0.012,0.163,0.02,0.343,0.0,999300000.0,1.0,220388521.0,219826748,223350239.0,10.042,43279300000.0,0.0,254800000.0,0.0,196.879,
69,NTRS,MRT,2004-03-31,2004-03-31,2004-03-31,2021-09-08,-11700000.0,40178900000.0,40361075000.0,,,0.054,14.168,-148200000.0,11845700000.0,11845700000.0,0.0,437600000.0,,11.884,6795600000.0,,,6795600000.0,0.0,185800000.0,28447600000.0,0.015,0.72,665900000.0,851700000.0,0.393,851700000.0,665900000.0,665900000.0,1.99,2.02,1.99,3118400000.0,3030025000.0,3118400000.0,8875287737.0,13.0,10.421,443300000.0,2.014,1.0,2166600000.0,1.0,0.0,0.0,35128800000.0,38230975000.0,0.0,25709600000.0,,,37060500000.0,,,10268887737.0,61700000.0,11100000.0,-81200000.0,-818600000.0,-154200000.0,2849300000.0,-3379100000.0,73500000.0,591500000.0,0.0,438000000.0,438000000.0,438000000.0,16600000.0,-400000.0,0.202,1484500000.0,682100000.0,0.0,0.362,3.293,23.445,23.412,491400000.0,0.0,46.59,4.74,4.733,0.0,3069100000.0,2166600000.0,2166600000.0,0.0,0.011,0.145,0.017,0.307,0.0,1017800000.0,1.0,220409696.0,220102831,220102831.0,9.844,40178900000.0,0.0,227900000.0,0.0,182.546,
70,NTRS,MRT,2003-12-31,2003-12-31,2003-12-31,2021-09-08,-8900000.0,41450200000.0,39428775000.0,,,0.053,13.875,-180300000.0,11161000000.0,11161000000.0,0.0,404800000.0,,12.567,9767400000.0,,,9767400000.0,0.0,186300000.0,26270000000.0,0.015,0.7,612600000.0,798900000.0,0.383,798900000.0,612600000.0,612600000.0,1.84,1.89,1.84,3055300000.0,3006950000.0,3055300000.0,9743890664.0,16.0,12.197,238400000.0,1.083,1.0,2087900000.0,1.0,0.0,0.0,40056600000.0,38269425000.0,0.0,27285100000.0,,,38394900000.0,,,10197990664.0,-1076300000.0,-97900000.0,-84500000.0,1154300000.0,-149900000.0,992000000.0,-2487000000.0,-2086500000.0,418700000.0,0.0,404800000.0,404800000.0,404800000.0,18500000.0,0.0,0.194,1456800000.0,631100000.0,0.0,0.38,3.338,25.193,25.152,498300000.0,0.0,46.28,4.884,4.881,0.0,2990700000.0,2087900000.0,2087900000.0,0.0,0.01,0.135,0.016,0.293,0.0,1006100000.0,1.0,220354163.0,220203094,220203094.0,9.482,41450200000.0,0.0,207800000.0,0.0,188.236,
71,NTRS,MRT,2003-09-30,2003-09-30,2003-09-30,2021-09-08,800000.0,40744200000.0,38935775000.0,,,0.052,13.621,-196600000.0,10612100000.0,10612100000.0,0.0,371400000.0,,12.58,10158000000.0,,,10158000000.0,0.0,176200000.0,25654000000.0,0.016,0.68,556800000.0,733000000.0,0.361,733000000.0,556800000.0,556800000.0,1.69,1.73,1.69,3000300000.0,2993075000.0,3000300000.0,7727424954.0,14.0,10.542,479200000.0,2.176,1.0,2028200000.0,1.0,0.0,0.0,40290100000.0,37274875000.0,0.0,27020500000.0,,,37743900000.0,,,9350024954.0,-526500000.0,-91100000.0,-64700000.0,-675100000.0,-150000000.0,326600000.0,-1528900000.0,-1606400000.0,675800000.0,0.0,370200000.0,370200000.0,370200000.0,18500000.0,1200000.0,0.183,1451700000.0,576500000.0,0.0,0.402,3.116,25.257,25.059,503900000.0,0.0,42.35,4.61,4.599,0.0,2911800000.0,2028200000.0,2028200000.0,0.0,0.01,0.124,0.015,0.275,0.0,993200000.0,1.0,220779810.0,220263066,220263066.0,9.208,40744200000.0,0.0,186600000.0,0.0,184.98,
72,NTRS,MRT,2003-06-30,2003-06-30,2003-06-30,2021-09-08,4000000.0,39071000000.0,38667350000.0,,,0.051,13.373,-217500000.0,10908200000.0,10908200000.0,0.0,354000000.0,,12.262,9285600000.0,,,9285600000.0,0.0,170100000.0,25299300000.0,0.016,0.68,527700000.0,697800000.0,0.35,697800000.0,527700000.0,527700000.0,1.61,1.65,1.61,2946100000.0,2979275000.0,2946100000.0,8002196198.0,15.0,11.468,300600000.0,1.365,1.0,1991300000.0,1.0,0.0,0.0,37448400000.0,37121500000.0,0.0,25756300000.0,,,36124900000.0,,,9169296198.0,-29800000.0,-90000000.0,-77000000.0,-1005100000.0,-150200000.0,1026900000.0,-1574800000.0,-2294300000.0,518100000.0,0.0,352200000.0,352200000.0,352200000.0,18600000.0,1800000.0,0.177,1443200000.0,548100000.0,0.0,0.422,3.112,26.034,25.839,508900000.0,0.0,41.6,4.605,4.602,0.0,2843400000.0,1991300000.0,1991300000.0,0.0,0.009,0.118,0.014,0.265,0.0,993100000.0,1.0,220415774.0,220297456,220297456.0,9.039,39071000000.0,0.0,175500000.0,0.0,177.356,
73,NTRS,MRT,2003-03-31,2003-03-31,2003-03-31,2021-09-08,4700000.0,36449700000.0,38349950000.0,,,0.052,13.732,-227300000.0,8772900000.0,8772900000.0,0.0,414200000.0,,11.045,7605800000.0,,,7605800000.0,0.0,159200000.0,24482400000.0,0.022,0.68,614300000.0,773500000.0,0.387,773500000.0,614300000.0,614300000.0,1.88,1.84,1.88,3026100000.0,2971075000.0,3026100000.0,3328954157.0,5.0,4.304,423300000.0,1.921,1.0,1996400000.0,1.0,0.0,0.0,35282600000.0,37256775000.0,0.0,25531200000.0,,,33423600000.0,,,6728754157.0,-179100000.0,-109000000.0,-111700000.0,-4379300000.0,-150300000.0,-2119100000.0,1289400000.0,-622500000.0,650600000.0,0.0,412100000.0,412100000.0,412100000.0,2900000.0,2100000.0,0.206,1377100000.0,619300000.0,0.0,0.362,2.224,16.328,16.197,521600000.0,0.0,30.45,3.37,3.361,0.0,2825100000.0,1996400000.0,1996400000.0,0.0,0.011,0.139,0.016,0.308,0.0,950600000.0,1.0,220977148.0,220373864,220373864.0,9.059,36449700000.0,0.0,202200000.0,0.0,165.399,
74,NTRS,MRT,2002-12-31,2002-12-31,2002-12-31,2021-09-08,7100000.0,39478200000.0,38729675000.0,,,0.052,13.601,-227000000.0,12004500000.0,12004500000.0,0.0,447100000.0,,12.16,8604700000.0,,,8604700000.0,0.0,158800000.0,26062100000.0,0.019,0.68,666800000.0,825600000.0,0.407,825600000.0,666800000.0,666800000.0,2.02,1.97,2.02,2999800000.0,2922475000.0,2999800000.0,7749462191.0,12.0,9.386,427600000.0,1.939,1.0,2029000000.0,1.0,0.0,0.0,36078400000.0,38625200000.0,0.0,24657600000.0,,,36478400000.0,,,7743362191.0,79900000.0,0.0,-119600000.0,-2081700000.0,-150500000.0,-1243200000.0,668500000.0,957200000.0,654600000.0,0.0,444900000.0,444900000.0,444900000.0,0.0,2200000.0,0.219,1360000000.0,669000000.0,0.0,0.337,2.581,17.405,17.351,515000000.0,0.0,35.05,3.816,3.81,0.0,2775300000.0,2029000000.0,2029000000.0,0.0,0.011,0.152,0.017,0.329,0.0,941900000.0,1.0,220923315.0,220552132,220552132.0,9.2,39478200000.0,0.0,221900000.0,0.0,178.997,
75,NTRS,MRT,2002-09-30,2002-09-30,2002-09-30,2021-09-08,7300000.0,39670500000.0,38778075000.0,,,0.051,13.361,-228600000.0,10826900000.0,10826900000.0,0.0,453200000.0,,12.47,10833000000.0,,,10833000000.0,0.0,157200000.0,24373100000.0,0.018,0.68,676300000.0,833500000.0,0.418,833500000.0,676300000.0,676300000.0,2.05,1.98,2.05,2945100000.0,2865900000.0,2945100000.0,8549386859.0,13.0,10.257,472200000.0,2.142,1.0,1996400000.0,1.0,0.0,0.0,39676600000.0,38910550000.0,0.0,26063400000.0,,,36725400000.0,,,8361286859.0,266300000.0,0.0,-148200000.0,2594600000.0,-143900000.0,3911800000.0,-4346300000.0,-2957100000.0,700800000.0,0.0,450800000.0,450800000.0,450800000.0,-2600000.0,2400000.0,0.226,1320300000.0,676100000.0,0.0,0.332,2.839,18.548,18.4,506800000.0,0.0,37.72,4.188,4.165,0.0,2721000000.0,1996400000.0,1996400000.0,0.0,0.012,0.157,0.017,0.339,0.0,917100000.0,1.0,221667202.0,220431828,220431828.0,9.057,39670500000.0,0.0,225500000.0,0.0,179.967,
76,NTRS,MRT,2002-06-30,2002-06-30,2002-06-30,2021-09-08,3800000.0,37801400000.0,37643350000.0,,,0.055,13.19,-228700000.0,10102500000.0,10102500000.0,0.0,483400000.0,,11.975,10290600000.0,,,10290600000.0,0.0,158300000.0,22923500000.0,0.015,0.665,722400000.0,880700000.0,0.429,880700000.0,722400000.0,722400000.0,2.18,2.1,2.18,2913300000.0,2811075000.0,2913300000.0,12556425801.0,17.0,14.257,379600000.0,1.719,1.0,2054500000.0,1.0,0.0,0.0,37989500000.0,37877350000.0,0.0,24779700000.0,,,34888100000.0,,,9768725801.0,145600000.0,0.0,-151900000.0,1006000000.0,-141700000.0,843400000.0,-1306100000.0,1026500000.0,608300000.0,0.0,480700000.0,480700000.0,480700000.0,-3700000.0,2700000.0,0.234,1333100000.0,721400000.0,0.0,0.305,3.353,20.322,20.211,497300000.0,0.0,44.06,4.755,4.737,0.0,2672900000.0,2054500000.0,2054500000.0,0.0,0.013,0.171,0.019,0.352,0.0,926400000.0,1.0,221714158.0,220864358,220864358.0,9.302,37801400000.0,0.0,241700000.0,0.0,171.152,
77,NTRS,MRT,2002-03-31,2002-03-31,2002-03-31,2021-09-08,-5000000.0,37968600000.0,37241275000.0,,,0.056,12.822,-243700000.0,9197400000.0,9197400000.0,0.0,487900000.0,,12.408,11985100000.0,,,11985100000.0,0.0,158500000.0,43561800000.0,0.011,0.65,729100000.0,887600000.0,0.429,887600000.0,729100000.0,729100000.0,2.2,2.12,2.2,2831700000.0,2748025000.0,2831700000.0,10871000342.0,15.0,12.248,475200000.0,2.152,1.0,2068000000.0,1.0,0.0,0.0,40756300000.0,38198950000.0,0.0,26836200000.0,,,35136900000.0,,,13323000342.0,-10500000.0,-500000.0,-143900000.0,1262800000.0,-139600000.0,-609100000.0,-120300000.0,1930100000.0,718900000.0,0.0,484700000.0,484700000.0,484700000.0,-2800000.0,3200000.0,0.234,1338500000.0,729500000.0,0.0,0.295,4.705,27.487,27.323,493700000.0,0.0,60.11,6.442,6.42,0.0,2600700000.0,2068000000.0,2068000000.0,0.0,0.013,0.176,0.019,0.353,0.0,943200000.0,1.0,221643659.0,220854363,220854363.0,9.364,37968600000.0,0.0,244400000.0,0.0,171.917,
78,NTRS,MRT,2001-12-31,2001-12-31,2001-12-31,2021-09-08,-2400000.0,39671800000.0,37298575000.0,,,0.056,12.526,-254300000.0,13138300000.0,13138300000.0,0.0,487500000.0,,13.304,10686300000.0,,,10686300000.0,0.0,158700000.0,25019300000.0,0.011,0.635,726100000.0,884800000.0,0.427,884800000.0,726100000.0,726100000.0,2.18,2.1,2.18,2773500000.0,2683250000.0,2773500000.0,13811757110.0,19.0,15.61,502100000.0,2.268,1.0,2073300000.0,1.0,0.0,0.0,37219800000.0,38889650000.0,0.0,24311000000.0,,,36898300000.0,,,13375757110.0,304500000.0,-1500000.0,-133100000.0,1316500000.0,-137900000.0,3294300000.0,-3746200000.0,-3491500000.0,756400000.0,0.0,483400000.0,483400000.0,483400000.0,-2800000.0,4100000.0,0.233,1345900000.0,727400000.0,0.0,0.291,4.823,27.67,27.624,488700000.0,0.0,60.22,6.451,6.431,0.0,2520100000.0,2073300000.0,2073300000.0,0.0,0.013,0.18,0.019,0.35,0.0,946500000.0,1.0,222114864.0,221425584,221425584.0,9.363,39671800000.0,0.0,242700000.0,0.0,179.165,
79,NTRS,MRT,2001-09-30,2001-09-30,2001-09-30,2021-09-08,-7900000.0,35131600000.0,36386200000.0,,,0.06,12.309,-291300000.0,7826100000.0,7826100000.0,0.0,510600000.0,,11.889,8238300000.0,,,8238300000.0,0.0,162300000.0,22788500000.0,0.012,0.62,761800000.0,924100000.0,0.423,924100000.0,761800000.0,761800000.0,2.29,2.21,2.29,2725800000.0,2605425000.0,2725800000.0,14765349866.0,19.0,15.978,450700000.0,2.035,1.0,2184300000.0,1.0,0.0,0.0,35543800000.0,38894525000.0,0.0,24772200000.0,,,32405800000.0,,,11682549866.0,323800000.0,-3000000.0,-107600000.0,-1908200000.0,-132200000.0,-498500000.0,80300000.0,-700800000.0,742000000.0,0.0,505700000.0,505700000.0,505700000.0,0.0,4900000.0,0.232,1417600000.0,766700000.0,0.0,0.271,4.286,23.102,22.917,484600000.0,0.0,52.48,5.348,5.321,0.0,2462700000.0,2184300000.0,2184300000.0,0.0,0.014,0.194,0.02,0.349,0.0,995700000.0,1.0,222609563.0,221453555,228778525.0,9.863,35131600000.0,0.0,256100000.0,0.0,158.641,
80,NTRS,MRT,2001-06-30,2001-06-30,2001-06-30,2021-09-08,-13200000.0,36193100000.0,36301725000.0,,,0.06,12.003,-292600000.0,6201700000.0,6201700000.0,0.0,507300000.0,,12.601,9284500000.0,,,9284500000.0,0.0,156900000.0,22846200000.0,0.01,0.6,755800000.0,912700000.0,0.42,912700000.0,755800000.0,755800000.0,2.27,2.19,2.27,2661100000.0,2514100000.0,2661100000.0,19236053500.0,25.0,21.076,404200000.0,1.823,1.0,2172100000.0,1.0,0.0,0.0,39275900000.0,40081200000.0,0.0,27713700000.0,,,33532000000.0,,,13914753500.0,291700000.0,-6300000.0,-123000000.0,-1865700000.0,-98300000.0,-1539600000.0,1134500000.0,-1722900000.0,696800000.0,0.0,501800000.0,501800000.0,501800000.0,0.0,5500000.0,0.231,1410800000.0,761300000.0,0.0,0.264,5.229,27.73,27.533,480400000.0,0.0,62.5,6.406,6.379,0.0,2376600000.0,2172100000.0,2172100000.0,0.0,0.014,0.2,0.019,0.348,0.0,992100000.0,1.0,222636056.0,221701482,229484490.0,9.797,36193100000.0,0.0,254000000.0,0.0,163.252,
81,NTRS,MRT,2001-03-31,2001-03-31,2001-03-31,2021-09-08,-13100000.0,38197800000.0,36465475000.0,,,0.059,11.611,-273200000.0,5400900000.0,5400900000.0,0.0,499000000.0,,13.848,10722200000.0,,,10722200000.0,0.0,170500000.0,23591900000.0,0.009,0.58,743600000.0,914100000.0,0.426,914100000.0,743600000.0,743600000.0,2.23,2.15,2.23,2572600000.0,2425050000.0,2572600000.0,15363673375.0,21.0,16.807,230900000.0,1.042,1.0,2146600000.0,1.0,0.0,0.0,43519100000.0,40708150000.0,0.0,30526500000.0,,,35625200000.0,,,14146673375.0,-47400000.0,-34000000.0,-153000000.0,2202600000.0,-124300000.0,4072000000.0,-4623500000.0,-7547000000.0,504100000.0,0.0,493200000.0,493200000.0,493200000.0,0.0,5800000.0,0.23,1397200000.0,749400000.0,0.0,0.26,5.499,28.683,28.027,466400000.0,0.0,62.5,6.59,6.451,0.0,2287700000.0,2146600000.0,2146600000.0,0.0,0.014,0.203,0.018,0.346,0.0,976200000.0,1.0,226346774.0,221567912,229821275.0,9.688,38197800000.0,0.0,250400000.0,0.0,172.398,
82,NTRS,MRT,2000-12-31,2000-12-31,2000-12-31,2021-09-08,-13200000.0,36022300000.0,35220875000.0,,,0.06,11.143,-245700000.0,8152700000.0,8152700000.0,0.0,485100000.0,,13.63,9369700000.0,,,9369700000.0,0.0,144700000.0,22827900000.0,0.007,0.56,724400000.0,869100000.0,0.412,869100000.0,724400000.0,724400000.0,2.17,2.08,2.17,2462200000.0,2344800000.0,2462200000.0,23585344977.0,33.0,27.138,125400000.0,0.568,1.0,2111800000.0,1.0,0.0,0.0,37239300000.0,38768675000.0,0.0,25251300000.0,,,33560100000.0,,,18088544977.0,309900000.0,-33000000.0,-163100000.0,5274300000.0,-119900000.0,6455300000.0,-6516500000.0,-5987200000.0,371100000.0,0.0,479400000.0,479400000.0,479400000.0,0.0,5700000.0,0.227,1381700000.0,730100000.0,0.0,0.258,7.346,37.732,37.585,448100000.0,0.0,81.56,8.565,8.534,0.0,2200000000.0,2111800000.0,2111800000.0,0.0,0.014,0.204,0.019,0.343,0.0,958800000.0,1.0,221782062.0,220961477,230613311.0,9.557,36022300000.0,0.0,245000000.0,0.0,163.025,
83,NTRS,MRT,2000-09-30,2000-09-30,2000-09-30,2021-09-08,-13100000.0,34793700000.0,33392350000.0,,,0.061,10.693,-217500000.0,4649600000.0,4649600000.0,0.0,465600000.0,,13.74,10146400000.0,,,10146400000.0,0.0,186700000.0,21154600000.0,0.005,0.473,697900000.0,884600000.0,0.437,884600000.0,697900000.0,697900000.0,2.09,2.0,2.09,2360500000.0,2272925000.0,2360500000.0,24682504091.0,35.0,27.902,423600000.0,1.919,1.0,2023400000.0,1.0,0.0,0.0,40290500000.0,36305450000.0,0.0,27792600000.0,,,32433200000.0,,,19718004091.0,-413400000.0,-31500000.0,-182100000.0,-907200000.0,-122400000.0,892600000.0,-1947100000.0,-1944300000.0,641100000.0,0.0,460100000.0,460100000.0,460100000.0,0.0,5500000.0,0.227,1320000000.0,703400000.0,0.0,0.226,8.353,42.856,42.526,409800000.0,0.0,88.88,9.745,9.697,0.0,2116800000.0,2023400000.0,2023400000.0,0.0,0.014,0.202,0.019,0.345,0.0,939300000.0,1.0,221849731.0,220749384,230936938.0,9.166,34793700000.0,0.0,237800000.0,0.0,157.616,
84,NTRS,MRT,2000-06-30,2000-06-30,2000-06-30,2021-09-08,-13100000.0,36848100000.0,33115150000.0,,,0.058,10.429,-201800000.0,6214500000.0,6214500000.0,0.0,446500000.0,,14.987,11150100000.0,,,11150100000.0,0.0,164700000.0,22312200000.0,0.007,0.458,671400000.0,836100000.0,0.434,836100000.0,671400000.0,671400000.0,2.0,1.92,2.0,2304900000.0,2213550000.0,2304900000.0,17004629217.0,25.0,20.338,471500000.0,2.133,1.0,1927900000.0,1.0,0.0,0.0,41783700000.0,35561625000.0,0.0,28479700000.0,,,34543200000.0,,,14462829217.0,658300000.0,-28200000.0,-158700000.0,2173000000.0,-148600000.0,5906600000.0,-5921600000.0,-4484000000.0,673300000.0,0.0,441200000.0,441200000.0,441200000.0,0.0,5300000.0,0.229,1251200000.0,676700000.0,0.0,0.229,6.275,32.781,32.53,394500000.0,0.0,65.06,7.502,7.458,0.0,2034800000.0,1927900000.0,1927900000.0,0.0,0.013,0.199,0.019,0.348,0.0,896500000.0,1.0,222299865.0,221010593,230503264.0,8.723,36848100000.0,0.0,230200000.0,0.0,166.725,
85,NTRS,MRT,2000-03-31,2000-03-31,2000-03-31,2021-09-08,-13200000.0,33219400000.0,31450825000.0,,,0.058,10.179,-194000000.0,5977700000.0,5977700000.0,0.0,423200000.0,,13.754,8519500000.0,,,8519500000.0,0.0,123200000.0,21454700000.0,0.007,0.443,638400000.0,761600000.0,0.417,761600000.0,638400000.0,638400000.0,1.89,1.82,1.89,2251600000.0,2156425000.0,2251600000.0,18602533615.0,29.0,24.426,489300000.0,2.212,1.0,1828100000.0,1.0,0.0,0.0,35761200000.0,33729350000.0,0.0,25271200000.0,,,30967800000.0,,,15038433615.0,397600000.0,0.0,-138100000.0,367700000.0,-115000000.0,4989300000.0,-5275000000.0,-3807200000.0,683300000.0,0.0,418200000.0,418200000.0,418200000.0,0.0,5000000.0,0.229,1184700000.0,643400000.0,0.0,0.234,6.679,35.96,35.746,384900000.0,0.0,67.56,8.226,8.175,0.0,1945300000.0,1828100000.0,1828100000.0,0.0,0.013,0.194,0.019,0.349,0.0,856700000.0,1.0,222593748.0,221199338,230120655.0,8.264,33219400000.0,0.0,220200000.0,0.0,150.179,
86,NTRS,MRT,1999-12-31,1999-12-31,1999-12-31,2021-09-08,-2400000.0,28708200000.0,30034625000.0,,,0.058,9.81,-194700000.0,5417100000.0,5417100000.0,0.0,405000000.0,,12.201,4095300000.0,,,4095300000.0,0.0,120500000.0,21371000000.0,0.008,0.427,611700000.0,732200000.0,0.42,732200000.0,611700000.0,611700000.0,1.81,1.74,1.81,2174700000.0,2101275000.0,2174700000.0,15361568644.0,25.0,20.98,412100000.0,1.859,1.0,1741500000.0,1.0,0.0,0.0,27386400000.0,32561000000.0,0.0,21467300000.0,,,26533500000.0,,,11797468644.0,-388100000.0,0.0,-115600000.0,-2717700000.0,-111400000.0,234700000.0,-1229600000.0,-2023700000.0,606800000.0,0.0,400200000.0,400200000.0,400200000.0,0.0,4800000.0,0.23,1125000000.0,616500000.0,0.0,0.236,5.425,29.479,29.282,380400000.0,0.0,53.0,6.774,6.746,0.0,1870700000.0,1741500000.0,1741500000.0,0.0,0.013,0.19,0.019,0.351,0.0,819000000.0,1.0,222593748.0,221673316,229874028.0,7.856,28708200000.0,0.0,211500000.0,0.0,129.507,
87,NTRS,MRT,1999-09-30,1999-09-30,1999-09-30,2021-09-08,-3000000.0,33684900000.0,29825075000.0,,,0.056,9.574,-222400000.0,7423100000.0,7423100000.0,0.0,390600000.0,,14.867,11053400000.0,,,11053400000.0,0.0,56000000.0,19061200000.0,0.011,0.48,591000000.0,647000000.0,0.385,647000000.0,591000000.0,591000000.0,1.73,1.685,1.73,2123000000.0,2042675000.0,2123000000.0,13548900176.0,23.0,20.941,234200000.0,1.056,1.0,1679300000.0,1.0,0.0,0.0,37315200000.0,32680900000.0,0.0,24603200000.0,,,31561900000.0,,,9308000176.0,670000000.0,0.0,-95300000.0,2678100000.0,-108300000.0,4502300000.0,-4288900000.0,-3081700000.0,456600000.0,0.0,385900000.0,385900000.0,385900000.0,0.0,4700000.0,0.23,1083600000.0,595700000.0,0.0,0.277,4.384,24.12,24.133,356900000.0,0.0,41.75,5.543,5.513,0.0,1798300000.0,1679300000.0,1679300000.0,0.0,0.013,0.189,0.018,0.352,0.0,795700000.0,1.0,222946112.0,221752584,229537752.0,7.573,33684900000.0,0.0,205100000.0,0.0,151.903,
88,NTRS,MRT,1999-06-30,1999-06-30,1999-06-30,2021-09-08,1500000.0,30190800000.0,28423550000.0,,,0.057,9.355,-198900000.0,4713200000.0,4713200000.0,0.0,376600000.0,,13.54,8977000000.0,,,8977000000.0,0.0,54800000.0,18280300000.0,0.01,0.465,570900000.0,625700000.0,0.385,625700000.0,570900000.0,570900000.0,1.675,1.625,1.675,2076400000.0,1981600000.0,2076400000.0,14362617269.0,25.0,22.954,170300000.0,0.767,1.0,1626800000.0,1.0,0.0,0.0,34454600000.0,30853875000.0,0.0,23839400000.0,,,28114400000.0,,,10829417269.0,-115100000.0,0.0,-93000000.0,-1153100000.0,-105200000.0,-189600000.0,-294700000.0,892900000.0,369200000.0,0.0,372000000.0,372000000.0,372000000.0,0.0,4600000.0,0.229,1051300000.0,575500000.0,0.0,0.278,5.215,29.111,28.955,350000000.0,0.0,48.5,6.657,6.617,0.0,1721800000.0,1626800000.0,1626800000.0,0.0,0.013,0.188,0.019,0.351,0.0,773900000.0,1.0,223286954.0,221949172,230294202.0,7.33,30190800000.0,0.0,198900000.0,0.0,136.026,
89,NTRS,MRT,1999-03-31,1999-03-31,1999-03-31,2021-09-08,3900000.0,27554600000.0,28320100000.0,,,0.056,9.163,-172000000.0,4618400000.0,4618400000.0,0.0,364100000.0,,12.567,8151600000.0,,,8151600000.0,0.0,53400000.0,16592200000.0,0.01,0.45,552800000.0,606200000.0,0.383,606200000.0,552800000.0,552800000.0,1.625,1.57,1.625,2031000000.0,1922775000.0,2031000000.0,9886478758.0,18.0,16.309,171000000.0,0.772,1.0,1584800000.0,1.0,0.0,0.0,31087800000.0,30561025000.0,0.0,21269700000.0,,,25523600000.0,,,9890478758.0,71100000.0,-15000000.0,-89500000.0,2561700000.0,-102100000.0,2799000000.0,-3070900000.0,-2099700000.0,343000000.0,0.0,359400000.0,359400000.0,359400000.0,0.0,4700000.0,0.227,1027300000.0,557500000.0,0.0,0.277,4.87,27.519,27.326,346200000.0,0.0,44.405,6.241,6.21,0.0,1650000000.0,1584800000.0,1584800000.0,0.0,0.013,0.187,0.018,0.349,0.0,755900000.0,1.0,222733448.0,221643090,230140766.0,7.15,27554600000.0,0.0,193400000.0,0.0,124.32,
90,NTRS,MRT,1998-12-31,1998-12-31,1998-12-31,2021-09-08,-600000.0,27870000000.0,27494400000.0,,,0.056,8.765,-145000000.0,6816900000.0,6816900000.0,0.0,353900000.0,,13.364,6812900000.0,,,6812900000.0,0.0,52400000.0,18202700000.0,0.01,0.435,537800000.0,590200000.0,0.383,590200000.0,537800000.0,537800000.0,1.58,1.52,1.58,1940300000.0,1865150000.0,1940300000.0,11623702599.0,22.0,19.695,354700000.0,1.602,1.0,1539800000.0,1.0,0.0,0.0,27866000000.0,29085075000.0,0.0,19503700000.0,,,25929700000.0,,,9695402599.0,627100000.0,-15000000.0,-97000000.0,336700000.0,-98500000.0,1988000000.0,-1860600000.0,-672100000.0,499700000.0,0.0,349000000.0,349000000.0,349000000.0,0.0,4900000.0,0.227,997100000.0,542700000.0,0.0,0.275,4.997,27.781,27.63,340200000.0,0.0,43.655,6.297,6.276,0.0,1582900000.0,1539800000.0,1539800000.0,0.0,0.013,0.187,0.018,0.349,0.0,739500000.0,1.0,222091458.0,221366976,229734116.0,6.956,27870000000.0,0.0,188800000.0,0.0,125.9,
91,NTRS,MRT,1998-09-30,1998-09-30,1998-09-30,2021-09-08,-700000.0,28078800000.0,26855750000.0,,,0.055,8.5,-73500000.0,6447100000.0,6447100000.0,0.0,343600000.0,,13.946,8375400000.0,,,8375400000.0,0.0,51500000.0,17041600000.0,0.012,0.42,521100000.0,572600000.0,0.385,572600000.0,521100000.0,521100000.0,1.53,1.48,1.53,1878700000.0,1814825000.0,1878700000.0,11102870672.0,21.0,19.39,187000000.0,0.846,1.0,1487400000.0,1.0,0.0,0.0,30007100000.0,28304400000.0,0.0,20073400000.0,,,26200100000.0,,,7596670672.0,-1188400000.0,-68000000.0,-103400000.0,-310500000.0,-95300000.0,700900000.0,-2149800000.0,-1971100000.0,260500000.0,0.0,338600000.0,338600000.0,338600000.0,0.0,5000000.0,0.228,961300000.0,526100000.0,0.0,0.275,4.044,22.436,22.304,334400000.0,0.0,34.125,5.107,5.071,0.0,1519400000.0,1487400000.0,1487400000.0,0.0,0.013,0.187,0.018,0.35,0.0,712900000.0,1.0,222613060.0,221036342,229428380.0,6.729,28078800000.0,0.0,182500000.0,0.0,127.033,
92,NTRS,MRT,1998-06-30,1998-06-30,1998-06-30,2021-09-08,300000.0,29777000000.0,26565850000.0,,,0.055,8.308,-68500000.0,6624100000.0,6624100000.0,0.0,334400000.0,,15.173,10130300000.0,,,10130300000.0,0.0,51000000.0,17124300000.0,0.011,0.405,507700000.0,558700000.0,0.381,558700000.0,507700000.0,507700000.0,1.485,1.44,1.485,1841100000.0,1769525000.0,1841100000.0,9435523216.0,19.0,16.888,245500000.0,1.108,1.0,1465000000.0,1.0,0.0,0.0,33283200000.0,27864325000.0,0.0,21776300000.0,,,27935900000.0,,,8503323216.0,-402200000.0,-68000000.0,-85500000.0,2280100000.0,-91800000.0,3346200000.0,-4062400000.0,-4213500000.0,314000000.0,0.0,329300000.0,329300000.0,329300000.0,0.0,5100000.0,0.225,952200000.0,512800000.0,0.0,0.273,4.619,25.822,25.673,329500000.0,0.0,38.125,5.804,5.767,0.0,1453800000.0,1465000000.0,1465000000.0,0.0,0.012,0.186,0.018,0.347,0.0,702100000.0,1.0,223037986.0,221617352,230013132.0,6.61,29777000000.0,0.0,178400000.0,0.0,134.362,
93,NTRS,MRT,1998-03-31,1998-03-31,1998-03-31,2021-09-08,1900000.0,24251800000.0,25634350000.0,,,0.055,8.118,-66400000.0,4658000000.0,4658000000.0,0.0,322600000.0,,12.469,5590200000.0,,,5590200000.0,0.0,50300000.0,16166200000.0,0.01,0.39,488400000.0,538700000.0,0.381,538700000.0,488400000.0,488400000.0,1.43,1.39,1.43,1800500000.0,1721475000.0,1800500000.0,7763872294.0,16.0,14.412,195100000.0,0.88,1.0,1415000000.0,1.0,0.0,0.0,25184000000.0,26585525000.0,0.0,18103700000.0,,,22451300000.0,,,8335972294.0,175400000.0,-53000000.0,-65100000.0,-182800000.0,-88400000.0,623400000.0,-709500000.0,-1288000000.0,261500000.0,0.0,317500000.0,317500000.0,317500000.0,0.0,5100000.0,0.224,921500000.0,493500000.0,0.0,0.273,4.63,26.255,26.136,327800000.0,0.0,37.375,5.891,5.859,0.0,1391200000.0,1415000000.0,1415000000.0,0.0,0.012,0.184,0.018,0.345,0.0,681300000.0,1.0,223036048.0,221804222,230111592.0,6.379,24251800000.0,0.0,170900000.0,0.0,109.339,
94,NTRS,MRT,1997-12-31,1997-12-31,1997-12-31,2021-09-08,2100000.0,25315400000.0,25379350000.0,,,0.054,7.835,-54200000.0,7048300000.0,7048300000.0,0.0,309400000.0,,13.557,6476200000.0,,,6476200000.0,0.0,49300000.0,16360000000.0,0.011,0.375,466900000.0,516200000.0,0.379,516200000.0,466900000.0,466900000.0,1.37,1.33,1.37,1739000000.0,1669650000.0,1739000000.0,9108219266.0,20.0,17.645,146900000.0,0.662,1.0,1363700000.0,1.0,0.0,0.0,24743300000.0,26394650000.0,0.0,16638800000.0,,,23576400000.0,,,7780619266.0,446400000.0,-53000000.0,-53200000.0,813200000.0,-85300000.0,3245700000.0,-3000400000.0,-2962900000.0,201100000.0,0.0,304400000.0,304400000.0,304400000.0,0.0,5000000.0,0.223,891800000.0,471900000.0,0.0,0.274,4.474,25.561,25.456,316400000.0,0.0,34.875,5.706,5.676,0.0,1330800000.0,1363700000.0,1363700000.0,0.0,0.012,0.182,0.018,0.342,0.0,656200000.0,1.0,223100194.0,221955290,229322312.0,6.144,25315400000.0,0.0,162500000.0,0.0,114.056,
95,NTRS,MRT,1997-09-30,1997-09-30,1997-09-30,2021-09-08,2100000.0,26919200000.0,24452575000.0,,,0.053,7.642,-52200000.0,7358300000.0,7358300000.0,0.0,295500000.0,,14.858,8685900000.0,,,8685900000.0,0.0,48600000.0,15843400000.0,0.012,0.36,443900000.0,492500000.0,0.377,492500000.0,443900000.0,443900000.0,1.335,1.28,1.335,1697500000.0,1620925000.0,1697500000.0,8277082581.0,19.0,16.806,229200000.0,1.032,1.0,1307500000.0,1.0,0.0,0.0,28246800000.0,25899300000.0,0.0,18148400000.0,,,25221700000.0,,,6603582581.0,1225000000.0,-14600000.0,-58300000.0,2730900000.0,-82600000.0,4999400000.0,-4055800000.0,-3671700000.0,281400000.0,0.0,290600000.0,290600000.0,290600000.0,0.0,4900000.0,0.222,858700000.0,448800000.0,0.0,0.27,3.89,22.724,22.146,312400000.0,0.0,29.565,5.051,5.023,0.0,1274300000.0,1307500000.0,1307500000.0,0.0,0.012,0.179,0.017,0.34,0.0,627500000.0,1.0,223358112.0,222131878,229439594.0,5.886,26919200000.0,0.0,153300000.0,0.0,121.186,
96,NTRS,MRT,1997-06-30,1997-06-30,1997-06-30,2021-09-08,2200000.0,26051000000.0,23062800000.0,,,0.054,7.425,-50600000.0,5732900000.0,5732900000.0,0.0,281000000.0,,14.799,7849900000.0,,,7849900000.0,0.0,47800000.0,15891100000.0,0.014,0.348,418700000.0,466500000.0,0.376,466500000.0,418700000.0,418700000.0,1.26,1.215,1.26,1648900000.0,1575750000.0,1648900000.0,6582893365.0,16.0,14.111,416500000.0,1.876,1.0,1239300000.0,1.0,0.0,0.0,28168000000.0,24799600000.0,0.0,18994000000.0,,,24402100000.0,,,5394193365.0,558700000.0,-14600000.0,-72500000.0,1276400000.0,-80100000.0,3753200000.0,-3661600000.0,-4175700000.0,467100000.0,0.0,276200000.0,276200000.0,276200000.0,0.0,4800000.0,0.223,815800000.0,423500000.0,0.0,0.276,3.271,19.53,19.198,312000000.0,0.0,24.19,4.353,4.334,0.0,1214400000.0,1239300000.0,1239300000.0,0.0,0.012,0.175,0.017,0.338,0.0,596300000.0,1.0,222992698.0,222059232,228967682.0,5.581,26051000000.0,0.0,142500000.0,0.0,117.316,
97,NTRS,MRT,1997-03-31,1997-03-31,1997-03-31,2021-09-08,200000.0,23231800000.0,21987850000.0,,,0.054,7.181,-52600000.0,4564000000.0,4564000000.0,0.0,269000000.0,,13.582,5752700000.0,,,5752700000.0,0.0,47300000.0,15213900000.0,0.018,0.335,398900000.0,446200000.0,0.374,446200000.0,398900000.0,398900000.0,1.195,1.16,1.195,1593200000.0,1536950000.0,1593200000.0,5333132688.0,13.0,11.952,181900000.0,0.82,1.0,1194600000.0,1.0,0.0,0.0,24420500000.0,23856225000.0,0.0,17241500000.0,,,21638600000.0,,,4179532688.0,-177100000.0,-14600000.0,-90500000.0,-572700000.0,-77600000.0,2379600000.0,-2791200000.0,-2322500000.0,234500000.0,0.0,264200000.0,264200000.0,264200000.0,0.0,4800000.0,0.221,790900000.0,403700000.0,0.0,0.28,2.623,15.82,15.69,291700000.0,0.0,18.75,3.499,3.482,0.0,1160600000.0,1194600000.0,1194600000.0,0.0,0.012,0.172,0.017,0.334,0.0,574300000.0,1.0,222908410.0,221859420,229298986.0,5.384,23231800000.0,0.0,134700000.0,0.0,104.714,
98,NTRS,MRT,1996-12-31,1996-12-31,1996-12-31,2021-09-08,1600000.0,21608300000.0,21255325000.0,,,0.054,6.897,-56800000.0,4489400000.0,4489400000.0,0.0,258800000.0,,12.994,5643000000.0,,,5643000000.0,0.0,46800000.0,13796200000.0,0.018,0.323,382500000.0,429300000.0,0.371,429300000.0,382500000.0,382500000.0,1.135,1.105,1.135,1544100000.0,1505800000.0,1544100000.0,,,,291200000.0,1.301,1.0,1156300000.0,1.0,0.0,0.0,22761900000.0,23626300000.0,0.0,15604000000.0,,,20064200000.0,,,4040214931.0,-16400000.0,-14600000.0,-106100000.0,110000000.0,-74700000.0,1243000000.0,-1607400000.0,-1490200000.0,348000000.0,0.0,253900000.0,253900000.0,253900000.0,0.0,4900000.0,0.22,768900000.0,387400000.0,0.0,0.285,2.617,15.913,15.969,291500000.0,0.0,18.125,3.494,3.509,0.0,1110200000.0,1156300000.0,1156300000.0,0.0,0.012,0.169,0.016,0.331,0.0,558000000.0,1.0,222908410.0,223867658,229678236.0,5.165,21608300000.0,0.0,128600000.0,0.0,96.523,
99,NTRS,MRT,1996-09-30,1996-09-30,1996-09-30,2021-09-08,-200000.0,21360100000.0,20836625000.0,,,,6.621,,3447000000.0,3447000000.0,,,,13.082,5934900000.0,,,5934900000.0,0.0,,13438600000.0,0.019,0.31,,,,,,,,,,1516800000.0,1482925000.0,1516800000.0,,,,,,1.0,,,0.0,,23848000000.0,23529175000.0,0.0,16737000000.0,,,19843300000.0,,,,,,,,,,,,,,,,,,,,,,0.0,,,,,288800000.0,,16.438,,,0.0,1064100000.0,,,,,,,,,,1.0,,229074360,,,21360100000.0,0.0,,0.0,93.245,
100,NTRS,MRT,1996-06-30,1996-06-30,1996-06-30,2021-09-08,-1100000.0,21751200000.0,,,,,6.501,,3578100000.0,3578100000.0,,,,13.562,6221400000.0,,,6221400000.0,0.0,,13267800000.0,0.021,0.297,,,,,,,,,,1493700000.0,,1493700000.0,,,,,,1.0,,,0.0,,24394500000.0,,0.0,16708500000.0,,,20257500000.0,,,,,,,,,,,,,,,,,,,,,,0.0,,,,,289200000.0,,14.438,,,0.0,1016400000.0,,,,,,,,,,1.0,,229778868,,,21751200000.0,0.0,,0.0,94.661,
101,NTRS,MRT,1996-03-31,1996-03-31,1996-03-31,2021-09-08,-3000000.0,20301700000.0,,,,,6.386,,3127800000.0,3127800000.0,,,,12.824,6326900000.0,,,6326900000.0,0.0,,12100400000.0,0.021,0.285,,,,,,,,,,1468600000.0,,1468600000.0,,,,,,1.0,,,0.0,,23500800000.0,,0.0,16112900000.0,,,18833100000.0,,,,,,,,,,,,,,,,,,,,,,0.0,,,,,287900000.0,,13.5,,,0.0,971700000.0,,,,,,,,,,1.0,,229963748,,,20301700000.0,0.0,,0.0,88.282,
102,NTRS,MRT,1995-12-31,1995-12-31,1995-12-31,2021-09-08,2600000.0,19933500000.0,,,,,6.559,-37300000.0,3093100000.0,3093100000.0,0.0,220000000.0,,12.723,5533000000.0,,,5533000000.0,0.0,42200000.0,12488200000.0,0.019,0.273,312000000.0,354200000.0,0.344,354200000.0,312000000.0,312000000.0,0.955,0.93,0.955,1452600000.0,,1452600000.0,,,,104500000.0,0.472,1.0,1030000000.0,1.0,0.0,0.0,22373400000.0,,0.0,15519200000.0,,,18480900000.0,,,,116400000.0,-43500000.0,-54700000.0,333300000.0,-65800000.0,558700000.0,-584100000.0,-781500000.0,141800000.0,0.0,211500000.0,211500000.0,211500000.0,0.0,8500000.0,0.205,709500000.0,320500000.0,0.0,0.286,,,14.66,281500000.0,0.0,14.0,,3.01,0.0,928800000.0,1030000000.0,1030000000.0,0.0,,,,0.303,0.0,527000000.0,1.0,,221474684,230170948.0,4.651,19933500000.0,0.0,100500000.0,0.0,90.004,
103,NTRS,MRT,1994-12-31,1994-12-31,1994-12-31,2021-09-08,,,,,,,,-34000000.0,,,0.0,182200000.0,,,,,,,,41400000.0,,0.026,0.23,254200000.0,295600000.0,0.307,295600000.0,254200000.0,254200000.0,0.795,0.79,0.795,,,,,,,353700000.0,1.604,1.0,962000000.0,1.0,,0.0,,,,,,,,,,,-327200000.0,0.0,-2400000.0,-148900000.0,-54100000.0,1196300000.0,-1911200000.0,-1884100000.0,387700000.0,0.0,174900000.0,174900000.0,174900000.0,0.0,7300000.0,0.182,700500000.0,261500000.0,,0.289,,,11.006,,0.0,8.75,,2.006,,,962000000.0,962000000.0,0.0,,,,0.264,0.0,505200000.0,1.0,,220576856,220576856.0,4.361,,,79300000.0,,,
