None,ticker,dimension,calendardate,datekey,reportperiod,lastupdated,accoci,assets,assetsavg,assetsc,assetsnc,assetturnover,bvps,capex,cashneq,cashnequsd,cor,consolinc,currentratio,de,debt,debtc,debtnc,debtusd,deferredrev,depamor,deposits,divyield,dps,ebit,ebitda,ebitdamargin,ebitdausd,ebitusd,ebt,eps,epsdil,epsusd,equity,equityavg,equityusd,ev,evebit,evebitda,fcf,fcfps,fxusd,gp,grossmargin,intangibles,intexp,invcap,invcapavg,inventory,investments,investmentsc,investmentsnc,liabilities,liabilitiesc,liabilitiesnc,marketcap,ncf,ncfbus,ncfcommon,ncfdebt,ncfdiv,ncff,ncfi,ncfinv,ncfo,ncfx,netinc,netinccmn,netinccmnusd,netincdis,netincnci,netmargin,opex,opinc,payables,payoutratio,pb,pe,pe1,ppnenet,prefdivis,price,ps,ps1,receivables,retearn,revenue,revenueusd,rnd,roa,roe,roic,ros,sbcomp,sgna,sharefactor,sharesbas,shareswa,shareswadil,sps,tangibles,taxassets,taxexp,taxliabilities,tbvps,workingcapital
0,BIIB,MRY,2020-12-31,2020-12-31,2020-12-31,2021-10-20,-299000000.0,24618900000.0,25296000000.0,6887100000.0,17731800000.0,0.531,66.503,-476800000.0,1331200000.0,1331200000.0,1805200000.0,4060500000.0,1.84,1.302,7828200000.0,0.0,7828200000.0,7828200000.0,0.0,666900000.0,0.0,0.0,0.0,4992900000.0,5659800000.0,0.421,5659800000.0,4992900000.0,4992900000.0,24.86,24.8,24.86,10700300000.0,11328600000.0,10700300000.0,43288747841.0,9.0,7.648,3753000000.0,23.325,1.0,11639400000.0,0.866,8846400000.0,0.0,18527300000.0,17656700000.0,1068600000.0,4950000000.0,1278900000.0,3671100000.0,13932800000.0,3742200000.0,10190600000.0,37679447841.0,-1651500000.0,-1006500000.0,-6679100000.0,1467400000.0,0.0,-5272700000.0,-608600000.0,976600000.0,4229800000.0,69000000.0,4000600000.0,4000600000.0,4000600000.0,0.0,59900000.0,0.298,7089300000.0,4550100000.0,454900000.0,0.0,3.521,9.418,9.85,3844800000.0,0.0,244.86,2.803,2.93,2327300000.0,13976300000.0,13444600000.0,13444600000.0,3990900000.0,0.158,0.353,0.283,0.371,198300000.0,2504500000.0,1.0,153881597.0,160900000,161300000.0,83.559,15772500000.0,1369500000.0,992300000.0,142000000.0,98.027,3144900000.0
1,BIIB,MRY,2019-12-31,2019-12-31,2019-12-31,2021-10-20,-135200000.0,27234300000.0,26862850000.0,8381800000.0,18852500000.0,0.535,71.316,-669500000.0,2913700000.0,2913700000.0,1955400000.0,5888500000.0,1.723,1.041,6367500000.0,1495800000.0,4871700000.0,6367500000.0,0.0,680600000.0,0.0,0.0,0.0,7046500000.0,7727100000.0,0.537,7727100000.0,7046500000.0,7046500000.0,31.47,31.42,31.47,13343200000.0,13530475000.0,13343200000.0,57562618459.0,8.0,7.449,6409100000.0,34.255,1.0,12422500000.0,0.864,9285200000.0,0.0,16539100000.0,17875950000.0,804200000.0,4223100000.0,1562200000.0,2660900000.0,13895200000.0,4863800000.0,9031400000.0,53542518459.0,1688700000.0,-120700000.0,-5868300000.0,0.0,0.0,-5860400000.0,470500000.0,1233700000.0,7078600000.0,400000.0,5888500000.0,5888500000.0,5888500000.0,0.0,0.0,0.41,5379900000.0,7042600000.0,530800000.0,0.0,4.013,9.093,9.429,3674300000.0,0.0,296.73,3.724,3.861,2470700000.0,16455400000.0,14377900000.0,14377900000.0,2280600000.0,0.219,0.435,0.394,0.49,182300000.0,2374700000.0,1.0,180441878.0,187100000,187400000.0,76.846,17949100000.0,3232100000.0,1158000000.0,71400000.0,95.933,3518000000.0
2,BIIB,MRY,2018-12-31,2018-12-31,2018-12-31,2021-10-20,-240400000.0,25288900000.0,25206025000.0,7640900000.0,17648000000.0,0.534,63.639,-773600000.0,1224600000.0,1224600000.0,1816300000.0,4474000000.0,2.319,0.94,5936500000.0,0.0,5936500000.0,5936500000.0,0.0,1016600000.0,0.0,0.0,0.0,5856300000.0,6872900000.0,0.511,6872900000.0,5856300000.0,5856300000.0,21.63,21.58,21.63,13039600000.0,13280200000.0,13039600000.0,64174542487.0,11.0,9.337,5414100000.0,26.423,1.0,11636600000.0,0.865,8826400000.0,0.0,17879200000.0,16907325000.0,929900000.0,5379900000.0,2313400000.0,3066500000.0,12257300000.0,3295200000.0,8962100000.0,60630142487.0,-330600000.0,-2639500000.0,-4352600000.0,-3200000.0,0.0,-4472000000.0,-2046300000.0,1478900000.0,6187700000.0,-18600000.0,4430700000.0,4430700000.0,4430700000.0,0.0,43300000.0,0.329,5748000000.0,5888600000.0,370500000.0,0.0,4.65,13.684,13.912,3601200000.0,0.0,300.92,4.507,4.583,2485400000.0,16257000000.0,13452900000.0,13452900000.0,2597200000.0,0.176,0.334,0.346,0.435,157500000.0,2106300000.0,1.0,201482595.0,204900000,205300000.0,65.656,16462500000.0,2153900000.0,1425600000.0,63500000.0,80.344,4345700000.0
3,BIIB,MRY,2017-12-31,2017-12-31,2017-12-31,2021-10-20,-318400000.0,23652600000.0,22420175000.0,7873300000.0,15779300000.0,0.547,59.326,-1842800000.0,1573800000.0,1573800000.0,1630000000.0,2670100000.0,2.338,0.876,5938200000.0,3200000.0,5935000000.0,5938200000.0,0.0,1081000000.0,0.0,0.0,0.0,4997800000.0,6078800000.0,0.495,6078800000.0,4997800000.0,4997800000.0,11.94,11.92,11.94,12612800000.0,12134375000.0,12612800000.0,72333607502.0,14.0,11.899,2708200000.0,12.738,1.0,10643900000.0,0.867,8512100000.0,0.0,16136700000.0,16114500000.0,902700000.0,5604100000.0,2115200000.0,3488900000.0,11054500000.0,3368200000.0,7686300000.0,67370207502.0,-792100000.0,-1200000000.0,-1365400000.0,-560900000.0,0.0,-2380000000.0,-2963100000.0,210700000.0,4551000000.0,39400000.0,2539100000.0,2539100000.0,2539100000.0,0.0,131000000.0,0.207,5298100000.0,5345800000.0,395500000.0,0.0,5.341,26.533,26.681,3182400000.0,0.0,318.57,5.489,5.518,2319600000.0,15810400000.0,12273900000.0,12273900000.0,2253600000.0,0.113,0.209,0.31,0.407,128000000.0,1933900000.0,1.0,211476936.0,212600000,213000000.0,57.732,15140500000.0,595900000.0,2458700000.0,68200000.0,71.216,4505100000.0
4,BIIB,MRY,2016-12-31,2016-12-31,2016-12-31,2021-10-20,-319900000.0,22876800000.0,21792800000.0,8732200000.0,14144600000.0,0.525,55.587,-727700000.0,2326500000.0,2326500000.0,1478700000.0,3695700000.0,2.553,0.885,6517400000.0,4700000.0,6512700000.0,6517400000.0,0.0,682700000.0,0.0,0.0,0.0,4940100000.0,5622800000.0,0.491,5622800000.0,4940100000.0,4940100000.0,16.96,16.93,16.96,12140100000.0,11497050000.0,12140100000.0,66149470755.0,13.0,11.765,3859500000.0,17.672,1.0,9970100000.0,0.871,7477600000.0,0.0,16170200000.0,16589575000.0,1001600000.0,6733800000.0,2568600000.0,4165200000.0,10748200000.0,3419900000.0,7328300000.0,61699770755.0,1049800000.0,-1200000000.0,-1000000000.0,-2700000.0,0.0,-1052600000.0,-2484800000.0,-534300000.0,4587200000.0,-31300000.0,3702800000.0,3702800000.0,3702800000.0,0.0,-7100000.0,0.323,4818400000.0,5151700000.0,279800000.0,0.0,5.082,16.663,16.721,2501800000.0,0.0,283.58,5.389,5.41,1742200000.0,15071600000.0,11448800000.0,11448800000.0,1973300000.0,0.17,0.322,0.298,0.431,154800000.0,1946600000.0,1.0,217574479.0,218400000,218800000.0,52.421,15399200000.0,0.0,1237300000.0,231900000.0,70.509,5312300000.0
5,BIIB,MRY,2015-12-31,2015-12-31,2015-12-31,2021-10-20,-224000000.0,19504800000.0,18052948250.0,6700300000.0,12804500000.0,0.596,40.628,-658400000.0,1308000000.0,1308000000.0,1240400000.0,3593200000.0,2.599,1.081,6526300000.0,4800000.0,6521500000.0,6526300000.0,0.0,600400000.0,0.0,0.0,0.0,4708600000.0,5309000000.0,0.493,5309000000.0,4708600000.0,4708600000.0,15.38,15.34,15.38,9372800000.0,11046218500.0,9372800000.0,70731810442.0,15.0,13.323,3261000000.0,14.135,1.0,9523400000.0,0.885,6748900000.0,0.0,15396500000.0,10643491250.0,893400000.0,5988500000.0,2120500000.0,3868000000.0,10129900000.0,2577700000.0,7552200000.0,68286367442.0,148900000.0,-1048800000.0,-5000000000.0,5928400000.0,0.0,783100000.0,-4553600000.0,-2801900000.0,3919400000.0,-45800000.0,3547000000.0,3547000000.0,3547000000.0,0.0,46200000.0,0.33,4601900000.0,4921500000.0,267400000.0,0.0,7.286,19.252,19.919,2187600000.0,0.0,306.35,6.344,6.566,1541500000.0,12208400000.0,10763800000.0,10763800000.0,2012800000.0,0.196,0.321,0.442,0.437,161400000.0,2113100000.0,1.0,222903109.0,230700000,231200000.0,46.657,12755900000.0,0.0,1161600000.0,208700000.0,55.292,4122600000.0
6,BIIB,MRY,2014-12-31,2014-12-31,2014-12-31,2021-10-20,-59500000.0,14314700000.0,13291742750.0,4535000000.0,9779700000.0,0.73,45.723,-316000000.0,1204900000.0,1204900000.0,1171000000.0,2941600000.0,2.045,0.324,583400000.0,3100000.0,580300000.0,583400000.0,0.0,688100000.0,0.0,0.0,0.0,3924700000.0,4612800000.0,0.475,4612800000.0,3924700000.0,3924700000.0,12.42,12.37,12.42,10809000000.0,9983676500.0,10809000000.0,79563868906.0,20.0,17.248,2626100000.0,11.109,1.0,8532300000.0,0.879,5788700000.0,0.0,5686400000.0,5274464750.0,804000000.0,2865800000.0,640500000.0,2225300000.0,3500700000.0,2218100000.0,1282600000.0,80162952906.0,643200000.0,-375000000.0,-886800000.0,-2700000.0,0.0,-755900000.0,-1543000000.0,-864200000.0,2942100000.0,-40900000.0,2934800000.0,2934800000.0,2934800000.0,0.0,6800000.0,0.302,4615500000.0,3916800000.0,229200000.0,0.0,7.416,27.315,27.331,1765700000.0,0.0,339.45,8.261,8.27,1575800000.0,9283900000.0,9703300000.0,9703300000.0,1893400000.0,0.221,0.294,0.744,0.404,155300000.0,2232300000.0,1.0,236155407.0,236400000,237200000.0,41.046,8526000000.0,0.0,989900000.0,220300000.0,36.066,2316900000.0
7,BIIB,MRY,2013-12-31,2013-12-31,2013-12-31,2021-10-20,-27745000.0,11863335000.0,11029972750.0,3184934000.0,8678401000.0,0.628,36.388,-246300000.0,602562000.0,602562000.0,857700000.0,1862300000.0,1.811,0.376,595927000.0,3494000.0,592433000.0,595927000.0,0.0,531700000.0,0.0,0.0,0.0,2463300000.0,2995000000.0,0.432,2995000000.0,2463300000.0,2463300000.0,7.86,7.81,7.86,8620242000.0,7996473250.0,8620242000.0,66308989266.0,27.0,22.14,2098800000.0,8.859,1.0,6074500000.0,0.876,5707569000.0,0.0,4390852000.0,4732399000.0,659003000.0,1840289000.0,620167000.0,1220122000.0,3242497000.0,1758279000.0,1484218000.0,66038521266.0,23900000.0,-3277700000.0,-400300000.0,-452400000.0,0.0,-716500000.0,-1604700000.0,1912000000.0,2345100000.0,8000000.0,1862300000.0,1862300000.0,1862300000.0,0.0,0.0,0.269,3584000000.0,2490500000.0,219913000.0,0.0,7.661,35.461,35.569,1750710000.0,0.0,279.572,9.526,9.554,1077068000.0,6349135000.0,6932200000.0,6932200000.0,1444100000.0,0.169,0.233,0.521,0.355,136300000.0,1712100000.0,1.0,236212930.0,236900000,238300000.0,29.262,6155766000.0,0.0,601000000.0,412239000.0,25.985,1426655000.0
8,BIIB,MRY,2012-12-31,2012-12-31,2012-12-31,2021-10-20,-55305000.0,10130118000.0,9509167000.0,3244337000.0,6885781000.0,0.58,29.258,-254548000.0,570721000.0,570721000.0,545494000.0,1380033000.0,1.957,0.455,1140775000.0,453379000.0,687396000.0,1140775000.0,0.0,365648000.0,0.0,0.0,0.0,1850587000.0,2216235000.0,0.402,2216235000.0,1850587000.0,1850587000.0,5.8,5.76,5.8,6961523000.0,6548818250.0,6961523000.0,35290619473.0,19.0,15.924,1625349000.0,6.831,1.0,4970967000.0,0.901,2832843000.0,0.0,6209940000.0,5777517250.0,447373000.0,3445701000.0,1134989000.0,2310712000.0,3166323000.0,1657389000.0,1508934000.0,34630691473.0,52077000.0,-72401000.0,-984715000.0,-2428000.0,0.0,-877478000.0,-950342000.0,-584876000.0,1879897000.0,4102000.0,1380033000.0,1380033000.0,1380033000.0,0.0,0.0,0.25,3161910000.0,1809057000.0,203999000.0,0.0,4.975,25.094,25.236,1742226000.0,0.0,146.37,6.278,6.313,955243000.0,4486794000.0,5516461000.0,5516461000.0,1334919000.0,0.145,0.211,0.32,0.335,118566000.0,1277465000.0,1.0,236596922.0,237938000,239740000.0,23.184,7297275000.0,0.0,470554000.0,237338000.0,30.669,1586948000.0
9,BIIB,MRY,2011-12-31,2011-12-31,2011-12-31,2021-10-20,-26535000.0,9049604000.0,8691827750.0,2975427000.0,6074177000.0,0.581,26.508,-208020000.0,514542000.0,514542000.0,466780000.0,1266686000.0,3.259,0.408,1064100000.0,3292000.0,1060808000.0,1064100000.0,0.0,358933000.0,0.0,0.0,0.0,1678956000.0,2037889000.0,0.404,2037889000.0,1678956000.0,1678956000.0,5.09,5.04,5.09,6425499000.0,6058964000.0,6425499000.0,27221975257.0,16.0,13.358,1519721000.0,6.27,1.0,4581854000.0,0.908,2754505000.0,0.0,5931768000.0,5429566250.0,326843000.0,2924400000.0,1176115000.0,1748285000.0,2622617000.0,912889000.0,1709728000.0,26733054257.0,-242415000.0,-5000000.0,-497975000.0,-11459000.0,0.0,-319862000.0,-1650294000.0,-1420275000.0,1727741000.0,-2641000.0,1234428000.0,1234428000.0,1234428000.0,0.0,32258000.0,0.245,2857163000.0,1724691000.0,186448000.0,0.0,4.16,21.656,21.621,1571387000.0,0.0,110.05,5.295,5.284,813327000.0,3106761000.0,5048634000.0,5048634000.0,1219602000.0,0.142,0.204,0.309,0.333,113005000.0,1056133000.0,1.0,242917349.0,242395000,245033000.0,20.828,6295099000.0,0.0,444528000.0,294583000.0,25.97,2062538000.0
10,BIIB,MRY,2010-12-31,2010-12-31,2010-12-31,2021-10-20,-21610000.0,8092493000.0,7801528250.0,2540420000.0,5552073000.0,0.605,21.389,-173055000.0,759598000.0,759598000.0,400262000.0,898573000.0,2.419,0.49,1203532000.0,137153000.0,1066379000.0,1203532000.0,0.0,355744000.0,0.0,0.0,0.0,1336606000.0,1692350000.0,0.359,1692350000.0,1336606000.0,1336606000.0,3.98,3.94,3.98,5396506000.0,5376844750.0,5396506000.0,16431482136.0,12.0,9.709,1451618000.0,5.753,1.0,4316161000.0,0.915,2919140000.0,0.0,4567165000.0,4490995250.0,289066000.0,1439445000.0,448146000.0,991299000.0,2643050000.0,1050122000.0,1592928000.0,15978167136.0,185079000.0,-157428000.0,-2077579000.0,108907000.0,0.0,-1784919000.0,345325000.0,675808000.0,1624673000.0,-7370000.0,1005273000.0,1005273000.0,1005273000.0,0.0,-106700000.0,0.213,3067272000.0,1248889000.0,162529000.0,0.0,2.961,15.894,16.847,1641634000.0,0.0,67.05,3.388,3.587,827788000.0,1872481000.0,4716423000.0,4716423000.0,1248604000.0,0.129,0.187,0.298,0.283,154690000.0,1031540000.0,1.0,238302269.0,252307000,254867000.0,18.693,5173353000.0,0.0,331333000.0,285467000.0,20.504,1490298000.0
11,BIIB,MRY,2009-12-31,2009-12-31,2009-12-31,2021-10-20,50496000.0,8551854000.0,8732673250.0,2480595000.0,6071259000.0,0.501,21.651,-165646000.0,581889000.0,581889000.0,382104000.0,977062000.0,3.47,0.368,1099969000.0,19762000.0,1080207000.0,1099969000.0,0.0,427961000.0,0.0,0.0,0.0,1325749000.0,1753710000.0,0.401,1753710000.0,1325749000.0,1325749000.0,3.37,3.35,3.37,6221530000.0,6254627750.0,6221530000.0,15987628660.0,12.0,9.116,909252000.0,3.164,1.0,3995244000.0,0.913,3009699000.0,0.0,5345293000.0,5293016500.0,293950000.0,2106312000.0,681835000.0,1424477000.0,2289972000.0,714942000.0,1575030000.0,15472120660.0,-44284000.0,0.0,-751170000.0,1408000.0,0.0,-724151000.0,-395031000.0,-259376000.0,1074898000.0,3788000.0,970132000.0,970132000.0,970132000.0,0.0,6930000.0,0.222,2699817000.0,1295427000.0,118534000.0,0.0,2.487,15.948,15.875,1637083000.0,0.0,53.5,3.535,3.512,744997000.0,1068890000.0,4377348000.0,4377348000.0,1283068000.0,0.111,0.155,0.25,0.303,157466000.0,911034000.0,1.0,289198517.0,287356000,289476000.0,15.233,5542155000.0,0.0,355617000.0,316509000.0,19.287,1765653000.0
12,BIIB,MRY,2008-12-31,2008-12-31,2008-12-31,2021-10-20,-11106000.0,8478991000.0,8339419500.0,2458000000.0,6020991000.0,0.491,19.861,-275954000.0,622385000.0,622385000.0,401989000.0,790107000.0,2.662,0.456,1113098000.0,27667000.0,1085431000.0,1113098000.0,0.0,462059000.0,0.0,0.0,0.0,1148943000.0,1611002000.0,0.393,1611002000.0,1148943000.0,1148943000.0,2.67,2.65,2.67,5806083000.0,5657550000.0,5806083000.0,13938128055.0,12.0,8.652,1286491000.0,4.401,1.0,3695518000.0,0.902,3299679000.0,0.0,4746803000.0,4404989250.0,263602000.0,1875590000.0,749032000.0,1126558000.0,2645039000.0,923222000.0,1721817000.0,13896187055.0,-38053000.0,-25000000.0,-738938000.0,-525992000.0,0.0,-1234625000.0,-365873000.0,-243137000.0,1562445000.0,776000.0,783167000.0,783167000.0,783167000.0,0.0,6940000.0,0.191,2491149000.0,1204369000.0,107417000.0,0.0,2.393,17.744,17.839,1594754000.0,0.0,47.63,3.391,3.398,653590000.0,270180000.0,4097507000.0,4097507000.0,1072058000.0,0.094,0.138,0.261,0.28,118217000.0,925305000.0,1.0,291752825.0,292332000,294984000.0,14.017,5179312000.0,0.0,365776000.0,579277000.0,17.717,1534778000.0
13,BIIB,MRY,2007-12-31,2007-12-31,2007-12-31,2021-10-20,79246000.0,8628815000.0,8522621250.0,2368407000.0,6260408000.0,0.372,17.523,-267437000.0,659662000.0,659662000.0,335192000.0,579745000.0,1.082,0.559,1562978000.0,1511135000.0,51843000.0,1562978000.0,0.0,380293000.0,0.0,0.0,0.0,910595000.0,1290888000.0,0.407,1290888000.0,910595000.0,910595000.0,2.02,1.99,2.02,5534295000.0,5627714750.0,5534295000.0,17821477596.0,20.0,13.806,751317000.0,2.379,1.0,2836425000.0,0.894,3629726000.0,0.0,3713230000.0,2697389500.0,233987000.0,1657140000.0,523841000.0,1133299000.0,3094520000.0,2189175000.0,905345000.0,16698577596.0,-1157000.0,-95789000.0,-2991184000.0,1488909000.0,0.0,-733339000.0,-286572000.0,284863000.0,1018754000.0,-558000.0,638172000.0,638172000.0,638172000.0,0.0,-58427000.0,0.201,2057013000.0,779412000.0,90672000.0,0.0,3.017,26.166,28.178,1497383000.0,0.0,56.92,5.265,5.668,559332000.0,-352169000.0,3171617000.0,3171617000.0,925164000.0,0.075,0.113,0.338,0.287,53463000.0,776103000.0,1.0,293369248.0,315836000,320171000.0,10.042,4999089000.0,0.0,272423000.0,532799000.0,15.828,179232000.0
14,BIIB,MRY,2006-12-31,2006-12-31,2006-12-31,2021-10-20,21855000.0,8552808000.0,8400938500.0,1712567000.0,6840241000.0,0.319,21.208,-124096000.0,661377000.0,661377000.0,274383000.0,217511000.0,2.938,0.196,96694000.0,0.0,96694000.0,96694000.0,0.0,375870000.0,0.0,0.0,0.0,495942000.0,871812000.0,0.325,871812000.0,495942000.0,495942000.0,0.64,0.63,0.64,7149778000.0,7049021250.0,7149778000.0,16213746800.0,33.0,18.598,717172000.0,2.127,1.0,2408666000.0,0.898,3901998000.0,0.0,3503272000.0,3469734000.0,169102000.0,1899172000.0,241314000.0,1657858000.0,1403030000.0,582855000.0,820175000.0,16583266800.0,93085000.0,-303451000.0,-320268000.0,-6783000.0,0.0,-148410000.0,-599773000.0,-172226000.0,841268000.0,124000.0,217511000.0,217511000.0,217511000.0,0.0,0.0,0.081,1968646000.0,440020000.0,100457000.0,0.0,2.319,76.241,76.859,1280385000.0,0.0,49.19,6.181,6.181,486061000.0,-860827000.0,2683049000.0,2683049000.0,718390000.0,0.026,0.031,0.143,0.185,95101000.0,685067000.0,1.0,337126790.0,337126790,,7.959,4650810000.0,0.0,278431000.0,789174000.0,13.795,1129712000.0
15,BIIB,MRY,2005-12-31,2005-12-31,2005-12-31,2021-10-20,-13910000.0,8381717000.0,8506793000.0,1632851000.0,6748866000.0,0.285,20.347,89754000.0,568168000.0,568168000.0,373614000.0,160711000.0,2.731,0.214,43444000.0,0.0,43444000.0,43444000.0,0.0,402208000.0,0.0,0.0,0.0,256195000.0,658403000.0,0.272,658403000.0,256195000.0,256195000.0,0.48,0.47,0.48,6905876000.0,6807619000.0,6905876000.0,15114911325.0,59.0,22.957,979257000.0,2.885,1.0,2048886000.0,0.846,4106031000.0,0.0,3153156000.0,3331076500.0,182815000.0,1751024000.0,282585000.0,1468439000.0,1475841000.0,597806000.0,878035000.0,15368478325.0,358721000.0,0.0,-322590000.0,-745552000.0,0.0,-948523000.0,417741000.0,327987000.0,889503000.0,0.0,160711000.0,160711000.0,160711000.0,0.0,0.0,0.066,1812846000.0,236040000.0,99780000.0,0.0,2.225,95.628,94.333,1174396000.0,0.0,45.28,6.344,6.344,421571000.0,-1021644000.0,2422500000.0,2422500000.0,747671000.0,0.019,0.024,0.077,0.106,38145000.0,644758000.0,1.0,339409857.0,339409857,,7.137,4275686000.0,0.0,95484000.0,962475000.0,12.597,1035045000.0
16,BIIB,MRY,2004-12-31,2004-12-31,2004-12-31,2021-10-20,-6767000.0,9165758000.0,9231325250.0,1931044000.0,7234714000.0,0.24,20.466,-369763000.0,209447000.0,209447000.0,554319000.0,25086000.0,1.532,0.343,850309000.0,748430000.0,101879000.0,850309000.0,13695000.0,439435000.0,0.0,0.0,0.0,64093000.0,503528000.0,0.228,503528000.0,64093000.0,64093000.0,0.07,0.07,0.07,6826401000.0,6917077750.0,6826401000.0,22884602838.0,357.0,45.449,358223000.0,1.074,1.0,1657243000.0,0.749,4443932000.0,0.0,4101940000.0,4605498500.0,251016000.0,2114052000.0,848495000.0,1265557000.0,2339357000.0,1260748000.0,1078609000.0,22217916838.0,-105403000.0,0.0,-460892000.0,9931000.0,0.0,-450961000.0,-382428000.0,-12665000.0,727986000.0,0.0,25086000.0,25086000.0,25086000.0,0.0,0.0,0.011,1613827000.0,43416000.0,121471000.0,0.0,3.255,885.67,951.571,1525225000.0,0.0,66.61,10.046,10.046,416088000.0,-801094000.0,2211562000.0,2211562000.0,685872000.0,0.003,0.004,0.014,0.029,16795000.0,580278000.0,1.0,333552272.0,333552272,,6.63,4721826000.0,86880000.0,39007000.0,1051121000.0,14.156,670296000.0
17,BIIB,MRY,2003-12-31,2003-12-31,2003-12-31,2021-10-20,1054000.0,9503945000.0,4005206000.0,1838664000.0,7665281000.0,0.17,45.309,-301248000.0,314850000.0,314850000.0,284739000.0,-875097000.0,4.542,0.347,887270000.0,0.0,887270000.0,887270000.0,7155000.0,61308000.0,0.0,0.0,0.0,-880624000.0,-819316000.0,-1.206,-819316000.0,-880624000.0,-880624000.0,-4.92,-4.92,-4.92,7053328000.0,2668942750.0,7053328000.0,6206477834.0,-7.0,-7.575,-131281000.0,-0.843,1.0,394444000.0,0.581,4789878000.0,0.0,4881662000.0,3196824500.0,496349000.0,2143729000.0,521109000.0,1622620000.0,2450617000.0,404825000.0,2045792000.0,5713199834.0,-35279000.0,136793000.0,24439000.0,26746000.0,0.0,51185000.0,-256431000.0,-114476000.0,169967000.0,0.0,-875097000.0,-875097000.0,-875097000.0,0.0,0.0,-1.288,1264113000.0,-869669000.0,63364000.0,0.0,0.81,-6.529,-7.459,1252783000.0,0.0,36.7,8.412,8.412,315866000.0,-611921000.0,679183000.0,679183000.0,233337000.0,-0.218,-0.328,-0.275,-1.297,23373000.0,174596000.0,1.0,155673020.0,155673020,,4.363,4714067000.0,123945000.0,-5527000.0,1202494000.0,30.282,1433839000.0
18,BIIB,MRY,2002-12-31,2002-12-31,2002-12-31,2021-10-20,3764000.0,2059689000.0,1745769000.0,977610000.0,1082079000.0,0.232,7.249,-165904000.0,372629000.0,372629000.0,1457000.0,148090000.0,17.387,0.856,866205000.0,0.0,866205000.0,866205000.0,732000.0,10156000.0,0.0,0.0,0.0,231522000.0,241678000.0,0.598,241678000.0,231522000.0,231522000.0,0.95,0.85,0.95,1109690000.0,1011076500.0,1109690000.0,5512016384.0,24.0,22.807,30815000.0,0.201,1.0,402765000.0,0.996,9280000.0,0.0,2487760000.0,1936274750.0,33665000.0,1138210000.0,437645000.0,700565000.0,949999000.0,56225000.0,893774000.0,5076096384.0,-75870000.0,0.0,-111941000.0,696004000.0,0.0,584063000.0,-856652000.0,-673250000.0,196719000.0,0.0,148090000.0,148090000.0,148090000.0,0.0,0.0,0.366,188889000.0,213876000.0,3886000.0,0.0,4.574,34.277,34.916,264537000.0,0.0,33.17,12.558,12.562,105208000.0,263176000.0,404222000.0,404222000.0,100868000.0,0.085,0.146,0.12,0.573,114337000.0,88021000.0,1.0,153032752.0,153086000,179634000.0,2.64,2050409000.0,112872000.0,83432000.0,0.0,13.394,921385000.0
19,BIIB,MRY,2001-12-31,2001-12-31,2001-12-31,2021-10-20,1085000.0,1141216000.0,998784000.0,708814000.0,432402000.0,0.273,6.345,-67380000.0,431001000.0,431001000.0,0.0,101659000.0,20.978,0.193,135977000.0,0.0,135977000.0,135977000.0,2307000.0,6306000.0,0.0,0.0,0.0,161604000.0,167910000.0,0.616,167910000.0,161604000.0,161604000.0,0.67,0.59,0.67,956479000.0,828735750.0,956479000.0,10205646231.0,63.0,60.78,86934000.0,0.577,1.0,272677000.0,1.0,0.0,0.0,812403000.0,671606250.0,524000.0,449875000.0,197824000.0,252051000.0,184737000.0,33789000.0,150948000.0,10512380231.0,24947000.0,0.0,28096000.0,-743000.0,0.0,27353000.0,-156720000.0,-89340000.0,154314000.0,0.0,101659000.0,101659000.0,101659000.0,0.0,0.0,0.373,141540000.0,131137000.0,3866000.0,0.0,10.991,103.408,102.881,108588000.0,0.0,68.93,38.553,38.11,68644000.0,115086000.0,272677000.0,272677000.0,90458000.0,0.102,0.123,0.241,0.593,60431000.0,51082000.0,1.0,152508055.0,150756000,181481000.0,1.809,1141216000.0,75532000.0,59945000.0,0.0,7.57,675025000.0
20,BIIB,MRY,2000-12-31,2000-12-31,2000-12-31,2021-10-20,517000.0,856406000.0,479609250.0,631258000.0,225148000.0,0.323,5.15,-31431000.0,401052000.0,401052000.0,0.0,48145000.0,27.392,0.233,129631000.0,743000.0,128888000.0,129631000.0,4494000.0,4739000.0,0.0,0.0,0.0,67137000.0,71876000.0,0.465,71876000.0,67137000.0,60084000.0,0.36,0.3,0.36,694619000.0,323269750.0,694619000.0,8654229206.0,129.0,120.405,30551000.0,0.227,1.0,154682000.0,1.0,0.0,7053000.0,561940000.0,412075750.0,0.0,349474000.0,180286000.0,169188000.0,161787000.0,23045000.0,138742000.0,8622750206.0,339648000.0,0.0,474142000.0,-1513000.0,0.0,472629000.0,-194963000.0,-163532000.0,61982000.0,0.0,48145000.0,48145000.0,48145000.0,0.0,0.0,0.311,98823000.0,55859000.0,1737000.0,0.0,12.414,179.1,175.519,47514000.0,0.0,63.187,55.745,55.098,43450000.0,13427000.0,154682000.0,154682000.0,68922000.0,0.1,0.149,0.163,0.434,11294000.0,27767000.0,1.0,136464711.0,134880000,159310000.0,1.147,856406000.0,0.0,11939000.0,0.0,6.349,608213000.0
21,BIIB,MRY,1999-12-31,1999-12-31,1999-12-31,2021-10-20,-543000.0,307074000.0,281648750.0,278519000.0,28555000.0,0.419,1.289,-4291000.0,61404000.0,61404000.0,0.0,43157000.0,17.835,0.919,124423000.0,1513000.0,122910000.0,124423000.0,0.0,4366000.0,0.0,0.0,0.0,51664000.0,56030000.0,0.475,56030000.0,51664000.0,45606000.0,0.35,0.29,0.35,159978000.0,140810500.0,159978000.0,4200957200.0,81.0,74.977,48213000.0,0.388,1.0,118003000.0,1.0,0.0,6058000.0,354477000.0,311341500.0,2400000.0,192615000.0,184882000.0,7733000.0,147096000.0,15616000.0,131480000.0,4156132200.0,34475000.0,0.0,14196000.0,110919000.0,0.0,125115000.0,-143144000.0,-138853000.0,52504000.0,0.0,43157000.0,43157000.0,43157000.0,0.0,0.0,0.366,76586000.0,41417000.0,1269000.0,0.0,25.979,96.303,93.571,20822000.0,0.0,32.75,35.221,34.455,24964000.0,-34718000.0,118003000.0,118003000.0,42831000.0,0.153,0.306,0.166,0.438,2361000.0,19478000.0,1.0,126904800.0,124146000,151287000.0,0.951,307074000.0,0.0,2449000.0,6316000.0,2.473,262903000.0
22,BIIB,MRY,1998-12-31,1998-12-31,1998-12-31,2021-10-20,1000.0,125273000.0,115218250.0,101027000.0,24246000.0,0.755,0.894,-1724000.0,26929000.0,26929000.0,0.0,21478000.0,6.976,0.177,4005000.0,1910000.0,2095000.0,4005000.0,346000.0,4276000.0,0.0,0.0,0.0,22530000.0,26806000.0,0.308,26806000.0,22530000.0,21900000.0,0.18,0.15,0.18,106428000.0,96980500.0,106428000.0,925460890.0,41.0,34.524,3363000.0,0.028,1.0,86959000.0,1.0,0.0,630000.0,87866000.0,82287750.0,5346000.0,49922000.0,46573000.0,3349000.0,18845000.0,14483000.0,4362000.0,940134890.0,-7918000.0,0.0,4327000.0,-3789000.0,0.0,538000.0,-13543000.0,-11819000.0,5087000.0,0.0,21478000.0,21478000.0,21478000.0,0.0,0.0,0.247,68055000.0,18904000.0,1989000.0,0.0,8.834,43.772,43.519,20897000.0,0.0,7.833,10.811,10.722,19818000.0,-77875000.0,86959000.0,86959000.0,31485000.0,0.186,0.221,0.274,0.259,0.0,16968000.0,1.0,120017220.0,119028000,140262000.0,0.731,125273000.0,0.0,422000.0,2267000.0,1.052,86544000.0
23,BIIB,MRY,1997-12-31,1997-12-31,1997-12-31,2021-10-20,57000.0,106013000.0,103058500.0,79193000.0,26820000.0,0.433,0.718,-5875000.0,34847000.0,34847000.0,0.0,-15538000.0,4.075,0.314,7794000.0,3908000.0,3886000.0,7794000.0,6646000.0,4010000.0,0.0,0.0,0.0,-14507000.0,-10497000.0,-0.235,-10497000.0,-14507000.0,-15424000.0,-0.137,-0.137,-0.137,80679000.0,80627250.0,80679000.0,657904909.0,-45.0,-62.676,-8634000.0,-0.077,1.0,44606000.0,1.0,0.0,917000.0,59528000.0,77216000.0,4134000.0,38181000.0,34810000.0,3371000.0,25334000.0,19432000.0,5902000.0,656399909.0,9510000.0,-3000000.0,3509000.0,-1051000.0,0.0,2458000.0,9811000.0,18686000.0,-2759000.0,0.0,-15538000.0,-15538000.0,-15538000.0,0.0,0.0,-0.348,62602000.0,-17996000.0,2496000.0,0.0,8.136,-42.245,-41.825,23449000.0,0.0,5.73,14.716,14.443,3971000.0,-99353000.0,44606000.0,44606000.0,32407000.0,-0.151,-0.193,-0.188,-0.325,0.0,11320000.0,1.0,114554958.0,112434000,112434000.0,0.397,106013000.0,0.0,114000.0,0.0,0.943,59761000.0
24,BIIB,MRY,1996-12-31,1996-12-31,1996-12-31,2021-10-20,-37000.0,113029000.0,80327500.0,90815000.0,22214000.0,0.374,0.931,-6301000.0,25337000.0,25337000.0,0.0,-4955000.0,7.047,0.22,8845000.0,3830000.0,5015000.0,8845000.0,0.0,2643000.0,0.0,0.0,0.0,-2258000.0,385000.0,0.013,385000.0,-2258000.0,-4955000.0,-0.057,-0.057,-0.057,92614000.0,61891500.0,92614000.0,,,,-10084000.0,-0.101,1.0,30009000.0,1.0,0.0,2697000.0,83650000.0,56779000.0,4384000.0,54151000.0,53390000.0,761000.0,20415000.0,12887000.0,7528000.0,429520816.0,6509000.0,0.0,52564000.0,-965000.0,0.0,64099000.0,-53807000.0,-47506000.0,-3783000.0,0.0,-4955000.0,-5651000.0,-5651000.0,0.0,0.0,-0.188,35445000.0,-5436000.0,4106000.0,0.0,4.638,-76.008,-69.444,21453000.0,696000.0,3.958,14.313,13.116,4367000.0,-83815000.0,30009000.0,30009000.0,28147000.0,-0.07,-0.091,-0.04,-0.075,359000.0,7298000.0,1.0,108510522.0,99438000,99438000.0,0.302,113029000.0,0.0,0.0,0.0,1.137,77928000.0
25,BIIB,MRY,1995-12-31,1995-12-31,1995-12-31,2021-10-20,10000.0,47626000.0,,27438000.0,20188000.0,,0.355,-1315000.0,18828000.0,18828000.0,0.0,-17292000.0,3.141,0.528,9846000.0,3248000.0,6598000.0,9846000.0,0.0,2401000.0,0.0,0.0,0.0,-15014000.0,-12613000.0,-0.534,-12613000.0,-15014000.0,-17292000.0,-0.197,,-0.197,31169000.0,,31169000.0,,,,-3904000.0,-0.044,1.0,23636000.0,1.0,0.0,2278000.0,29908000.0,,0.0,5932000.0,5182000.0,750000.0,16457000.0,8736000.0,7721000.0,,5137000.0,0.0,953000.0,-1558000.0,0.0,6544000.0,1182000.0,2497000.0,-2589000.0,0.0,-17292000.0,-17292000.0,-17292000.0,0.0,0.0,-0.732,40037000.0,-16401000.0,1208000.0,0.0,,,-16.497,17955000.0,0.0,3.25,,12.086,3344000.0,-78860000.0,23636000.0,23636000.0,22488000.0,,,,-0.635,322000.0,6112000.0,1.0,,87900000,,0.269,47626000.0,0.0,0.0,0.0,0.542,18702000.0
26,BIIB,MRY,1994-12-31,1994-12-31,1994-12-31,2021-10-20,,,,,,,,-1619000.0,,,0.0,-18031000.0,,,,,,,,2422000.0,,0.0,0.0,-17546000.0,-15124000.0,-2.032,-15124000.0,-17546000.0,-18031000.0,-0.275,,-0.275,,,,,,,-20756000.0,-0.316,1.0,7443000.0,1.0,,485000.0,,,,,,,,,,,4022000.0,0.0,10267000.0,6100000.0,0.0,16367000.0,6792000.0,8411000.0,-19137000.0,0.0,-18031000.0,-18031000.0,-18031000.0,0.0,0.0,-2.423,25959000.0,-18516000.0,,0.0,,,-1.291,,0.0,0.355,,3.128,,,7443000.0,7443000.0,21191000.0,,,,-2.357,0.0,4768000.0,1.0,,65586000,,0.113,,,0.0,,,
0,BIIB,MRQ,2021-09-30,2021-09-30,2021-09-30,2021-10-20,-136600000.0,23806700000.0,,7162300000.0,16644400000.0,,70.472,-43900000.0,1541800000.0,1541800000.0,511800000.0,318100000.0,1.701,1.239,7619300000.0,998800000.0,6620500000.0,7619300000.0,0.0,176600000.0,0.0,0.0,0.0,303300000.0,479900000.0,0.173,479900000.0,303300000.0,303300000.0,2.22,2.22,2.22,10429900000.0,,10429900000.0,48066074035.0,41.0,19.613,761400000.0,5.145,1.0,2267100000.0,0.816,8047300000.0,0.0,17625300000.0,,1347900000.0,4400200000.0,1413300000.0,2986900000.0,12925000000.0,4211600000.0,8713400000.0,42174974035.0,-174800000.0,0.0,-750000000.0,0.0,0.0,-746500000.0,-233600000.0,-170300000.0,805300000.0,-25400000.0,329200000.0,329200000.0,329200000.0,0.0,-11100000.0,0.118,1473100000.0,794000000.0,427900000.0,0.0,4.044,27.284,26.977,3799800000.0,0.0,282.99,3.799,3.773,2123000000.0,13543500000.0,2778900000.0,2778900000.0,702400000.0,,,,,55700000.0,654100000.0,1.0,149033443.0,148000000,148600000.0,18.776,15759400000.0,1810400000.0,-25900000.0,234200000.0,106.482,2950700000.0
1,BIIB,MRQ,2021-06-30,2021-06-30,2021-06-30,2021-10-20,-171800000.0,24470400000.0,,7183700000.0,17286700000.0,,71.823,-71900000.0,1742000000.0,1742000000.0,459700000.0,1025500000.0,2.146,1.233,7633100000.0,0.0,7633100000.0,7633100000.0,0.0,658800000.0,0.0,0.0,0.0,39400000.0,698200000.0,0.252,698200000.0,39400000.0,39400000.0,3.0,2.99,3.0,10751900000.0,,10751900000.0,58562293282.0,32.0,19.219,1155400000.0,7.718,1.0,2315300000.0,0.834,8148900000.0,0.0,18865400000.0,,1254800000.0,4752000000.0,1308800000.0,3443200000.0,13255600000.0,3347200000.0,9908400000.0,52132593282.0,510100000.0,0.0,-450000000.0,-700000.0,0.0,-564500000.0,-152700000.0,-80100000.0,1227300000.0,14400000.0,448500000.0,448500000.0,448500000.0,0.0,577000000.0,0.162,1829600000.0,485700000.0,375300000.0,0.0,4.849,27.179,27.18,3844700000.0,0.0,346.27,4.457,4.431,2110200000.0,13900700000.0,2775000000.0,2775000000.0,585100000.0,,,,,54100000.0,637300000.0,1.0,150554750.0,149700000,150100000.0,18.537,16321500000.0,1849900000.0,-409100000.0,230900000.0,109.028,3836500000.0
2,BIIB,MRQ,2021-03-31,2021-03-31,2021-03-31,2021-10-20,-174300000.0,23854700000.0,,6719500000.0,17135200000.0,,70.324,-92600000.0,1217500000.0,1217500000.0,478100000.0,404600000.0,2.123,1.235,7647200000.0,0.0,7647200000.0,7647200000.0,0.0,146900000.0,0.0,0.0,0.0,454400000.0,601300000.0,0.223,601300000.0,454400000.0,454400000.0,2.7,2.69,2.7,10682200000.0,,10682200000.0,49112920747.0,13.0,11.037,676400000.0,4.453,1.0,2215900000.0,0.823,8751200000.0,0.0,18367400000.0,,1171800000.0,4564900000.0,1320000000.0,3244900000.0,13191500000.0,3165800000.0,10025700000.0,42615920747.0,-80700000.0,28100000.0,-600000000.0,-169300000.0,0.0,-785000000.0,-64700000.0,-2900000.0,769000000.0,-33000000.0,410200000.0,410200000.0,410200000.0,0.0,-5600000.0,0.152,1242000000.0,973900000.0,430400000.0,0.0,3.989,14.15,14.465,3852800000.0,0.0,279.75,3.381,3.371,2224100000.0,13833500000.0,2694000000.0,2694000000.0,514200000.0,,,,,70000000.0,595000000.0,1.0,152335731.0,151900000,152300000.0,17.735,15103500000.0,1286300000.0,44200000.0,143100000.0,99.431,3553700000.0
3,BIIB,MRQ,2020-12-31,2020-12-31,2020-12-31,2021-10-20,-299000000.0,24618900000.0,,6887100000.0,17731800000.0,,69.754,-101000000.0,1331200000.0,1331200000.0,490600000.0,357600000.0,1.84,1.302,7828200000.0,0.0,7828200000.0,7828200000.0,0.0,300100000.0,0.0,0.0,0.0,371200000.0,671300000.0,0.235,671300000.0,371200000.0,371200000.0,2.57,2.55,2.57,10700300000.0,,10700300000.0,43288747841.0,9.0,7.648,-468100000.0,-3.051,1.0,2362000000.0,0.828,8846400000.0,0.0,18527300000.0,,1068600000.0,4950000000.0,1278900000.0,3671100000.0,13932800000.0,3742200000.0,10190600000.0,37679447841.0,-934600000.0,-441000000.0,-400000000.0,100000.0,0.0,-401100000.0,-166400000.0,384500000.0,-367100000.0,41000000.0,357900000.0,357900000.0,357900000.0,0.0,-300000.0,0.125,2692600000.0,-330600000.0,454900000.0,0.0,3.521,9.418,9.85,3844800000.0,0.0,244.86,2.803,2.93,2327300000.0,13976300000.0,2852600000.0,2852600000.0,1726100000.0,,,,,49000000.0,806200000.0,1.0,153881597.0,153400000,154100000.0,18.596,15772500000.0,1369500000.0,13300000.0,142000000.0,102.819,3144900000.0
4,BIIB,MRQ,2020-09-30,2020-09-30,2020-09-30,2021-10-20,-225500000.0,24934100000.0,,7843100000.0,17091000000.0,,68.569,-84100000.0,2224800000.0,2224800000.0,449100000.0,703900000.0,2.062,1.319,7834100000.0,0.0,7834100000.0,7834100000.0,0.0,134000000.0,0.0,0.0,0.0,942300000.0,1076300000.0,0.319,1076300000.0,942300000.0,942300000.0,4.47,4.46,4.47,10758500000.0,,10758500000.0,50364065453.0,8.0,7.388,1097000000.0,6.992,1.0,2927000000.0,0.867,9079300000.0,0.0,17660100000.0,,1027700000.0,4199700000.0,1355000000.0,2844700000.0,14189600000.0,3804000000.0,10385600000.0,44910365453.0,-184200000.0,-423700000.0,-1250000000.0,0.0,0.0,-1312900000.0,-52400000.0,465600000.0,1181100000.0,24100000.0,701500000.0,701500000.0,701500000.0,0.0,2400000.0,0.208,1840600000.0,1086400000.0,398400000.0,0.0,4.174,8.836,9.375,3794100000.0,0.0,283.68,3.149,3.121,2552100000.0,13961000000.0,3376100000.0,3376100000.0,1140900000.0,,,,,33500000.0,573100000.0,1.0,158313471.0,156900000,157200000.0,21.518,15854800000.0,1372900000.0,240800000.0,119400000.0,101.05,4039100000.0
5,BIIB,MRQ,2020-06-30,2020-06-30,2020-06-30,2021-10-20,-181000000.0,25511800000.0,,8493800000.0,17018000000.0,,70.415,-105000000.0,2384900000.0,2384900000.0,411100000.0,1606500000.0,2.464,1.258,7838600000.0,0.0,7838600000.0,7838600000.0,0.0,112900000.0,0.0,0.0,0.0,1988200000.0,2101100000.0,0.571,2101100000.0,1988200000.0,1988200000.0,9.6,9.59,9.6,11308700000.0,,11308700000.0,47434911879.0,7.0,6.06,1843500000.0,11.479,1.0,3270500000.0,0.888,9134800000.0,0.0,18383600000.0,,952700000.0,4348800000.0,1942700000.0,2406100000.0,14222600000.0,3447100000.0,10775500000.0,43660811879.0,-197600000.0,-141800000.0,-2808900000.0,1467300000.0,0.0,-1313400000.0,-832700000.0,-578600000.0,1948500000.0,-8800000.0,1542100000.0,1542100000.0,1542100000.0,0.0,64400000.0,0.419,1296000000.0,1974500000.0,383900000.0,0.0,3.861,7.367,7.825,3766900000.0,0.0,267.55,3.014,2.966,2574700000.0,14466700000.0,3681600000.0,3681600000.0,647600000.0,,,,,48100000.0,555100000.0,1.0,163187486.0,160600000,160900000.0,22.924,16377000000.0,1710200000.0,446100000.0,576700000.0,101.974,5046700000.0
6,BIIB,MRQ,2020-03-31,2020-03-31,2020-03-31,2021-10-20,-149300000.0,26119200000.0,,8007200000.0,18112000000.0,,72.609,-186700000.0,2591300000.0,2591300000.0,454300000.0,1392600000.0,1.726,1.083,6365400000.0,1501800000.0,4863600000.0,6365400000.0,0.0,119900000.0,0.0,0.0,0.0,1691100000.0,1811000000.0,0.512,1811000000.0,1691100000.0,1691100000.0,8.1,8.08,8.1,12546900000.0,,12546900000.0,58524171800.0,8.0,7.715,1280600000.0,7.411,1.0,3080000000.0,0.871,9198900000.0,0.0,16055800000.0,,858800000.0,3369200000.0,1269100000.0,2100100000.0,13582300000.0,4638600000.0,8943700000.0,55070371800.0,-335100000.0,0.0,-2220200000.0,0.0,0.0,-2245300000.0,442900000.0,705100000.0,1467300000.0,12700000.0,1399100000.0,1399100000.0,1399100000.0,0.0,-6500000.0,0.396,1260100000.0,1819900000.0,389000000.0,0.0,4.389,9.368,9.753,3703600000.0,0.0,316.38,3.818,3.791,2604200000.0,15673100000.0,3534300000.0,3534300000.0,476300000.0,,,,,67700000.0,570100000.0,1.0,174064011.0,172800000,173100000.0,20.453,16920300000.0,3109400000.0,292000000.0,310000000.0,97.918,3368600000.0
7,BIIB,MRQ,2019-12-31,2019-12-31,2019-12-31,2021-10-20,-135200000.0,27234300000.0,,8381800000.0,18852500000.0,,75.173,-265400000.0,2913700000.0,2913700000.0,447100000.0,1439700000.0,1.723,1.041,6367500000.0,1495800000.0,4871700000.0,6367500000.0,0.0,113000000.0,0.0,0.0,0.0,1715800000.0,1828800000.0,0.498,1828800000.0,1715800000.0,1715800000.0,8.09,8.07,8.09,13343200000.0,,13343200000.0,57562618459.0,8.0,7.449,1694800000.0,9.548,1.0,3224200000.0,0.878,9285200000.0,0.0,16539100000.0,,804200000.0,4223100000.0,1562200000.0,2660900000.0,13895200000.0,4863800000.0,9031400000.0,53542518459.0,552200000.0,0.0,-2093100000.0,0.0,0.0,-2116400000.0,708400000.0,942200000.0,1960200000.0,17600000.0,1439700000.0,1439700000.0,1439700000.0,0.0,0.0,0.392,1446500000.0,1777700000.0,530800000.0,0.0,4.013,9.093,9.429,3674300000.0,0.0,296.73,3.724,3.861,2470700000.0,16455400000.0,3671300000.0,3671300000.0,691700000.0,,,,,38400000.0,664900000.0,1.0,180441878.0,177500000,178100000.0,20.683,17949100000.0,3232100000.0,276100000.0,71400000.0,101.122,3518000000.0
8,BIIB,MRQ,2019-09-30,2019-09-30,2019-09-30,2021-10-20,-92300000.0,27484000000.0,,8448200000.0,19035800000.0,,76.065,-90100000.0,2343900000.0,2343900000.0,430000000.0,1545900000.0,1.906,0.964,6364000000.0,1495300000.0,4868700000.0,6364000000.0,0.0,329500000.0,0.0,0.0,0.0,1757200000.0,2086700000.0,0.58,2086700000.0,1757200000.0,1757200000.0,8.4,8.39,8.4,13995900000.0,,13995900000.0,47591101295.0,7.0,6.226,1604800000.0,8.722,1.0,3170100000.0,0.881,9138500000.0,0.0,17933400000.0,,751800000.0,5146200000.0,2093500000.0,3052700000.0,13492200000.0,4432200000.0,9060000000.0,42943001295.0,640000000.0,923700000.0,-717900000.0,0.0,0.0,-689000000.0,-365900000.0,-1198900000.0,1694900000.0,-19500000.0,1545900000.0,1545900000.0,1545900000.0,0.0,0.0,0.429,1363800000.0,1806300000.0,382200000.0,0.0,3.068,7.959,8.259,3560100000.0,0.0,232.82,3.017,3.01,2515800000.0,17065200000.0,3600100000.0,3600100000.0,540400000.0,,,,,45900000.0,554500000.0,1.0,184447218.0,184000000,184200000.0,19.566,18345500000.0,3284500000.0,211300000.0,125600000.0,99.704,4016000000.0
9,BIIB,MRQ,2019-06-30,2019-06-30,2019-06-30,2021-10-20,-252900000.0,26287600000.0,,7909800000.0,18377800000.0,,68.066,-186900000.0,1723400000.0,1723400000.0,476300000.0,1494100000.0,2.463,1.03,6371500000.0,0.0,6371500000.0,6371500000.0,0.0,117000000.0,0.0,0.0,0.0,1742200000.0,1859200000.0,0.514,1859200000.0,1742200000.0,1742200000.0,7.85,7.85,7.85,12952900000.0,,12952900000.0,49481948756.0,7.0,6.411,1777100000.0,9.338,1.0,3140400000.0,0.868,9430500000.0,0.0,18294300000.0,,776700000.0,3844100000.0,1228800000.0,2615300000.0,13338800000.0,3210900000.0,10127900000.0,45345848756.0,-522500000.0,-744400000.0,-2401500000.0,0.0,0.0,-2375700000.0,-110800000.0,826200000.0,1964000000.0,2700000.0,1494100000.0,1494100000.0,1494100000.0,0.0,0.0,0.413,1184500000.0,1955900000.0,377100000.0,0.0,3.501,8.565,8.675,3511900000.0,0.0,233.87,3.222,3.163,2517100000.0,16182800000.0,3616700000.0,3616700000.0,484800000.0,,,,,52300000.0,587600000.0,1.0,193893397.0,190300000,190400000.0,19.005,16857100000.0,2820100000.0,248100000.0,427200000.0,88.582,4698900000.0
10,BIIB,MRQ,2019-03-31,2019-03-31,2019-03-31,2021-10-20,-219800000.0,26445500000.0,,8942600000.0,17502900000.0,,70.345,-127100000.0,2243200000.0,2243200000.0,602000000.0,1408800000.0,2.84,0.913,6379300000.0,0.0,6379300000.0,6379300000.0,0.0,121100000.0,0.0,0.0,0.0,1831300000.0,1952400000.0,0.559,1952400000.0,1831300000.0,1831300000.0,7.17,7.15,7.17,13829900000.0,,13829900000.0,51209922362.0,8.0,7.151,1332400000.0,6.777,1.0,2887800000.0,0.827,8695900000.0,0.0,18737000000.0,,770200000.0,4936800000.0,1665800000.0,3271000000.0,12623500000.0,3148700000.0,9474800000.0,46498022362.0,1019000000.0,-300000000.0,-655800000.0,0.0,0.0,-679300000.0,238800000.0,664200000.0,1459500000.0,-400000.0,1408800000.0,1408800000.0,1408800000.0,0.0,0.0,0.404,1385100000.0,1502700000.0,378000000.0,0.0,3.362,9.964,10.149,3461600000.0,0.0,236.38,3.367,3.365,2616000000.0,17026700000.0,3489800000.0,3489800000.0,563700000.0,,,,,45700000.0,567700000.0,1.0,196708784.0,196600000,197000000.0,17.751,17749600000.0,2074400000.0,422500000.0,238500000.0,90.283,5793900000.0
11,BIIB,MRQ,2018-12-31,2018-12-31,2018-12-31,2021-10-20,-240400000.0,25288900000.0,,7640900000.0,17648000000.0,,65.263,-225900000.0,1224600000.0,1224600000.0,488500000.0,944900000.0,2.319,0.94,5936500000.0,0.0,5936500000.0,5936500000.0,0.0,329700000.0,0.0,0.0,0.0,1416400000.0,1746100000.0,0.495,1746100000.0,1416400000.0,1416400000.0,4.77,4.75,4.77,13039600000.0,,13039600000.0,64174542487.0,11.0,9.337,1669500000.0,8.356,1.0,3037800000.0,0.861,8826400000.0,0.0,17879200000.0,,929900000.0,5379900000.0,2313400000.0,3066500000.0,12257300000.0,3295200000.0,8962100000.0,60630142487.0,-1166900000.0,-976600000.0,-1352600000.0,0.0,0.0,-1437000000.0,-1625300000.0,-422000000.0,1895400000.0,4800000.0,946800000.0,946800000.0,946800000.0,0.0,-1900000.0,0.268,1594700000.0,1443100000.0,370500000.0,0.0,4.65,13.684,13.912,3601200000.0,0.0,300.92,4.507,4.583,2485400000.0,16257000000.0,3526300000.0,3526300000.0,611600000.0,,,,,38500000.0,591100000.0,1.0,201482595.0,199800000,200200000.0,17.649,16462500000.0,2153900000.0,469600000.0,63500000.0,82.395,4345700000.0
12,BIIB,MRQ,2018-09-30,2018-09-30,2018-09-30,2021-10-20,-248300000.0,25492200000.0,,8719000000.0,16773200000.0,,68.355,-163200000.0,2386700000.0,2386700000.0,460800000.0,1442900000.0,2.746,0.852,5931100000.0,0.0,5931100000.0,5931100000.0,0.0,346500000.0,0.0,0.0,0.0,1814200000.0,2160700000.0,0.628,2160700000.0,1814200000.0,1814200000.0,7.17,7.15,7.17,13766600000.0,,13766600000.0,75849973334.0,13.0,11.485,1572700000.0,7.809,1.0,2978200000.0,0.866,8819100000.0,0.0,17042600000.0,,916600000.0,4296000000.0,2041700000.0,2254300000.0,11732400000.0,3174900000.0,8557500000.0,71171773334.0,1141900000.0,-300000000.0,0.0,-3200000.0,0.0,25100000.0,-619100000.0,-127500000.0,1735900000.0,-5400000.0,1444400000.0,1444400000.0,1444400000.0,0.0,-1500000.0,0.42,1280600000.0,1697600000.0,342300000.0,0.0,5.17,22.335,22.765,3538900000.0,0.0,353.31,5.378,5.377,2525700000.0,16944100000.0,3439000000.0,3439000000.0,507900000.0,,,,,37300000.0,497700000.0,1.0,201442850.0,201400000,201900000.0,17.075,16673100000.0,2160900000.0,369800000.0,1368700000.0,82.786,5544100000.0
13,BIIB,MRQ,2018-06-30,2018-06-30,2018-06-30,2021-10-20,-261600000.0,23952900000.0,,7432100000.0,16520800000.0,,59.203,-189800000.0,1250200000.0,1250200000.0,421000000.0,915000000.0,2.358,0.954,5928400000.0,0.0,5928400000.0,5928400000.0,0.0,171500000.0,0.0,0.0,0.0,1130300000.0,1301800000.0,0.388,1301800000.0,1130300000.0,1130300000.0,4.18,4.18,4.18,12260900000.0,,12260900000.0,63067645957.0,11.0,10.121,909500000.0,4.392,1.0,2935500000.0,0.875,8831600000.0,0.0,16647100000.0,,931700000.0,4036300000.0,1974000000.0,2062300000.0,11699200000.0,3152400000.0,8546800000.0,61242945957.0,-2840700000.0,-762900000.0,-2750000000.0,0.0,0.0,-2791500000.0,-1148500000.0,-121300000.0,1099300000.0,-17100000.0,866600000.0,866600000.0,866600000.0,0.0,48400000.0,0.258,1722300000.0,1213200000.0,295700000.0,0.0,4.995,20.633,20.512,3409000000.0,0.0,290.24,4.758,4.67,2432900000.0,15499500000.0,3356500000.0,3356500000.0,981000000.0,,,,,38300000.0,516200000.0,1.0,211007945.0,207100000,207300000.0,16.207,15121300000.0,2217900000.0,263700000.0,1383800000.0,73.014,4279700000.0
14,BIIB,MRQ,2018-03-31,2018-03-31,2018-03-31,2021-10-20,-303900000.0,26090100000.0,,10195400000.0,15894700000.0,,66.479,-194700000.0,4108000000.0,4108000000.0,446000000.0,1171200000.0,3.234,0.858,5932700000.0,3300000.0,5929400000.0,5932700000.0,0.0,168900000.0,0.0,0.0,0.0,1495400000.0,1664300000.0,0.532,1664300000.0,1495400000.0,1495400000.0,5.55,5.54,5.55,14053700000.0,,14053700000.0,62294494681.0,11.0,9.976,1262400000.0,5.972,1.0,2685100000.0,0.858,8702300000.0,0.0,16060400000.0,,890800000.0,3388300000.0,1808000000.0,1580300000.0,12052600000.0,3152100000.0,8900500000.0,57930094681.0,2535100000.0,-600000000.0,-250000000.0,0.0,0.0,-268600000.0,1346600000.0,2149700000.0,1457100000.0,-900000.0,1172900000.0,1172900000.0,1172900000.0,0.0,-1700000.0,0.375,1156000000.0,1529100000.0,345800000.0,0.0,4.122,19.542,19.503,3334700000.0,0.0,273.82,4.6,4.596,2492700000.0,17334600000.0,3131100000.0,3131100000.0,496700000.0,,,,,43400000.0,501300000.0,1.0,211562686.0,211400000,211700000.0,14.811,17387800000.0,2277400000.0,322500000.0,1563000000.0,82.251,7043300000.0
15,BIIB,MRQ,2017-12-31,2017-12-31,2017-12-31,2021-10-20,-318400000.0,23652600000.0,,7873300000.0,15779300000.0,,59.663,-295600000.0,1573800000.0,1573800000.0,509200000.0,-166300000.0,2.338,0.876,5938200000.0,3200000.0,5935000000.0,5938200000.0,0.0,209000000.0,0.0,0.0,0.0,1268700000.0,1477700000.0,0.447,1477700000.0,1268700000.0,1268700000.0,-1.38,-1.38,-1.38,12612800000.0,,12612800000.0,72333607502.0,14.0,11.899,1222700000.0,5.784,1.0,2797800000.0,0.846,8512100000.0,0.0,16136700000.0,,902700000.0,5604100000.0,2115200000.0,3488900000.0,11054500000.0,3368200000.0,7686300000.0,67370207502.0,40700000.0,-300000000.0,0.0,-557700000.0,0.0,-708100000.0,-769500000.0,-168000000.0,1518300000.0,-15000000.0,-297400000.0,-297400000.0,-297400000.0,0.0,131100000.0,-0.09,1331600000.0,1466200000.0,395500000.0,0.0,5.341,26.533,26.681,3182400000.0,0.0,318.57,5.489,5.518,2319600000.0,15810400000.0,3307000000.0,3307000000.0,587600000.0,,,,,30600000.0,572000000.0,1.0,211476936.0,211400000,212100000.0,15.643,15140500000.0,595900000.0,1566100000.0,68200000.0,71.62,4505100000.0
16,BIIB,MRQ,2017-09-30,2017-09-30,2017-09-30,2021-10-20,-329400000.0,23073200000.0,,7568000000.0,15505200000.0,,60.835,-279200000.0,1548100000.0,1548100000.0,370000000.0,1226100000.0,2.195,0.795,6511500000.0,573200000.0,5938300000.0,6511500000.0,0.0,177400000.0,0.0,0.0,0.0,1609900000.0,1787300000.0,0.581,1787300000.0,1609900000.0,1609900000.0,5.8,5.79,5.8,12860500000.0,,12860500000.0,71547908308.0,16.0,12.735,1349100000.0,6.382,1.0,2707800000.0,0.88,8146900000.0,0.0,16441300000.0,,1007200000.0,6322600000.0,1960200000.0,4362400000.0,10224300000.0,3448400000.0,6775900000.0,66203508308.0,361900000.0,-300000000.0,0.0,-3200000.0,0.0,-19500000.0,-1246900000.0,-669800000.0,1628300000.0,16600000.0,1226100000.0,1226100000.0,1226100000.0,0.0,0.0,0.398,1053900000.0,1653900000.0,298700000.0,0.0,5.148,18.993,19.151,2995900000.0,0.0,313.12,5.592,5.591,2085500000.0,16107700000.0,3077800000.0,3077800000.0,446400000.0,,,,,30100000.0,433400000.0,1.0,211431746.0,211400000,211800000.0,14.559,14926300000.0,0.0,383800000.0,121300000.0,70.607,4119600000.0
17,BIIB,MRQ,2017-06-30,2017-06-30,2017-06-30,2021-10-20,-338800000.0,21759000000.0,,7108700000.0,14650300000.0,,54.673,-202800000.0,1169500000.0,1169500000.0,366200000.0,862800000.0,2.103,0.879,6513900000.0,559900000.0,5954000000.0,6513900000.0,0.0,182600000.0,0.0,0.0,0.0,1132400000.0,1315000000.0,0.427,1315000000.0,1132400000.0,1132400000.0,4.07,4.07,4.07,11585200000.0,,11585200000.0,63149781486.0,15.0,11.736,966400000.0,4.561,1.0,2712200000.0,0.881,7921700000.0,0.0,15802000000.0,,936500000.0,5624500000.0,1723500000.0,3901000000.0,10185400000.0,3379700000.0,6805700000.0,57559581486.0,215700000.0,-300000000.0,-781800000.0,0.0,0.0,-751000000.0,-202500000.0,420900000.0,1169200000.0,29900000.0,862800000.0,862800000.0,862800000.0,0.0,0.0,0.28,1490000000.0,1222200000.0,330300000.0,0.0,4.968,17.482,17.771,2827600000.0,0.0,271.36,4.913,4.908,2133100000.0,14881700000.0,3078400000.0,3078400000.0,796200000.0,,,,,30300000.0,429800000.0,1.0,212115203.0,211900000,212200000.0,14.528,13837300000.0,0.0,269600000.0,52600000.0,65.301,3729000000.0
18,BIIB,MRQ,2017-03-31,2017-03-31,2017-03-31,2021-10-20,-325200000.0,21195900000.0,,6859700000.0,14336200000.0,,53.242,-1065200000.0,924000000.0,924000000.0,384600000.0,747500000.0,2.292,0.848,6514200000.0,561500000.0,5952700000.0,6514200000.0,0.0,512000000.0,0.0,0.0,0.0,986800000.0,1498800000.0,0.533,1498800000.0,986800000.0,986800000.0,3.47,3.46,3.47,11479000000.0,,11479000000.0,63236480802.0,14.0,11.203,-830000000.0,-3.85,1.0,2426100000.0,0.863,7715600000.0,0.0,16078000000.0,,921600000.0,5965900000.0,1956200000.0,4009700000.0,9728500000.0,2992500000.0,6736000000.0,59045580802.0,-1410400000.0,-300000000.0,-583600000.0,0.0,0.0,-901400000.0,-744200000.0,627600000.0,235200000.0,7900000.0,747600000.0,747600000.0,747600000.0,0.0,-100000.0,0.266,1401400000.0,1024700000.0,316400000.0,0.0,5.144,16.97,17.099,2610900000.0,0.0,273.42,5.12,5.111,1826000000.0,14781200000.0,2810700000.0,2810700000.0,423400000.0,,,,,37000000.0,498700000.0,1.0,215951945.0,215600000,215900000.0,13.037,13480300000.0,0.0,239200000.0,70000000.0,62.525,3867200000.0
19,BIIB,MRQ,2016-12-31,2016-12-31,2016-12-31,2021-10-20,-319900000.0,22876800000.0,,8732200000.0,14144600000.0,,56.048,-183300000.0,2326500000.0,2326500000.0,378500000.0,647900000.0,2.553,0.885,6517400000.0,4700000.0,6512700000.0,6517400000.0,0.0,177400000.0,0.0,0.0,0.0,839500000.0,1016900000.0,0.354,1016900000.0,839500000.0,839500000.0,3.01,3.01,3.01,12140100000.0,,12140100000.0,66149470755.0,13.0,11.765,1398600000.0,6.457,1.0,2493500000.0,0.868,7477600000.0,0.0,16170200000.0,,1001600000.0,6733800000.0,2568600000.0,4165200000.0,10748200000.0,3419900000.0,7328300000.0,61699770755.0,273700000.0,-300000000.0,-651100000.0,0.0,0.0,-726500000.0,-581700000.0,-88400000.0,1581900000.0,-32000000.0,649200000.0,649200000.0,649200000.0,0.0,-1300000.0,0.226,1606000000.0,887500000.0,279800000.0,0.0,5.082,16.663,16.721,2501800000.0,0.0,283.58,5.389,5.41,1742200000.0,15071600000.0,2872000000.0,2872000000.0,533900000.0,,,,,37000000.0,494200000.0,1.0,217574479.0,216600000,217000000.0,13.259,15399200000.0,0.0,190300000.0,231900000.0,71.095,5312300000.0
20,BIIB,MRQ,2016-09-30,2016-09-30,2016-09-30,2021-10-20,-300900000.0,22104900000.0,,8091800000.0,14013100000.0,,55.356,-280700000.0,2084800000.0,2084800000.0,416900000.0,1030200000.0,3.237,0.824,6534500000.0,4900000.0,6529600000.0,6534500000.0,0.0,180200000.0,0.0,0.0,0.0,1369900000.0,1550100000.0,0.524,1550100000.0,1369900000.0,1369900000.0,4.72,4.71,4.72,12117500000.0,,12117500000.0,73772472129.0,14.0,12.609,710600000.0,3.246,1.0,2538900000.0,0.859,7289600000.0,0.0,16765300000.0,,1009700000.0,6567700000.0,2231200000.0,4336500000.0,9990100000.0,2499700000.0,7490400000.0,68591372129.0,722200000.0,-300000000.0,-348900000.0,-2700000.0,0.0,-305300000.0,36200000.0,563800000.0,991300000.0,600000.0,1032900000.0,1032900000.0,1032900000.0,0.0,-2700000.0,0.349,1113600000.0,1425300000.0,274000000.0,0.0,5.661,17.655,17.655,2387000000.0,0.0,313.03,6.008,6.002,1773000000.0,15030000000.0,2955800000.0,2955800000.0,529000000.0,,,,,33700000.0,462700000.0,1.0,219120762.0,218900000,219400000.0,13.503,14815300000.0,0.0,337000000.0,307500000.0,67.681,5592100000.0
21,BIIB,MRQ,2016-06-30,2016-06-30,2016-06-30,2021-10-20,-282800000.0,21514800000.0,,7447700000.0,14067100000.0,,52.048,-108200000.0,1362000000.0,1362000000.0,370300000.0,1048400000.0,2.96,0.887,6543100000.0,4800000.0,6538300000.0,6543100000.0,0.0,175400000.0,0.0,0.0,0.0,1403400000.0,1578800000.0,0.546,1578800000.0,1403400000.0,1403400000.0,4.79,4.79,4.79,11403800000.0,,11403800000.0,58380831554.0,11.0,10.157,890000000.0,4.062,1.0,2523900000.0,0.872,7134700000.0,0.0,17045000000.0,,996400000.0,7065400000.0,2434800000.0,4630600000.0,10111100000.0,2516200000.0,7594900000.0,52971031554.0,246300000.0,-300000000.0,0.0,0.0,0.0,-15800000.0,-736100000.0,-276400000.0,998200000.0,-15000000.0,1049800000.0,1049800000.0,1049800000.0,0.0,-1400000.0,0.363,1063400000.0,1460500000.0,225900000.0,0.0,4.645,13.874,14.084,2301800000.0,0.0,241.82,4.713,4.715,1627100000.0,14229100000.0,2894200000.0,2894200000.0,473100000.0,,,,,38800000.0,492400000.0,1.0,219051491.0,219100000,219400000.0,13.209,14380100000.0,0.0,353600000.0,318400000.0,65.633,4931500000.0
22,BIIB,MRQ,2016-03-31,2016-03-31,2016-03-31,2021-10-20,-259300000.0,20674700000.0,,7201300000.0,13473400000.0,,47.176,-155500000.0,1130700000.0,1130700000.0,313000000.0,969200000.0,2.594,1.002,6540500000.0,4900000.0,6535600000.0,6540500000.0,0.0,149700000.0,0.0,0.0,0.0,1327300000.0,1477000000.0,0.542,1477000000.0,1327300000.0,1327300000.0,4.44,4.43,4.44,10326800000.0,,10326800000.0,62143181689.0,13.0,11.23,860300000.0,3.93,1.0,2413800000.0,0.885,6930100000.0,0.0,16377800000.0,,964600000.0,6739100000.0,2454700000.0,4284400000.0,10346600000.0,2776600000.0,7570000000.0,56924881689.0,-192400000.0,-300000000.0,0.0,0.0,0.0,-5000000.0,-1203200000.0,-733300000.0,1015800000.0,15100000.0,970900000.0,970900000.0,970900000.0,0.0,-1700000.0,0.356,1035400000.0,1378400000.0,271300000.0,0.0,5.512,15.404,15.951,2258900000.0,0.0,260.32,5.205,5.211,1710200000.0,13179300000.0,2726800000.0,2726800000.0,437300000.0,,,,,45300000.0,497300000.0,1.0,218672717.0,218900000,219300000.0,12.457,13744600000.0,0.0,356400000.0,614300000.0,62.789,4424700000.0
23,BIIB,MRQ,2015-12-31,2015-12-31,2015-12-31,2021-10-20,-224000000.0,19504800000.0,,6700300000.0,12804500000.0,,42.507,-195200000.0,1308000000.0,1308000000.0,331800000.0,828700000.0,2.599,1.081,6526300000.0,4800000.0,6521500000.0,6526300000.0,0.0,156300000.0,0.0,0.0,0.0,1088700000.0,1245000000.0,0.438,1245000000.0,1088700000.0,1088700000.0,3.78,3.77,3.78,9372800000.0,,9372800000.0,70731810442.0,15.0,13.323,1048500000.0,4.755,1.0,2507500000.0,0.883,6748900000.0,0.0,15396500000.0,,893400000.0,5988500000.0,2120500000.0,3868000000.0,10129900000.0,2577700000.0,7552200000.0,68286367442.0,-2765500000.0,-300000000.0,-2001800000.0,-400000.0,0.0,-2201700000.0,-1807500000.0,-1295200000.0,1243700000.0,-15500000.0,831600000.0,831600000.0,831600000.0,0.0,-2900000.0,0.293,1308800000.0,1198700000.0,267400000.0,0.0,7.286,19.252,19.919,2187600000.0,0.0,306.35,6.344,6.566,1541500000.0,12208400000.0,2839300000.0,2839300000.0,541700000.0,,,,,29900000.0,583000000.0,1.0,222903109.0,220500000,220700000.0,12.877,12755900000.0,0.0,257100000.0,208700000.0,57.85,4122600000.0
24,BIIB,MRQ,2015-09-30,2015-09-30,2015-09-30,2021-10-20,-157416000.0,20728368000.0,,9270873000.0,11457495000.0,,45.533,-235500000.0,4089003000.0,4089003000.0,310000000.0,1019500000.0,3.52,0.961,6534446000.0,5171000.0,6529275000.0,6534446000.0,0.0,151600000.0,0.0,0.0,0.0,1295700000.0,1447300000.0,0.521,1447300000.0,1295700000.0,1295700000.0,4.16,4.15,4.16,10572726000.0,,10572726000.0,67764559166.0,14.0,12.611,659900000.0,2.842,1.0,2467900000.0,0.888,6590099000.0,0.0,13949744000.0,,918921000.0,4593074000.0,1753499000.0,2839575000.0,10161425000.0,2633968000.0,7527457000.0,68467168166.0,2813000000.0,-300000000.0,-2956000000.0,5928800000.0,0.0,2907600000.0,-990000000.0,-437200000.0,895400000.0,-6100000.0,965600000.0,965600000.0,965600000.0,0.0,53900000.0,0.348,1096000000.0,1371900000.0,251228000.0,0.0,6.476,19.025,18.967,2027821000.0,0.0,291.14,6.48,6.399,1647568000.0,11999358000.0,2777900000.0,2777900000.0,519900000.0,,,,,37800000.0,477800000.0,1.0,235169225.0,232200000,232600000.0,11.963,14138269000.0,0.0,330100000.0,595433000.0,60.888,6636905000.0
25,BIIB,MRQ,2015-06-30,2015-06-30,2015-06-30,2021-10-20,-101025000.0,16759171000.0,,5618985000.0,11140186000.0,,53.432,-129900000.0,1282078000.0,1282078000.0,286100000.0,924800000.0,2.198,0.333,579469000.0,3262000.0,576207000.0,579469000.0,0.0,144600000.0,0.0,0.0,0.0,1219800000.0,1364400000.0,0.526,1364400000.0,1219800000.0,1219800000.0,3.94,3.93,3.94,12572577000.0,,12572577000.0,94124484077.0,20.0,17.987,917400000.0,3.899,1.0,2305500000.0,0.89,6449132000.0,0.0,7051598000.0,,865738000.0,3939979000.0,1086595000.0,2853384000.0,4186173000.0,2555832000.0,1630341000.0,95018609077.0,-209600000.0,0.0,-42200000.0,0.0,0.0,-3600000.0,-1253300000.0,-1120100000.0,1047300000.0,13600000.0,927300000.0,927300000.0,927300000.0,0.0,-2500000.0,0.358,1072400000.0,1233100000.0,282702000.0,0.0,7.558,27.225,27.256,1837670000.0,0.0,403.94,9.226,9.229,1634535000.0,11033736000.0,2591600000.0,2591600000.0,490700000.0,,,,,41600000.0,491900000.0,1.0,235229512.0,235300000,235700000.0,11.014,10310039000.0,0.0,292500000.0,596172000.0,43.817,3063153000.0
26,BIIB,MRQ,2015-03-31,2015-03-31,2015-03-31,2021-10-20,-70538000.0,15219454000.0,,5258896000.0,9960558000.0,,49.646,-97800000.0,1478051000.0,1478051000.0,312400000.0,820200000.0,2.702,0.304,583926000.0,3254000.0,580672000.0,583926000.0,0.0,147900000.0,0.0,0.0,0.0,1104400000.0,1252300000.0,0.49,1252300000.0,1104400000.0,1104400000.0,3.5,3.49,3.5,11666771000.0,,11666771000.0,98443888502.0,23.0,19.627,635200000.0,2.703,1.0,2242600000.0,0.878,6202975000.0,0.0,6176123000.0,,825349000.0,2691901000.0,673946000.0,2017955000.0,3549996000.0,1946231000.0,1603765000.0,99063615502.0,311000000.0,-448800000.0,0.0,0.0,0.0,80800000.0,-502800000.0,50600000.0,733000000.0,-37800000.0,822500000.0,822500000.0,822500000.0,0.0,-2400000.0,0.322,1124600000.0,1118000000.0,236128000.0,0.0,8.491,30.227,30.377,1739628000.0,0.0,422.24,9.781,9.797,1701951000.0,10106460000.0,2555000000.0,2555000000.0,460500000.0,,,,,52100000.0,560400000.0,1.0,234614474.0,235000000,235600000.0,10.872,9016479000.0,0.0,281900000.0,452639000.0,38.368,3312665000.0
27,BIIB,MRQ,2014-12-31,2014-12-31,2014-12-31,2021-10-20,-59500000.0,14314700000.0,,4535000000.0,9779700000.0,,45.864,-135146000.0,1204900000.0,1204900000.0,297229000.0,882620000.0,2.045,0.324,583400000.0,3100000.0,580300000.0,583400000.0,0.0,157592000.0,0.0,0.0,0.0,1151671000.0,1309263000.0,0.496,1309263000.0,1151671000.0,1151671000.0,3.75,3.73,3.75,10809000000.0,,10809000000.0,79563868906.0,20.0,17.248,797702000.0,3.385,1.0,2343422000.0,0.887,5788700000.0,0.0,5686400000.0,,804000000.0,2865800000.0,640500000.0,2225300000.0,3500700000.0,2218100000.0,1282600000.0,80162952906.0,41254000.0,-200000000.0,-526819000.0,-26000.0,0.0,-513292000.0,-378302000.0,-68487000.0,932848000.0,-22673000.0,883480000.0,883480000.0,883480000.0,0.0,-860000.0,0.335,1227135000.0,1116287000.0,229200000.0,0.0,7.416,27.315,27.331,1765700000.0,0.0,339.45,8.261,8.27,1575800000.0,9283900000.0,2640651000.0,2640651000.0,500069000.0,,,,,35792000.0,573568000.0,1.0,236155407.0,235677000,236453000.0,11.205,8526000000.0,0.0,268191000.0,220300000.0,36.177,2316900000.0
28,BIIB,MRQ,2014-09-30,2014-09-30,2014-09-30,2021-10-20,-37987000.0,13704142000.0,,4372111000.0,9332031000.0,,44.145,-62546000.0,1186281000.0,1186281000.0,302639000.0,856120000.0,2.253,0.314,587197000.0,3220000.0,583977000.0,587197000.0,0.0,175406000.0,0.0,0.0,0.0,1131632000.0,1307038000.0,0.52,1307038000.0,1131632000.0,1131632000.0,3.63,3.62,3.63,10427696000.0,,10427696000.0,77845309861.0,23.0,18.943,851487000.0,3.605,1.0,2208807000.0,0.879,5670958000.0,0.0,5493453000.0,,753063000.0,2612009000.0,675065000.0,1936944000.0,3273257000.0,1940647000.0,1332610000.0,78119029861.0,338346000.0,-150000000.0,-23076000.0,-2674000.0,0.0,-35123000.0,-540564000.0,-325632000.0,914033000.0,-15262000.0,856858000.0,856858000.0,856858000.0,0.0,-738000.0,0.341,1060608000.0,1148199000.0,233629000.0,0.0,7.491,31.141,31.179,1724129000.0,0.0,330.81,8.652,8.655,1361231000.0,8400455000.0,2511446000.0,2511446000.0,417174000.0,,,,,35652000.0,570436000.0,1.0,236144705.0,236217000,236972000.0,10.632,8033184000.0,0.0,274774000.0,249995000.0,34.008,2431464000.0
29,BIIB,MRQ,2014-06-30,2014-06-30,2014-06-30,2021-10-20,-26678000.0,12917998000.0,,3925013000.0,8992985000.0,,40.401,-64002000.0,863197000.0,863197000.0,291887000.0,723132000.0,2.048,0.351,589477000.0,3386000.0,586091000.0,589477000.0,0.0,164139000.0,0.0,0.0,0.0,983027000.0,1147166000.0,0.474,1147166000.0,983027000.0,983027000.0,3.02,3.01,3.02,9561299000.0,,9561299000.0,74557437821.0,25.0,20.576,926591000.0,3.915,1.0,2129565000.0,0.879,5614193000.0,0.0,5113461000.0,,715935000.0,2332497000.0,709869000.0,1622628000.0,3352772000.0,1916624000.0,1436148000.0,74791476821.0,38106000.0,0.0,-336905000.0,0.0,0.0,-322360000.0,-630127000.0,-561382000.0,990593000.0,-3510000.0,714506000.0,714506000.0,714506000.0,0.0,8626000.0,0.295,1144740000.0,984825000.0,224931000.0,0.0,7.822,34.96,34.879,1756164000.0,0.0,315.31,8.963,8.942,1289225000.0,7543597000.0,2421452000.0,2421452000.0,447273000.0,,,,,37516000.0,576622000.0,1.0,237199825.0,236661000,237401000.0,10.232,7303805000.0,0.0,268521000.0,331850000.0,30.862,2008389000.0
30,BIIB,MRQ,2014-03-31,2014-03-31,2014-03-31,2021-10-20,-22355000.0,12230131000.0,,3525024000.0,8705107000.0,,38.586,-54306000.0,828601000.0,828601000.0,279245000.0,479728000.0,2.211,0.338,594562000.0,3550000.0,591012000.0,594562000.0,0.0,190963000.0,0.0,0.0,0.0,658370000.0,849333000.0,0.399,849333000.0,658370000.0,658370000.0,2.03,2.02,2.03,9136711000.0,,9136711000.0,72299176369.0,27.0,22.214,50320000.0,0.213,1.0,1850506000.0,0.869,5597300000.0,0.0,4804545000.0,,672750000.0,1795151000.0,431610000.0,1363541000.0,3089068000.0,1594247000.0,1494821000.0,72305811369.0,225494000.0,-25000000.0,0.0,0.0,0.0,114875000.0,5993000.0,91301000.0,104626000.0,545000.0,479956000.0,479956000.0,479956000.0,0.0,-228000.0,0.225,1183017000.0,667489000.0,212809000.0,0.0,7.914,37.748,37.808,1744266000.0,0.0,305.87,9.456,9.471,1296803000.0,6829091000.0,2129751000.0,2129751000.0,528884000.0,,,,,46340000.0,511674000.0,1.0,236393930.0,236786000,237849000.0,8.994,6632831000.0,0.0,178414000.0,361946000.0,28.012,1930777000.0
31,BIIB,MRQ,2013-12-31,2013-12-31,2013-12-31,2021-10-20,-27745000.0,11863335000.0,,3184934000.0,8678401000.0,,36.494,-78672000.0,602562000.0,602562000.0,258527000.0,457265000.0,1.811,0.376,595927000.0,3494000.0,592433000.0,595927000.0,0.0,158343000.0,0.0,0.0,0.0,647512000.0,805855000.0,0.41,805855000.0,647512000.0,647512000.0,1.93,1.92,1.93,8620242000.0,,8620242000.0,66308989266.0,27.0,22.14,790355000.0,3.346,1.0,1707324000.0,0.868,5707569000.0,0.0,4390852000.0,,659003000.0,1840289000.0,620167000.0,1220122000.0,3242497000.0,1758279000.0,1484218000.0,66038521266.0,170228000.0,-14981000.0,8000.0,-60000.0,0.0,11209000.0,-710008000.0,-639609000.0,869027000.0,4582000.0,457265000.0,457265000.0,457265000.0,0.0,0.0,0.233,1057088000.0,650236000.0,219913000.0,0.0,7.661,35.461,35.569,1750710000.0,0.0,279.572,9.526,9.554,1077068000.0,6349135000.0,1965851000.0,1965851000.0,422280000.0,,,,,31449000.0,522906000.0,1.0,236212930.0,236207000,237676000.0,8.323,6155766000.0,0.0,190247000.0,412239000.0,26.061,1426655000.0
32,BIIB,MRQ,2013-09-30,2013-09-30,2013-09-30,2021-10-20,-29315000.0,11250249000.0,,2643672000.0,8606577000.0,,34.273,-80188000.0,427811000.0,427811000.0,234696000.0,487616000.0,1.741,0.385,698279000.0,3385000.0,694894000.0,698279000.0,0.0,147477000.0,0.0,0.0,0.0,673721000.0,821198000.0,0.449,821198000.0,673721000.0,673721000.0,2.06,2.05,2.06,8125092000.0,,8125092000.0,57558881731.0,26.0,21.204,591734000.0,2.496,1.0,1593084000.0,0.872,5790917000.0,0.0,4211089000.0,,614483000.0,1250468000.0,240882000.0,1009586000.0,3124561000.0,1518711000.0,1605850000.0,57221812731.0,29008000.0,0.0,-359285000.0,0.0,0.0,-318522000.0,-324392000.0,-235124000.0,671922000.0,6296000.0,487616000.0,487616000.0,487616000.0,0.0,0.0,0.267,915502000.0,677582000.0,166709000.0,0.0,7.043,33.716,33.579,1806074000.0,0.0,240.76,8.963,8.94,1154861000.0,5891829000.0,1827780000.0,1827780000.0,410017000.0,,,,,37464000.0,405584000.0,1.0,237671593.0,237070000,238349000.0,7.71,5459332000.0,0.0,186105000.0,446663000.0,23.028,1124961000.0
33,BIIB,MRQ,2013-06-30,2013-06-30,2013-06-30,2021-10-20,-55136000.0,10841590000.0,,2523221000.0,8318369000.0,,33.272,-54151000.0,392507000.0,392507000.0,230728000.0,490670000.0,1.935,0.372,729576000.0,3188000.0,726388000.0,729576000.0,0.0,128427000.0,0.0,0.0,0.0,649810000.0,778237000.0,0.452,778237000.0,649810000.0,649810000.0,2.07,2.06,2.07,7901549000.0,,7901549000.0,51334906188.0,24.0,20.396,571061000.0,2.405,1.0,1492745000.0,0.866,5889602000.0,0.0,3984983000.0,,570390000.0,916154000.0,275163000.0,640991000.0,2939445000.0,1304074000.0,1635371000.0,51083060188.0,-271792000.0,-3262719000.0,0.0,-202340000.0,0.0,-170763000.0,-726241000.0,2585907000.0,625212000.0,997000.0,490670000.0,490670000.0,490670000.0,0.0,0.0,0.285,835537000.0,657208000.0,163094000.0,0.0,6.465,31.769,31.694,1787776000.0,0.0,215.2,8.597,8.601,1111453000.0,5404213000.0,1723473000.0,1723473000.0,327463000.0,,,,,30630000.0,431012000.0,1.0,237374815.0,237484000,238743000.0,7.257,4951988000.0,0.0,159140000.0,394904000.0,20.852,1219147000.0
34,BIIB,MRQ,2013-03-31,2013-03-31,2013-03-31,2021-10-20,-67975000.0,10164717000.0,,5328838000.0,4835879000.0,,30.988,-33289000.0,663302000.0,663302000.0,133749000.0,426749000.0,4.158,0.385,915148000.0,203317000.0,711831000.0,915148000.0,0.0,97453000.0,0.0,0.0,0.0,492257000.0,589710000.0,0.417,589710000.0,492257000.0,492257000.0,1.8,1.79,1.8,7339010000.0,,7339010000.0,46088035606.0,24.0,19.719,145650000.0,0.615,1.0,1281347000.0,0.905,2792229000.0,0.0,6342672000.0,,506557000.0,3274839000.0,2968000000.0,306839000.0,2825111000.0,1281662000.0,1543449000.0,45517981606.0,96456000.0,0.0,-41023000.0,-250000000.0,0.0,-238424000.0,155941000.0,200826000.0,178939000.0,-3875000.0,426749000.0,426749000.0,426749000.0,0.0,0.0,0.302,775873000.0,505474000.0,165207000.0,0.0,6.202,30.262,30.381,1736811000.0,0.0,192.618,8.071,8.089,1021040000.0,4913543000.0,1415096000.0,1415096000.0,284340000.0,,,,,36757000.0,352598000.0,1.0,236312191.0,236837000,238304000.0,5.975,7372488000.0,0.0,65508000.0,184712000.0,31.129,4047176000.0
35,BIIB,MRQ,2012-12-31,2012-12-31,2012-12-31,2021-10-20,-55305000.0,10130118000.0,,3244337000.0,6885781000.0,,29.403,-69037000.0,570721000.0,570721000.0,133828000.0,292127000.0,1.957,0.455,1140775000.0,453379000.0,687396000.0,1140775000.0,0.0,96876000.0,0.0,0.0,0.0,428468000.0,525344000.0,0.37,525344000.0,428468000.0,428468000.0,1.24,1.23,1.24,6961523000.0,,6961523000.0,35290619473.0,19.0,15.924,438870000.0,1.854,1.0,1284113000.0,0.906,2832843000.0,0.0,6209940000.0,,447373000.0,3445701000.0,1134989000.0,2310712000.0,3166323000.0,1657389000.0,1508934000.0,34630691473.0,116929000.0,0.0,-21544000.0,-2428000.0,0.0,-15524000.0,-375454000.0,-305914000.0,507907000.0,2069000.0,292127000.0,292127000.0,292127000.0,0.0,0.0,0.206,853679000.0,430434000.0,203999000.0,0.0,4.975,25.094,25.236,1742226000.0,0.0,146.37,6.278,6.313,955243000.0,4486794000.0,1417941000.0,1417941000.0,345181000.0,,,,,30188000.0,375977000.0,1.0,236596922.0,236759000,238549000.0,5.989,7297275000.0,0.0,136341000.0,237338000.0,30.822,1586948000.0
36,BIIB,MRQ,2012-09-30,2012-09-30,2012-09-30,2021-10-20,-51115000.0,9630621000.0,,3055388000.0,6575233000.0,,28.162,-58064000.0,451723000.0,451723000.0,139358000.0,398400000.0,2.009,0.446,1111651000.0,453209000.0,658442000.0,1111651000.0,0.0,94203000.0,0.0,0.0,0.0,529444000.0,623647000.0,0.45,623647000.0,529444000.0,529444000.0,1.68,1.67,1.68,6659552000.0,,6659552000.0,35903131156.0,20.0,16.433,483720000.0,2.046,1.0,1246196000.0,0.899,2885972000.0,0.0,5883484000.0,,392936000.0,3166749000.0,1154071000.0,2012678000.0,2968681000.0,1521093000.0,1447588000.0,35265329156.0,-8856000.0,0.0,-53220000.0,0.0,0.0,-28250000.0,-522390000.0,-448959000.0,541784000.0,3768000.0,398400000.0,398400000.0,398400000.0,0.0,0.0,0.288,742665000.0,503531000.0,157424000.0,0.0,5.295,25.405,25.726,1676583000.0,0.0,149.21,6.5,6.504,930484000.0,4194551000.0,1385554000.0,1385554000.0,304217000.0,,,,,27911000.0,299631000.0,1.0,236346955.0,236474000,238125000.0,5.859,6744649000.0,0.0,131044000.0,293829000.0,28.522,1534295000.0
37,BIIB,MRQ,2012-06-30,2012-06-30,2012-06-30,2021-10-20,-50557000.0,9162380000.0,,2868919000.0,6293461000.0,,26.229,-72896000.0,456811000.0,456811000.0,139112000.0,387141000.0,2.002,0.461,1094613000.0,453045000.0,641568000.0,1094613000.0,0.0,90624000.0,0.0,0.0,0.0,507867000.0,598491000.0,0.421,598491000.0,507867000.0,507867000.0,1.62,1.61,1.62,6268297000.0,,6268297000.0,35369325358.0,20.0,16.625,562685000.0,2.354,1.0,1281839000.0,0.902,2930876000.0,0.0,5436441000.0,,362940000.0,2689012000.0,949239000.0,1739773000.0,2891695000.0,1432865000.0,1458830000.0,34588091358.0,165025000.0,0.0,-446780000.0,0.0,0.0,-417440000.0,-53116000.0,22655000.0,635581000.0,-6353000.0,386846000.0,386846000.0,386846000.0,0.0,295000.0,0.272,776116000.0,505723000.0,159152000.0,0.0,5.518,25.782,25.921,1622812000.0,0.0,144.38,6.466,6.45,950682000.0,3796154000.0,1420951000.0,1420951000.0,329559000.0,,,,,28071000.0,301767000.0,1.0,239562899.0,238988000,240622000.0,5.946,6231504000.0,0.0,121021000.0,341219000.0,26.075,1436054000.0
38,BIIB,MRQ,2012-03-31,2012-03-31,2012-03-31,2021-10-20,-17710000.0,9113549000.0,,2677950000.0,6435599000.0,,26.302,-54551000.0,298139000.0,298139000.0,133197000.0,302366000.0,2.002,0.445,1079373000.0,453361000.0,626012000.0,1079373000.0,0.0,83945000.0,0.0,0.0,0.0,384809000.0,468754000.0,0.363,468754000.0,384809000.0,384809000.0,1.26,1.25,1.26,6305901000.0,,6305901000.0,30628916190.0,19.0,15.297,140074000.0,0.584,1.0,1158817000.0,0.897,2977260000.0,0.0,5580204000.0,,337619000.0,2819353000.0,978473000.0,1840880000.0,2805001000.0,1337319000.0,1467682000.0,30079358190.0,-221021000.0,-72401000.0,-463171000.0,0.0,0.0,-416264000.0,618000.0,147342000.0,194625000.0,4618000.0,302661000.0,302661000.0,302661000.0,0.0,-295000.0,0.234,788189000.0,370628000.0,173330000.0,0.0,4.77,24.204,24.514,1617459000.0,0.0,126.0,5.855,5.88,941593000.0,3409308000.0,1292014000.0,1292014000.0,355962000.0,,,,,32396000.0,300089000.0,1.0,238725065.0,239754000,241828000.0,5.389,6136289000.0,0.0,82148000.0,374330000.0,25.594,1340631000.0
39,BIIB,MRQ,2011-12-31,2011-12-31,2011-12-31,2021-10-20,-26535000.0,9049604000.0,,2975427000.0,6074177000.0,,26.466,-70442000.0,514542000.0,514542000.0,139637000.0,300210000.0,3.259,0.408,1064100000.0,3292000.0,1060808000.0,1064100000.0,0.0,88721000.0,0.0,0.0,0.0,405158000.0,493879000.0,0.372,493879000.0,405158000.0,405158000.0,1.24,1.23,1.24,6425499000.0,,6425499000.0,27221975257.0,16.0,13.358,403532000.0,1.662,1.0,1187073000.0,0.895,2754505000.0,0.0,5931768000.0,,326843000.0,2924400000.0,1176115000.0,1748285000.0,2622617000.0,912889000.0,1709728000.0,26733054257.0,-58367000.0,-5000000.0,-111400000.0,-11459000.0,0.0,-142809000.0,-389532000.0,-305356000.0,473974000.0,-2231000.0,300238000.0,300238000.0,300238000.0,0.0,-28000.0,0.226,783870000.0,403203000.0,186448000.0,0.0,4.16,21.656,21.621,1571387000.0,0.0,110.05,5.295,5.284,813327000.0,3106761000.0,1326710000.0,1326710000.0,338934000.0,,,,,26380000.0,283916000.0,1.0,242917349.0,242782000,244712000.0,5.465,6295099000.0,0.0,104920000.0,294583000.0,25.929,2062538000.0
40,BIIB,MRQ,2011-09-30,2011-09-30,2011-09-30,2021-10-20,7571000.0,8802204000.0,,2837288000.0,5964916000.0,,25.647,-51349000.0,575140000.0,575140000.0,123527000.0,353662000.0,3.205,0.412,1064061000.0,3422000.0,1060639000.0,1064061000.0,0.0,87367000.0,0.0,0.0,0.0,478930000.0,566297000.0,0.432,566297000.0,478930000.0,478930000.0,1.45,1.43,1.45,6229148000.0,,6229148000.0,23090579569.0,14.0,11.789,519174000.0,2.138,1.0,1186407000.0,0.906,2805428000.0,0.0,5600351000.0,,310934000.0,2531610000.0,944381000.0,1587229000.0,2568610000.0,885346000.0,1683264000.0,22593138569.0,-115782000.0,0.0,0.0,0.0,0.0,-99128000.0,-587177000.0,-506187000.0,570523000.0,-6604000.0,351826000.0,351826000.0,351826000.0,0.0,1836000.0,0.269,695414000.0,490993000.0,159197000.0,0.0,3.627,19.237,19.167,1572259000.0,0.0,93.15,4.573,4.579,812634000.0,2806523000.0,1309934000.0,1309934000.0,301391000.0,,,,,29226000.0,261398000.0,1.0,242545771.0,242883000,245366000.0,5.393,5996776000.0,0.0,127104000.0,286159000.0,24.69,1951942000.0
41,BIIB,MRQ,2011-06-30,2011-06-30,2011-06-30,2021-10-20,25713000.0,8621979000.0,,2688623000.0,5933356000.0,,24.66,-54086000.0,697526000.0,697526000.0,100503000.0,304049000.0,2.817,0.429,1194967000.0,131981000.0,1062986000.0,1194967000.0,0.0,90300000.0,0.0,0.0,0.0,383070000.0,473370000.0,0.392,473370000.0,383070000.0,383070000.0,1.19,1.18,1.19,5977050000.0,,5977050000.0,26245030648.0,18.0,14.487,375580000.0,1.55,1.0,1108144000.0,0.917,2825181000.0,0.0,5339909000.0,,308254000.0,2024524000.0,629218000.0,1395306000.0,2565785000.0,954330000.0,1611455000.0,25835313648.0,-95217000.0,0.0,-191288000.0,0.0,0.0,21907000.0,-546790000.0,-488085000.0,429666000.0,2068000.0,288034000.0,288034000.0,288034000.0,0.0,16015000.0,0.238,695131000.0,413013000.0,170746000.0,0.0,4.322,23.994,23.919,1712869000.0,0.0,106.92,5.375,5.391,851831000.0,2454848000.0,1208647000.0,1208647000.0,285644000.0,,,,,24280000.0,266301000.0,1.0,241632189.0,242375000,244966000.0,4.987,5796798000.0,0.0,95036000.0,207114000.0,23.917,1734293000.0
42,BIIB,MRQ,2011-03-31,2011-03-31,2011-03-31,2021-10-20,-992000.0,8293524000.0,,2628315000.0,5665209000.0,,23.202,-32143000.0,790675000.0,790675000.0,103113000.0,308766000.0,2.685,0.467,1200392000.0,134779000.0,1065613000.0,1200392000.0,0.0,92545000.0,0.0,0.0,0.0,411799000.0,504344000.0,0.419,504344000.0,411799000.0,411799000.0,1.22,1.2,1.22,5604159000.0,,5604159000.0,18143730044.0,12.0,9.961,221435000.0,0.917,1.0,1100229000.0,0.914,2878158000.0,0.0,4846237000.0,,295260000.0,1551419000.0,437870000.0,1113549000.0,2619224000.0,978846000.0,1640378000.0,17699796044.0,26951000.0,0.0,-195287000.0,0.0,0.0,-99832000.0,-126795000.0,-120647000.0,253578000.0,4126000.0,294331000.0,294331000.0,294331000.0,0.0,14435000.0,0.245,682746000.0,417483000.0,159136000.0,0.0,3.158,16.356,16.66,1673502000.0,0.0,73.47,3.679,3.689,918219000.0,2166813000.0,1203342000.0,1203342000.0,293633000.0,,,,,33119000.0,244516000.0,1.0,240911883.0,241536000,244551000.0,4.982,5415366000.0,0.0,117468000.0,311987000.0,22.421,1649469000.0
43,BIIB,MRQ,2010-12-31,2010-12-31,2010-12-31,2021-10-20,-21610000.0,8092493000.0,,2540420000.0,5552073000.0,,22.535,-48835000.0,759598000.0,759598000.0,100304000.0,271752000.0,2.419,0.49,1203532000.0,137153000.0,1066379000.0,1203532000.0,0.0,95655000.0,0.0,0.0,0.0,319047000.0,414702000.0,0.34,414702000.0,319047000.0,319047000.0,1.0,0.99,1.0,5396506000.0,,5396506000.0,16431482136.0,12.0,9.709,382221000.0,1.596,1.0,1118768000.0,0.918,2919140000.0,0.0,4567165000.0,,289066000.0,1439445000.0,448146000.0,991299000.0,2643050000.0,1050122000.0,1592928000.0,15978167136.0,138360000.0,-32500000.0,0.0,122503000.0,0.0,225926000.0,-518622000.0,-437287000.0,431056000.0,-5519000.0,240278000.0,240278000.0,240278000.0,0.0,31474000.0,0.197,763582000.0,355186000.0,162529000.0,0.0,2.961,15.894,16.847,1641634000.0,0.0,67.05,3.388,3.587,827788000.0,1872481000.0,1219072000.0,1219072000.0,290845000.0,,,,,26380000.0,276393000.0,1.0,238302269.0,239470000,242750000.0,5.091,5173353000.0,0.0,78769000.0,285467000.0,21.603,1490298000.0
44,BIIB,MRQ,2010-09-30,2010-09-30,2010-09-30,2021-10-20,-9161000.0,7394147000.0,,2131131000.0,5263016000.0,,20.973,-38960000.0,626757000.0,626757000.0,95918000.0,112179000.0,2.585,0.462,1080072000.0,11296000.0,1068776000.0,1080072000.0,0.0,90128000.0,0.0,0.0,0.0,329126000.0,419254000.0,0.357,419254000.0,329126000.0,329126000.0,1.06,1.05,1.06,5030695000.0,,5030695000.0,13935142044.0,10.0,7.917,389281000.0,1.623,1.0,1079871000.0,0.918,2853963000.0,0.0,4169019000.0,,269313000.0,965097000.0,197835000.0,767262000.0,2323946000.0,824480000.0,1499466000.0,13576283044.0,-102772000.0,-84952000.0,-531438000.0,-2366000.0,0.0,-461259000.0,-69754000.0,54158000.0,428241000.0,8567000.0,254115000.0,254115000.0,254115000.0,0.0,-141936000.0,0.216,885736000.0,194135000.0,143699000.0,0.0,2.699,12.681,13.823,1641791000.0,0.0,56.12,2.936,2.911,838315000.0,1646852000.0,1175789000.0,1175789000.0,319054000.0,,,,,38538000.0,244160000.0,1.0,241915236.0,239864000,242313000.0,4.902,4540184000.0,0.0,75011000.0,290304000.0,18.928,1306651000.0
45,BIIB,MRQ,2010-06-30,2010-06-30,2010-06-30,2021-10-20,-28422000.0,7502150000.0,,2255231000.0,5246919000.0,,19.892,-47051000.0,720962000.0,720962000.0,106985000.0,294649000.0,2.984,0.443,1079821000.0,10096000.0,1069725000.0,1079821000.0,0.0,87451000.0,0.0,0.0,0.0,395681000.0,483132000.0,0.398,483132000.0,395681000.0,395681000.0,1.13,1.12,1.13,5170806000.0,,5170806000.0,13124812432.0,9.0,7.218,381430000.0,1.467,1.0,1105717000.0,0.912,2907550000.0,0.0,4197801000.0,,267878000.0,1016558000.0,248710000.0,767848000.0,2290860000.0,755658000.0,1535202000.0,12669055432.0,86319000.0,0.0,-968561000.0,-7393000.0,0.0,-1026126000.0,683964000.0,731015000.0,428481000.0,-4916000.0,293438000.0,293438000.0,293438000.0,0.0,1211000.0,0.242,709837000.0,395880000.0,144476000.0,0.0,2.45,11.579,11.982,1571521000.0,0.0,47.45,2.773,2.699,799036000.0,1405340000.0,1212702000.0,1212702000.0,331675000.0,,,,,43145000.0,262322000.0,1.0,266998007.0,259938000,261658000.0,4.665,4594600000.0,0.0,102243000.0,320775000.0,17.676,1499573000.0
46,BIIB,MRQ,2010-03-31,2010-03-31,2010-03-31,2021-10-20,22872000.0,8217323000.0,,2409012000.0,5808311000.0,,21.893,-38209000.0,639559000.0,639559000.0,97055000.0,219993000.0,3.531,0.384,1095316000.0,19115000.0,1076201000.0,1095316000.0,0.0,82510000.0,0.0,0.0,0.0,292752000.0,375262000.0,0.338,375262000.0,292752000.0,292752000.0,0.8,0.8,0.8,5909372000.0,,5909372000.0,15990496426.0,12.0,9.419,298686000.0,1.107,1.0,1011805000.0,0.912,2960754000.0,0.0,5029996000.0,,280038000.0,1756099000.0,513115000.0,1242984000.0,2266729000.0,682330000.0,1584399000.0,15472416426.0,63172000.0,-39976000.0,-577580000.0,-3837000.0,0.0,-523460000.0,249737000.0,327922000.0,336895000.0,-5502000.0,217442000.0,217442000.0,217442000.0,0.0,2551000.0,0.196,708116000.0,303689000.0,121356000.0,0.0,2.618,16.397,17.286,1604573000.0,0.0,57.39,3.477,3.481,766005000.0,1131523000.0,1108860000.0,1108860000.0,307030000.0,,,,,46627000.0,248664000.0,1.0,269601262.0,269922000,272703000.0,4.108,5256569000.0,0.0,75310000.0,357870000.0,19.474,1726682000.0
47,BIIB,MRQ,2009-12-31,2009-12-31,2009-12-31,2021-10-20,50496000.0,8551854000.0,,2480595000.0,6071259000.0,,21.893,-55517000.0,581889000.0,581889000.0,99700000.0,305996000.0,3.47,0.368,1099969000.0,19762000.0,1080207000.0,1099969000.0,0.0,93200000.0,0.0,0.0,0.0,389385000.0,482585000.0,0.428,482585000.0,389385000.0,389385000.0,1.07,1.07,1.07,6221530000.0,,6221530000.0,15987628660.0,12.0,9.116,223823000.0,0.788,1.0,1027356000.0,0.912,3009699000.0,0.0,5345293000.0,,293950000.0,2106312000.0,681835000.0,1424477000.0,2289972000.0,714942000.0,1575030000.0,15472120660.0,-4795000.0,0.0,-693539000.0,4778000.0,0.0,-666757000.0,382622000.0,438139000.0,279340000.0,896000.0,305637000.0,305637000.0,305637000.0,0.0,359000.0,0.271,643978000.0,383378000.0,118534000.0,0.0,2.487,15.948,15.875,1637083000.0,0.0,53.5,3.535,3.512,744997000.0,1068890000.0,1127056000.0,1127056000.0,283082000.0,,,,,40758000.0,241619000.0,1.0,289198517.0,284176000,286800000.0,3.966,5542155000.0,0.0,83748000.0,316509000.0,19.503,1765653000.0
48,BIIB,MRQ,2009-09-30,2009-09-30,2009-09-30,2021-10-20,37114000.0,9026437000.0,,2572259000.0,6454178000.0,,22.72,-38408000.0,585788000.0,585788000.0,93486000.0,279602000.0,3.566,0.37,1101296000.0,15452000.0,1085844000.0,1101296000.0,0.0,85884000.0,0.0,0.0,0.0,391599000.0,477483000.0,0.426,477483000.0,391599000.0,391599000.0,0.96,0.95,0.96,6564189000.0,,6564189000.0,14906501179.0,12.0,8.856,227849000.0,0.789,1.0,1027032000.0,0.917,3065736000.0,0.0,5754841000.0,,278686000.0,2575634000.0,821888000.0,1753746000.0,2428627000.0,721368000.0,1707259000.0,14593001179.0,-201793000.0,0.0,0.0,-28000.0,0.0,6383000.0,-474433000.0,-436025000.0,266257000.0,777000.0,277663000.0,277663000.0,277663000.0,0.0,1939000.0,0.248,642854000.0,384178000.0,108547000.0,0.0,2.223,16.751,16.84,1634696000.0,0.0,50.52,3.379,3.379,744274000.0,781321000.0,1120518000.0,1120518000.0,304055000.0,,,,,40616000.0,226755000.0,1.0,288855922.0,288917000,291037000.0,3.878,5960701000.0,0.0,113936000.0,349615000.0,20.631,1850891000.0
49,BIIB,MRQ,2009-06-30,2009-06-30,2009-06-30,2021-10-20,11293000.0,8777196000.0,,2744278000.0,6032918000.0,,21.525,-34680000.0,786804000.0,786804000.0,90721000.0,144885000.0,3.414,0.407,1100304000.0,14697000.0,1085607000.0,1100304000.0,0.0,126731000.0,0.0,0.0,0.0,235554000.0,362285000.0,0.331,362285000.0,235554000.0,235554000.0,0.49,0.49,0.49,6212538000.0,,6212538000.0,13373709185.0,12.0,8.083,193871000.0,0.672,1.0,1002568000.0,0.917,3117140000.0,0.0,5169630000.0,,268529000.0,2143388000.0,836270000.0,1307118000.0,2531491000.0,803926000.0,1727565000.0,13028416185.0,20188000.0,0.0,0.0,-4711000.0,0.0,3151000.0,-211514000.0,-176834000.0,228551000.0,2512000.0,142845000.0,142845000.0,142845000.0,0.0,2040000.0,0.131,779654000.0,222914000.0,210941000.0,0.0,2.097,16.28,16.418,1608660000.0,0.0,45.15,3.036,3.036,709492000.0,516632000.0,1093289000.0,1093289000.0,416453000.0,,,,,40485000.0,220829000.0,1.0,288558498.0,288615000,290359000.0,3.788,5660056000.0,0.0,92709000.0,392556000.0,19.611,1940352000.0
50,BIIB,MRQ,2009-03-31,2009-03-31,2009-03-31,2021-10-20,-32346000.0,8575206000.0,,2480653000.0,6094553000.0,,20.925,-37041000.0,764104000.0,764104000.0,98197000.0,246579000.0,3.071,0.424,1109397000.0,26488000.0,1082909000.0,1109397000.0,0.0,122146000.0,0.0,0.0,0.0,309212000.0,431358000.0,0.416,431358000.0,309212000.0,309212000.0,0.85,0.84,0.85,6020254000.0,,6020254000.0,16072706086.0,13.0,9.516,263709000.0,0.917,1.0,938287000.0,0.905,3210430000.0,0.0,4902302000.0,,268076000.0,1959168000.0,637219000.0,1321949000.0,2554952000.0,807767000.0,1747185000.0,15581993086.0,142116000.0,0.0,-57631000.0,1369000.0,0.0,-66928000.0,-91706000.0,-84656000.0,300750000.0,-397000.0,243987000.0,243987000.0,243987000.0,0.0,2592000.0,0.235,633329000.0,304958000.0,104271000.0,0.0,2.588,18.034,17.65,1562174000.0,0.0,52.42,3.717,3.598,661880000.0,388019000.0,1036484000.0,1036484000.0,279478000.0,,,,,35607000.0,221830000.0,1.0,297252825.0,287703000,289744000.0,3.603,5364776000.0,0.0,65225000.0,593103000.0,18.647,1672886000.0
51,BIIB,MRQ,2008-12-31,2008-12-31,2008-12-31,2021-10-20,-11106000.0,8478991000.0,,2458000000.0,6020991000.0,,19.919,-54009000.0,622385000.0,622385000.0,101161000.0,208427000.0,2.662,0.456,1113098000.0,27667000.0,1085431000.0,1113098000.0,0.0,122017000.0,0.0,0.0,0.0,290110000.0,412127000.0,0.386,412127000.0,290110000.0,290110000.0,0.7,0.7,0.7,5806083000.0,,5806083000.0,13938128055.0,12.0,8.652,353236000.0,1.212,1.0,967752000.0,0.905,3299679000.0,0.0,4746803000.0,,263602000.0,1875590000.0,749032000.0,1126558000.0,2645039000.0,923222000.0,1721817000.0,13896187055.0,-390304000.0,0.0,-179171000.0,-18550000.0,0.0,-331792000.0,-465757000.0,-559886000.0,407245000.0,1988000.0,206654000.0,206654000.0,206654000.0,0.0,1773000.0,0.193,652034000.0,315718000.0,107417000.0,0.0,2.393,17.744,17.839,1594754000.0,0.0,47.63,3.391,3.398,653590000.0,270180000.0,1068913000.0,1068913000.0,292767000.0,,,,,41302000.0,230963000.0,1.0,291752825.0,291489000,293391000.0,3.667,5179312000.0,0.0,83456000.0,579277000.0,17.768,1534778000.0
52,BIIB,MRQ,2008-09-30,2008-09-30,2008-09-30,2021-10-20,33431000.0,8535208000.0,,2639080000.0,5896128000.0,,19.795,-64852000.0,1010701000.0,1010701000.0,107493000.0,207800000.0,2.677,0.48,1052642000.0,10215000.0,1042427000.0,1052642000.0,0.0,127571000.0,0.0,0.0,0.0,321125000.0,448696000.0,0.411,448696000.0,321125000.0,321125000.0,0.71,0.7,0.71,5768478000.0,,5768478000.0,15180034548.0,13.0,9.51,447341000.0,1.535,1.0,985471000.0,0.902,3388313000.0,0.0,4202964000.0,,249858000.0,1303975000.0,376098000.0,927877000.0,2766730000.0,985872000.0,1780858000.0,14596897548.0,547551000.0,0.0,0.0,17179000.0,0.0,134828000.0,-99470000.0,-3445000.0,512193000.0,-3343000.0,206788000.0,206788000.0,206788000.0,0.0,1012000.0,0.189,639621000.0,345850000.0,123512000.0,0.0,2.53,18.77,19.049,1579938000.0,0.0,50.29,3.722,3.737,681178000.0,75361000.0,1092964000.0,1092964000.0,268800000.0,,,,,27716000.0,232824000.0,1.0,290254475.0,291408000,293921000.0,3.751,5146895000.0,0.0,114337000.0,616917000.0,17.662,1653208000.0
53,BIIB,MRQ,2008-06-30,2008-06-30,2008-06-30,2021-10-20,121115000.0,8172826000.0,,2161028000.0,6011798000.0,,19.021,-71062000.0,466493000.0,466493000.0,92401000.0,208073000.0,2.441,0.48,1049630000.0,11544000.0,1038086000.0,1049630000.0,0.0,105539000.0,0.0,0.0,0.0,291334000.0,396873000.0,0.399,396873000.0,291334000.0,291334000.0,0.71,0.7,0.71,5522931000.0,,5522931000.0,16761792095.0,17.0,11.818,204960000.0,0.706,1.0,901043000.0,0.907,3487158000.0,0.0,4383364000.0,,255028000.0,1321001000.0,425759000.0,895242000.0,2649895000.0,885441000.0,1764454000.0,16377002095.0,-224330000.0,0.0,-319548000.0,-24887000.0,0.0,-250129000.0,-250223000.0,-156898000.0,276022000.0,2324000.0,206628000.0,206628000.0,206628000.0,0.0,1445000.0,0.208,604246000.0,296797000.0,116755000.0,0.0,2.965,23.726,23.885,1629398000.0,0.0,55.89,4.526,4.485,667018000.0,-103137000.0,993444000.0,993444000.0,252259000.0,,,,,22296000.0,245689000.0,1.0,293022045.0,290356000,293476000.0,3.421,4685668000.0,0.0,84706000.0,640323000.0,16.138,1275587000.0
54,BIIB,MRQ,2008-03-31,2008-03-31,2008-03-31,2021-10-20,123439000.0,8170653000.0,,2140475000.0,6030178000.0,,18.681,-86031000.0,688499000.0,688499000.0,100934000.0,165807000.0,3.027,0.477,1073289000.0,12841000.0,1060448000.0,1073289000.0,0.0,106932000.0,0.0,0.0,0.0,246374000.0,353306000.0,0.375,353306000.0,246374000.0,246374000.0,0.55,0.54,0.55,5532708000.0,,5532708000.0,19271550576.0,20.0,14.254,280954000.0,0.949,1.0,841252000.0,0.893,3561445000.0,0.0,4286826000.0,,237172000.0,1184970000.0,297901000.0,887069000.0,2637945000.0,707172000.0,1930773000.0,18368234576.0,29030000.0,-25000000.0,-240219000.0,-499734000.0,0.0,-787532000.0,449577000.0,477092000.0,366985000.0,-193000.0,163097000.0,163097000.0,163097000.0,0.0,2710000.0,0.173,595248000.0,246004000.0,114842000.0,0.0,3.32,27.425,28.298,1581664000.0,0.0,61.69,5.406,5.377,611040000.0,-199204000.0,942186000.0,942186000.0,258232000.0,,,,,26903000.0,215829000.0,1.0,297750601.0,296171000,299500000.0,3.181,4609208000.0,0.0,83277000.0,577659000.0,15.563,1433303000.0
55,BIIB,MRQ,2007-12-31,2007-12-31,2007-12-31,2021-10-20,79246000.0,8628815000.0,,2368407000.0,6260408000.0,,17.523,-108499000.0,659662000.0,659662000.0,87566000.0,142723000.0,1.082,0.559,1562978000.0,1511135000.0,51843000.0,1562978000.0,0.0,102263000.0,0.0,0.0,0.0,295061000.0,397324000.0,0.445,397324000.0,295061000.0,295061000.0,0.67,0.65,0.67,5534295000.0,,5534295000.0,17821477596.0,20.0,13.806,235482000.0,0.746,1.0,805734000.0,0.902,3629726000.0,0.0,3713230000.0,,233987000.0,1657140000.0,523841000.0,1133299000.0,3094520000.0,2189175000.0,905345000.0,16698577596.0,222878000.0,-3500000.0,-1000.0,5433000.0,0.0,495532000.0,-616635000.0,-296427000.0,343981000.0,-542000.0,201150000.0,201150000.0,201150000.0,0.0,-58427000.0,0.225,543664000.0,262070000.0,90672000.0,0.0,3.017,26.166,28.178,1497383000.0,0.0,56.92,5.265,5.668,559332000.0,-352169000.0,893300000.0,893300000.0,229292000.0,,,,,-6346000.0,193730000.0,1.0,293369248.0,315836000,,2.828,4999089000.0,0.0,93911000.0,532799000.0,15.828,179232000.0
56,BIIB,MRQ,2007-09-30,2007-09-30,2007-09-30,2021-10-20,48127000.0,7816375000.0,,1620470000.0,6195905000.0,,17.34,-41760000.0,437326000.0,437326000.0,81613000.0,119381000.0,0.815,0.566,1560226000.0,1510113000.0,50113000.0,1560226000.0,0.0,96755000.0,0.0,0.0,0.0,174114000.0,270869000.0,0.343,270869000.0,174114000.0,174114000.0,0.41,0.41,0.41,4992699000.0,,4992699000.0,17549773625.0,22.0,15.105,168666000.0,0.586,1.0,707618000.0,0.897,3699424000.0,0.0,3251107000.0,,222857000.0,1337925000.0,234021000.0,1103904000.0,2823676000.0,1988744000.0,834932000.0,19098109625.0,-1173907000.0,-50000000.0,-2991183000.0,1486251000.0,0.0,-1317684000.0,-66649000.0,25111000.0,210426000.0,-348000.0,119381000.0,119381000.0,119381000.0,0.0,0.0,0.151,578408000.0,129210000.0,92336000.0,0.0,3.825,35.005,39.719,1392577000.0,0.0,66.33,6.394,6.394,540079000.0,-553080000.0,789231000.0,789231000.0,286274000.0,,,,,10230000.0,190644000.0,1.0,287925669.0,287925669,,2.741,4116951000.0,0.0,54733000.0,558743000.0,14.299,-368274000.0
57,BIIB,MRQ,2007-06-30,2007-06-30,2007-06-30,2021-10-20,32167000.0,8935715000.0,,2694006000.0,6241709000.0,,13.551,-79846000.0,1611581000.0,1611581000.0,84063000.0,186140000.0,0.778,0.927,63245000.0,11897000.0,51348000.0,63245000.0,0.0,92460000.0,0.0,0.0,0.0,238026000.0,330486000.0,0.427,330486000.0,238026000.0,238026000.0,0.55,0.54,0.55,4636699000.0,,4636699000.0,17585899436.0,21.0,14.651,122172000.0,0.357,1.0,689113000.0,0.891,3762777000.0,0.0,159673000.0,,207897000.0,1339169000.0,191136000.0,1148033000.0,4299016000.0,3464929000.0,834087000.0,18305648436.0,830524000.0,0.0,0.0,925000.0,0.0,64412000.0,564094000.0,643940000.0,202018000.0,117000.0,186140000.0,186140000.0,186140000.0,0.0,0.0,0.241,482673000.0,206440000.0,99440000.0,0.0,3.948,31.41,31.105,1330899000.0,0.0,53.5,6.31,6.31,521986000.0,-666955000.0,773176000.0,773176000.0,218149000.0,,,,,25212000.0,203668000.0,1.0,342161653.0,342161653,,2.26,5172938000.0,0.0,51886000.0,605890000.0,15.118,-770923000.0
58,BIIB,MRQ,2007-03-31,2007-03-31,2007-03-31,2021-10-20,31658000.0,8709580000.0,,1941341000.0,6768239000.0,,21.456,-37332000.0,780940000.0,780940000.0,81950000.0,131501000.0,3.879,0.185,61191000.0,9148000.0,52043000.0,61191000.0,0.0,88815000.0,0.0,0.0,0.0,203394000.0,292209000.0,0.408,292209000.0,203394000.0,203394000.0,0.39,0.38,0.39,7347166000.0,,7347166000.0,14632663782.0,29.0,17.309,224997000.0,0.657,1.0,633960000.0,0.886,3823835000.0,0.0,3665548000.0,,186220000.0,2000002000.0,346639000.0,1653363000.0,1362414000.0,500448000.0,861966000.0,15197346782.0,119348000.0,-42289000.0,0.0,-3700000.0,0.0,24401000.0,-167382000.0,-87761000.0,262329000.0,215000.0,131501000.0,131501000.0,131501000.0,0.0,0.0,0.184,452268000.0,181692000.0,102183000.0,0.0,2.068,67.232,66.239,1291041000.0,0.0,44.38,5.451,5.451,476323000.0,-821215000.0,715910000.0,715910000.0,191449000.0,,,,,24367000.0,188061000.0,1.0,342436836.0,342436836,,2.091,4885745000.0,0.0,71893000.0,691508000.0,14.268,1440893000.0
59,BIIB,MRQ,2006-12-31,2006-12-31,2006-12-31,2021-10-20,21855000.0,8552808000.0,,1712567000.0,6840241000.0,,21.208,-26198000.0,661377000.0,661377000.0,62103000.0,108556000.0,2.938,0.196,96694000.0,0.0,96694000.0,96694000.0,0.0,87217000.0,0.0,0.0,0.0,181071000.0,268288000.0,0.379,268288000.0,181071000.0,181071000.0,0.32,0.32,0.32,7149778000.0,,7149778000.0,16213746800.0,33.0,18.598,215607000.0,0.64,1.0,646238000.0,0.912,3901998000.0,0.0,3503272000.0,,169102000.0,1899172000.0,241314000.0,1657858000.0,1403030000.0,582855000.0,820175000.0,16583266800.0,246695000.0,0.0,0.0,-10942000.0,0.0,68568000.0,-63678000.0,-37480000.0,241805000.0,88000.0,108556000.0,108556000.0,108556000.0,0.0,0.0,0.153,454520000.0,191718000.0,100457000.0,0.0,2.319,76.241,76.859,1280385000.0,0.0,49.19,6.181,6.181,486061000.0,-860827000.0,708341000.0,708341000.0,199480000.0,,,,,5335000.0,186945000.0,1.0,337126790.0,337126790,,2.101,4650810000.0,0.0,72515000.0,789174000.0,13.795,1129712000.0
60,BIIB,MRQ,2006-09-30,2006-09-30,2006-09-30,2021-10-20,-17876000.0,8186558000.0,,1385157000.0,6801401000.0,,20.067,-54033000.0,414594000.0,414594000.0,66792000.0,156599000.0,2.798,0.187,45074000.0,0.0,45074000.0,45074000.0,6730000.0,89731000.0,0.0,0.0,0.0,219647000.0,309378000.0,0.44,309378000.0,219647000.0,219647000.0,0.46,0.45,0.46,6894874000.0,,6894874000.0,15051182663.0,36.0,18.67,205805000.0,0.599,1.0,636700000.0,0.905,3949600000.0,0.0,3372428000.0,,155119000.0,1852110000.0,246425000.0,1605685000.0,1291684000.0,495010000.0,796674000.0,15351760663.0,70061000.0,0.0,-394389000.0,9462000.0,0.0,-311268000.0,121491000.0,175524000.0,259838000.0,-571000.0,156599000.0,156599000.0,156599000.0,0.0,0.0,0.223,439372000.0,197328000.0,62822000.0,0.0,2.227,93.314,91.184,1246116000.0,0.0,44.68,5.887,5.887,439838000.0,-954991000.0,703492000.0,703492000.0,211033000.0,,,,,34382000.0,173442000.0,1.0,343593569.0,343593569,,2.047,4236958000.0,44966000.0,63048000.0,793161000.0,12.331,890147000.0
61,BIIB,MRQ,2006-06-30,2006-06-30,2006-06-30,2021-10-20,-22532000.0,8340162000.0,,1449740000.0,6890422000.0,,20.382,-12086000.0,345104000.0,345104000.0,77993000.0,-170613000.0,2.9,0.19,44526000.0,0.0,44526000.0,44526000.0,19415000.0,75692000.0,0.0,0.0,0.0,-100209000.0,-24517000.0,-0.037,-24517000.0,-100209000.0,-100209000.0,-0.5,-0.5,-0.5,7008591000.0,,7008591000.0,15435813022.0,66.0,24.159,171286000.0,0.498,1.0,582048000.0,0.882,4012640000.0,0.0,3526962000.0,,147024000.0,2019156000.0,368670000.0,1650486000.0,1331571000.0,499982000.0,831589000.0,15927700022.0,-191368000.0,-303451000.0,17765000.0,-12967000.0,0.0,10634000.0,-385374000.0,-69837000.0,183372000.0,607000.0,-170613000.0,-170613000.0,-170613000.0,0.0,0.0,-0.258,704063000.0,-122015000.0,62280000.0,0.0,2.273,453.742,421.091,1227296000.0,0.0,46.32,6.37,6.37,449774000.0,-1104681000.0,660041000.0,660041000.0,161985000.0,,,,,46959000.0,170289000.0,1.0,343862263.0,343862263,,1.919,4327522000.0,55732000.0,70404000.0,856989000.0,12.585,949758000.0
62,BIIB,MRQ,2006-03-31,2006-03-31,2006-03-31,2021-10-20,4594000.0,8524226000.0,,1595681000.0,6928545000.0,,20.758,-31779000.0,535865000.0,535865000.0,67494000.0,122969000.0,3.064,0.193,43978000.0,0.0,43978000.0,43978000.0,19226000.0,123230000.0,0.0,0.0,0.0,195433000.0,318663000.0,0.521,318663000.0,195433000.0,195433000.0,0.36,0.36,0.36,7142842000.0,,7142842000.0,15682328491.0,41.0,19.251,124474000.0,0.362,1.0,543681000.0,0.89,4035268000.0,0.0,3476274000.0,,191022000.0,2014799000.0,313490000.0,1701309000.0,1381384000.0,520797000.0,860587000.0,16207052491.0,-32303000.0,0.0,56356000.0,7664000.0,0.0,83656000.0,-272212000.0,-240433000.0,156253000.0,0.0,122969000.0,122969000.0,122969000.0,0.0,0.0,0.201,370692000.0,172989000.0,58119000.0,0.0,2.269,67.468,66.338,1191968000.0,0.0,47.1,6.626,6.626,417416000.0,-928178000.0,611175000.0,611175000.0,145892000.0,,,,,8425000.0,154391000.0,1.0,344098779.0,344098779,,1.776,4488958000.0,33730000.0,72464000.0,944470000.0,13.046,1074884000.0
63,BIIB,MRQ,2005-12-31,2005-12-31,2005-12-31,2021-10-20,-13910000.0,8381717000.0,,1632851000.0,6748866000.0,,20.347,-102426000.0,568168000.0,568168000.0,113352000.0,55562000.0,2.731,0.214,43444000.0,0.0,43444000.0,43444000.0,0.0,97524000.0,0.0,0.0,0.0,105136000.0,202660000.0,0.32,202660000.0,105136000.0,105136000.0,0.17,0.16,0.17,6905876000.0,,6905876000.0,15114911325.0,59.0,22.957,172314000.0,0.508,1.0,519501000.0,0.821,4106031000.0,0.0,3153156000.0,,182815000.0,1751024000.0,282585000.0,1468439000.0,1475841000.0,597806000.0,878035000.0,15368478325.0,271676000.0,0.0,-88041000.0,36302000.0,0.0,67880000.0,-70944000.0,31482000.0,274740000.0,0.0,55562000.0,55562000.0,55562000.0,0.0,0.0,0.088,426202000.0,93299000.0,99780000.0,0.0,2.225,95.628,94.333,1174396000.0,0.0,45.28,6.344,6.344,421571000.0,-1021644000.0,632853000.0,632853000.0,168314000.0,,,,,18680000.0,169121000.0,1.0,339409857.0,339409857,,1.865,4275686000.0,0.0,49574000.0,962475000.0,12.597,1035045000.0
64,BIIB,MRQ,2005-09-30,2005-09-30,2005-09-30,2021-10-20,-6189000.0,8314609000.0,,1535212000.0,6779397000.0,,20.092,-59734000.0,296492000.0,296492000.0,89561000.0,27185000.0,2.747,0.223,42925000.0,0.0,42925000.0,42925000.0,18603000.0,109751000.0,0.0,0.0,0.0,32357000.0,142108000.0,0.238,142108000.0,32357000.0,32357000.0,0.08,0.08,0.08,6797827000.0,,6797827000.0,12761545457.0,60.0,20.444,113452000.0,0.335,1.0,506650000.0,0.85,4208314000.0,0.0,3293783000.0,,227469000.0,1792309000.0,314906000.0,1477403000.0,1516782000.0,558945000.0,957837000.0,13357540457.0,-341817000.0,0.0,23608000.0,-4317000.0,0.0,19291000.0,-534294000.0,-474560000.0,173186000.0,-91000.0,27185000.0,27185000.0,27185000.0,0.0,0.0,0.046,485485000.0,21165000.0,48210000.0,0.0,1.965,99.805,101.231,1093680000.0,0.0,39.48,5.618,5.618,403078000.0,-802311000.0,596211000.0,596211000.0,227039000.0,,,,,-14733000.0,161410000.0,1.0,338336891.0,338336891,,1.762,4106295000.0,149187000.0,5172000.0,1106648000.0,12.137,976267000.0
65,BIIB,MRQ,2005-06-30,2005-06-30,2005-06-30,2021-10-20,-8382000.0,8268152000.0,,1796302000.0,6471850000.0,,19.574,317760000.0,638400000.0,638400000.0,71093000.0,34504000.0,3.322,0.226,42405000.0,0.0,42405000.0,42405000.0,16389000.0,98822000.0,0.0,0.0,0.0,52352000.0,151174000.0,0.25,151174000.0,52352000.0,52352000.0,0.1,0.1,0.1,6745814000.0,,6745814000.0,12442421470.0,50.0,18.27,546451000.0,1.586,1.0,534541000.0,0.883,4290420000.0,0.0,2841084000.0,,243538000.0,1320063000.0,289053000.0,1031010000.0,1522338000.0,540653000.0,981685000.0,11872426470.0,361866000.0,0.0,-139592000.0,-754926000.0,0.0,-894518000.0,1027693000.0,709933000.0,228691000.0,91000.0,34504000.0,34504000.0,34504000.0,0.0,0.0,0.057,488240000.0,46301000.0,66004000.0,0.0,1.76,82.781,82.024,1150420000.0,0.0,34.45,5.108,5.108,394959000.0,-793384000.0,605634000.0,605634000.0,179843000.0,,,,,9909000.0,155754000.0,1.0,344627764.0,344627764,,1.757,3977732000.0,145006000.0,17848000.0,1104824000.0,11.542,1255649000.0
66,BIIB,MRQ,2005-03-31,2005-03-31,2005-03-31,2021-10-20,-9377000.0,9062694000.0,,1983727000.0,7078967000.0,,19.711,-65846000.0,276443000.0,276443000.0,99609000.0,43458000.0,1.615,0.336,846438000.0,751681000.0,94757000.0,846438000.0,20778000.0,96111000.0,0.0,0.0,0.0,66348000.0,162459000.0,0.276,162459000.0,66348000.0,66348000.0,0.13,0.12,0.13,6780959000.0,,6780959000.0,12513242052.0,62.0,19.664,147040000.0,0.427,1.0,488193000.0,0.831,4367877000.0,0.0,4036283000.0,,236624000.0,2024610000.0,875438000.0,1149172000.0,2281735000.0,1228529000.0,1053206000.0,11872380052.0,66996000.0,0.0,-118565000.0,-22611000.0,0.0,-141176000.0,-4714000.0,61132000.0,212886000.0,0.0,43458000.0,43458000.0,43458000.0,0.0,0.0,0.074,412919000.0,75274000.0,75015000.0,0.0,1.751,108.184,107.844,1561918000.0,0.0,34.51,5.259,5.259,412962000.0,-808423000.0,587802000.0,587802000.0,172477000.0,,,,,24289000.0,158472000.0,1.0,344027240.0,344027240,,1.709,4694817000.0,90568000.0,22890000.0,1057764000.0,13.647,755198000.0
67,BIIB,MRQ,2004-12-31,2004-12-31,2004-12-31,2021-10-20,-6767000.0,9165758000.0,,1931044000.0,7234714000.0,,20.466,-142756000.0,209447000.0,209447000.0,83364000.0,28689000.0,1.532,0.343,850309000.0,748430000.0,101879000.0,850309000.0,13695000.0,106459000.0,0.0,0.0,0.0,62028000.0,168487000.0,0.287,168487000.0,62028000.0,62028000.0,0.08,0.08,0.08,6826401000.0,,6826401000.0,22884602838.0,357.0,45.449,38159000.0,0.114,1.0,504416000.0,0.858,4443932000.0,0.0,4101940000.0,,251016000.0,2114052000.0,848495000.0,1265557000.0,2339357000.0,1260748000.0,1078609000.0,22217916838.0,30429000.0,0.0,28730000.0,20577000.0,0.0,49307000.0,-199793000.0,-57037000.0,180915000.0,0.0,28689000.0,28689000.0,28689000.0,0.0,0.0,0.049,446499000.0,57917000.0,121471000.0,0.0,3.255,885.67,951.571,1525225000.0,0.0,66.61,10.046,10.046,416088000.0,-801094000.0,587780000.0,587780000.0,188882000.0,,,,,-81546000.0,177162000.0,1.0,333552272.0,333552272,,1.762,4721826000.0,86880000.0,33339000.0,1051121000.0,14.156,670296000.0
68,BIIB,MRQ,2004-09-30,2004-09-30,2004-09-30,2021-10-20,-3208000.0,9020598000.0,,1264235000.0,7756363000.0,,19.83,-83244000.0,179018000.0,179018000.0,64460000.0,36768000.0,2.95,0.344,845704000.0,0.0,845704000.0,845704000.0,14955000.0,129634000.0,0.0,0.0,0.0,69260000.0,198894000.0,0.366,198894000.0,69260000.0,69260000.0,0.11,0.1,0.11,6710262000.0,,6710262000.0,21082404536.0,-20.0,-30.982,89314000.0,0.264,1.0,478816000.0,0.881,4521729000.0,0.0,4736954000.0,,246369000.0,2085807000.0,266862000.0,1818945000.0,2310336000.0,428601000.0,1881735000.0,20699486536.0,-304293000.0,0.0,-317274000.0,6351000.0,0.0,-310923000.0,-165928000.0,-82684000.0,172558000.0,0.0,36768000.0,36768000.0,36768000.0,0.0,0.0,0.068,407983000.0,70833000.0,77493000.0,0.0,3.085,-20.821,-10.807,1415689000.0,0.0,61.17,10.761,10.761,362176000.0,-744499000.0,543276000.0,543276000.0,168307000.0,,,,,18193000.0,132622000.0,1.0,338392783.0,338392783,,1.605,4498869000.0,131980000.0,32492000.0,1124048000.0,13.295,835634000.0
69,BIIB,MRQ,2004-06-30,2004-06-30,2004-06-30,2021-10-20,-16138000.0,9227342000.0,,1507600000.0,7719742000.0,,20.409,-78080000.0,483311000.0,483311000.0,151729000.0,827000.0,3.801,0.331,866229000.0,0.0,866229000.0,866229000.0,6479000.0,101556000.0,0.0,0.0,0.0,4943000.0,106499000.0,0.198,106499000.0,4943000.0,4943000.0,0.0,0.0,0.0,6934167000.0,,6934167000.0,22048274174.0,-21.0,-27.487,90897000.0,0.268,1.0,387034000.0,0.718,4629105000.0,0.0,4584519000.0,,232765000.0,1994685000.0,258064000.0,1736621000.0,2293175000.0,396636000.0,1896539000.0,21489766174.0,180526000.0,0.0,-278232000.0,-9422000.0,0.0,-287654000.0,299203000.0,377283000.0,168977000.0,0.0,827000.0,827000.0,827000.0,0.0,0.0,0.002,388504000.0,-1470000.0,85817000.0,,3.099,-21.807,-11.542,1354016000.0,0.0,63.25,14.148,14.148,331246000.0,-725516000.0,538763000.0,538763000.0,169782000.0,,,,,39556000.0,139414000.0,1.0,339759149.0,339759149,,1.586,4598237000.0,133715000.0,4116000.0,1100926000.0,13.534,1110964000.0
70,BIIB,MRQ,2004-03-31,2004-03-31,2004-03-31,2021-10-20,9327000.0,9511603000.0,,1568164000.0,7943439000.0,,21.679,-65683000.0,302785000.0,302785000.0,254767000.0,-41198000.0,4.322,0.322,861293000.0,0.0,861293000.0,861293000.0,6038000.0,101786000.0,0.0,0.0,0.0,-72139000.0,29647000.0,0.055,29647000.0,-72139000.0,-72139000.0,-0.12,-0.12,-0.12,7197481000.0,,7197481000.0,19031432350.0,-19.0,-22.15,139853000.0,0.421,1.0,286975000.0,0.53,4708696000.0,0.0,4998581000.0,,311395000.0,2395643000.0,458762000.0,1936881000.0,2314122000.0,362834000.0,1951288000.0,18459012350.0,-12065000.0,0.0,105884000.0,-7575000.0,0.0,98309000.0,-315910000.0,-250227000.0,205536000.0,0.0,-41198000.0,-41198000.0,-41198000.0,0.0,0.0,-0.076,370840000.0,-83865000.0,78382000.0,0.0,2.565,-19.278,-10.491,1297862000.0,0.0,55.6,16.725,16.725,308524000.0,-653116000.0,541742000.0,541742000.0,158920000.0,,,,,40592000.0,131060000.0,1.0,331996625.0,331996625,,1.632,4802907000.0,118931000.0,-30941000.0,1132993000.0,14.467,1205330000.0
71,BIIB,MRQ,2003-12-31,2003-12-31,2003-12-31,2021-10-20,1054000.0,9503945000.0,,1838664000.0,7665281000.0,,45.309,-112584000.0,314850000.0,314850000.0,279457000.0,-990563000.0,4.542,0.347,887270000.0,0.0,887270000.0,887270000.0,7155000.0,51348000.0,0.0,0.0,0.0,-1066859000.0,-1015511000.0,-3.387,-1015511000.0,-1066859000.0,-1066859000.0,-5.65,-5.59,-5.65,7053328000.0,,7053328000.0,6206477834.0,-7.0,-7.575,-137876000.0,-0.886,1.0,20389000.0,0.068,4789878000.0,0.0,4881662000.0,,496349000.0,2143729000.0,521109000.0,1622620000.0,2450617000.0,404825000.0,2045792000.0,5713199834.0,-48828000.0,136793000.0,12518000.0,26746000.0,0.0,39264000.0,-62800000.0,-112009000.0,-25292000.0,0.0,-990563000.0,-990563000.0,-990563000.0,0.0,0.0,-3.304,1067744000.0,-1047355000.0,63364000.0,0.0,0.81,-6.529,-7.459,1252783000.0,0.0,36.7,8.412,8.412,315866000.0,-611921000.0,299846000.0,299846000.0,111953000.0,,,,,-3069000.0,99611000.0,1.0,155673020.0,155673020,,1.926,4714067000.0,123945000.0,-76296000.0,1202494000.0,30.282,1433839000.0
72,BIIB,MRQ,2003-09-30,2003-09-30,2003-09-30,2021-10-20,2189000.0,2239895000.0,,1046911000.0,1192984000.0,,8.115,-79239000.0,388678000.0,388678000.0,639000.0,45500000.0,15.756,0.775,881956000.0,0.0,881956000.0,881956000.0,0.0,3857000.0,0.0,0.0,0.0,73387000.0,77244000.0,0.558,77244000.0,73387000.0,73387000.0,0.29,0.26,0.29,1261944000.0,,1261944000.0,5734005869.0,22.0,21.13,2723000.0,0.018,1.0,137891000.0,0.995,0.0,0.0,2666726000.0,,38532000.0,1140677000.0,483906000.0,656771000.0,977951000.0,66447000.0,911504000.0,5174902869.0,71140000.0,0.0,2737000.0,0.0,0.0,2737000.0,-13559000.0,65680000.0,81962000.0,0.0,45500000.0,45500000.0,45500000.0,0.0,0.0,0.328,66490000.0,71401000.0,65716000.0,0.0,4.101,32.331,32.96,444207000.0,0.0,33.29,10.288,10.292,113813000.0,378642000.0,138530000.0,138530000.0,39333000.0,,,,,306000.0,27157000.0,1.0,155449170.0,155498000,187011000.0,0.891,2239895000.0,91878000.0,27887000.0,0.0,14.405,980464000.0
73,BIIB,MRQ,2003-06-30,2003-06-30,2003-06-30,2021-10-20,3024000.0,2158577000.0,,928041000.0,1230536000.0,,7.734,-67153000.0,317538000.0,317538000.0,3791000.0,28766000.0,17.763,0.799,876641000.0,0.0,876641000.0,876641000.0,0.0,3003000.0,0.0,0.0,0.0,46397000.0,49400000.0,0.4,49400000.0,46397000.0,46397000.0,0.18,0.17,0.18,1200131000.0,,1200131000.0,5779112854.0,24.0,22.574,-29903000.0,-0.193,1.0,119771000.0,0.969,0.0,0.0,2665434000.0,,38419000.0,1208755000.0,445096000.0,763659000.0,958446000.0,52246000.0,906200000.0,5266378854.0,-43573000.0,0.0,4906000.0,0.0,0.0,4906000.0,-85729000.0,-16076000.0,37250000.0,0.0,28766000.0,28766000.0,28766000.0,0.0,0.0,0.233,76627000.0,43144000.0,51440000.0,0.0,4.388,34.421,35.01,368503000.0,0.0,33.96,11.249,11.256,105720000.0,333142000.0,123562000.0,123562000.0,50141000.0,,,,,11533000.0,26486000.0,1.0,155075938.0,155171000,178308000.0,0.796,2158577000.0,99283000.0,17631000.0,0.0,13.911,875795000.0
74,BIIB,MRQ,2003-03-31,2003-03-31,2003-03-31,2021-10-20,3698000.0,2118407000.0,,1042619000.0,1075788000.0,,7.502,-42272000.0,358611000.0,358611000.0,852000.0,41200000.0,18.081,0.826,871345000.0,0.0,871345000.0,871345000.0,715000.0,3100000.0,0.0,0.0,0.0,66452000.0,69552000.0,0.593,69552000.0,66452000.0,66452000.0,0.27,0.24,0.27,1160368000.0,,1160368000.0,5786627252.0,23.0,21.945,33775000.0,0.218,1.0,116394000.0,0.993,0.0,0.0,2573476000.0,,38445000.0,1195713000.0,523871000.0,671842000.0,958039000.0,57665000.0,900374000.0,5293051252.0,-14018000.0,0.0,4278000.0,0.0,0.0,4278000.0,-94343000.0,-52071000.0,76047000.0,0.0,41200000.0,41200000.0,41200000.0,0.0,0.0,0.351,53252000.0,63142000.0,1807000.0,0.0,4.562,33.161,33.549,304031000.0,0.0,34.22,11.983,11.982,97482000.0,304376000.0,117246000.0,117246000.0,31910000.0,,,,,14603000.0,21342000.0,1.0,154677126.0,154673000,177821000.0,0.758,2118407000.0,103592000.0,25252000.0,0.0,13.696,984954000.0
75,BIIB,MRQ,2002-12-31,2002-12-31,2002-12-31,2021-10-20,3764000.0,2059689000.0,,977610000.0,1082079000.0,,7.233,-64389000.0,372629000.0,372629000.0,336000.0,44594000.0,17.387,0.856,866205000.0,0.0,866205000.0,866205000.0,732000.0,2870000.0,0.0,0.0,0.0,72297000.0,75167000.0,0.608,75167000.0,72297000.0,72297000.0,0.27,0.25,0.27,1109690000.0,,1109690000.0,5512016384.0,24.0,22.807,19110000.0,0.125,1.0,123316000.0,0.997,9280000.0,0.0,2487760000.0,,33665000.0,1138210000.0,437645000.0,700565000.0,949999000.0,56225000.0,893774000.0,5076096384.0,-52636000.0,0.0,6656000.0,0.0,0.0,6656000.0,-142791000.0,-60904000.0,83499000.0,0.0,44594000.0,44594000.0,44594000.0,0.0,0.0,0.361,55428000.0,67888000.0,3886000.0,0.0,4.574,34.277,34.916,264537000.0,0.0,33.17,12.558,12.562,105208000.0,263176000.0,123652000.0,123652000.0,33272000.0,,,,,59530000.0,22156000.0,1.0,153032752.0,153413000,178248000.0,0.806,2050409000.0,112872000.0,27703000.0,0.0,13.365,921385000.0
76,BIIB,MRQ,2002-09-30,2002-09-30,2002-09-30,2021-10-20,3391000.0,1909432000.0,,1076980000.0,832452000.0,,6.503,-50669000.0,425265000.0,425265000.0,232000.0,38440000.0,22.72,0.923,861185000.0,0.0,861185000.0,861185000.0,1600000.0,2746000.0,0.0,0.0,0.0,59139000.0,61885000.0,0.597,61885000.0,59139000.0,59139000.0,0.25,0.22,0.25,992936000.0,,992936000.0,6604309882.0,32.0,30.852,4078000.0,0.027,1.0,103466000.0,0.998,0.0,0.0,2297950000.0,,23708000.0,1051898000.0,544609000.0,507289000.0,916496000.0,47402000.0,869094000.0,6339240882.0,-173831000.0,0.0,3428000.0,0.0,0.0,3428000.0,-232006000.0,-181337000.0,54747000.0,0.0,38440000.0,38440000.0,38440000.0,0.0,0.0,0.371,49165000.0,54301000.0,4059000.0,0.0,6.384,47.938,48.847,202817000.0,0.0,41.52,17.5,17.5,101243000.0,218582000.0,103698000.0,103698000.0,25367000.0,,,,,21290000.0,23798000.0,1.0,152679212.0,152679000,178362000.0,0.679,1909432000.0,60522000.0,20699000.0,0.0,12.506,1029578000.0
77,BIIB,MRQ,2002-06-30,2002-06-30,2002-06-30,2021-10-20,1679000.0,1832033000.0,,1161040000.0,670993000.0,,6.098,-30735000.0,591096000.0,591096000.0,889000.0,35383000.0,31.324,0.966,856165000.0,0.0,856165000.0,856165000.0,1700000.0,2648000.0,0.0,0.0,0.0,54435000.0,57083000.0,0.588,57083000.0,54435000.0,54435000.0,0.23,0.2,0.23,931963000.0,,931963000.0,5142266277.0,27.0,26.151,7096000.0,0.046,1.0,96242000.0,0.991,0.0,0.0,2060037000.0,,13808000.0,872239000.0,471924000.0,400315000.0,900070000.0,37065000.0,863005000.0,5396128277.0,194970000.0,0.0,-122025000.0,696004000.0,0.0,564832000.0,-407693000.0,-92902000.0,37831000.0,0.0,35383000.0,35383000.0,35383000.0,0.0,0.0,0.364,46204000.0,50038000.0,3053000.0,0.0,5.79,44.687,45.449,154894000.0,0.0,35.45,16.443,16.509,95719000.0,180142000.0,97131000.0,97131000.0,22980000.0,,,,,19379000.0,23224000.0,1.0,152218005.0,152827000,179515000.0,0.636,1832033000.0,63783000.0,19052000.0,0.0,11.988,1123975000.0
78,BIIB,MRQ,2002-03-31,2002-03-31,2002-03-31,2021-10-20,-238000.0,1181922000.0,,562190000.0,619732000.0,,6.581,-20111000.0,391626000.0,391626000.0,0.0,29673000.0,19.583,0.171,137764000.0,0.0,137764000.0,137764000.0,2513000.0,1892000.0,0.0,0.0,0.0,45651000.0,47543000.0,0.596,47543000.0,45651000.0,45651000.0,0.19,0.17,0.19,1009717000.0,,1009717000.0,9499533936.0,55.0,52.48,531000.0,0.003,1.0,79741000.0,1.0,0.0,0.0,899352000.0,,7339000.0,494785000.0,97861000.0,396924000.0,172205000.0,28708000.0,143497000.0,9806267936.0,-44373000.0,0.0,0.0,0.0,0.0,9147000.0,-74162000.0,-338107000.0,20642000.0,0.0,29673000.0,29673000.0,29673000.0,0.0,0.0,0.372,38092000.0,41649000.0,2706000.0,0.0,9.712,88.724,89.306,126807000.0,0.0,64.3,33.143,33.344,72660000.0,144759000.0,79741000.0,79741000.0,19249000.0,,,,,14138000.0,18843000.0,1.0,152508055.0,153432000,182418000.0,0.52,1181922000.0,67044000.0,15978000.0,0.0,7.703,533482000.0
79,BIIB,MRQ,2001-12-31,2001-12-31,2001-12-31,2021-10-20,1085000.0,1141216000.0,,708814000.0,432402000.0,,6.268,-17477000.0,431001000.0,431001000.0,0.0,28742000.0,20.978,0.193,135977000.0,0.0,135977000.0,135977000.0,2307000.0,1869000.0,0.0,0.0,0.0,45682000.0,47551000.0,0.582,47551000.0,45682000.0,45682000.0,0.18,0.17,0.18,956479000.0,,956479000.0,10205646231.0,63.0,60.78,33578000.0,0.22,1.0,81675000.0,1.0,0.0,0.0,812403000.0,,524000.0,449875000.0,197824000.0,252051000.0,184737000.0,33789000.0,150948000.0,10512380231.0,-14928000.0,0.0,3986000.0,0.0,0.0,3986000.0,-69969000.0,-52492000.0,51055000.0,0.0,28742000.0,28742000.0,28742000.0,0.0,0.0,0.352,41503000.0,40172000.0,3866000.0,0.0,10.991,103.408,102.881,108588000.0,0.0,68.93,38.553,38.11,68644000.0,115086000.0,81675000.0,81675000.0,26546000.0,,,,,60431000.0,14957000.0,1.0,152508055.0,152598000,182090000.0,0.535,1141216000.0,75532000.0,16940000.0,0.0,7.479,675025000.0
80,BIIB,MRQ,2001-09-30,2001-09-30,2001-09-30,2021-10-20,1920000.0,1003053000.0,,645967000.0,357086000.0,,5.497,-36787000.0,440927000.0,440927000.0,0.0,26957000.0,28.78,0.2,134193000.0,0.0,134193000.0,134193000.0,350000.0,1614000.0,0.0,0.0,0.0,42850000.0,44464000.0,0.639,44464000.0,42850000.0,42850000.0,0.18,0.16,0.18,835940000.0,,835940000.0,7208737672.0,49.0,45.986,-150000.0,-0.001,1.0,69615000.0,1.0,0.0,0.0,673874000.0,,230000.0,399547000.0,135442000.0,264105000.0,167113000.0,22445000.0,144668000.0,7530089672.0,-12979000.0,0.0,3372000.0,-146000.0,0.0,3226000.0,-52842000.0,-16055000.0,36637000.0,0.0,26957000.0,26957000.0,26957000.0,0.0,0.0,0.387,33742000.0,35873000.0,1726000.0,0.0,9.008,80.704,77.453,92981000.0,0.0,49.57,31.793,31.825,62543000.0,86344000.0,69615000.0,69615000.0,20751000.0,,,,,0.0,12991000.0,1.0,151908204.0,152061000,167394000.0,0.458,1003053000.0,0.0,15893000.0,7623000.0,6.596,623522000.0
81,BIIB,MRQ,2001-06-30,2001-06-30,2001-06-30,2021-10-20,828000.0,952940000.0,,676897000.0,276043000.0,,5.241,-8035000.0,453906000.0,453906000.0,0.0,25153000.0,31.419,0.208,132554000.0,145000.0,132409000.0,132554000.0,1440000.0,1469000.0,0.0,0.0,0.0,39985000.0,41454000.0,0.639,41454000.0,39985000.0,39985000.0,0.17,0.15,0.17,788665000.0,,788665000.0,9817861534.0,78.0,73.651,25835000.0,0.172,1.0,64849000.0,1.0,0.0,0.0,610044000.0,,0.0,376849000.0,158613000.0,218236000.0,164275000.0,21544000.0,142731000.0,10102280534.0,38488000.0,0.0,15041000.0,-227000.0,0.0,14814000.0,-10196000.0,-2161000.0,33870000.0,0.0,25153000.0,25153000.0,25153000.0,0.0,0.0,0.388,33121000.0,31728000.0,1547000.0,0.0,12.809,120.63,114.729,57807000.0,0.0,67.69,48.099,48.496,57415000.0,59387000.0,64849000.0,64849000.0,21691000.0,,,,,-12781000.0,11430000.0,1.0,149243323.0,150477000,167417000.0,0.431,952940000.0,0.0,14832000.0,7500000.0,6.333,655353000.0
82,BIIB,MRQ,2001-03-31,2001-03-31,2001-03-31,2021-10-20,918000.0,897927000.0,,692643000.0,205284000.0,,4.964,-5081000.0,415418000.0,415418000.0,0.0,20807000.0,29.595,0.224,130999000.0,373000.0,130626000.0,130999000.0,3051000.0,1354000.0,0.0,0.0,0.0,33087000.0,34441000.0,0.609,34441000.0,33087000.0,33087000.0,0.14,0.12,0.14,733859000.0,,733859000.0,5490067440.0,53.0,50.085,27671000.0,0.187,1.0,56538000.0,1.0,0.0,0.0,590104000.0,,0.0,374488000.0,220445000.0,154043000.0,164068000.0,23404000.0,140664000.0,5458588440.0,14366000.0,0.0,5697000.0,-370000.0,0.0,5327000.0,-23713000.0,-18632000.0,32752000.0,0.0,20807000.0,20807000.0,20807000.0,0.0,0.0,0.368,33174000.0,23364000.0,1503000.0,0.0,7.438,74.502,75.472,51241000.0,0.0,40.0,29.634,32.105,49719000.0,34234000.0,56538000.0,56538000.0,21470000.0,,,,,12781000.0,11704000.0,1.0,136464711.0,147842000,167167000.0,0.382,897927000.0,0.0,12280000.0,7252000.0,6.074,669239000.0
83,BIIB,MRQ,2000-12-31,2000-12-31,2000-12-31,2021-10-20,517000.0,856406000.0,,631258000.0,225148000.0,,4.934,-2997000.0,401052000.0,401052000.0,0.0,20388000.0,27.392,0.233,129631000.0,743000.0,128888000.0,129631000.0,4494000.0,4739000.0,0.0,0.0,0.0,31662000.0,36401000.0,0.794,36401000.0,31662000.0,24609000.0,0.15,0.12,0.15,694619000.0,,694619000.0,8654229206.0,129.0,120.405,16817000.0,0.119,1.0,45842000.0,1.0,0.0,7053000.0,561940000.0,,0.0,349474000.0,180286000.0,169188000.0,161787000.0,23045000.0,138742000.0,8622750206.0,304195000.0,0.0,458442000.0,-396000.0,0.0,458046000.0,-173665000.0,-170668000.0,19814000.0,0.0,20388000.0,20388000.0,20388000.0,0.0,0.0,0.445,27668000.0,18174000.0,1737000.0,0.0,12.414,179.1,175.519,47514000.0,0.0,63.187,55.745,55.098,43450000.0,13427000.0,45842000.0,45842000.0,19154000.0,,,,,11294000.0,8514000.0,1.0,136464711.0,140775000,164749000.0,0.326,856406000.0,0.0,4221000.0,0.0,6.084,608213000.0
84,BIIB,MRQ,2000-09-30,2000-09-30,2000-09-30,2021-10-20,-58000.0,382631000.0,,318927000.0,63704000.0,,1.672,-21602000.0,96857000.0,96857000.0,0.0,17398000.0,15.653,0.697,128336000.0,1139000.0,127197000.0,128336000.0,1327000.0,0.0,0.0,0.0,0.0,21007000.0,21007000.0,0.491,21007000.0,21007000.0,21007000.0,0.13,0.11,0.13,225487000.0,,225487000.0,7880356388.0,158.0,145.212,-801000.0,-0.006,1.0,42803000.0,1.0,0.0,0.0,393735000.0,,212000.0,196028000.0,178126000.0,17902000.0,157144000.0,20375000.0,136769000.0,7865401388.0,-15126000.0,0.0,3330000.0,-294000.0,0.0,3036000.0,-38963000.0,-17361000.0,20801000.0,0.0,17398000.0,17398000.0,17398000.0,0.0,0.0,0.406,24584000.0,18219000.0,2033000.0,0.0,34.882,221.76,214.115,45802000.0,0.0,58.453,55.843,55.967,38576000.0,-1744000.0,42803000.0,42803000.0,18008000.0,,,,,0.0,6576000.0,1.0,134558646.0,134856000,158628000.0,0.317,382631000.0,0.0,3609000.0,9572000.0,2.837,298552000.0
85,BIIB,MRQ,2000-06-30,2000-06-30,2000-06-30,2021-10-20,-445000.0,352133000.0,,313579000.0,38554000.0,,1.481,-2972000.0,111983000.0,111983000.0,0.0,14675000.0,16.235,0.781,126938000.0,1274000.0,125664000.0,126938000.0,4368000.0,0.0,0.0,0.0,0.0,17766000.0,17766000.0,0.455,17766000.0,17766000.0,17766000.0,0.11,0.09,0.11,197762000.0,,197762000.0,5246380357.0,131.0,117.772,4910000.0,0.037,1.0,39015000.0,1.0,0.0,0.0,347773000.0,,778000.0,175395000.0,162274000.0,13121000.0,154371000.0,19315000.0,135056000.0,5209811357.0,22939000.0,0.0,2508000.0,-366000.0,0.0,2142000.0,12915000.0,15887000.0,7882000.0,0.0,14675000.0,14675000.0,14675000.0,0.0,0.0,0.376,23638000.0,15377000.0,1437000.0,0.0,26.344,180.903,170.014,25433000.0,0.0,39.103,40.627,40.716,34435000.0,-17794000.0,39015000.0,39015000.0,17038000.0,,,,,0.0,6600000.0,1.0,133231899.0,133524000,156126000.0,0.292,352133000.0,0.0,3091000.0,9392000.0,2.637,294264000.0
86,BIIB,MRQ,2000-03-31,2000-03-31,2000-03-31,2021-10-20,-513000.0,327267000.0,,294582000.0,32685000.0,,1.344,-3860000.0,89044000.0,89044000.0,0.0,-4316000.0,15.52,0.868,125613000.0,1413000.0,124200000.0,125613000.0,3000000.0,0.0,0.0,0.0,0.0,-3298000.0,-3298000.0,-0.122,-3298000.0,-3298000.0,-3298000.0,-0.03,-0.03,-0.03,175211000.0,,175211000.0,4273167773.0,99.0,89.524,9625000.0,0.074,1.0,27022000.0,1.0,0.0,0.0,344855000.0,,1265000.0,185197000.0,176124000.0,9073000.0,152056000.0,18981000.0,133075000.0,4210148773.0,27640000.0,0.0,9862000.0,-457000.0,0.0,9405000.0,4750000.0,8610000.0,13485000.0,0.0,-4316000.0,-4316000.0,-4316000.0,0.0,0.0,-0.16,22933000.0,4089000.0,1216000.0,0.0,24.029,123.711,115.724,23612000.0,0.0,32.75,33.813,34.284,23390000.0,-31119000.0,27022000.0,27022000.0,14722000.0,,,,,0.0,6077000.0,1.0,128554161.0,130347000,130347000.0,0.207,327267000.0,0.0,1018000.0,8875000.0,2.511,275601000.0
87,BIIB,MRQ,1999-12-31,1999-12-31,1999-12-31,2021-10-20,-543000.0,307074000.0,,278519000.0,28555000.0,,1.259,-1593000.0,61404000.0,61404000.0,0.0,7711000.0,17.835,0.919,124423000.0,1513000.0,122910000.0,124423000.0,0.0,4366000.0,0.0,0.0,0.0,14427000.0,18793000.0,0.587,18793000.0,14427000.0,8369000.0,0.063,0.053,0.063,159978000.0,,159978000.0,4200957200.0,81.0,74.977,12793000.0,0.101,1.0,32008000.0,1.0,0.0,6058000.0,354477000.0,,2400000.0,192615000.0,184882000.0,7733000.0,147096000.0,15616000.0,131480000.0,4156132200.0,-16930000.0,0.0,3718000.0,-344000.0,0.0,3374000.0,-34690000.0,-33097000.0,14386000.0,0.0,7711000.0,7711000.0,7711000.0,0.0,0.0,0.241,24884000.0,7124000.0,1269000.0,0.0,25.979,96.303,93.571,20822000.0,0.0,32.75,35.221,34.455,24964000.0,-34718000.0,32008000.0,32008000.0,14679000.0,,,,,2361000.0,5603000.0,1.0,126904800.0,127098000,156426000.0,0.252,307074000.0,0.0,658000.0,6316000.0,2.416,262903000.0
88,BIIB,MRQ,1999-09-30,1999-09-30,1999-09-30,2021-10-20,-670000.0,294564000.0,,266624000.0,27940000.0,,1.218,-1166000.0,78334000.0,78334000.0,0.0,10729000.0,14.67,0.941,123159000.0,1455000.0,121704000.0,123159000.0,346000.0,0.0,0.0,0.0,0.0,11286000.0,11286000.0,0.374,11286000.0,11286000.0,11286000.0,0.087,0.07,0.087,151794000.0,,151794000.0,2000422470.0,46.0,41.679,12685000.0,0.102,1.0,30190000.0,1.0,0.0,0.0,321214000.0,,8951000.0,159253000.0,151658000.0,7595000.0,142770000.0,18175000.0,124595000.0,1947040470.0,9829000.0,0.0,4601000.0,-449000.0,0.0,4152000.0,-8174000.0,-7008000.0,13851000.0,0.0,10729000.0,10729000.0,10729000.0,0.0,0.0,0.355,20209000.0,9981000.0,2312000.0,0.0,12.827,47.305,46.503,20345000.0,0.0,15.672,17.117,17.177,23034000.0,-42429000.0,30190000.0,30190000.0,10798000.0,,,,,0.0,4622000.0,1.0,124239528.0,124674000,153246000.0,0.242,294564000.0,0.0,557000.0,0.0,2.363,248449000.0
89,BIIB,MRQ,1999-06-30,1999-06-30,1999-06-30,2021-10-20,-643000.0,275605000.0,,247976000.0,27629000.0,,1.11,-915000.0,68505000.0,68505000.0,0.0,19908000.0,15.736,1.017,121887000.0,1493000.0,120394000.0,121887000.0,346000.0,0.0,0.0,0.0,0.0,20951000.0,20951000.0,0.594,20951000.0,20951000.0,20951000.0,0.163,0.133,0.163,136651000.0,,136651000.0,1597909421.0,47.0,41.368,15624000.0,0.127,1.0,35294000.0,1.0,0.0,0.0,313228000.0,,9487000.0,152039000.0,144684000.0,7355000.0,138954000.0,15759000.0,123195000.0,1578148421.0,-32342000.0,0.0,2371000.0,-426000.0,0.0,1945000.0,-50826000.0,-49911000.0,16539000.0,0.0,19908000.0,19908000.0,19908000.0,0.0,0.0,0.564,15273000.0,20021000.0,1587000.0,0.0,11.549,49.018,48.465,20274000.0,0.0,12.843,15.693,15.721,21044000.0,-53158000.0,35294000.0,35294000.0,9535000.0,,,,,0.0,4859000.0,1.0,122876856.0,123102000,161364000.0,0.287,275605000.0,0.0,1043000.0,0.0,2.239,232217000.0
90,BIIB,MRQ,1999-03-31,1999-03-31,1999-03-31,2021-10-20,-196000.0,249352000.0,,221671000.0,27681000.0,,0.944,-617000.0,100847000.0,100847000.0,0.0,4809000.0,17.501,1.172,120608000.0,1450000.0,119158000.0,120608000.0,346000.0,0.0,0.0,0.0,0.0,5000000.0,5000000.0,0.244,5000000.0,5000000.0,5000000.0,0.04,0.033,0.04,114819000.0,,114819000.0,1014868662.0,43.0,36.326,7111000.0,0.058,1.0,20511000.0,1.0,0.0,0.0,256447000.0,,5405000.0,102442000.0,95213000.0,7229000.0,134533000.0,12666000.0,121867000.0,1037792662.0,73918000.0,0.0,3506000.0,112138000.0,0.0,115644000.0,-49454000.0,-48837000.0,7728000.0,0.0,4809000.0,4809000.0,4809000.0,0.0,0.0,0.234,16220000.0,4291000.0,1469000.0,0.0,9.039,46.291,45.793,20452000.0,0.0,8.563,11.617,11.662,16757000.0,-73066000.0,20511000.0,20511000.0,7819000.0,,,,,0.0,4394000.0,1.0,121190268.0,121662000,144744000.0,0.169,249352000.0,0.0,191000.0,0.0,2.05,209005000.0
91,BIIB,MRQ,1998-12-31,1998-12-31,1998-12-31,2021-10-20,1000.0,125273000.0,,101027000.0,24246000.0,,0.886,-472000.0,26929000.0,26929000.0,0.0,5713000.0,6.976,0.177,4005000.0,1910000.0,2095000.0,4005000.0,346000.0,4276000.0,0.0,0.0,0.0,6483000.0,10759000.0,0.388,10759000.0,6483000.0,5853000.0,0.047,0.038,0.047,106428000.0,,106428000.0,925460890.0,41.0,34.524,6851000.0,0.057,1.0,27753000.0,1.0,0.0,630000.0,87866000.0,,5346000.0,49922000.0,46573000.0,3349000.0,18845000.0,14483000.0,4362000.0,940134890.0,7882000.0,0.0,1812000.0,-368000.0,0.0,1444000.0,-885000.0,-413000.0,7323000.0,0.0,5713000.0,5713000.0,5713000.0,0.0,0.0,0.206,22658000.0,5095000.0,1989000.0,0.0,8.834,43.772,43.519,20897000.0,0.0,7.833,10.811,10.722,19818000.0,-77875000.0,27753000.0,27753000.0,9298000.0,,,,,0.0,4743000.0,1.0,120017220.0,120090000,140478000.0,0.231,125273000.0,0.0,140000.0,2267000.0,1.043,86544000.0
92,BIIB,MRQ,1998-09-30,1998-09-30,1998-09-30,2021-10-20,35000.0,115992000.0,,91136000.0,24856000.0,,0.829,-621000.0,19047000.0,19047000.0,0.0,1765000.0,7.417,0.172,4373000.0,1868000.0,2505000.0,4373000.0,346000.0,0.0,0.0,0.0,0.0,1917000.0,1917000.0,0.113,1917000.0,1917000.0,1917000.0,0.015,0.013,0.015,98938000.0,,98938000.0,446239070.0,18.0,15.267,-4156000.0,-0.035,1.0,17009000.0,1.0,0.0,0.0,89030000.0,,8824000.0,49568000.0,46194000.0,3374000.0,17054000.0,12288000.0,4766000.0,472084070.0,-12770000.0,0.0,452000.0,-1599000.0,0.0,-1147000.0,-8088000.0,-7467000.0,-3535000.0,0.0,1765000.0,1765000.0,1765000.0,0.0,0.0,0.104,15848000.0,1161000.0,1525000.0,0.0,4.772,19.748,19.03,21482000.0,0.0,3.958,5.533,5.537,15055000.0,-83587000.0,17009000.0,17009000.0,8009000.0,,,,,0.0,3784000.0,1.0,119263344.0,119352000,137388000.0,0.143,115992000.0,0.0,152000.0,0.0,0.972,78848000.0
93,BIIB,MRQ,1998-06-30,1998-06-30,1998-06-30,2021-10-20,-35000.0,114848000.0,,89584000.0,25264000.0,,0.813,-190000.0,31817000.0,31817000.0,0.0,10132000.0,6.813,0.188,5972000.0,3146000.0,2826000.0,5972000.0,346000.0,0.0,0.0,0.0,0.0,10262000.0,10262000.0,0.426,10262000.0,10262000.0,10262000.0,0.085,0.073,0.085,96650000.0,,96650000.0,451549307.0,33.0,25.459,7282000.0,0.061,1.0,24063000.0,1.0,0.0,0.0,75854000.0,,8324000.0,42000000.0,38657000.0,3343000.0,18198000.0,13149000.0,5049000.0,466380307.0,10182000.0,0.0,678000.0,-832000.0,0.0,-154000.0,2864000.0,3054000.0,7472000.0,0.0,10132000.0,10132000.0,10132000.0,0.0,0.0,0.421,14538000.0,9525000.0,1247000.0,0.0,4.825,37.117,36.358,21921000.0,0.0,3.927,6.24,6.243,9539000.0,-85353000.0,24063000.0,24063000.0,7141000.0,,,,,0.0,4542000.0,1.0,118772574.0,118830000,139584000.0,0.202,114848000.0,0.0,130000.0,0.0,0.966,76435000.0
94,BIIB,MRQ,1998-03-31,1998-03-31,1998-03-31,2021-10-20,31000.0,104760000.0,,78596000.0,26164000.0,,0.729,-441000.0,21635000.0,21635000.0,0.0,3868000.0,5.81,0.219,6804000.0,3664000.0,3140000.0,6804000.0,346000.0,0.0,0.0,0.0,0.0,3868000.0,3868000.0,0.213,3868000.0,3868000.0,3868000.0,0.033,0.027,0.033,85906000.0,,85906000.0,841605210.0,-100.0,-191.404,-6614000.0,-0.056,1.0,18134000.0,1.0,0.0,0.0,76401000.0,,5918000.0,45120000.0,41777000.0,3343000.0,18854000.0,13528000.0,5326000.0,868658210.0,-13212000.0,0.0,1385000.0,-990000.0,0.0,395000.0,-7434000.0,-6993000.0,-6173000.0,0.0,3868000.0,3868000.0,3868000.0,0.0,0.0,0.213,15011000.0,3123000.0,2045000.0,0.0,10.112,-92.038,-89.939,22821000.0,0.0,7.375,15.491,15.496,7909000.0,-95485000.0,18134000.0,18134000.0,7037000.0,,,,,0.0,3899000.0,1.0,117784164.0,117822000,142056000.0,0.154,104760000.0,0.0,0.0,0.0,0.889,65068000.0
95,BIIB,MRQ,1997-12-31,1997-12-31,1997-12-31,2021-10-20,57000.0,106013000.0,,79193000.0,26820000.0,,0.702,-1146000.0,34847000.0,34847000.0,0.0,8141000.0,4.075,0.314,7794000.0,3908000.0,3886000.0,7794000.0,6646000.0,4010000.0,0.0,0.0,0.0,9172000.0,13182000.0,0.505,13182000.0,9172000.0,8255000.0,0.075,0.075,0.075,80679000.0,,80679000.0,657904909.0,-45.0,-62.676,21241000.0,0.185,1.0,26113000.0,1.0,0.0,917000.0,59528000.0,,4134000.0,38181000.0,34810000.0,3371000.0,25334000.0,19432000.0,5902000.0,656399909.0,27458000.0,0.0,924000.0,-1100000.0,0.0,-176000.0,5247000.0,6393000.0,22387000.0,0.0,8141000.0,8141000.0,8141000.0,0.0,0.0,0.312,18190000.0,7923000.0,2496000.0,0.0,8.136,-42.245,-41.825,23449000.0,0.0,5.73,14.716,14.443,3971000.0,-99353000.0,26113000.0,26113000.0,6653000.0,,,,,0.0,3137000.0,1.0,114554958.0,114918000,114918000.0,0.227,106013000.0,0.0,114000.0,0.0,0.923,59761000.0
96,BIIB,MRQ,1997-09-30,1997-09-30,1997-09-30,2021-10-20,-113000.0,94498000.0,,67823000.0,26675000.0,,0.629,-888000.0,7389000.0,7389000.0,0.0,-9576000.0,4.224,0.328,8894000.0,4520000.0,4374000.0,8894000.0,1804000.0,0.0,0.0,0.0,0.0,-9576000.0,-9576000.0,-1.49,-9576000.0,-9576000.0,-9576000.0,-0.085,-0.085,-0.085,71179000.0,,71179000.0,783929740.0,-39.0,-44.793,-14511000.0,-0.128,1.0,6427000.0,1.0,0.0,0.0,79947000.0,,6917000.0,44398000.0,41033000.0,3365000.0,23319000.0,16056000.0,7263000.0,788470740.0,-4235000.0,-3000000.0,1400000.0,1810000.0,0.0,3210000.0,6178000.0,10066000.0,-13623000.0,0.0,-9576000.0,-9576000.0,-9576000.0,0.0,0.0,-1.49,16726000.0,-10299000.0,2715000.0,0.0,11.077,-34.011,-34.384,23310000.0,0.0,6.98,27.574,27.644,11011000.0,-107494000.0,6427000.0,6427000.0,7988000.0,,,,,0.0,3477000.0,1.0,112961424.0,113250000,113250000.0,0.057,94498000.0,0.0,0.0,0.0,0.834,51767000.0
97,BIIB,MRQ,1997-06-30,1997-06-30,1997-06-30,2021-10-20,-115000.0,102165000.0,,78333000.0,23832000.0,,0.709,-1086000.0,11624000.0,11624000.0,0.0,-11871000.0,4.821,0.283,7083000.0,3588000.0,3495000.0,7083000.0,0.0,0.0,0.0,0.0,0.0,-11871000.0,-11871000.0,-2.198,-11871000.0,-11871000.0,-11871000.0,-0.105,-0.105,-0.105,79600000.0,,79600000.0,443510618.0,-28.0,-33.704,-6965000.0,-0.062,1.0,5402000.0,1.0,0.0,0.0,81375000.0,,6587000.0,51086000.0,51086000.0,0.0,22565000.0,16249000.0,6316000.0,453435618.0,-6231000.0,0.0,458000.0,-847000.0,0.0,-389000.0,37000.0,1123000.0,-5879000.0,0.0,-11871000.0,-11871000.0,-11871000.0,0.0,0.0,-2.198,18004000.0,-12602000.0,3322000.0,0.0,5.696,-25.036,-24.949,23442000.0,0.0,4.042,18.087,18.112,7340000.0,-97918000.0,5402000.0,5402000.0,10292000.0,,,,,0.0,2498000.0,1.0,112190256.0,112344000,112344000.0,0.048,102165000.0,0.0,0.0,0.0,0.909,62084000.0
98,BIIB,MRQ,1997-03-31,1997-03-31,1997-03-31,2021-10-20,-95000.0,109558000.0,,85603000.0,23955000.0,,0.834,-2755000.0,17855000.0,17855000.0,0.0,-2232000.0,7.368,0.203,7930000.0,3752000.0,4178000.0,7930000.0,0.0,0.0,0.0,0.0,0.0,-2232000.0,-2232000.0,-0.335,-2232000.0,-2232000.0,-2232000.0,-0.02,-0.02,-0.02,91051000.0,,91051000.0,414113921.0,-60.0,-96.575,-8399000.0,-0.077,1.0,6664000.0,1.0,0.0,0.0,88014000.0,,6198000.0,52228000.0,52228000.0,0.0,18507000.0,11619000.0,6888000.0,430605921.0,-7482000.0,0.0,727000.0,-914000.0,0.0,-187000.0,-1651000.0,1104000.0,-5644000.0,0.0,-2232000.0,-2232000.0,-2232000.0,0.0,0.0,-0.335,9682000.0,-3018000.0,1787000.0,0.0,4.729,-44.255,-42.67,23352000.0,0.0,3.968,16.105,16.203,7913000.0,-86047000.0,6664000.0,6664000.0,7474000.0,,,,,0.0,2208000.0,1.0,108510522.0,109170000,109170000.0,0.061,109558000.0,0.0,0.0,0.0,1.004,73984000.0
99,BIIB,MRQ,1996-12-31,1996-12-31,1996-12-31,2021-10-20,-37000.0,113029000.0,,90815000.0,22214000.0,,0.862,-4308000.0,25337000.0,25337000.0,0.0,1192000.0,7.047,0.22,8845000.0,3830000.0,5015000.0,8845000.0,0.0,2643000.0,0.0,0.0,0.0,3535000.0,6178000.0,0.612,6178000.0,3535000.0,1192000.0,0.007,,0.007,92614000.0,,92614000.0,,,,-2165000.0,-0.02,1.0,10102000.0,1.0,0.0,2343000.0,83650000.0,,4384000.0,54151000.0,53390000.0,761000.0,20415000.0,12887000.0,7528000.0,429520816.0,-27768000.0,0.0,5051000.0,-198000.0,0.0,4853000.0,-34764000.0,-30456000.0,2143000.0,0.0,1192000.0,496000.0,496000.0,0.0,0.0,0.049,9745000.0,357000.0,4106000.0,0.0,4.638,-76.008,-69.444,21453000.0,696000.0,3.958,14.313,13.116,4367000.0,-83815000.0,10102000.0,10102000.0,9136000.0,,,,,359000.0,1993000.0,1.0,108510522.0,107466000,,0.094,113029000.0,0.0,0.0,0.0,1.052,77928000.0
100,BIIB,MRQ,1996-09-30,1996-09-30,1996-09-30,2021-10-20,,,,,,,,-1214000.0,,,0.0,-4504000.0,,,,,,,,0.0,,0.0,0.0,-5234000.0,-5234000.0,-1.804,-5234000.0,-5234000.0,-4504000.0,-0.043,,-0.043,,,,,,,-6820000.0,-0.065,1.0,2902000.0,1.0,,-730000.0,,,,,,,,,,,-14899000.0,0.0,195000.0,-155000.0,0.0,40000.0,-9333000.0,-8119000.0,-5606000.0,0.0,-4504000.0,-4504000.0,-4504000.0,0.0,0.0,-1.552,8136000.0,-5234000.0,,0.0,,,,,0.0,4.0,,,,,2902000.0,2902000.0,6292000.0,,,,,0.0,1844000.0,1.0,,105168000,,0.028,,,0.0,,,
101,BIIB,MRQ,1996-06-30,1996-06-30,1996-06-30,2021-10-20,,,,,,,,-521000.0,,,0.0,-3490000.0,,,,,,,,0.0,,0.0,0.0,-3000000.0,-3000000.0,-0.424,-3000000.0,-3000000.0,-3490000.0,-0.037,,-0.037,,,,,,,2553000.0,0.027,1.0,7069000.0,1.0,,490000.0,,,,,,,,,,,49480000.0,0.0,46755000.0,-544000.0,0.0,53711000.0,-7305000.0,-6784000.0,3074000.0,0.0,-3490000.0,-3490000.0,-3490000.0,0.0,0.0,-0.494,10069000.0,-3000000.0,,0.0,,,,,0.0,3.855,,,,,7069000.0,7069000.0,7078000.0,,,,,0.0,1607000.0,1.0,,94122000,,0.075,,,0.0,,,
102,BIIB,MRQ,1996-03-31,1996-03-31,1996-03-31,2021-10-20,,,,,,,,-258000.0,,,0.0,1847000.0,,,,,,,,0.0,,0.0,0.0,2441000.0,2441000.0,0.246,2441000.0,2441000.0,1847000.0,0.017,,0.017,,,,,,,-3652000.0,-0.032,1.0,9936000.0,1.0,,594000.0,,,,,,,,,,,-304000.0,0.0,563000.0,-68000.0,0.0,5495000.0,-2405000.0,-2147000.0,-3394000.0,0.0,1847000.0,1847000.0,1847000.0,0.0,0.0,0.186,7495000.0,2441000.0,,0.0,,,,,0.0,3.708,,,,,9936000.0,9936000.0,5641000.0,,,,,0.0,1854000.0,1.0,,114726000,,0.087,,,0.0,,,
103,BIIB,MRQ,1995-12-31,1995-12-31,1995-12-31,2021-10-20,10000.0,47626000.0,,27438000.0,20188000.0,,0.355,,18828000.0,18828000.0,,,3.141,0.528,9846000.0,3248000.0,6598000.0,9846000.0,0.0,,0.0,0.0,0.0,,,,,,,,,,31169000.0,,31169000.0,,,,,,1.0,,,0.0,,29908000.0,,0.0,5932000.0,5182000.0,750000.0,16457000.0,8736000.0,7721000.0,,,,,,,,,,,,,,,,,,,,1208000.0,,,,-16.497,17955000.0,,3.25,,12.086,3344000.0,-78860000.0,,,,,,,,,,1.0,,87900000,,,47626000.0,0.0,,0.0,0.542,18702000.0
0,BIIB,MRT,2021-09-30,2021-09-30,2021-09-30,2021-10-20,-136600000.0,23806700000.0,24187675000.0,7162300000.0,16644400000.0,0.459,70.472,-309400000.0,1541800000.0,1541800000.0,1940200000.0,2105800000.0,1.701,1.239,7619300000.0,998800000.0,6620500000.0,7619300000.0,0.0,1282400000.0,0.0,0.0,0.0,1168300000.0,2450700000.0,0.221,2450700000.0,1168300000.0,1168300000.0,10.49,10.45,10.49,10429900000.0,10641075000.0,10429900000.0,48066074035.0,41.0,19.613,2125100000.0,14.359,1.0,9160300000.0,0.825,8047300000.0,0.0,17625300000.0,18346350000.0,1347900000.0,4400200000.0,1413300000.0,2986900000.0,12925000000.0,4211600000.0,8713400000.0,42174974035.0,-680000000.0,-412900000.0,-2200000000.0,-169900000.0,0.0,-2497100000.0,-617400000.0,131200000.0,2434500000.0,-3000000.0,1545800000.0,1545800000.0,1545800000.0,0.0,560000000.0,0.139,7237300000.0,1923000000.0,427900000.0,0.0,4.044,27.284,26.977,3799800000.0,0.0,282.99,3.799,3.773,2123000000.0,13543500000.0,11100500000.0,11100500000.0,3527800000.0,0.064,0.145,0.064,0.105,228800000.0,2692600000.0,1.0,149033443.0,148000000,148600000.0,75.003,15759400000.0,1810400000.0,-377500000.0,234200000.0,106.482,2950700000.0
1,BIIB,MRT,2021-06-30,2021-06-30,2021-06-30,2021-10-20,-171800000.0,24470400000.0,24469525000.0,7183700000.0,17286700000.0,0.478,71.823,-349600000.0,1742000000.0,1742000000.0,1877500000.0,2491600000.0,2.146,1.233,7633100000.0,0.0,7633100000.0,7633100000.0,0.0,1239800000.0,0.0,0.0,0.0,1807300000.0,3047100000.0,0.26,3047100000.0,1807300000.0,1807300000.0,12.74,12.69,12.74,10751900000.0,10723225000.0,10751900000.0,58562293282.0,32.0,19.219,2460700000.0,16.438,1.0,9820200000.0,0.839,8148900000.0,0.0,18865400000.0,18355050000.0,1254800000.0,4752000000.0,1308800000.0,3443200000.0,13255600000.0,3347200000.0,9908400000.0,52132593282.0,-689400000.0,-836600000.0,-2700000000.0,-169900000.0,0.0,-3063500000.0,-436200000.0,767100000.0,2810300000.0,46500000.0,1918100000.0,1918100000.0,1918100000.0,0.0,573500000.0,0.164,7604800000.0,2215400000.0,375300000.0,0.0,4.849,27.179,27.18,3844700000.0,0.0,346.27,4.457,4.431,2110200000.0,13900700000.0,11697700000.0,11697700000.0,3966300000.0,0.078,0.179,0.098,0.155,206600000.0,2611600000.0,1.0,150554750.0,149700000,150100000.0,78.141,16321500000.0,1849900000.0,-110800000.0,230900000.0,109.028,3836500000.0
2,BIIB,MRT,2021-03-31,2021-03-31,2021-03-31,2021-10-20,-174300000.0,23854700000.0,24729875000.0,6719500000.0,17135200000.0,0.51,70.324,-382700000.0,1217500000.0,1217500000.0,1828900000.0,3072600000.0,2.123,1.235,7647200000.0,0.0,7647200000.0,7647200000.0,0.0,693900000.0,0.0,0.0,0.0,3756100000.0,4450000000.0,0.353,4450000000.0,3756100000.0,3756100000.0,19.34,19.29,19.34,10682200000.0,10862425000.0,10682200000.0,49112920747.0,13.0,11.037,3148800000.0,20.729,1.0,10775400000.0,0.855,8751200000.0,0.0,18367400000.0,18234600000.0,1171800000.0,4564900000.0,1320000000.0,3244900000.0,13191500000.0,3165800000.0,10025700000.0,42615920747.0,-1397100000.0,-978400000.0,-5058900000.0,1298100000.0,0.0,-3812400000.0,-1116200000.0,268600000.0,3531500000.0,23300000.0,3011700000.0,3011700000.0,3011700000.0,0.0,60900000.0,0.239,7071200000.0,3704200000.0,430400000.0,0.0,3.989,14.15,14.465,3852800000.0,0.0,279.75,3.381,3.371,2224100000.0,13833500000.0,12604300000.0,12604300000.0,4028800000.0,0.122,0.277,0.206,0.298,200600000.0,2529400000.0,1.0,152335731.0,151900000,152300000.0,82.978,15103500000.0,1286300000.0,744400000.0,143100000.0,99.431,3553700000.0
3,BIIB,MRT,2020-12-31,2020-12-31,2020-12-31,2021-10-20,-299000000.0,24618900000.0,25296000000.0,6887100000.0,17731800000.0,0.531,66.503,-476800000.0,1331200000.0,1331200000.0,1805200000.0,4060500000.0,1.84,1.302,7828200000.0,0.0,7828200000.0,7828200000.0,0.0,666900000.0,0.0,0.0,0.0,4992900000.0,5659800000.0,0.421,5659800000.0,4992900000.0,4992900000.0,24.86,24.8,24.86,10700300000.0,11328600000.0,10700300000.0,43288747841.0,9.0,7.648,3753000000.0,23.325,1.0,11639400000.0,0.866,8846400000.0,0.0,18527300000.0,17656700000.0,1068600000.0,4950000000.0,1278900000.0,3671100000.0,13932800000.0,3742200000.0,10190600000.0,37679447841.0,-1651500000.0,-1006500000.0,-6679100000.0,1467400000.0,0.0,-5272700000.0,-608600000.0,976600000.0,4229800000.0,69000000.0,4000600000.0,4000600000.0,4000600000.0,0.0,59900000.0,0.298,7089300000.0,4550100000.0,454900000.0,0.0,3.521,9.418,9.85,3844800000.0,0.0,244.86,2.803,2.93,2327300000.0,13976300000.0,13444600000.0,13444600000.0,3990900000.0,0.158,0.353,0.283,0.371,198300000.0,2504500000.0,1.0,153881597.0,160900000,161300000.0,83.559,15772500000.0,1369500000.0,992300000.0,142000000.0,98.027,3144900000.0
4,BIIB,MRT,2020-09-30,2020-09-30,2020-09-30,2021-10-20,-225500000.0,24934100000.0,25949850000.0,7843100000.0,17091000000.0,0.55,68.569,-641200000.0,2224800000.0,2224800000.0,1761600000.0,5142700000.0,2.062,1.319,7834100000.0,0.0,7834100000.0,7834100000.0,0.0,479800000.0,0.0,0.0,0.0,6337400000.0,6817200000.0,0.478,6817200000.0,6337400000.0,6337400000.0,30.26,30.2,30.26,10758500000.0,11989325000.0,10758500000.0,50364065453.0,8.0,7.388,5915900000.0,37.705,1.0,12501700000.0,0.876,9079300000.0,0.0,17660100000.0,17159650000.0,1027700000.0,4199700000.0,1355000000.0,2844700000.0,14189600000.0,3804000000.0,10385600000.0,44910365453.0,-164700000.0,-565500000.0,-8372200000.0,1467300000.0,0.0,-6988000000.0,266200000.0,1534300000.0,6557100000.0,45600000.0,5082400000.0,5082400000.0,5082400000.0,0.0,60300000.0,0.356,5843200000.0,6658500000.0,398400000.0,0.0,4.174,8.836,9.375,3794100000.0,0.0,283.68,3.149,3.121,2552100000.0,13961000000.0,14263300000.0,14263300000.0,2956500000.0,0.196,0.424,0.369,0.444,187700000.0,2363200000.0,1.0,158313471.0,156900000,157200000.0,90.907,15854800000.0,1372900000.0,1255000000.0,119400000.0,101.05,4039100000.0
5,BIIB,MRT,2020-06-30,2020-06-30,2020-06-30,2021-10-20,-181000000.0,25511800000.0,26587325000.0,8493800000.0,17018000000.0,0.545,70.415,-647200000.0,2384900000.0,2384900000.0,1742500000.0,5984700000.0,2.464,1.258,7838600000.0,0.0,7838600000.0,7838600000.0,0.0,675300000.0,0.0,0.0,0.0,7152300000.0,7827600000.0,0.54,7827600000.0,7152300000.0,7152300000.0,34.19,34.13,34.19,11308700000.0,12798675000.0,11308700000.0,47434911879.0,7.0,6.06,6423700000.0,39.998,1.0,12744800000.0,0.88,9134800000.0,0.0,18383600000.0,17227975000.0,952700000.0,4348800000.0,1942700000.0,2406100000.0,14222600000.0,3447100000.0,10775500000.0,43660811879.0,659500000.0,781900000.0,-7840100000.0,1467300000.0,0.0,-6364100000.0,-47300000.0,-130200000.0,7070900000.0,2000000.0,5926800000.0,5926800000.0,5926800000.0,0.0,57900000.0,0.409,5366400000.0,7378400000.0,383900000.0,0.0,3.861,7.367,7.825,3766900000.0,0.0,267.55,3.014,2.966,2574700000.0,14466700000.0,14487300000.0,14487300000.0,2356000000.0,0.223,0.463,0.415,0.494,200100000.0,2344600000.0,1.0,163187486.0,160600000,160900000.0,90.207,16377000000.0,1710200000.0,1225500000.0,576700000.0,101.974,5046700000.0
6,BIIB,MRT,2020-03-31,2020-03-31,2020-03-31,2021-10-20,-149300000.0,26119200000.0,26781275000.0,8007200000.0,18112000000.0,0.539,72.609,-729100000.0,2591300000.0,2591300000.0,1807700000.0,5872300000.0,1.726,1.083,6365400000.0,1501800000.0,4863600000.0,6365400000.0,0.0,679400000.0,0.0,0.0,0.0,6906300000.0,7585700000.0,0.526,7585700000.0,6906300000.0,6906300000.0,32.44,32.39,32.44,12546900000.0,13209725000.0,12546900000.0,58524171800.0,8.0,7.715,6357300000.0,36.79,1.0,12614700000.0,0.875,9198900000.0,0.0,16055800000.0,17205650000.0,858800000.0,3369200000.0,1269100000.0,2100100000.0,13582300000.0,4638600000.0,8943700000.0,55070371800.0,334600000.0,179300000.0,-7432700000.0,0.0,0.0,-7426400000.0,674600000.0,1274600000.0,7086400000.0,13500000.0,5878800000.0,5878800000.0,5878800000.0,0.0,-6500000.0,0.408,5254900000.0,7359800000.0,389000000.0,0.0,4.389,9.368,9.753,3703600000.0,0.0,316.38,3.818,3.791,2604200000.0,15673100000.0,14422400000.0,14422400000.0,2193200000.0,0.22,0.445,0.401,0.479,204300000.0,2377100000.0,1.0,174064011.0,172800000,173100000.0,83.463,16920300000.0,3109400000.0,1027500000.0,310000000.0,97.918,3368600000.0
7,BIIB,MRT,2019-12-31,2019-12-31,2019-12-31,2021-10-20,-135200000.0,27234300000.0,26862850000.0,8381800000.0,18852500000.0,0.535,71.316,-669500000.0,2913700000.0,2913700000.0,1955400000.0,5888500000.0,1.723,1.041,6367500000.0,1495800000.0,4871700000.0,6367500000.0,0.0,680600000.0,0.0,0.0,0.0,7046500000.0,7727100000.0,0.537,7727100000.0,7046500000.0,7046500000.0,31.47,31.42,31.47,13343200000.0,13530475000.0,13343200000.0,57562618459.0,8.0,7.449,6409100000.0,34.255,1.0,12422500000.0,0.864,9285200000.0,0.0,16539100000.0,17875950000.0,804200000.0,4223100000.0,1562200000.0,2660900000.0,13895200000.0,4863800000.0,9031400000.0,53542518459.0,1688700000.0,-120700000.0,-5868300000.0,0.0,0.0,-5860400000.0,470500000.0,1233700000.0,7078600000.0,400000.0,5888500000.0,5888500000.0,5888500000.0,0.0,0.0,0.41,5379900000.0,7042600000.0,530800000.0,0.0,4.013,9.093,9.429,3674300000.0,0.0,296.73,3.724,3.861,2470700000.0,16455400000.0,14377900000.0,14377900000.0,2280600000.0,0.219,0.435,0.394,0.49,182300000.0,2374700000.0,1.0,180441878.0,187100000,187400000.0,76.846,17949100000.0,3232100000.0,1158000000.0,71400000.0,95.933,3518000000.0
8,BIIB,MRT,2019-09-30,2019-09-30,2019-09-30,2021-10-20,-92300000.0,27484000000.0,26376500000.0,8448200000.0,19035800000.0,0.54,76.065,-630000000.0,2343900000.0,2343900000.0,1996800000.0,5393700000.0,1.906,0.964,6364000000.0,1495300000.0,4868700000.0,6364000000.0,0.0,897300000.0,0.0,0.0,0.0,6747100000.0,7644400000.0,0.537,7644400000.0,6747100000.0,6747100000.0,28.19,28.14,28.19,13995900000.0,13454575000.0,13995900000.0,47591101295.0,7.0,6.226,6383800000.0,34.695,1.0,12236100000.0,0.86,9138500000.0,0.0,17933400000.0,18210975000.0,751800000.0,5146200000.0,2093500000.0,3052700000.0,13492200000.0,4432200000.0,9060000000.0,42943001295.0,-30400000.0,-1097300000.0,-5127800000.0,0.0,0.0,-5181000000.0,-1863200000.0,-130500000.0,7013800000.0,-12400000.0,5395600000.0,5395600000.0,5395600000.0,0.0,-1900000.0,0.379,5528100000.0,6708000000.0,382200000.0,0.0,3.068,7.959,8.259,3560100000.0,0.0,232.82,3.017,3.01,2515800000.0,17065200000.0,14232900000.0,14232900000.0,2200500000.0,0.205,0.401,0.37,0.474,182400000.0,2300900000.0,1.0,184447218.0,184000000,184200000.0,77.353,18345500000.0,3284500000.0,1351500000.0,125600000.0,99.704,4016000000.0
9,BIIB,MRT,2019-06-30,2019-06-30,2019-06-30,2021-10-20,-252900000.0,26287600000.0,25878550000.0,7909800000.0,18377800000.0,0.544,68.066,-703100000.0,1723400000.0,1723400000.0,2027600000.0,5290700000.0,2.463,1.03,6371500000.0,0.0,6371500000.0,6371500000.0,0.0,914300000.0,0.0,0.0,0.0,6804100000.0,7718400000.0,0.549,7718400000.0,6804100000.0,6804100000.0,26.96,26.9,26.96,12952900000.0,13397250000.0,12952900000.0,49481948756.0,7.0,6.411,6351700000.0,33.377,1.0,12044200000.0,0.856,9430500000.0,0.0,18294300000.0,17988275000.0,776700000.0,3844100000.0,1228800000.0,2615300000.0,13338800000.0,3210900000.0,10127900000.0,45345848756.0,471500000.0,-2321000000.0,-4409900000.0,-3200000.0,0.0,-4466900000.0,-2116400000.0,940900000.0,7054800000.0,1700000.0,5294100000.0,5294100000.0,5294100000.0,0.0,-3400000.0,0.376,5444900000.0,6599300000.0,377100000.0,0.0,3.501,8.565,8.675,3511900000.0,0.0,233.87,3.222,3.163,2517100000.0,16182800000.0,14071800000.0,14071800000.0,2168000000.0,0.205,0.395,0.378,0.484,173800000.0,2244100000.0,1.0,193893397.0,190300000,190400000.0,73.945,16857100000.0,2820100000.0,1510000000.0,427200000.0,88.582,4698900000.0
10,BIIB,MRT,2019-03-31,2019-03-31,2019-03-31,2021-10-20,-219800000.0,26445500000.0,25294875000.0,8942600000.0,17502900000.0,0.546,70.345,-706000000.0,2243200000.0,2243200000.0,1972300000.0,4711600000.0,2.84,0.913,6379300000.0,0.0,6379300000.0,6379300000.0,0.0,968800000.0,0.0,0.0,0.0,6192200000.0,7161000000.0,0.518,7161000000.0,6192200000.0,6192200000.0,23.29,23.23,23.29,13829900000.0,13224250000.0,13829900000.0,51209922362.0,8.0,7.151,5484100000.0,27.895,1.0,11839300000.0,0.857,8695900000.0,0.0,18737000000.0,17576475000.0,770200000.0,4936800000.0,1665800000.0,3271000000.0,12623500000.0,3148700000.0,9474800000.0,46498022362.0,-1846700000.0,-2339500000.0,-4758400000.0,-3200000.0,0.0,-4882700000.0,-3154100000.0,-6600000.0,6190100000.0,-18100000.0,4666600000.0,4666600000.0,4666600000.0,0.0,45000000.0,0.338,5982700000.0,5856600000.0,378000000.0,0.0,3.362,9.964,10.149,3461600000.0,0.0,236.38,3.367,3.365,2616000000.0,17026700000.0,13811600000.0,13811600000.0,2664200000.0,0.184,0.353,0.352,0.448,159800000.0,2172700000.0,1.0,196708784.0,196600000,197000000.0,70.252,17749600000.0,2074400000.0,1525600000.0,238500000.0,90.283,5793900000.0
11,BIIB,MRT,2018-12-31,2018-12-31,2018-12-31,2021-10-20,-240400000.0,25288900000.0,25206025000.0,7640900000.0,17648000000.0,0.534,63.639,-773600000.0,1224600000.0,1224600000.0,1816300000.0,4474000000.0,2.319,0.94,5936500000.0,0.0,5936500000.0,5936500000.0,0.0,1016600000.0,0.0,0.0,0.0,5856300000.0,6872900000.0,0.511,6872900000.0,5856300000.0,5856300000.0,21.63,21.58,21.63,13039600000.0,13280200000.0,13039600000.0,64174542487.0,11.0,9.337,5414100000.0,26.423,1.0,11636600000.0,0.865,8826400000.0,0.0,17879200000.0,16907325000.0,929900000.0,5379900000.0,2313400000.0,3066500000.0,12257300000.0,3295200000.0,8962100000.0,60630142487.0,-330600000.0,-2639500000.0,-4352600000.0,-3200000.0,0.0,-4472000000.0,-2046300000.0,1478900000.0,6187700000.0,-18600000.0,4430700000.0,4430700000.0,4430700000.0,0.0,43300000.0,0.329,5748000000.0,5888600000.0,370500000.0,0.0,4.65,13.684,13.912,3601200000.0,0.0,300.92,4.507,4.583,2485400000.0,16257000000.0,13452900000.0,13452900000.0,2597200000.0,0.176,0.334,0.346,0.435,157500000.0,2106300000.0,1.0,201482595.0,204900000,205300000.0,65.656,16462500000.0,2153900000.0,1425600000.0,63500000.0,80.344,4345700000.0
12,BIIB,MRT,2018-09-30,2018-09-30,2018-09-30,2021-10-20,-248300000.0,25492200000.0,24796950000.0,8719000000.0,16773200000.0,0.534,68.355,-843300000.0,2386700000.0,2386700000.0,1837000000.0,3362800000.0,2.746,0.852,5931100000.0,0.0,5931100000.0,5931100000.0,0.0,895900000.0,0.0,0.0,0.0,5708600000.0,6604500000.0,0.499,6604500000.0,5708600000.0,5708600000.0,15.52,15.49,15.52,13766600000.0,13173500000.0,13766600000.0,75849973334.0,13.0,11.485,4967300000.0,24.664,1.0,11396600000.0,0.861,8819100000.0,0.0,17042600000.0,16471700000.0,916600000.0,4296000000.0,2041700000.0,2254300000.0,11732400000.0,3174900000.0,8557500000.0,71171773334.0,877000000.0,-1962900000.0,-3000000000.0,-560900000.0,0.0,-3743100000.0,-1190500000.0,1732900000.0,5810600000.0,-38400000.0,3186500000.0,3186500000.0,3186500000.0,0.0,176300000.0,0.241,5490500000.0,5906100000.0,342300000.0,0.0,5.17,22.335,22.765,3538900000.0,0.0,353.31,5.378,5.377,2525700000.0,16944100000.0,13233600000.0,13233600000.0,2573200000.0,0.129,0.242,0.347,0.431,149600000.0,2087200000.0,1.0,201442850.0,201400000,201900000.0,65.708,16673100000.0,2160900000.0,2522100000.0,1368700000.0,82.786,5544100000.0
13,BIIB,MRT,2018-06-30,2018-06-30,2018-06-30,2021-10-20,-261600000.0,23952900000.0,24192200000.0,7432100000.0,16520800000.0,0.532,59.203,-959300000.0,1250200000.0,1250200000.0,1746200000.0,3146000000.0,2.358,0.954,5928400000.0,0.0,5928400000.0,5928400000.0,0.0,726800000.0,0.0,0.0,0.0,5504300000.0,6231100000.0,0.484,6231100000.0,5504300000.0,5504300000.0,14.15,14.13,14.15,12260900000.0,12946975000.0,12260900000.0,63067645957.0,11.0,10.121,4743700000.0,22.905,1.0,11126200000.0,0.864,8831600000.0,0.0,16647100000.0,16321375000.0,931700000.0,4036300000.0,1974000000.0,2062300000.0,11699200000.0,3152400000.0,8546800000.0,61242945957.0,97000000.0,-1962900000.0,-3000000000.0,-560900000.0,0.0,-3787700000.0,-1818300000.0,1190600000.0,5703000000.0,-16400000.0,2968200000.0,2968200000.0,2968200000.0,0.0,177800000.0,0.231,5263800000.0,5862400000.0,295700000.0,0.0,4.995,20.633,20.512,3409000000.0,0.0,290.24,4.758,4.67,2432900000.0,15499500000.0,12872400000.0,12872400000.0,2511700000.0,0.123,0.229,0.337,0.428,142400000.0,2022900000.0,1.0,211007945.0,207100000,207300000.0,62.155,15121300000.0,2217900000.0,2536100000.0,1383800000.0,73.014,4279700000.0
14,BIIB,MRT,2018-03-31,2018-03-31,2018-03-31,2021-10-20,-303900000.0,26090100000.0,23643725000.0,10195400000.0,15894700000.0,0.533,66.479,-972300000.0,4108000000.0,4108000000.0,1691400000.0,3093800000.0,3.234,0.858,5932700000.0,3300000.0,5929400000.0,5932700000.0,0.0,737900000.0,0.0,0.0,0.0,5506400000.0,6244300000.0,0.496,6244300000.0,5506400000.0,5506400000.0,14.04,14.02,14.04,14053700000.0,12778050000.0,14053700000.0,62294494681.0,11.0,9.976,4800600000.0,22.709,1.0,10902900000.0,0.866,8702300000.0,0.0,16060400000.0,16110100000.0,890800000.0,3388300000.0,1808000000.0,1580300000.0,12052600000.0,3152100000.0,8900500000.0,57930094681.0,3153400000.0,-1500000000.0,-1031800000.0,-560900000.0,0.0,-1747200000.0,-872300000.0,1732800000.0,5772900000.0,30600000.0,2964400000.0,2964400000.0,2964400000.0,0.0,129400000.0,0.235,5031500000.0,5871400000.0,345800000.0,0.0,4.122,19.542,19.503,3334700000.0,0.0,273.82,4.6,4.596,2492700000.0,17334600000.0,12594300000.0,12594300000.0,2326900000.0,0.125,0.232,0.342,0.437,134400000.0,1936500000.0,1.0,211562686.0,211400000,211700000.0,59.576,17387800000.0,2277400000.0,2542000000.0,1563000000.0,82.251,7043300000.0
15,BIIB,MRT,2017-12-31,2017-12-31,2017-12-31,2021-10-20,-318400000.0,23652600000.0,22420175000.0,7873300000.0,15779300000.0,0.547,59.326,-1842800000.0,1573800000.0,1573800000.0,1630000000.0,2670100000.0,2.338,0.876,5938200000.0,3200000.0,5935000000.0,5938200000.0,0.0,1081000000.0,0.0,0.0,0.0,4997800000.0,6078800000.0,0.495,6078800000.0,4997800000.0,4997800000.0,11.94,11.92,11.94,12612800000.0,12134375000.0,12612800000.0,72333607502.0,14.0,11.899,2708200000.0,12.738,1.0,10643900000.0,0.867,8512100000.0,0.0,16136700000.0,16114500000.0,902700000.0,5604100000.0,2115200000.0,3488900000.0,11054500000.0,3368200000.0,7686300000.0,67370207502.0,-792100000.0,-1200000000.0,-1365400000.0,-560900000.0,0.0,-2380000000.0,-2963100000.0,210700000.0,4551000000.0,39400000.0,2539100000.0,2539100000.0,2539100000.0,0.0,131000000.0,0.207,5298100000.0,5345800000.0,395500000.0,0.0,5.341,26.533,26.681,3182400000.0,0.0,318.57,5.489,5.518,2319600000.0,15810400000.0,12273900000.0,12273900000.0,2253600000.0,0.113,0.209,0.31,0.407,128000000.0,1933900000.0,1.0,211476936.0,212600000,213000000.0,57.732,15140500000.0,595900000.0,2458700000.0,68200000.0,71.216,4505100000.0
16,BIIB,MRT,2017-09-30,2017-09-30,2017-09-30,2021-10-20,-329400000.0,23073200000.0,22226225000.0,7568000000.0,15505200000.0,0.533,60.835,-1730500000.0,1548100000.0,1548100000.0,1499300000.0,3484300000.0,2.195,0.795,6511500000.0,573200000.0,5938300000.0,6511500000.0,0.0,1049400000.0,0.0,0.0,0.0,4568600000.0,5618000000.0,0.475,5618000000.0,4568600000.0,4568600000.0,16.35,16.33,16.35,12860500000.0,12016200000.0,12860500000.0,71547908308.0,16.0,12.735,2884100000.0,13.643,1.0,10339600000.0,0.873,8146900000.0,0.0,16441300000.0,16122875000.0,1007200000.0,6322600000.0,1960200000.0,4362400000.0,10224300000.0,3448400000.0,6775900000.0,66203508308.0,-559100000.0,-1200000000.0,-2016500000.0,-3200000.0,0.0,-2398400000.0,-2775300000.0,290300000.0,4614600000.0,22400000.0,3485700000.0,3485700000.0,3485700000.0,0.0,-1400000.0,0.294,5551300000.0,4788300000.0,298700000.0,0.0,5.148,18.993,19.151,2995900000.0,0.0,313.12,5.592,5.591,2085500000.0,16107700000.0,11838900000.0,11838900000.0,2199900000.0,0.157,0.29,0.283,0.386,134400000.0,1856100000.0,1.0,211431746.0,211400000,211800000.0,56.002,14926300000.0,0.0,1082900000.0,121300000.0,70.607,4119600000.0
17,BIIB,MRT,2017-06-30,2017-06-30,2017-06-30,2021-10-20,-338800000.0,21759000000.0,21984150000.0,7108700000.0,14650300000.0,0.533,54.673,-1732000000.0,1169500000.0,1169500000.0,1546200000.0,3288400000.0,2.103,0.879,6513900000.0,559900000.0,5954000000.0,6513900000.0,0.0,1052200000.0,0.0,0.0,0.0,4328600000.0,5380800000.0,0.459,5380800000.0,4328600000.0,4328600000.0,15.27,15.25,15.27,11585200000.0,11830450000.0,11585200000.0,63149781486.0,15.0,11.736,2245600000.0,10.597,1.0,10170700000.0,0.868,7921700000.0,0.0,15802000000.0,16203875000.0,936500000.0,5624500000.0,1723500000.0,3901000000.0,10185400000.0,3379700000.0,6805700000.0,57559581486.0,-198800000.0,-1200000000.0,-2365400000.0,-2700000.0,0.0,-2684200000.0,-1492200000.0,1523900000.0,3977600000.0,6400000.0,3292500000.0,3292500000.0,3292500000.0,0.0,-4100000.0,0.281,5611000000.0,4559700000.0,330300000.0,0.0,4.968,17.482,17.771,2827600000.0,0.0,271.36,4.913,4.908,2133100000.0,14881700000.0,11716900000.0,11716900000.0,2282500000.0,0.15,0.278,0.267,0.369,138000000.0,1885400000.0,1.0,212115203.0,211900000,212200000.0,55.294,13837300000.0,0.0,1036100000.0,52600000.0,65.301,3729000000.0
18,BIIB,MRT,2017-03-31,2017-03-31,2017-03-31,2021-10-20,-325200000.0,21195900000.0,21923100000.0,6859700000.0,14336200000.0,0.526,53.242,-1637400000.0,924000000.0,924000000.0,1550300000.0,3474000000.0,2.292,0.848,6514200000.0,561500000.0,5952700000.0,6514200000.0,0.0,1045000000.0,0.0,0.0,0.0,4599600000.0,5644600000.0,0.489,5644600000.0,4599600000.0,4599600000.0,15.99,15.97,15.99,11479000000.0,11785100000.0,11479000000.0,63236480802.0,14.0,11.203,2169200000.0,10.061,1.0,9982400000.0,0.866,7715600000.0,0.0,16078000000.0,16514625000.0,921600000.0,5965900000.0,1956200000.0,4009700000.0,9728500000.0,2992500000.0,6736000000.0,59045580802.0,-168200000.0,-1200000000.0,-1583600000.0,-2700000.0,0.0,-1949000000.0,-2025800000.0,826600000.0,3806600000.0,-38500000.0,3479500000.0,3479500000.0,3479500000.0,0.0,-5500000.0,0.302,5184400000.0,4798000000.0,316400000.0,0.0,5.144,16.97,17.099,2610900000.0,0.0,273.42,5.12,5.111,1826000000.0,14781200000.0,11532700000.0,11532700000.0,1959400000.0,0.159,0.295,0.279,0.399,146500000.0,1948000000.0,1.0,215951945.0,215600000,215900000.0,53.491,13480300000.0,0.0,1120100000.0,70000000.0,62.525,3867200000.0
19,BIIB,MRT,2016-12-31,2016-12-31,2016-12-31,2021-10-20,-319900000.0,22876800000.0,21792800000.0,8732200000.0,14144600000.0,0.525,55.587,-727700000.0,2326500000.0,2326500000.0,1478700000.0,3695700000.0,2.553,0.885,6517400000.0,4700000.0,6512700000.0,6517400000.0,0.0,682700000.0,0.0,0.0,0.0,4940100000.0,5622800000.0,0.491,5622800000.0,4940100000.0,4940100000.0,16.96,16.93,16.96,12140100000.0,11497050000.0,12140100000.0,66149470755.0,13.0,11.765,3859500000.0,17.672,1.0,9970100000.0,0.871,7477600000.0,0.0,16170200000.0,16589575000.0,1001600000.0,6733800000.0,2568600000.0,4165200000.0,10748200000.0,3419900000.0,7328300000.0,61699770755.0,1049800000.0,-1200000000.0,-1000000000.0,-2700000.0,0.0,-1052600000.0,-2484800000.0,-534300000.0,4587200000.0,-31300000.0,3702800000.0,3702800000.0,3702800000.0,0.0,-7100000.0,0.323,4818400000.0,5151700000.0,279800000.0,0.0,5.082,16.663,16.721,2501800000.0,0.0,283.58,5.389,5.41,1742200000.0,15071600000.0,11448800000.0,11448800000.0,1973300000.0,0.17,0.322,0.298,0.431,154800000.0,1946600000.0,1.0,217574479.0,218400000,218800000.0,52.421,15399200000.0,0.0,1237300000.0,231900000.0,70.509,5312300000.0
20,BIIB,MRT,2016-09-30,2016-09-30,2016-09-30,2021-10-20,-300900000.0,22104900000.0,20949800000.0,8091800000.0,14013100000.0,0.545,55.356,-739600000.0,2084800000.0,2084800000.0,1432000000.0,3876500000.0,3.237,0.824,6534500000.0,4900000.0,6529600000.0,6534500000.0,0.0,661600000.0,0.0,0.0,0.0,5189300000.0,5850900000.0,0.513,5850900000.0,5189300000.0,5189300000.0,17.73,17.7,17.73,12117500000.0,10805225000.0,12117500000.0,73772472129.0,14.0,12.609,3509400000.0,16.032,1.0,9984100000.0,0.875,7289600000.0,0.0,16765300000.0,16396150000.0,1009700000.0,6567700000.0,2231200000.0,4336500000.0,9990100000.0,2499700000.0,7490400000.0,68591372129.0,-1989400000.0,-1200000000.0,-2350700000.0,-3100000.0,0.0,-2527800000.0,-3710600000.0,-1741100000.0,4249000000.0,-14800000.0,3885200000.0,3885200000.0,3885200000.0,0.0,-8700000.0,0.34,4521200000.0,5462900000.0,274000000.0,0.0,5.661,17.655,17.655,2387000000.0,0.0,313.03,6.008,6.002,1773000000.0,15030000000.0,11416100000.0,11416100000.0,1981100000.0,0.185,0.36,0.316,0.455,147700000.0,2035400000.0,1.0,219120762.0,218900000,219400000.0,52.152,14815300000.0,0.0,1304100000.0,307500000.0,67.681,5592100000.0
21,BIIB,MRT,2016-06-30,2016-06-30,2016-06-30,2021-10-20,-282800000.0,21514800000.0,20605667000.0,7447700000.0,14067100000.0,0.545,52.048,-694400000.0,1362000000.0,1362000000.0,1325100000.0,3865800000.0,2.96,0.887,6543100000.0,4800000.0,6538300000.0,6543100000.0,0.0,633000000.0,0.0,0.0,0.0,5115100000.0,5748100000.0,0.511,5748100000.0,5115100000.0,5115100000.0,17.17,17.14,17.17,11403800000.0,10419031500.0,11403800000.0,58380831554.0,11.0,10.157,3458700000.0,15.786,1.0,9913100000.0,0.882,7134700000.0,0.0,17045000000.0,15692261000.0,996400000.0,7065400000.0,2434800000.0,4630600000.0,10111100000.0,2516200000.0,7594900000.0,52971031554.0,101400000.0,-1200000000.0,-4957800000.0,5928400000.0,0.0,685100000.0,-4736800000.0,-2742100000.0,4153100000.0,-21500000.0,3817900000.0,3817900000.0,3817900000.0,0.0,47900000.0,0.34,4503600000.0,5409500000.0,225900000.0,0.0,4.645,13.874,14.084,2301800000.0,0.0,241.82,4.713,4.715,1627100000.0,14229100000.0,11238200000.0,11238200000.0,1972000000.0,0.185,0.366,0.326,0.455,151800000.0,2050500000.0,1.0,219051491.0,219100000,219400000.0,51.293,14380100000.0,0.0,1297200000.0,318400000.0,65.633,4931500000.0
22,BIIB,MRT,2016-03-31,2016-03-31,2016-03-31,2021-10-20,-259300000.0,20674700000.0,19416759750.0,7201300000.0,13473400000.0,0.563,47.176,-716100000.0,1130700000.0,1130700000.0,1240900000.0,3742200000.0,2.594,1.002,6540500000.0,4900000.0,6535600000.0,6540500000.0,0.0,602200000.0,0.0,0.0,0.0,4931500000.0,5533700000.0,0.506,5533700000.0,4931500000.0,4931500000.0,16.32,16.28,16.32,10326800000.0,10711225750.0,10326800000.0,62143181689.0,13.0,11.23,3486100000.0,15.926,1.0,9694700000.0,0.887,6930100000.0,0.0,16377800000.0,13193910500.0,964600000.0,6739100000.0,2454700000.0,4284400000.0,10346600000.0,2776600000.0,7570000000.0,56924881689.0,-354500000.0,-900000000.0,-5000000000.0,5928400000.0,0.0,697300000.0,-5254000000.0,-3585800000.0,4202200000.0,7100000.0,3695400000.0,3695400000.0,3695400000.0,0.0,46800000.0,0.338,4512600000.0,5182100000.0,271300000.0,0.0,5.512,15.404,15.951,2258900000.0,0.0,260.32,5.205,5.211,1710200000.0,13179300000.0,10935600000.0,10935600000.0,1989600000.0,0.19,0.345,0.374,0.451,154600000.0,2050000000.0,1.0,218672717.0,218900000,219300000.0,49.957,13744600000.0,0.0,1236100000.0,614300000.0,62.789,4424700000.0
23,BIIB,MRT,2015-12-31,2015-12-31,2015-12-31,2021-10-20,-224000000.0,19504800000.0,18052948250.0,6700300000.0,12804500000.0,0.596,40.628,-658400000.0,1308000000.0,1308000000.0,1240400000.0,3593200000.0,2.599,1.081,6526300000.0,4800000.0,6521500000.0,6526300000.0,0.0,600400000.0,0.0,0.0,0.0,4708600000.0,5309000000.0,0.493,5309000000.0,4708600000.0,4708600000.0,15.38,15.34,15.38,9372800000.0,11046218500.0,9372800000.0,70731810442.0,15.0,13.323,3261000000.0,14.135,1.0,9523400000.0,0.885,6748900000.0,0.0,15396500000.0,10643491250.0,893400000.0,5988500000.0,2120500000.0,3868000000.0,10129900000.0,2577700000.0,7552200000.0,68286367442.0,148900000.0,-1048800000.0,-5000000000.0,5928400000.0,0.0,783100000.0,-4553600000.0,-2801900000.0,3919400000.0,-45800000.0,3547000000.0,3547000000.0,3547000000.0,0.0,46200000.0,0.33,4601900000.0,4921500000.0,267400000.0,0.0,7.286,19.252,19.919,2187600000.0,0.0,306.35,6.344,6.566,1541500000.0,12208400000.0,10763800000.0,10763800000.0,2012800000.0,0.196,0.321,0.442,0.437,161400000.0,2113100000.0,1.0,222903109.0,230700000,231200000.0,46.657,12755900000.0,0.0,1161600000.0,208700000.0,55.292,4122600000.0
24,BIIB,MRT,2015-09-30,2015-09-30,2015-09-30,2021-10-20,-157416000.0,20728368000.0,16755423250.0,9270873000.0,11457495000.0,0.631,45.533,-598346000.0,4089003000.0,4089003000.0,1205729000.0,3647120000.0,3.52,0.961,6534446000.0,5171000.0,6529275000.0,6534446000.0,0.0,601692000.0,0.0,0.0,0.0,4771571000.0,5373263000.0,0.509,5373263000.0,4771571000.0,4771571000.0,15.35,15.3,15.35,10572726000.0,11405268500.0,10572726000.0,67764559166.0,14.0,12.611,3010202000.0,12.964,1.0,9359422000.0,0.886,6590099000.0,0.0,13949744000.0,8215966250.0,918921000.0,4593074000.0,1753499000.0,2839575000.0,10161425000.0,2633968000.0,7527457000.0,68467168166.0,2955654000.0,-948800000.0,-3525019000.0,5928774000.0,0.0,2471508000.0,-3124402000.0,-1575187000.0,3608548000.0,-52973000.0,3598880000.0,3598880000.0,3598880000.0,0.0,48140000.0,0.341,4520135000.0,4839287000.0,251228000.0,0.0,6.476,19.025,18.967,2027821000.0,0.0,291.14,6.48,6.399,1647568000.0,11999358000.0,10565151000.0,10565151000.0,1971169000.0,0.215,0.316,0.581,0.452,167292000.0,2103668000.0,1.0,235169225.0,232200000,232600000.0,45.5,14138269000.0,0.0,1172691000.0,595433000.0,60.888,6636905000.0
25,BIIB,MRT,2015-06-30,2015-06-30,2015-06-30,2021-10-20,-101025000.0,16759171000.0,14999366750.0,5618985000.0,11140186000.0,0.687,53.432,-425392000.0,1282078000.0,1282078000.0,1198368000.0,3483740000.0,2.198,0.333,579469000.0,3262000.0,576207000.0,579469000.0,0.0,625498000.0,0.0,0.0,0.0,4607503000.0,5233001000.0,0.508,5233001000.0,4607503000.0,4607503000.0,14.82,14.77,14.82,12572577000.0,11369011000.0,12572577000.0,94124484077.0,20.0,17.987,3201789000.0,13.607,1.0,9100329000.0,0.884,6449132000.0,0.0,7051598000.0,6101893500.0,865738000.0,3939979000.0,1086595000.0,2853384000.0,4186173000.0,2555832000.0,1630341000.0,95018609077.0,481000000.0,-798800000.0,-592095000.0,-2700000.0,0.0,-471215000.0,-2674966000.0,-1463619000.0,3627181000.0,-62135000.0,3490138000.0,3490138000.0,3490138000.0,0.0,-6498000.0,0.339,4484743000.0,4615586000.0,282702000.0,0.0,7.558,27.225,27.256,1837670000.0,0.0,403.94,9.226,9.229,1634535000.0,11033736000.0,10298697000.0,10298697000.0,1868443000.0,0.233,0.307,0.755,0.447,165144000.0,2196304000.0,1.0,235229512.0,235300000,235700000.0,43.768,10310039000.0,0.0,1117365000.0,596172000.0,43.817,3063153000.0
26,BIIB,MRT,2015-03-31,2015-03-31,2015-03-31,2021-10-20,-70538000.0,15219454000.0,14039073500.0,5258896000.0,9960558000.0,0.721,49.646,-359494000.0,1478051000.0,1478051000.0,1204155000.0,3282072000.0,2.702,0.304,583926000.0,3254000.0,580672000.0,583926000.0,0.0,645037000.0,0.0,0.0,0.0,4370730000.0,5015767000.0,0.495,5015767000.0,4370730000.0,4370730000.0,13.9,13.85,13.9,11666771000.0,10616191500.0,11666771000.0,98443888502.0,23.0,19.627,3210980000.0,13.664,1.0,8924394000.0,0.881,6202975000.0,0.0,6176123000.0,5617359250.0,825349000.0,2691901000.0,673946000.0,2017955000.0,3549996000.0,1946231000.0,1603765000.0,99063615502.0,728706000.0,-798800000.0,-886800000.0,-2700000.0,0.0,-789975000.0,-2051793000.0,-904901000.0,3570474000.0,-79245000.0,3277344000.0,3277344000.0,3277344000.0,0.0,4628000.0,0.324,4557083000.0,4367311000.0,236128000.0,0.0,8.491,30.227,30.377,1739628000.0,0.0,422.24,9.781,9.797,1701951000.0,10106460000.0,10128549000.0,10128549000.0,1825016000.0,0.233,0.309,0.778,0.432,161060000.0,2281026000.0,1.0,234614474.0,235000000,235600000.0,43.1,9016479000.0,0.0,1093386000.0,452639000.0,38.368,3312665000.0
27,BIIB,MRT,2014-12-31,2014-12-31,2014-12-31,2021-10-20,-59500000.0,14314700000.0,13291742750.0,4535000000.0,9779700000.0,0.73,45.723,-316000000.0,1204900000.0,1204900000.0,1171000000.0,2941600000.0,2.045,0.324,583400000.0,3100000.0,580300000.0,583400000.0,0.0,688100000.0,0.0,0.0,0.0,3924700000.0,4612800000.0,0.475,4612800000.0,3924700000.0,3924700000.0,12.42,12.37,12.42,10809000000.0,9983676500.0,10809000000.0,79563868906.0,20.0,17.248,2626100000.0,11.109,1.0,8532300000.0,0.879,5788700000.0,0.0,5686400000.0,5274464750.0,804000000.0,2865800000.0,640500000.0,2225300000.0,3500700000.0,2218100000.0,1282600000.0,80162952906.0,643200000.0,-375000000.0,-886800000.0,-2700000.0,0.0,-755900000.0,-1543000000.0,-864200000.0,2942100000.0,-40900000.0,2934800000.0,2934800000.0,2934800000.0,0.0,6800000.0,0.302,4615500000.0,3916800000.0,229200000.0,0.0,7.416,27.315,27.331,1765700000.0,0.0,339.45,8.261,8.27,1575800000.0,9283900000.0,9703300000.0,9703300000.0,1893400000.0,0.221,0.294,0.744,0.404,155300000.0,2232300000.0,1.0,236155407.0,236400000,237200000.0,41.046,8526000000.0,0.0,989900000.0,220300000.0,36.066,2316900000.0
28,BIIB,MRT,2014-09-30,2014-09-30,2014-09-30,2021-10-20,-37987000.0,13704142000.0,12678901500.0,4372111000.0,9332031000.0,0.712,44.145,-259526000.0,1186281000.0,1186281000.0,1132298000.0,2516245000.0,2.253,0.314,587197000.0,3220000.0,583977000.0,587197000.0,0.0,688851000.0,0.0,0.0,0.0,3420541000.0,4109392000.0,0.455,4109392000.0,3420541000.0,3420541000.0,10.61,10.57,10.61,10427696000.0,9436487000.0,10427696000.0,77845309861.0,23.0,18.943,2618753000.0,11.086,1.0,7896202000.0,0.875,5670958000.0,0.0,5493453000.0,4950577750.0,753063000.0,2612009000.0,675065000.0,1936944000.0,3273257000.0,1940647000.0,1332610000.0,78119029861.0,772174000.0,-189981000.0,-359973000.0,-2734000.0,0.0,-231399000.0,-1874706000.0,-1435322000.0,2878279000.0,-13645000.0,2508585000.0,2508585000.0,2508585000.0,0.0,7660000.0,0.278,4445453000.0,3450749000.0,233629000.0,0.0,7.491,31.141,31.179,1724129000.0,0.0,330.81,8.652,8.655,1361231000.0,8400455000.0,9028500000.0,9028500000.0,1815611000.0,0.198,0.266,0.691,0.379,150957000.0,2181638000.0,1.0,236144705.0,236217000,236972000.0,38.221,8033184000.0,0.0,911956000.0,249995000.0,34.008,2431464000.0
29,BIIB,MRT,2014-06-30,2014-06-30,2014-06-30,2021-10-20,-26678000.0,12917998000.0,12065428250.0,3925013000.0,8992985000.0,0.692,40.401,-277168000.0,863197000.0,863197000.0,1064355000.0,2147741000.0,2.048,0.351,589477000.0,3386000.0,586091000.0,589477000.0,0.0,660922000.0,0.0,0.0,0.0,2962630000.0,3623552000.0,0.434,3623552000.0,2962630000.0,2962630000.0,9.04,9.0,9.04,9561299000.0,8860836000.0,9561299000.0,74557437821.0,25.0,20.576,2359000000.0,9.968,1.0,7280479000.0,0.872,5614193000.0,0.0,5113461000.0,4629986750.0,715935000.0,2332497000.0,709869000.0,1622628000.0,3352772000.0,1916624000.0,1436148000.0,74791476821.0,462836000.0,-39981000.0,-696182000.0,-60000.0,0.0,-514798000.0,-1658534000.0,-1344814000.0,2636168000.0,7913000.0,2139343000.0,2139343000.0,2139343000.0,0.0,8398000.0,0.256,4300347000.0,2980132000.0,224931000.0,0.0,7.822,34.96,34.879,1756164000.0,0.0,315.31,8.963,8.942,1289225000.0,7543597000.0,8344834000.0,8344834000.0,1808454000.0,0.177,0.241,0.64,0.355,152769000.0,2016786000.0,1.0,237199825.0,236661000,237401000.0,35.261,7303805000.0,0.0,823287000.0,331850000.0,30.862,2008389000.0
30,BIIB,MRT,2014-03-31,2014-03-31,2014-03-31,2021-10-20,-22355000.0,12230131000.0,11546326250.0,3525024000.0,8705107000.0,0.662,38.586,-267317000.0,828601000.0,828601000.0,1003196000.0,1915279000.0,2.211,0.338,594562000.0,3550000.0,591012000.0,594562000.0,0.0,625210000.0,0.0,0.0,0.0,2629413000.0,3254623000.0,0.426,3254623000.0,2629413000.0,2629413000.0,8.09,8.05,8.09,9136711000.0,8445898500.0,9136711000.0,72299176369.0,27.0,22.214,2003470000.0,8.461,1.0,6643659000.0,0.869,5597300000.0,0.0,4804545000.0,4347867250.0,672750000.0,1795151000.0,431610000.0,1363541000.0,3089068000.0,1594247000.0,1494821000.0,72305811369.0,152938000.0,-3302700000.0,-359277000.0,-202400000.0,0.0,-363201000.0,-1754648000.0,1802475000.0,2270787000.0,12420000.0,1915507000.0,1915507000.0,1915507000.0,0.0,-228000.0,0.25,3991144000.0,2652515000.0,212809000.0,0.0,7.914,37.748,37.808,1744266000.0,0.0,305.87,9.456,9.471,1296803000.0,6829091000.0,7646855000.0,7646855000.0,1688644000.0,0.166,0.227,0.605,0.344,145883000.0,1871176000.0,1.0,236393930.0,236786000,237849000.0,32.294,6632831000.0,0.0,713906000.0,361946000.0,28.012,1930777000.0
31,BIIB,MRT,2013-12-31,2013-12-31,2013-12-31,2021-10-20,-27745000.0,11863335000.0,11029972750.0,3184934000.0,8678401000.0,0.628,36.388,-246300000.0,602562000.0,602562000.0,857700000.0,1862300000.0,1.811,0.376,595927000.0,3494000.0,592433000.0,595927000.0,0.0,531700000.0,0.0,0.0,0.0,2463300000.0,2995000000.0,0.432,2995000000.0,2463300000.0,2463300000.0,7.86,7.81,7.86,8620242000.0,7996473250.0,8620242000.0,66308989266.0,27.0,22.14,2098800000.0,8.859,1.0,6074500000.0,0.876,5707569000.0,0.0,4390852000.0,4732399000.0,659003000.0,1840289000.0,620167000.0,1220122000.0,3242497000.0,1758279000.0,1484218000.0,66038521266.0,23900000.0,-3277700000.0,-400300000.0,-452400000.0,0.0,-716500000.0,-1604700000.0,1912000000.0,2345100000.0,8000000.0,1862300000.0,1862300000.0,1862300000.0,0.0,0.0,0.269,3584000000.0,2490500000.0,219913000.0,0.0,7.661,35.461,35.569,1750710000.0,0.0,279.572,9.526,9.554,1077068000.0,6349135000.0,6932200000.0,6932200000.0,1444100000.0,0.169,0.233,0.521,0.355,136300000.0,1712100000.0,1.0,236212930.0,236900000,238300000.0,29.262,6155766000.0,0.0,601000000.0,412239000.0,25.985,1426655000.0
32,BIIB,MRT,2013-09-30,2013-09-30,2013-09-30,2021-10-20,-29315000.0,11250249000.0,10596668500.0,2643672000.0,8606577000.0,0.602,34.273,-236665000.0,427811000.0,427811000.0,733001000.0,1697162000.0,1.741,0.385,698279000.0,3385000.0,694894000.0,698279000.0,0.0,470233000.0,0.0,0.0,0.0,2244256000.0,2714489000.0,0.425,2714489000.0,2244256000.0,2244256000.0,7.17,7.13,7.17,8125092000.0,7581793500.0,8125092000.0,57558881731.0,26.0,21.204,1747315000.0,7.37,1.0,5651289000.0,0.885,5790917000.0,0.0,4211089000.0,5187171000.0,614483000.0,1250468000.0,240882000.0,1009586000.0,3124561000.0,1518711000.0,1605850000.0,57221812731.0,-29399000.0,-3262719000.0,-421852000.0,-454768000.0,0.0,-743233000.0,-1270146000.0,2245695000.0,1983980000.0,5487000.0,1697162000.0,1697162000.0,1697162000.0,0.0,0.0,0.266,3380591000.0,2270698000.0,166709000.0,0.0,7.043,33.716,33.579,1806074000.0,0.0,240.76,8.963,8.94,1154861000.0,5891829000.0,6384290000.0,6384290000.0,1367001000.0,0.16,0.224,0.433,0.352,135039000.0,1565171000.0,1.0,237671593.0,237070000,238349000.0,26.93,5459332000.0,0.0,547094000.0,446663000.0,23.028,1124961000.0
33,BIIB,MRT,2013-06-30,2013-06-30,2013-06-30,2021-10-20,-55136000.0,10841590000.0,10191761500.0,2523221000.0,8318369000.0,0.583,33.272,-214541000.0,392507000.0,392507000.0,637663000.0,1607946000.0,1.935,0.372,729576000.0,3188000.0,726388000.0,729576000.0,0.0,416959000.0,0.0,0.0,0.0,2099979000.0,2516938000.0,0.424,2516938000.0,2099979000.0,2099979000.0,6.79,6.75,6.79,7901549000.0,7215408500.0,7901549000.0,51334906188.0,24.0,20.396,1639301000.0,6.903,1.0,5304401000.0,0.893,5889602000.0,0.0,3984983000.0,5605269750.0,570390000.0,916154000.0,275163000.0,640991000.0,2939445000.0,1304074000.0,1635371000.0,51083060188.0,-67263000.0,-3262719000.0,-115787000.0,-454768000.0,0.0,-452961000.0,-1468144000.0,2031860000.0,1853842000.0,2959000.0,1607946000.0,1607946000.0,1607946000.0,0.0,0.0,0.271,3207754000.0,2096647000.0,163094000.0,0.0,6.465,31.769,31.694,1787776000.0,0.0,215.2,8.597,8.601,1111453000.0,5404213000.0,5942064000.0,5942064000.0,1261201000.0,0.158,0.223,0.375,0.353,125486000.0,1459218000.0,1.0,237374815.0,237484000,238743000.0,25.021,4951988000.0,0.0,492033000.0,394904000.0,20.852,1219147000.0
34,BIIB,MRT,2013-03-31,2013-03-31,2013-03-31,2021-10-20,-67975000.0,10164717000.0,9771959000.0,5328838000.0,4835879000.0,0.577,30.988,-233286000.0,663302000.0,663302000.0,546047000.0,1504417000.0,4.158,0.385,915148000.0,203317000.0,711831000.0,915148000.0,0.0,379156000.0,0.0,0.0,0.0,1958036000.0,2337192000.0,0.414,2337192000.0,1958036000.0,1958036000.0,6.34,6.3,6.34,7339010000.0,6807095500.0,7339010000.0,46088035606.0,24.0,19.719,1630925000.0,6.886,1.0,5093495000.0,0.903,2792229000.0,0.0,6342672000.0,5968134250.0,506557000.0,3274839000.0,2968000000.0,306839000.0,2825111000.0,1281662000.0,1543449000.0,45517981606.0,369554000.0,0.0,-562567000.0,-252428000.0,0.0,-699638000.0,-795019000.0,-531392000.0,1864211000.0,-4391000.0,1504122000.0,1504122000.0,1504122000.0,0.0,295000.0,0.267,3148333000.0,1945162000.0,165207000.0,0.0,6.202,30.262,30.381,1736811000.0,0.0,192.618,8.071,8.089,1021040000.0,4913543000.0,5639542000.0,5639542000.0,1263297000.0,0.154,0.221,0.328,0.347,122927000.0,1329973000.0,1.0,236312191.0,236837000,238304000.0,23.812,7372488000.0,0.0,453914000.0,184712000.0,31.129,4047176000.0
35,BIIB,MRT,2012-12-31,2012-12-31,2012-12-31,2021-10-20,-55305000.0,10130118000.0,9509167000.0,3244337000.0,6885781000.0,0.58,29.258,-254548000.0,570721000.0,570721000.0,545494000.0,1380033000.0,1.957,0.455,1140775000.0,453379000.0,687396000.0,1140775000.0,0.0,365648000.0,0.0,0.0,0.0,1850587000.0,2216235000.0,0.402,2216235000.0,1850587000.0,1850587000.0,5.8,5.76,5.8,6961523000.0,6548818250.0,6961523000.0,35290619473.0,19.0,15.924,1625349000.0,6.831,1.0,4970967000.0,0.901,2832843000.0,0.0,6209940000.0,5777517250.0,447373000.0,3445701000.0,1134989000.0,2310712000.0,3166323000.0,1657389000.0,1508934000.0,34630691473.0,52077000.0,-72401000.0,-984715000.0,-2428000.0,0.0,-877478000.0,-950342000.0,-584876000.0,1879897000.0,4102000.0,1380033000.0,1380033000.0,1380033000.0,0.0,0.0,0.25,3161910000.0,1809057000.0,203999000.0,0.0,4.975,25.094,25.236,1742226000.0,0.0,146.37,6.278,6.313,955243000.0,4486794000.0,5516461000.0,5516461000.0,1334919000.0,0.145,0.211,0.32,0.335,118566000.0,1277465000.0,1.0,236596922.0,237938000,239740000.0,23.184,7297275000.0,0.0,470554000.0,237338000.0,30.669,1586948000.0
36,BIIB,MRT,2012-09-30,2012-09-30,2012-09-30,2021-10-20,-51115000.0,9630621000.0,9239038500.0,3055388000.0,6575233000.0,0.587,28.162,-255953000.0,451723000.0,451723000.0,551304000.0,1388117000.0,2.009,0.446,1111651000.0,453209000.0,658442000.0,1111651000.0,0.0,357493000.0,0.0,0.0,0.0,1827278000.0,2184771000.0,0.403,2184771000.0,1827278000.0,1827278000.0,5.8,5.76,5.8,6659552000.0,6414812250.0,6659552000.0,35903131156.0,20.0,16.433,1590011000.0,6.724,1.0,4873925000.0,0.898,2885972000.0,0.0,5883484000.0,5707974250.0,392936000.0,3166749000.0,1154071000.0,2012678000.0,2968681000.0,1521093000.0,1447588000.0,35265329156.0,-123219000.0,-77401000.0,-1074571000.0,-11459000.0,0.0,-1004763000.0,-964420000.0,-584318000.0,1845964000.0,-198000.0,1388145000.0,1388145000.0,1388145000.0,0.0,-28000.0,0.256,3090840000.0,1783085000.0,157424000.0,0.0,5.295,25.405,25.726,1676583000.0,0.0,149.21,6.5,6.504,930484000.0,4194551000.0,5425229000.0,5425229000.0,1328672000.0,0.15,0.216,0.32,0.337,114758000.0,1185403000.0,1.0,236346955.0,236474000,238125000.0,22.942,6744649000.0,0.0,439133000.0,293829000.0,28.522,1534295000.0
37,BIIB,MRT,2012-06-30,2012-06-30,2012-06-30,2021-10-20,-50557000.0,9162380000.0,9031934250.0,2868919000.0,6293461000.0,0.592,26.229,-249238000.0,456811000.0,456811000.0,535473000.0,1343379000.0,2.002,0.461,1094613000.0,453045000.0,641568000.0,1094613000.0,0.0,350657000.0,0.0,0.0,0.0,1776764000.0,2127421000.0,0.398,2127421000.0,1776764000.0,1776764000.0,5.57,5.52,5.57,6268297000.0,6307211250.0,6268297000.0,35369325358.0,20.0,16.625,1625465000.0,6.801,1.0,4814136000.0,0.9,2930876000.0,0.0,5436441000.0,5637191000.0,362940000.0,2689012000.0,949239000.0,1739773000.0,2891695000.0,1432865000.0,1458830000.0,34588091358.0,-230145000.0,-77401000.0,-1021351000.0,-11459000.0,0.0,-1075641000.0,-1029207000.0,-641546000.0,1874703000.0,-10570000.0,1341571000.0,1341571000.0,1341571000.0,0.0,1808000.0,0.251,3043589000.0,1770547000.0,159152000.0,0.0,5.518,25.782,25.921,1622812000.0,0.0,144.38,6.466,6.45,950682000.0,3796154000.0,5349609000.0,5349609000.0,1325846000.0,0.149,0.213,0.315,0.332,116073000.0,1147170000.0,1.0,239562899.0,238988000,240622000.0,22.384,6231504000.0,0.0,435193000.0,341219000.0,26.075,1436054000.0
38,BIIB,MRT,2012-03-31,2012-03-31,2012-03-31,2021-10-20,-17710000.0,9113549000.0,8896834000.0,2677950000.0,6435599000.0,0.577,26.302,-230428000.0,298139000.0,298139000.0,496864000.0,1260287000.0,2.002,0.445,1079373000.0,453361000.0,626012000.0,1079373000.0,0.0,350333000.0,0.0,0.0,0.0,1651967000.0,2002300000.0,0.39,2002300000.0,1651967000.0,1651967000.0,5.14,5.09,5.14,6305901000.0,6234399500.0,6305901000.0,30628916190.0,19.0,15.297,1438360000.0,5.999,1.0,4640441000.0,0.903,2977260000.0,0.0,5580204000.0,5613058000.0,337619000.0,2819353000.0,978473000.0,1840880000.0,2805001000.0,1337319000.0,1467682000.0,30079358190.0,-490387000.0,-77401000.0,-765859000.0,-11459000.0,0.0,-636294000.0,-1522881000.0,-1152286000.0,1668788000.0,-2149000.0,1242759000.0,1242759000.0,1242759000.0,0.0,17528000.0,0.242,2962604000.0,1677837000.0,173330000.0,0.0,4.77,24.204,24.514,1617459000.0,0.0,126.0,5.855,5.88,941593000.0,3409308000.0,5137305000.0,5137305000.0,1281931000.0,0.14,0.199,0.294,0.322,112282000.0,1111704000.0,1.0,238725065.0,239754000,241828000.0,21.427,6136289000.0,0.0,409208000.0,374330000.0,25.594,1340631000.0
39,BIIB,MRT,2011-12-31,2011-12-31,2011-12-31,2021-10-20,-26535000.0,9049604000.0,8691827750.0,2975427000.0,6074177000.0,0.581,26.508,-208020000.0,514542000.0,514542000.0,466780000.0,1266686000.0,3.259,0.408,1064100000.0,3292000.0,1060808000.0,1064100000.0,0.0,358933000.0,0.0,0.0,0.0,1678956000.0,2037889000.0,0.404,2037889000.0,1678956000.0,1678956000.0,5.09,5.04,5.09,6425499000.0,6058964000.0,6425499000.0,27221975257.0,16.0,13.358,1519721000.0,6.27,1.0,4581854000.0,0.908,2754505000.0,0.0,5931768000.0,5429566250.0,326843000.0,2924400000.0,1176115000.0,1748285000.0,2622617000.0,912889000.0,1709728000.0,26733054257.0,-242415000.0,-5000000.0,-497975000.0,-11459000.0,0.0,-319862000.0,-1650294000.0,-1420275000.0,1727741000.0,-2641000.0,1234428000.0,1234428000.0,1234428000.0,0.0,32258000.0,0.245,2857163000.0,1724691000.0,186448000.0,0.0,4.16,21.656,21.621,1571387000.0,0.0,110.05,5.295,5.284,813327000.0,3106761000.0,5048634000.0,5048634000.0,1219602000.0,0.142,0.204,0.309,0.333,113005000.0,1056133000.0,1.0,242917349.0,242395000,245033000.0,20.828,6295099000.0,0.0,444528000.0,294583000.0,25.97,2062538000.0
40,BIIB,MRT,2011-09-30,2011-09-30,2011-09-30,2021-10-20,7571000.0,8802204000.0,8452550000.0,2837288000.0,5964916000.0,0.585,25.647,-186413000.0,575140000.0,575140000.0,427447000.0,1238229000.0,3.205,0.412,1064061000.0,3422000.0,1060639000.0,1064061000.0,0.0,365867000.0,0.0,0.0,0.0,1592846000.0,1958713000.0,0.396,1958713000.0,1592846000.0,1592846000.0,4.86,4.8,4.86,6229148000.0,5801715750.0,6229148000.0,23090579569.0,14.0,11.789,1498410000.0,6.169,1.0,4513548000.0,0.913,2805428000.0,0.0,5600351000.0,5088415500.0,310934000.0,2531610000.0,944381000.0,1587229000.0,2568610000.0,885346000.0,1683264000.0,22593138569.0,-45688000.0,-32500000.0,-386575000.0,122503000.0,0.0,48873000.0,-1779384000.0,-1552206000.0,1684823000.0,-5929000.0,1174469000.0,1174469000.0,1174469000.0,0.0,63760000.0,0.238,2836873000.0,1676675000.0,159197000.0,0.0,3.627,19.237,19.167,1572259000.0,0.0,93.15,4.573,4.579,812634000.0,2806523000.0,4940995000.0,4940995000.0,1171513000.0,0.139,0.202,0.313,0.322,113005000.0,1048608000.0,1.0,242545771.0,242883000,245366000.0,20.343,5996776000.0,0.0,418377000.0,286159000.0,24.69,1951942000.0
41,BIIB,MRT,2011-06-30,2011-06-30,2011-06-30,2021-10-20,25713000.0,8621979000.0,8100535750.0,2688623000.0,5933356000.0,0.593,24.66,-174024000.0,697526000.0,697526000.0,399838000.0,996746000.0,2.817,0.429,1194967000.0,131981000.0,1062986000.0,1194967000.0,0.0,368628000.0,0.0,0.0,0.0,1443042000.0,1811670000.0,0.377,1811670000.0,1443042000.0,1443042000.0,4.47,4.42,4.47,5977050000.0,5502102500.0,5977050000.0,26245030648.0,18.0,14.487,1368517000.0,5.646,1.0,4407012000.0,0.917,2825181000.0,0.0,5339909000.0,4730582500.0,308254000.0,2024524000.0,629218000.0,1395306000.0,2565785000.0,954330000.0,1611455000.0,25835313648.0,-32678000.0,-117452000.0,-918013000.0,120137000.0,0.0,-313258000.0,-1261961000.0,-991861000.0,1542541000.0,9242000.0,1076758000.0,1076758000.0,1076758000.0,0.0,-80012000.0,0.224,3027195000.0,1379817000.0,170746000.0,0.0,4.322,23.994,23.919,1712869000.0,0.0,106.92,5.375,5.391,851831000.0,2454848000.0,4806850000.0,4806850000.0,1189176000.0,0.133,0.196,0.305,0.3,122317000.0,1031370000.0,1.0,241632189.0,242375000,244966000.0,19.832,5796798000.0,0.0,366284000.0,207114000.0,23.917,1734293000.0
42,BIIB,MRT,2011-03-31,2011-03-31,2011-03-31,2021-10-20,-992000.0,8293524000.0,7820578500.0,2628315000.0,5665209000.0,0.615,23.202,-166989000.0,790675000.0,790675000.0,406320000.0,987346000.0,2.685,0.467,1200392000.0,134779000.0,1065613000.0,1200392000.0,0.0,365779000.0,0.0,0.0,0.0,1455653000.0,1821432000.0,0.379,1821432000.0,1455653000.0,1455653000.0,4.41,4.36,4.41,5604159000.0,5300541500.0,5604159000.0,18143730044.0,12.0,9.961,1374367000.0,5.69,1.0,4404585000.0,0.916,2878158000.0,0.0,4846237000.0,4445055500.0,295260000.0,1551419000.0,437870000.0,1113549000.0,2619224000.0,978846000.0,1640378000.0,17699796044.0,148858000.0,-117452000.0,-1695286000.0,112744000.0,0.0,-1361291000.0,-31207000.0,227239000.0,1541356000.0,2258000.0,1082162000.0,1082162000.0,1082162000.0,0.0,-94816000.0,0.225,3041901000.0,1362684000.0,159136000.0,0.0,3.158,16.356,16.66,1673502000.0,0.0,73.47,3.679,3.689,918219000.0,2166813000.0,4810905000.0,4810905000.0,1235207000.0,0.138,0.204,0.327,0.303,141182000.0,1027391000.0,1.0,240911883.0,241536000,244551000.0,19.918,5415366000.0,0.0,373491000.0,311987000.0,22.421,1649469000.0
43,BIIB,MRT,2010-12-31,2010-12-31,2010-12-31,2021-10-20,-21610000.0,8092493000.0,7801528250.0,2540420000.0,5552073000.0,0.605,21.389,-173055000.0,759598000.0,759598000.0,400262000.0,898573000.0,2.419,0.49,1203532000.0,137153000.0,1066379000.0,1203532000.0,0.0,355744000.0,0.0,0.0,0.0,1336606000.0,1692350000.0,0.359,1692350000.0,1336606000.0,1336606000.0,3.98,3.94,3.98,5396506000.0,5376844750.0,5396506000.0,16431482136.0,12.0,9.709,1451618000.0,5.753,1.0,4316161000.0,0.915,2919140000.0,0.0,4567165000.0,4490995250.0,289066000.0,1439445000.0,448146000.0,991299000.0,2643050000.0,1050122000.0,1592928000.0,15978167136.0,185079000.0,-157428000.0,-2077579000.0,108907000.0,0.0,-1784919000.0,345325000.0,675808000.0,1624673000.0,-7370000.0,1005273000.0,1005273000.0,1005273000.0,0.0,-106700000.0,0.213,3067272000.0,1248889000.0,162529000.0,0.0,2.961,15.894,16.847,1641634000.0,0.0,67.05,3.388,3.587,827788000.0,1872481000.0,4716423000.0,4716423000.0,1248604000.0,0.129,0.187,0.298,0.283,154690000.0,1031540000.0,1.0,238302269.0,252307000,254867000.0,18.693,5173353000.0,0.0,331333000.0,285467000.0,20.504,1490298000.0
44,BIIB,MRT,2010-09-30,2010-09-30,2010-09-30,2021-10-20,-9161000.0,7394147000.0,7916368500.0,2131131000.0,5263016000.0,0.584,20.973,-179737000.0,626757000.0,626757000.0,399658000.0,932817000.0,2.585,0.462,1080072000.0,11296000.0,1068776000.0,1080072000.0,0.0,353289000.0,0.0,0.0,0.0,1406944000.0,1760233000.0,0.381,1760233000.0,1406944000.0,1406944000.0,4.06,4.04,4.06,5030695000.0,5583100750.0,5030695000.0,13935142044.0,10.0,7.917,1293220000.0,5.391,1.0,4224749000.0,0.914,2853963000.0,0.0,4169019000.0,4685527250.0,269313000.0,965097000.0,197835000.0,767262000.0,2323946000.0,824480000.0,1499466000.0,13576283044.0,41924000.0,-124928000.0,-2771118000.0,-8818000.0,0.0,-2677602000.0,1246569000.0,1551234000.0,1472957000.0,-955000.0,1070632000.0,1070632000.0,1070632000.0,0.0,-137815000.0,0.232,2947667000.0,1277082000.0,143699000.0,0.0,2.699,12.681,13.823,1641791000.0,0.0,56.12,2.936,2.911,838315000.0,1646852000.0,4624407000.0,4624407000.0,1240841000.0,0.135,0.192,0.3,0.304,169068000.0,996765000.0,1.0,241915236.0,239864000,242313000.0,19.279,4540184000.0,0.0,336312000.0,290304000.0,18.928,1306651000.0
45,BIIB,MRT,2010-06-30,2010-06-30,2010-06-30,2021-10-20,-28422000.0,7502150000.0,8324441000.0,2255231000.0,5246919000.0,0.549,19.892,-179185000.0,720962000.0,720962000.0,397226000.0,1100240000.0,2.984,0.443,1079821000.0,10096000.0,1069725000.0,1079821000.0,0.0,349045000.0,0.0,0.0,0.0,1469417000.0,1818462000.0,0.398,1818462000.0,1469417000.0,1469417000.0,3.96,3.94,3.96,5170806000.0,5966474250.0,5170806000.0,13124812432.0,9.0,7.218,1131788000.0,4.354,1.0,4171910000.0,0.913,2907550000.0,0.0,4197801000.0,5081982750.0,267878000.0,1016558000.0,248710000.0,767848000.0,2290860000.0,755658000.0,1535202000.0,12669055432.0,-57097000.0,-39976000.0,-2239680000.0,-6480000.0,0.0,-2209960000.0,841890000.0,1061051000.0,1310973000.0,-8745000.0,1094180000.0,1094180000.0,1094180000.0,0.0,6060000.0,0.239,2704785000.0,1467125000.0,144476000.0,0.0,2.45,11.579,11.982,1571521000.0,0.0,47.45,2.773,2.699,799036000.0,1405340000.0,4569136000.0,4569136000.0,1225842000.0,0.131,0.183,0.289,0.322,171146000.0,979360000.0,1.0,266998007.0,259938000,261658000.0,17.578,4594600000.0,0.0,375237000.0,320775000.0,17.676,1499573000.0
46,BIIB,MRT,2010-03-31,2010-03-31,2010-03-31,2021-10-20,22872000.0,8217323000.0,8643202500.0,2409012000.0,5808311000.0,0.515,21.893,-166814000.0,639559000.0,639559000.0,380962000.0,950476000.0,3.531,0.384,1095316000.0,19115000.0,1076201000.0,1095316000.0,0.0,388325000.0,0.0,0.0,0.0,1309290000.0,1697615000.0,0.382,1697615000.0,1309290000.0,1309290000.0,3.32,3.31,3.32,5909372000.0,6226907250.0,5909372000.0,15990496426.0,12.0,9.419,944229000.0,3.498,1.0,4068761000.0,0.914,2960754000.0,0.0,5029996000.0,5324940000.0,280038000.0,1756099000.0,513115000.0,1242984000.0,2266729000.0,682330000.0,1584399000.0,15472416426.0,-123228000.0,-39976000.0,-1271119000.0,-3798000.0,0.0,-1180683000.0,-53588000.0,153202000.0,1111043000.0,-1317000.0,943587000.0,943587000.0,943587000.0,0.0,6889000.0,0.212,2774602000.0,1294159000.0,121356000.0,0.0,2.618,16.397,17.286,1604573000.0,0.0,57.39,3.477,3.481,766005000.0,1131523000.0,4449723000.0,4449723000.0,1310620000.0,0.109,0.152,0.246,0.294,168486000.0,937867000.0,1.0,269601262.0,269922000,272703000.0,16.485,5256569000.0,0.0,365703000.0,357870000.0,19.474,1726682000.0
47,BIIB,MRT,2009-12-31,2009-12-31,2009-12-31,2021-10-20,50496000.0,8551854000.0,8732673250.0,2480595000.0,6071259000.0,0.501,21.651,-165646000.0,581889000.0,581889000.0,382104000.0,977062000.0,3.47,0.368,1099969000.0,19762000.0,1080207000.0,1099969000.0,0.0,427961000.0,0.0,0.0,0.0,1325749000.0,1753710000.0,0.401,1753710000.0,1325749000.0,1325749000.0,3.37,3.35,3.37,6221530000.0,6254627750.0,6221530000.0,15987628660.0,12.0,9.116,909252000.0,3.164,1.0,3995244000.0,0.913,3009699000.0,0.0,5345293000.0,5293016500.0,293950000.0,2106312000.0,681835000.0,1424477000.0,2289972000.0,714942000.0,1575030000.0,15472120660.0,-44284000.0,0.0,-751170000.0,1408000.0,0.0,-724151000.0,-395031000.0,-259376000.0,1074898000.0,3788000.0,970132000.0,970132000.0,970132000.0,0.0,6930000.0,0.222,2699817000.0,1295427000.0,118534000.0,0.0,2.487,15.948,15.875,1637083000.0,0.0,53.5,3.535,3.512,744997000.0,1068890000.0,4377348000.0,4377348000.0,1283068000.0,0.111,0.155,0.25,0.303,157466000.0,911034000.0,1.0,289198517.0,287356000,289476000.0,15.233,5542155000.0,0.0,355617000.0,316509000.0,19.287,1765653000.0
48,BIIB,MRT,2009-09-30,2009-09-30,2009-09-30,2021-10-20,37114000.0,9026437000.0,8714457500.0,2572259000.0,6454178000.0,0.496,22.72,-164138000.0,585788000.0,585788000.0,383565000.0,879493000.0,3.566,0.37,1101296000.0,15452000.0,1085844000.0,1101296000.0,0.0,456778000.0,0.0,0.0,0.0,1226475000.0,1683253000.0,0.39,1683253000.0,1226475000.0,1226475000.0,3.0,2.98,3.0,6564189000.0,6150766000.0,6564189000.0,14906501179.0,12.0,8.856,1038665000.0,3.595,1.0,3935639000.0,0.911,3065736000.0,0.0,5754841000.0,5143394000.0,278686000.0,2575634000.0,821888000.0,1753746000.0,2428627000.0,721368000.0,1707259000.0,14593001179.0,-429793000.0,0.0,-236802000.0,-21920000.0,0.0,-389186000.0,-1243410000.0,-1257401000.0,1202803000.0,4880000.0,871149000.0,871149000.0,871149000.0,0.0,8344000.0,0.202,2707871000.0,1227768000.0,108547000.0,0.0,2.223,16.751,16.84,1634696000.0,0.0,50.52,3.379,3.379,744274000.0,781321000.0,4319204000.0,4319204000.0,1292753000.0,0.1,0.142,0.238,0.284,158010000.0,900377000.0,1.0,288855922.0,288917000,291037000.0,14.95,5960701000.0,0.0,355326000.0,349615000.0,20.631,1850891000.0
49,BIIB,MRT,2009-06-30,2009-06-30,2009-06-30,2021-10-20,11293000.0,8777196000.0,8591650250.0,2744278000.0,6032918000.0,0.5,21.525,-190582000.0,786804000.0,786804000.0,397572000.0,807691000.0,3.414,0.407,1100304000.0,14697000.0,1085607000.0,1100304000.0,0.0,498465000.0,0.0,0.0,0.0,1156001000.0,1654466000.0,0.386,1654466000.0,1156001000.0,1156001000.0,2.75,2.73,2.75,6212538000.0,5951838250.0,6212538000.0,13373709185.0,12.0,8.083,1258157000.0,4.359,1.0,3894078000.0,0.907,3117140000.0,0.0,5169630000.0,4755424750.0,268529000.0,2143388000.0,836270000.0,1307118000.0,2531491000.0,803926000.0,1727565000.0,13028416185.0,319551000.0,0.0,-236802000.0,-4713000.0,0.0,-260741000.0,-868447000.0,-824821000.0,1448739000.0,760000.0,800274000.0,800274000.0,800274000.0,0.0,7417000.0,0.186,2704638000.0,1189440000.0,210941000.0,0.0,2.097,16.28,16.418,1608660000.0,0.0,45.15,3.036,3.036,709492000.0,516632000.0,4291650000.0,4291650000.0,1257498000.0,0.093,0.134,0.243,0.269,145110000.0,906446000.0,1.0,288558498.0,288615000,290359000.0,14.87,5660056000.0,0.0,355727000.0,392556000.0,19.611,1940352000.0
50,BIIB,MRT,2009-03-31,2009-03-31,2009-03-31,2021-10-20,-32346000.0,8575206000.0,8440557750.0,2480653000.0,6094553000.0,0.497,20.925,-226964000.0,764104000.0,764104000.0,399252000.0,870879000.0,3.071,0.424,1109397000.0,26488000.0,1082909000.0,1109397000.0,0.0,477273000.0,0.0,0.0,0.0,1211781000.0,1689054000.0,0.403,1689054000.0,1211781000.0,1211781000.0,2.97,2.94,2.97,6020254000.0,5779436500.0,6020254000.0,16072706086.0,13.0,9.516,1269246000.0,4.412,1.0,3792553000.0,0.905,3210430000.0,0.0,4902302000.0,4558858250.0,268076000.0,1959168000.0,637219000.0,1321949000.0,2554952000.0,807767000.0,1747185000.0,15581993086.0,75033000.0,0.0,-556350000.0,-24889000.0,0.0,-514021000.0,-907156000.0,-804885000.0,1496210000.0,572000.0,864057000.0,864057000.0,864057000.0,0.0,6822000.0,0.206,2529230000.0,1263323000.0,104271000.0,0.0,2.588,18.034,17.65,1562174000.0,0.0,52.42,3.717,3.598,661880000.0,388019000.0,4191805000.0,4191805000.0,1093304000.0,0.102,0.15,0.266,0.289,126921000.0,931306000.0,1.0,297252825.0,287703000,289744000.0,14.57,5364776000.0,0.0,347724000.0,593103000.0,18.647,1672886000.0
51,BIIB,MRT,2008-12-31,2008-12-31,2008-12-31,2021-10-20,-11106000.0,8478991000.0,8339419500.0,2458000000.0,6020991000.0,0.491,19.861,-275954000.0,622385000.0,622385000.0,401989000.0,790107000.0,2.662,0.456,1113098000.0,27667000.0,1085431000.0,1113098000.0,0.0,462059000.0,0.0,0.0,0.0,1148943000.0,1611002000.0,0.393,1611002000.0,1148943000.0,1148943000.0,2.67,2.65,2.67,5806083000.0,5657550000.0,5806083000.0,13938128055.0,12.0,8.652,1286491000.0,4.401,1.0,3695518000.0,0.902,3299679000.0,0.0,4746803000.0,4404989250.0,263602000.0,1875590000.0,749032000.0,1126558000.0,2645039000.0,923222000.0,1721817000.0,13896187055.0,-38053000.0,-25000000.0,-738938000.0,-525992000.0,0.0,-1234625000.0,-365873000.0,-243137000.0,1562445000.0,776000.0,783167000.0,783167000.0,783167000.0,0.0,6940000.0,0.191,2491149000.0,1204369000.0,107417000.0,0.0,2.393,17.744,17.839,1594754000.0,0.0,47.63,3.391,3.398,653590000.0,270180000.0,4097507000.0,4097507000.0,1072058000.0,0.094,0.138,0.261,0.28,118217000.0,925305000.0,1.0,291752825.0,292332000,294984000.0,14.017,5179312000.0,0.0,365776000.0,579277000.0,17.717,1534778000.0
52,BIIB,MRT,2008-09-30,2008-09-30,2008-09-30,2021-10-20,33431000.0,8535208000.0,8376875500.0,2639080000.0,5896128000.0,0.468,19.795,-330444000.0,1010701000.0,1010701000.0,388394000.0,724403000.0,2.677,0.48,1052642000.0,10215000.0,1042427000.0,1052642000.0,0.0,442305000.0,0.0,0.0,0.0,1153894000.0,1596199000.0,0.407,1596199000.0,1153894000.0,1153894000.0,2.64,2.59,2.64,5768478000.0,5589603000.0,5768478000.0,15180034548.0,13.0,9.51,1168737000.0,4.011,1.0,3533500000.0,0.901,3388313000.0,0.0,4202964000.0,4146596000.0,249858000.0,1303975000.0,376098000.0,927877000.0,2766730000.0,985872000.0,1780858000.0,14596897548.0,575129000.0,-28500000.0,-559768000.0,-502009000.0,0.0,-407301000.0,-516751000.0,20322000.0,1499181000.0,-1754000.0,777663000.0,777663000.0,777663000.0,0.0,-53260000.0,0.198,2382779000.0,1150721000.0,123512000.0,0.0,2.53,18.77,19.049,1579938000.0,0.0,50.29,3.722,3.737,681178000.0,75361000.0,3921894000.0,3921894000.0,1008583000.0,0.093,0.139,0.278,0.294,70569000.0,888072000.0,1.0,290254475.0,291408000,,13.458,5146895000.0,0.0,376231000.0,616917000.0,17.662,1653208000.0
53,BIIB,MRT,2008-06-30,2008-06-30,2008-06-30,2021-10-20,121115000.0,8172826000.0,8197167250.0,2161028000.0,6011798000.0,0.441,19.021,-307352000.0,466493000.0,466493000.0,362514000.0,635984000.0,2.441,0.48,1049630000.0,11544000.0,1038086000.0,1049630000.0,0.0,411489000.0,0.0,0.0,0.0,1006883000.0,1418372000.0,0.392,1418372000.0,1006883000.0,1006883000.0,2.34,2.3,2.34,5522931000.0,5395658250.0,5522931000.0,16761792095.0,17.0,11.818,890062000.0,3.065,1.0,3255647000.0,0.9,3487158000.0,0.0,4383364000.0,3908631750.0,255028000.0,1321001000.0,425759000.0,895242000.0,2649895000.0,885441000.0,1764454000.0,16377002095.0,-1146329000.0,-78500000.0,-3550951000.0,967063000.0,0.0,-1859813000.0,-483930000.0,48878000.0,1197414000.0,1241000.0,690256000.0,690256000.0,690256000.0,0.0,-54272000.0,0.191,2321566000.0,934081000.0,116755000.0,0.0,2.965,23.726,23.885,1629398000.0,0.0,55.89,4.526,4.485,667018000.0,-103137000.0,3618161000.0,3618161000.0,1026057000.0,0.084,0.128,0.258,0.278,53083000.0,845892000.0,1.0,293022045.0,290356000,,12.461,4685668000.0,0.0,316627000.0,640323000.0,16.138,1275587000.0
54,BIIB,MRT,2008-03-31,2008-03-31,2008-03-31,2021-10-20,123439000.0,8170653000.0,8387889500.0,2140475000.0,6030178000.0,0.405,18.681,-316136000.0,688499000.0,688499000.0,354176000.0,614051000.0,3.027,0.477,1073289000.0,12841000.0,1060448000.0,1073289000.0,0.0,398410000.0,0.0,0.0,0.0,953575000.0,1351985000.0,0.398,1351985000.0,953575000.0,953575000.0,2.18,2.14,2.18,5532708000.0,5174100250.0,5532708000.0,19271550576.0,20.0,14.254,807274000.0,2.726,1.0,3043717000.0,0.896,3561445000.0,0.0,4286826000.0,2852709000.0,237172000.0,1184970000.0,297901000.0,887069000.0,2637945000.0,707172000.0,1930773000.0,18368234576.0,-91475000.0,-78500000.0,-3231403000.0,992875000.0,0.0,-1545272000.0,330387000.0,849716000.0,1123410000.0,-966000.0,669768000.0,669768000.0,669768000.0,0.0,-55717000.0,0.197,2199993000.0,843724000.0,114842000.0,0.0,3.32,27.425,28.298,1581664000.0,0.0,61.69,5.406,5.377,611040000.0,-199204000.0,3397893000.0,3397893000.0,991947000.0,0.08,0.129,0.334,0.281,55999000.0,803871000.0,1.0,297750601.0,296171000,,11.473,4609208000.0,0.0,283807000.0,577659000.0,15.563,1433303000.0
55,BIIB,MRT,2007-12-31,2007-12-31,2007-12-31,2021-10-20,79246000.0,8628815000.0,8522621250.0,2368407000.0,6260408000.0,0.372,17.523,-267437000.0,659662000.0,659662000.0,335192000.0,579745000.0,1.082,0.559,1562978000.0,1511135000.0,51843000.0,1562978000.0,0.0,380293000.0,0.0,0.0,0.0,910595000.0,1290888000.0,0.407,1290888000.0,910595000.0,910595000.0,2.02,1.99,2.02,5534295000.0,5627714750.0,5534295000.0,17821477596.0,20.0,13.806,751317000.0,2.379,1.0,2836425000.0,0.894,3629726000.0,0.0,3713230000.0,2697389500.0,233987000.0,1657140000.0,523841000.0,1133299000.0,3094520000.0,2189175000.0,905345000.0,16698577596.0,-1157000.0,-95789000.0,-2991184000.0,1488909000.0,0.0,-733339000.0,-286572000.0,284863000.0,1018754000.0,-558000.0,638172000.0,638172000.0,638172000.0,0.0,-58427000.0,0.201,2057013000.0,779412000.0,90672000.0,0.0,3.017,26.166,28.178,1497383000.0,0.0,56.92,5.265,5.668,559332000.0,-352169000.0,3171617000.0,3171617000.0,925164000.0,0.075,0.113,0.338,0.287,53463000.0,776103000.0,1.0,293369248.0,315836000,320171000.0,10.042,4999089000.0,0.0,272423000.0,532799000.0,15.828,179232000.0
56,BIIB,MRT,2007-09-30,2007-09-30,2007-09-30,2021-10-20,48127000.0,7816375000.0,8503619500.0,1620470000.0,6195905000.0,0.351,17.34,-185136000.0,437326000.0,437326000.0,309729000.0,545578000.0,0.815,0.566,1560226000.0,1510113000.0,50113000.0,1560226000.0,0.0,365247000.0,0.0,0.0,0.0,796605000.0,1161852000.0,0.389,1161852000.0,796605000.0,796605000.0,1.67,1.65,1.67,4992699000.0,6031585500.0,4992699000.0,17549773625.0,22.0,15.105,731442000.0,2.54,1.0,2676929000.0,0.896,3699424000.0,0.0,3251107000.0,2644900000.0,222857000.0,1337925000.0,234021000.0,1103904000.0,2823676000.0,1988744000.0,834932000.0,19098109625.0,22660000.0,-92289000.0,-2991183000.0,1472534000.0,0.0,-1160303000.0,266385000.0,543810000.0,916578000.0,72000.0,545578000.0,545578000.0,545578000.0,0.0,0.0,0.183,1967869000.0,709060000.0,92336000.0,0.0,3.825,35.005,39.719,1392577000.0,0.0,66.33,6.394,6.394,540079000.0,-553080000.0,2986658000.0,2986658000.0,895352000.0,0.064,0.09,0.301,0.267,65144000.0,769318000.0,1.0,287925669.0,287925669,,10.373,4116951000.0,0.0,251027000.0,558743000.0,14.299,-368274000.0
57,BIIB,MRT,2007-06-30,2007-06-30,2007-06-30,2021-10-20,32167000.0,8935715000.0,8596165250.0,2694006000.0,6241709000.0,0.337,13.551,-197409000.0,1611581000.0,1611581000.0,294908000.0,582796000.0,0.778,0.927,63245000.0,11897000.0,51348000.0,63245000.0,0.0,358223000.0,0.0,0.0,0.0,842138000.0,1200361000.0,0.414,1200361000.0,842138000.0,842138000.0,1.72,1.69,1.72,4636699000.0,6507129250.0,4636699000.0,17585899436.0,21.0,14.651,768581000.0,2.246,1.0,2606011000.0,0.898,3762777000.0,0.0,159673000.0,2675230250.0,207897000.0,1339169000.0,191136000.0,1148033000.0,4299016000.0,3464929000.0,834087000.0,18305648436.0,1266628000.0,-42289000.0,-394389000.0,-4255000.0,0.0,-153887000.0,454525000.0,694223000.0,965990000.0,-151000.0,582796000.0,582796000.0,582796000.0,0.0,0.0,0.201,1828833000.0,777178000.0,99440000.0,0.0,3.948,31.41,31.105,1330899000.0,0.0,53.5,6.31,6.31,521986000.0,-666955000.0,2900919000.0,2900919000.0,820111000.0,0.068,0.09,0.315,0.29,89296000.0,752116000.0,1.0,342161653.0,342161653,,8.478,5172938000.0,0.0,259342000.0,605890000.0,15.118,-770923000.0
58,BIIB,MRT,2007-03-31,2007-03-31,2007-03-31,2021-10-20,31658000.0,8709580000.0,8447277000.0,1941341000.0,6768239000.0,0.33,21.456,-129649000.0,780940000.0,780940000.0,288838000.0,226043000.0,3.879,0.185,61191000.0,9148000.0,52043000.0,61191000.0,0.0,341455000.0,0.0,0.0,0.0,503903000.0,845358000.0,0.303,845358000.0,503903000.0,503903000.0,0.67,0.65,0.67,7347166000.0,7100102250.0,7347166000.0,14632663782.0,29.0,17.309,817695000.0,2.388,1.0,2498946000.0,0.896,3823835000.0,0.0,3665548000.0,3517052500.0,186220000.0,2000002000.0,346639000.0,1653363000.0,1362414000.0,500448000.0,861966000.0,15197346782.0,244736000.0,-345740000.0,-376624000.0,-18147000.0,0.0,-207665000.0,-494943000.0,-19554000.0,947344000.0,339000.0,226043000.0,226043000.0,226043000.0,0.0,0.0,0.081,2050223000.0,448723000.0,102183000.0,0.0,2.068,67.232,66.239,1291041000.0,0.0,44.38,5.451,5.451,476323000.0,-821215000.0,2787784000.0,2787784000.0,763947000.0,0.027,0.032,0.143,0.181,111043000.0,718737000.0,1.0,342436836.0,342436836,,8.141,4885745000.0,0.0,277860000.0,691508000.0,14.268,1440893000.0
59,BIIB,MRT,2006-12-31,2006-12-31,2006-12-31,2021-10-20,21855000.0,8552808000.0,8400938500.0,1712567000.0,6840241000.0,0.319,21.208,-124096000.0,661377000.0,661377000.0,274383000.0,217511000.0,2.938,0.196,96694000.0,0.0,96694000.0,96694000.0,0.0,375870000.0,0.0,0.0,0.0,495942000.0,871812000.0,0.325,871812000.0,495942000.0,495942000.0,0.64,0.63,0.64,7149778000.0,7049021250.0,7149778000.0,16213746800.0,33.0,18.598,717172000.0,2.127,1.0,2408666000.0,0.898,3901998000.0,0.0,3503272000.0,3469734000.0,169102000.0,1899172000.0,241314000.0,1657858000.0,1403030000.0,582855000.0,820175000.0,16583266800.0,93085000.0,-303451000.0,-320268000.0,-6783000.0,0.0,-148410000.0,-599773000.0,-172226000.0,841268000.0,124000.0,217511000.0,217511000.0,217511000.0,0.0,0.0,0.081,1968646000.0,440020000.0,100457000.0,0.0,2.319,76.241,76.859,1280385000.0,0.0,49.19,6.181,6.181,486061000.0,-860827000.0,2683049000.0,2683049000.0,718390000.0,0.026,0.031,0.143,0.185,95101000.0,685067000.0,1.0,337126790.0,337126790,,7.959,4650810000.0,0.0,278431000.0,789174000.0,13.795,1129712000.0
60,BIIB,MRT,2006-09-30,2006-09-30,2006-09-30,2021-10-20,-17876000.0,8186558000.0,8358165750.0,1385157000.0,6801401000.0,0.312,20.067,-200324000.0,414594000.0,414594000.0,325631000.0,164517000.0,2.798,0.187,45074000.0,0.0,45074000.0,45074000.0,6730000.0,386177000.0,0.0,0.0,0.0,420007000.0,806184000.0,0.309,806184000.0,420007000.0,420007000.0,0.49,0.47,0.49,6894874000.0,6988045750.0,6894874000.0,15051182663.0,36.0,18.67,673879000.0,1.961,1.0,2281930000.0,0.875,3949600000.0,0.0,3372428000.0,3382205000.0,155119000.0,1852110000.0,246425000.0,1605685000.0,1291684000.0,495010000.0,796674000.0,15351760663.0,118066000.0,-303451000.0,-408309000.0,40461000.0,0.0,-149098000.0,-607039000.0,-103264000.0,874203000.0,36000.0,164517000.0,164517000.0,164517000.0,0.0,0.0,0.063,1940329000.0,341601000.0,62822000.0,0.0,2.227,93.314,91.184,1246116000.0,0.0,44.68,5.887,5.887,439838000.0,-954991000.0,2607561000.0,2607561000.0,687224000.0,0.02,0.024,0.124,0.161,108446000.0,667243000.0,1.0,343593569.0,343593569,,7.589,4236958000.0,44966000.0,255490000.0,793161000.0,12.331,890147000.0
61,BIIB,MRT,2006-06-30,2006-06-30,2006-06-30,2021-10-20,-22532000.0,8340162000.0,8390178500.0,1449740000.0,6890422000.0,0.298,20.382,-206025000.0,345104000.0,345104000.0,348400000.0,35103000.0,2.9,0.19,44526000.0,0.0,44526000.0,44526000.0,19415000.0,406197000.0,0.0,0.0,0.0,232717000.0,638914000.0,0.256,638914000.0,232717000.0,232717000.0,0.11,0.1,0.11,7008591000.0,6963784000.0,7008591000.0,15435813022.0,66.0,24.159,581526000.0,1.691,1.0,2151880000.0,0.861,4012640000.0,0.0,3526962000.0,3362543750.0,147024000.0,2019156000.0,368670000.0,1650486000.0,1331571000.0,499982000.0,831589000.0,15927700022.0,-293812000.0,-303451000.0,9688000.0,26682000.0,0.0,181461000.0,-1262824000.0,-753348000.0,787551000.0,516000.0,35103000.0,35103000.0,35103000.0,0.0,0.0,0.014,1986442000.0,165438000.0,62280000.0,0.0,2.273,453.742,421.091,1227296000.0,0.0,46.32,6.37,6.37,449774000.0,-1104681000.0,2500280000.0,2500280000.0,703230000.0,0.004,0.005,0.069,0.093,59331000.0,655211000.0,1.0,343862263.0,343862263,,7.271,4327522000.0,55732000.0,197614000.0,856989000.0,12.585,949758000.0
62,BIIB,MRT,2006-03-31,2006-03-31,2006-03-31,2021-10-20,4594000.0,8524226000.0,8372176000.0,1595681000.0,6928545000.0,0.292,20.758,123821000.0,535865000.0,535865000.0,341500000.0,240220000.0,3.064,0.193,43978000.0,0.0,43978000.0,43978000.0,19226000.0,429327000.0,0.0,0.0,0.0,385278000.0,814605000.0,0.333,814605000.0,385278000.0,385278000.0,0.71,0.7,0.71,7142842000.0,6898089750.0,7142842000.0,15682328491.0,41.0,19.251,956691000.0,2.78,1.0,2104373000.0,0.86,4035268000.0,0.0,3476274000.0,3191074250.0,191022000.0,2014799000.0,313490000.0,1701309000.0,1381384000.0,520797000.0,860587000.0,16207052491.0,259422000.0,0.0,-147669000.0,-715277000.0,0.0,-723691000.0,150243000.0,26422000.0,832870000.0,0.0,240220000.0,240220000.0,240220000.0,0.0,0.0,0.098,1770619000.0,333754000.0,58119000.0,0.0,2.269,67.468,66.338,1191968000.0,0.0,47.1,6.626,6.626,417416000.0,-928178000.0,2445873000.0,2445873000.0,721088000.0,0.029,0.035,0.121,0.158,22281000.0,640676000.0,1.0,344098779.0,344098779,,7.108,4488958000.0,33730000.0,145058000.0,944470000.0,13.046,1074884000.0
63,BIIB,MRT,2005-12-31,2005-12-31,2005-12-31,2021-10-20,-13910000.0,8381717000.0,8506793000.0,1632851000.0,6748866000.0,0.285,20.347,89754000.0,568168000.0,568168000.0,373614000.0,160711000.0,2.731,0.214,43444000.0,0.0,43444000.0,43444000.0,0.0,402208000.0,0.0,0.0,0.0,256195000.0,658403000.0,0.272,658403000.0,256195000.0,256195000.0,0.48,0.47,0.48,6905876000.0,6807619000.0,6905876000.0,15114911325.0,59.0,22.957,979257000.0,2.885,1.0,2048886000.0,0.846,4106031000.0,0.0,3153156000.0,3331076500.0,182815000.0,1751024000.0,282585000.0,1468439000.0,1475841000.0,597806000.0,878035000.0,15368478325.0,358721000.0,0.0,-322590000.0,-745552000.0,0.0,-948523000.0,417741000.0,327987000.0,889503000.0,0.0,160711000.0,160711000.0,160711000.0,0.0,0.0,0.066,1812846000.0,236040000.0,99780000.0,0.0,2.225,95.628,94.333,1174396000.0,0.0,45.28,6.344,6.344,421571000.0,-1021644000.0,2422500000.0,2422500000.0,747671000.0,0.019,0.024,0.077,0.106,38145000.0,644758000.0,1.0,339409857.0,339409857,,7.137,4275686000.0,0.0,95484000.0,962475000.0,12.597,1035045000.0
64,BIIB,MRT,2005-09-30,2005-09-30,2005-09-30,2021-10-20,-6189000.0,8314609000.0,8702803250.0,1535212000.0,6779397000.0,0.273,20.092,49424000.0,296492000.0,296492000.0,343627000.0,133836000.0,2.747,0.223,42925000.0,0.0,42925000.0,42925000.0,18603000.0,411143000.0,0.0,0.0,0.0,213085000.0,624228000.0,0.263,624228000.0,213085000.0,213085000.0,0.39,0.38,0.39,6797827000.0,6787750250.0,6797827000.0,12761545457.0,60.0,20.444,845102000.0,2.498,1.0,2033800000.0,0.855,4208314000.0,0.0,3293783000.0,3568272500.0,227469000.0,1792309000.0,314906000.0,1477403000.0,1516782000.0,558945000.0,957837000.0,13357540457.0,117474000.0,0.0,-205819000.0,-761277000.0,0.0,-967096000.0,288892000.0,239468000.0,795678000.0,0.0,133836000.0,133836000.0,133836000.0,0.0,0.0,0.056,1833143000.0,200657000.0,48210000.0,0.0,1.965,99.805,101.231,1093680000.0,0.0,39.48,5.618,5.618,403078000.0,-802311000.0,2377427000.0,2377427000.0,768241000.0,0.015,0.02,0.06,0.09,-62081000.0,652798000.0,1.0,338336891.0,338336891,,7.027,4106295000.0,149187000.0,79249000.0,1106648000.0,12.137,976267000.0
65,BIIB,MRT,2005-06-30,2005-06-30,2005-06-30,2021-10-20,-8382000.0,8268152000.0,8879300500.0,1796302000.0,6471850000.0,0.262,19.574,25914000.0,638400000.0,638400000.0,318526000.0,143419000.0,3.322,0.226,42405000.0,0.0,42405000.0,42405000.0,16389000.0,431026000.0,0.0,0.0,0.0,249988000.0,681014000.0,0.293,681014000.0,249988000.0,249988000.0,0.42,0.4,0.42,6745814000.0,6765859000.0,6745814000.0,12442421470.0,50.0,18.27,820964000.0,2.382,1.0,2005966000.0,0.863,4290420000.0,0.0,2841084000.0,3929065250.0,243538000.0,1320063000.0,289053000.0,1031010000.0,1522338000.0,540653000.0,981685000.0,11872426470.0,154998000.0,0.0,-546701000.0,-750609000.0,0.0,-1297310000.0,657258000.0,631344000.0,795050000.0,91000.0,143419000.0,143419000.0,143419000.0,0.0,0.0,0.062,1755641000.0,250325000.0,66004000.0,0.0,1.76,82.781,82.024,1150420000.0,0.0,34.45,5.108,5.108,394959000.0,-793384000.0,2324492000.0,2324492000.0,709509000.0,0.016,0.021,0.064,0.108,-29155000.0,624010000.0,1.0,344627764.0,344627764,,6.745,3977732000.0,145006000.0,106569000.0,1104824000.0,11.542,1255649000.0
66,BIIB,MRT,2005-03-31,2005-03-31,2005-03-31,2021-10-20,-9377000.0,9062694000.0,9119098000.0,1983727000.0,7078967000.0,0.248,19.711,-369926000.0,276443000.0,276443000.0,399162000.0,109742000.0,1.615,0.336,846438000.0,751681000.0,94757000.0,846438000.0,20778000.0,433760000.0,0.0,0.0,0.0,202579000.0,636339000.0,0.282,636339000.0,202579000.0,202579000.0,0.32,0.3,0.32,6780959000.0,6812947250.0,6780959000.0,12513242052.0,62.0,19.664,365410000.0,1.062,1.0,1858459000.0,0.823,4367877000.0,0.0,4036283000.0,4364924000.0,236624000.0,2024610000.0,875438000.0,1149172000.0,2281735000.0,1228529000.0,1053206000.0,11872380052.0,-26342000.0,0.0,-685341000.0,-5105000.0,0.0,-690446000.0,-71232000.0,298694000.0,735336000.0,0.0,109742000.0,109742000.0,109742000.0,0.0,0.0,0.049,1655905000.0,202554000.0,75015000.0,0.0,1.751,108.184,107.844,1561918000.0,0.0,34.51,5.259,5.259,412962000.0,-808423000.0,2257621000.0,2257621000.0,699448000.0,0.012,0.016,0.046,0.09,492000.0,607670000.0,1.0,344027240.0,344027240,,6.562,4694817000.0,90568000.0,92837000.0,1057764000.0,13.647,755198000.0
67,BIIB,MRT,2004-12-31,2004-12-31,2004-12-31,2021-10-20,-6767000.0,9165758000.0,9231325250.0,1931044000.0,7234714000.0,0.24,20.466,-369763000.0,209447000.0,209447000.0,554319000.0,25086000.0,1.532,0.343,850309000.0,748430000.0,101879000.0,850309000.0,13695000.0,439435000.0,0.0,0.0,0.0,64093000.0,503528000.0,0.228,503528000.0,64093000.0,64093000.0,0.07,0.07,0.07,6826401000.0,6917077750.0,6826401000.0,22884602838.0,357.0,45.449,358223000.0,1.074,1.0,1657243000.0,0.749,4443932000.0,0.0,4101940000.0,4605498500.0,251016000.0,2114052000.0,848495000.0,1265557000.0,2339357000.0,1260748000.0,1078609000.0,22217916838.0,-105403000.0,0.0,-460892000.0,9931000.0,0.0,-450961000.0,-382428000.0,-12665000.0,727986000.0,0.0,25086000.0,25086000.0,25086000.0,0.0,0.0,0.011,1613827000.0,43416000.0,121471000.0,0.0,3.255,885.67,951.571,1525225000.0,0.0,66.61,10.046,10.046,416088000.0,-801094000.0,2211562000.0,2211562000.0,685872000.0,0.003,0.004,0.014,0.029,16795000.0,580278000.0,1.0,333552272.0,333552272,,6.63,4721826000.0,86880000.0,39007000.0,1051121000.0,14.156,670296000.0
68,BIIB,MRT,2004-09-30,2004-09-30,2004-09-30,2021-10-20,-3208000.0,9020598000.0,9315872000.0,1264235000.0,7756363000.0,0.206,19.83,-339591000.0,179018000.0,179018000.0,750413000.0,-994166000.0,2.95,0.344,845704000.0,0.0,845704000.0,845704000.0,14955000.0,384324000.0,0.0,0.0,0.0,-1064795000.0,-680471000.0,-0.354,-680471000.0,-1064795000.0,-1064795000.0,-5.66,-5.61,-5.66,6710262000.0,6973809500.0,6710262000.0,21082404536.0,-20.0,-30.982,182188000.0,0.538,1.0,1173214000.0,0.61,4521729000.0,0.0,4736954000.0,4800429000.0,246369000.0,2085807000.0,266862000.0,1818945000.0,2310336000.0,428601000.0,1881735000.0,20699486536.0,-184660000.0,136793000.0,-477104000.0,16100000.0,0.0,-461004000.0,-245435000.0,-67637000.0,521779000.0,0.0,-994166000.0,-994166000.0,-994166000.0,0.0,0.0,-0.517,2235071000.0,-1061857000.0,77493000.0,0.0,3.085,-20.821,-10.807,1415689000.0,0.0,61.17,10.761,10.761,362176000.0,-744499000.0,1923627000.0,1923627000.0,608962000.0,-0.107,-0.143,-0.222,-0.554,95272000.0,502707000.0,1.0,338392783.0,338392783,,5.685,4498869000.0,131980000.0,-70629000.0,1124048000.0,13.295,835634000.0
69,BIIB,MRT,2004-06-30,2004-06-30,2004-06-30,2021-10-20,-16138000.0,9227342000.0,7620696250.0,1507600000.0,7719742000.0,0.199,20.409,-335586000.0,483311000.0,483311000.0,686592000.0,-985434000.0,3.801,0.331,866229000.0,0.0,866229000.0,866229000.0,6479000.0,258547000.0,0.0,0.0,0.0,-1060668000.0,-802121000.0,-0.528,-802121000.0,-1060668000.0,-1060668000.0,-5.48,-5.45,-5.48,6934167000.0,5611730000.0,6934167000.0,22048274174.0,-21.0,-27.487,95597000.0,0.281,1.0,832289000.0,0.548,4629105000.0,0.0,4584519000.0,4282872000.0,232765000.0,1994685000.0,258064000.0,1736621000.0,2293175000.0,396636000.0,1896539000.0,21489766174.0,190773000.0,136793000.0,-157093000.0,9749000.0,0.0,-147344000.0,-93066000.0,80727000.0,431183000.0,0.0,-985434000.0,-985434000.0,-985434000.0,0.0,0.0,-0.649,1893578000.0,-1061289000.0,85817000.0,0.0,3.099,-21.807,-11.542,1354016000.0,0.0,63.25,14.148,14.148,331246000.0,-725516000.0,1518881000.0,1518881000.0,479988000.0,-0.129,-0.176,-0.248,-0.698,77385000.0,397242000.0,1.0,339759149.0,339759149,,4.47,4598237000.0,133715000.0,-75234000.0,1100926000.0,13.534,1110964000.0
70,BIIB,MRT,2004-03-31,2004-03-31,2004-03-31,2021-10-20,9327000.0,9511603000.0,5853505000.0,1568164000.0,7943439000.0,0.189,21.679,-324659000.0,302785000.0,302785000.0,538654000.0,-957495000.0,4.322,0.322,861293000.0,0.0,861293000.0,861293000.0,6038000.0,159994000.0,0.0,0.0,0.0,-1019214000.0,-859220000.0,-0.779,-859220000.0,-1019214000.0,-1019214000.0,-5.3,-5.28,-5.3,7197481000.0,4178221000.0,7197481000.0,19031432350.0,-19.0,-22.15,-25203000.0,-0.076,1.0,565026000.0,0.512,4708696000.0,0.0,4998581000.0,3803100750.0,311395000.0,2395643000.0,458762000.0,1936881000.0,2314122000.0,362834000.0,1951288000.0,18459012350.0,-33326000.0,136793000.0,126045000.0,19171000.0,0.0,145216000.0,-477998000.0,-312632000.0,299456000.0,0.0,-957495000.0,-957495000.0,-957495000.0,0.0,0.0,-0.868,1581701000.0,-1016675000.0,78382000.0,0.0,2.565,-19.278,-10.491,1297862000.0,0.0,55.6,16.725,16.725,308524000.0,-653116000.0,1103680000.0,1103680000.0,360347000.0,-0.164,-0.229,-0.268,-0.923,49362000.0,284314000.0,1.0,331996625.0,331996625,,3.324,4802907000.0,118931000.0,-61719000.0,1132993000.0,14.467,1205330000.0
71,BIIB,MRT,2003-12-31,2003-12-31,2003-12-31,2021-10-20,1054000.0,9503945000.0,4005206000.0,1838664000.0,7665281000.0,0.17,45.309,-301248000.0,314850000.0,314850000.0,284739000.0,-875097000.0,4.542,0.347,887270000.0,0.0,887270000.0,887270000.0,7155000.0,61308000.0,0.0,0.0,0.0,-880624000.0,-819316000.0,-1.206,-819316000.0,-880624000.0,-880624000.0,-4.92,-4.92,-4.92,7053328000.0,2668942750.0,7053328000.0,6206477834.0,-7.0,-7.575,-131281000.0,-0.843,1.0,394444000.0,0.581,4789878000.0,0.0,4881662000.0,3196824500.0,496349000.0,2143729000.0,521109000.0,1622620000.0,2450617000.0,404825000.0,2045792000.0,5713199834.0,-35279000.0,136793000.0,24439000.0,26746000.0,0.0,51185000.0,-256431000.0,-114476000.0,169967000.0,0.0,-875097000.0,-875097000.0,-875097000.0,0.0,0.0,-1.288,1264113000.0,-869669000.0,63364000.0,0.0,0.81,-6.529,-7.459,1252783000.0,0.0,36.7,8.412,8.412,315866000.0,-611921000.0,679183000.0,679183000.0,233337000.0,-0.218,-0.328,-0.275,-1.297,23373000.0,174596000.0,1.0,155673020.0,155673020,,4.363,4714067000.0,123945000.0,-5527000.0,1202494000.0,30.282,1433839000.0
72,BIIB,MRT,2003-09-30,2003-09-30,2003-09-30,2021-10-20,2189000.0,2239895000.0,2144142000.0,1046911000.0,1192984000.0,0.235,8.115,-253053000.0,388678000.0,388678000.0,5618000.0,160060000.0,15.756,0.775,881956000.0,0.0,881956000.0,881956000.0,0.0,12830000.0,0.0,0.0,0.0,258533000.0,271363000.0,0.539,271363000.0,258533000.0,258533000.0,1.01,0.92,1.01,1261944000.0,1183033250.0,1261944000.0,5734005869.0,22.0,21.13,25705000.0,0.165,1.0,497372000.0,0.989,0.0,0.0,2666726000.0,2598349000.0,38532000.0,1140677000.0,483906000.0,656771000.0,977951000.0,66447000.0,911504000.0,5174902869.0,-39087000.0,0.0,18577000.0,0.0,0.0,18577000.0,-336422000.0,-63371000.0,278758000.0,0.0,160060000.0,160060000.0,160060000.0,0.0,0.0,0.318,251797000.0,245575000.0,65716000.0,0.0,4.101,32.331,32.96,444207000.0,0.0,33.29,10.288,10.292,113813000.0,378642000.0,502990000.0,502990000.0,154656000.0,0.075,0.135,0.099,0.514,85972000.0,97141000.0,1.0,155449170.0,155498000,187011000.0,3.235,2239895000.0,91878000.0,98473000.0,0.0,14.405,980464000.0
73,BIIB,MRT,2003-06-30,2003-06-30,2003-06-30,2021-10-20,3024000.0,2158577000.0,2061526250.0,928041000.0,1230536000.0,0.227,7.734,-224483000.0,317538000.0,317538000.0,5211000.0,153000000.0,17.763,0.799,876641000.0,0.0,876641000.0,876641000.0,0.0,11719000.0,0.0,0.0,0.0,244285000.0,256004000.0,0.547,256004000.0,244285000.0,244285000.0,0.97,0.88,0.97,1200131000.0,1115781250.0,1200131000.0,5779112854.0,24.0,22.574,27060000.0,0.174,1.0,462947000.0,0.989,0.0,0.0,2665434000.0,2506155000.0,38419000.0,1208755000.0,445096000.0,763659000.0,958446000.0,52246000.0,906200000.0,5266378854.0,-284058000.0,0.0,19268000.0,0.0,0.0,19268000.0,-554869000.0,-310388000.0,251543000.0,0.0,153000000.0,153000000.0,153000000.0,0.0,0.0,0.327,234472000.0,228475000.0,51440000.0,0.0,4.388,34.421,35.01,368503000.0,0.0,33.96,11.249,11.256,105720000.0,333142000.0,468158000.0,468158000.0,140690000.0,0.074,0.137,0.097,0.522,106956000.0,93782000.0,1.0,155075938.0,155171000,178308000.0,3.017,2158577000.0,99283000.0,91285000.0,0.0,13.911,875795000.0
74,BIIB,MRT,2003-03-31,2003-03-31,2003-03-31,2021-10-20,3698000.0,2118407000.0,1979890250.0,1042619000.0,1075788000.0,0.223,7.502,-188065000.0,358611000.0,358611000.0,2309000.0,159617000.0,18.081,0.826,871345000.0,0.0,871345000.0,871345000.0,715000.0,11364000.0,0.0,0.0,0.0,252323000.0,263687000.0,0.597,263687000.0,252323000.0,252323000.0,1.02,0.91,1.02,1160368000.0,1048739250.0,1160368000.0,5786627252.0,23.0,21.945,64059000.0,0.414,1.0,439418000.0,0.995,0.0,0.0,2573476000.0,2354805750.0,38445000.0,1195713000.0,523871000.0,671842000.0,958039000.0,57665000.0,900374000.0,5293051252.0,-45515000.0,0.0,-107663000.0,696004000.0,0.0,579194000.0,-876833000.0,-387214000.0,252124000.0,0.0,159617000.0,159617000.0,159617000.0,0.0,0.0,0.361,204049000.0,235369000.0,1807000.0,0.0,4.562,33.161,33.549,304031000.0,0.0,34.22,11.983,11.982,97482000.0,304376000.0,441727000.0,441727000.0,113529000.0,0.081,0.152,0.107,0.571,114802000.0,90520000.0,1.0,154677126.0,154673000,177821000.0,2.856,2118407000.0,103592000.0,92706000.0,0.0,13.696,984954000.0
75,BIIB,MRT,2002-12-31,2002-12-31,2002-12-31,2021-10-20,3764000.0,2059689000.0,1745769000.0,977610000.0,1082079000.0,0.232,7.249,-165904000.0,372629000.0,372629000.0,1457000.0,148090000.0,17.387,0.856,866205000.0,0.0,866205000.0,866205000.0,732000.0,10156000.0,0.0,0.0,0.0,231522000.0,241678000.0,0.598,241678000.0,231522000.0,231522000.0,0.95,0.85,0.95,1109690000.0,1011076500.0,1109690000.0,5512016384.0,24.0,22.807,30815000.0,0.201,1.0,402765000.0,0.996,9280000.0,0.0,2487760000.0,1936274750.0,33665000.0,1138210000.0,437645000.0,700565000.0,949999000.0,56225000.0,893774000.0,5076096384.0,-75870000.0,0.0,-111941000.0,696004000.0,0.0,584063000.0,-856652000.0,-673250000.0,196719000.0,0.0,148090000.0,148090000.0,148090000.0,0.0,0.0,0.366,188889000.0,213876000.0,3886000.0,0.0,4.574,34.277,34.916,264537000.0,0.0,33.17,12.558,12.562,105208000.0,263176000.0,404222000.0,404222000.0,100868000.0,0.085,0.146,0.12,0.573,114337000.0,88021000.0,1.0,153032752.0,153086000,179634000.0,2.64,2050409000.0,112872000.0,83432000.0,0.0,13.394,921385000.0
76,BIIB,MRT,2002-09-30,2002-09-30,2002-09-30,2021-10-20,3391000.0,1909432000.0,1516150750.0,1076980000.0,832452000.0,0.239,6.503,-118992000.0,425265000.0,425265000.0,1121000.0,132238000.0,22.72,0.923,861185000.0,0.0,861185000.0,861185000.0,1600000.0,9155000.0,0.0,0.0,0.0,204907000.0,214062000.0,0.591,214062000.0,204907000.0,204907000.0,0.85,0.76,0.85,992936000.0,972773750.0,992936000.0,6604309882.0,32.0,30.852,45283000.0,0.297,1.0,361124000.0,0.997,0.0,0.0,2297950000.0,1517435500.0,23708000.0,1051898000.0,544609000.0,507289000.0,916496000.0,47402000.0,869094000.0,6339240882.0,-38162000.0,0.0,-114611000.0,696004000.0,0.0,581393000.0,-783830000.0,-664838000.0,164275000.0,0.0,132238000.0,132238000.0,132238000.0,0.0,0.0,0.365,174964000.0,186160000.0,4059000.0,0.0,6.384,47.938,48.847,202817000.0,0.0,41.52,17.5,17.5,101243000.0,218582000.0,362245000.0,362245000.0,94142000.0,0.087,0.136,0.135,0.566,115238000.0,80822000.0,1.0,152679212.0,152679000,178362000.0,2.373,1909432000.0,60522000.0,72669000.0,0.0,12.506,1029578000.0
77,BIIB,MRT,2002-06-30,2002-06-30,2002-06-30,2021-10-20,1679000.0,1832033000.0,1289556000.0,1161040000.0,670993000.0,0.254,6.098,-105110000.0,591096000.0,591096000.0,889000.0,120755000.0,31.324,0.966,856165000.0,0.0,856165000.0,856165000.0,1700000.0,8023000.0,0.0,0.0,0.0,188618000.0,196641000.0,0.599,196641000.0,188618000.0,188618000.0,0.78,0.7,0.78,931963000.0,933524750.0,931963000.0,5142266277.0,27.0,26.151,41055000.0,0.269,1.0,327273000.0,0.997,0.0,0.0,2060037000.0,1111416500.0,13808000.0,872239000.0,471924000.0,400315000.0,900070000.0,37065000.0,863005000.0,5396128277.0,122690000.0,0.0,-114667000.0,695858000.0,0.0,581191000.0,-604666000.0,-499556000.0,146165000.0,0.0,120755000.0,120755000.0,120755000.0,0.0,0.0,0.368,159541000.0,167732000.0,3053000.0,0.0,5.79,44.687,45.449,154894000.0,0.0,35.45,16.443,16.509,95719000.0,180142000.0,328162000.0,328162000.0,89526000.0,0.094,0.129,0.17,0.575,93948000.0,70015000.0,1.0,152218005.0,152827000,179515000.0,2.147,1832033000.0,63783000.0,67863000.0,0.0,11.988,1123975000.0
78,BIIB,MRT,2002-03-31,2002-03-31,2002-03-31,2021-10-20,-238000.0,1181922000.0,1069782750.0,562190000.0,619732000.0,0.277,6.581,-82410000.0,391626000.0,391626000.0,0.0,110525000.0,19.583,0.171,137764000.0,0.0,137764000.0,137764000.0,2513000.0,6844000.0,0.0,0.0,0.0,174168000.0,181012000.0,0.612,181012000.0,174168000.0,174168000.0,0.72,0.65,0.72,1009717000.0,897700250.0,1009717000.0,9499533936.0,55.0,52.48,59794000.0,0.39,1.0,295880000.0,1.0,0.0,0.0,899352000.0,748918250.0,7339000.0,494785000.0,97861000.0,396924000.0,172205000.0,28708000.0,143497000.0,9806267936.0,-33792000.0,0.0,22399000.0,-373000.0,0.0,31173000.0,-207169000.0,-408815000.0,142204000.0,0.0,110525000.0,110525000.0,110525000.0,0.0,0.0,0.374,146458000.0,149422000.0,2706000.0,0.0,9.712,88.724,89.306,126807000.0,0.0,64.3,33.143,33.344,72660000.0,144759000.0,295880000.0,295880000.0,88237000.0,0.103,0.123,0.233,0.589,61788000.0,58221000.0,1.0,152508055.0,153432000,182418000.0,1.928,1181922000.0,67044000.0,63643000.0,0.0,7.703,533482000.0
79,BIIB,MRT,2001-12-31,2001-12-31,2001-12-31,2021-10-20,1085000.0,1141216000.0,998784000.0,708814000.0,432402000.0,0.273,6.345,-67380000.0,431001000.0,431001000.0,0.0,101659000.0,20.978,0.193,135977000.0,0.0,135977000.0,135977000.0,2307000.0,6306000.0,0.0,0.0,0.0,161604000.0,167910000.0,0.616,167910000.0,161604000.0,161604000.0,0.67,0.59,0.67,956479000.0,828735750.0,956479000.0,10205646231.0,63.0,60.78,86934000.0,0.577,1.0,272677000.0,1.0,0.0,0.0,812403000.0,671606250.0,524000.0,449875000.0,197824000.0,252051000.0,184737000.0,33789000.0,150948000.0,10512380231.0,24947000.0,0.0,28096000.0,-743000.0,0.0,27353000.0,-156720000.0,-89340000.0,154314000.0,0.0,101659000.0,101659000.0,101659000.0,0.0,0.0,0.373,141540000.0,131137000.0,3866000.0,0.0,10.991,103.408,102.881,108588000.0,0.0,68.93,38.553,38.11,68644000.0,115086000.0,272677000.0,272677000.0,90458000.0,0.102,0.123,0.241,0.593,60431000.0,51082000.0,1.0,152508055.0,150756000,181481000.0,1.809,1141216000.0,75532000.0,59945000.0,0.0,7.57,675025000.0
80,BIIB,MRT,2001-09-30,2001-09-30,2001-09-30,2021-10-20,1920000.0,1003053000.0,927581500.0,645967000.0,357086000.0,0.255,5.497,-52900000.0,440927000.0,440927000.0,0.0,93305000.0,28.78,0.2,134193000.0,0.0,134193000.0,134193000.0,350000.0,9176000.0,0.0,0.0,0.0,147584000.0,156760000.0,0.662,156760000.0,147584000.0,140531000.0,0.64,0.55,0.64,835940000.0,763270750.0,835940000.0,7208737672.0,49.0,45.986,70173000.0,0.461,1.0,236844000.0,1.0,0.0,7053000.0,673874000.0,608990500.0,230000.0,399547000.0,135442000.0,264105000.0,167113000.0,22445000.0,144668000.0,7530089672.0,344070000.0,0.0,482552000.0,-1139000.0,0.0,481413000.0,-260416000.0,-207516000.0,123073000.0,0.0,93305000.0,93305000.0,93305000.0,0.0,0.0,0.394,127705000.0,109139000.0,1726000.0,0.0,9.008,80.704,77.453,92981000.0,0.0,49.57,31.793,31.825,62543000.0,86344000.0,236844000.0,236844000.0,83066000.0,0.101,0.122,0.242,0.623,11294000.0,44639000.0,1.0,151908204.0,152061000,167394000.0,1.558,1003053000.0,0.0,47226000.0,7623000.0,6.596,623522000.0
81,BIIB,MRT,2001-06-30,2001-06-30,2001-06-30,2021-10-20,828000.0,952940000.0,772476000.0,676897000.0,276043000.0,0.272,5.241,-37715000.0,453906000.0,453906000.0,0.0,83746000.0,31.419,0.208,132554000.0,145000.0,132409000.0,132554000.0,1440000.0,7562000.0,0.0,0.0,0.0,125741000.0,133303000.0,0.635,133303000.0,125741000.0,118688000.0,0.59,0.5,0.59,788665000.0,610657500.0,788665000.0,9817861534.0,78.0,73.651,69522000.0,0.462,1.0,210032000.0,1.0,0.0,7053000.0,610044000.0,538955750.0,0.0,376849000.0,158613000.0,218236000.0,164275000.0,21544000.0,142731000.0,10102280534.0,341923000.0,0.0,482510000.0,-1287000.0,0.0,481223000.0,-246537000.0,-208822000.0,107237000.0,0.0,83746000.0,83746000.0,83746000.0,0.0,0.0,0.399,118547000.0,91485000.0,1547000.0,0.0,12.809,120.63,114.729,57807000.0,0.0,67.69,48.099,48.496,57415000.0,59387000.0,210032000.0,210032000.0,80323000.0,0.108,0.137,0.233,0.599,11294000.0,38224000.0,1.0,149243323.0,150477000,167417000.0,1.396,952940000.0,0.0,34942000.0,7500000.0,6.333,655353000.0
82,BIIB,MRT,2001-03-31,2001-03-31,2001-03-31,2021-10-20,918000.0,897927000.0,622274250.0,692643000.0,205284000.0,0.296,4.964,-32652000.0,415418000.0,415418000.0,0.0,73268000.0,29.595,0.224,130999000.0,373000.0,130626000.0,130999000.0,3051000.0,6093000.0,0.0,0.0,0.0,103522000.0,109615000.0,0.595,109615000.0,103522000.0,96469000.0,0.53,0.44,0.53,733859000.0,462931750.0,733859000.0,5490067440.0,53.0,50.085,48597000.0,0.329,1.0,184198000.0,1.0,0.0,7053000.0,590104000.0,473388000.0,0.0,374488000.0,220445000.0,154043000.0,164068000.0,23404000.0,140664000.0,5458588440.0,326374000.0,0.0,469977000.0,-1426000.0,0.0,468551000.0,-223426000.0,-190774000.0,81249000.0,0.0,73268000.0,73268000.0,73268000.0,0.0,0.0,0.398,109064000.0,75134000.0,1503000.0,0.0,7.438,74.502,75.472,51241000.0,0.0,40.0,29.634,32.105,49719000.0,34234000.0,184198000.0,184198000.0,75670000.0,0.118,0.158,0.219,0.562,24075000.0,33394000.0,1.0,136464711.0,147842000,167167000.0,1.246,897927000.0,0.0,23201000.0,7252000.0,6.074,669239000.0
83,BIIB,MRT,2000-12-31,2000-12-31,2000-12-31,2021-10-20,517000.0,856406000.0,479609250.0,631258000.0,225148000.0,0.323,5.15,-31431000.0,401052000.0,401052000.0,0.0,48145000.0,27.392,0.233,129631000.0,743000.0,128888000.0,129631000.0,4494000.0,4739000.0,0.0,0.0,0.0,67137000.0,71876000.0,0.465,71876000.0,67137000.0,60084000.0,0.36,0.3,0.36,694619000.0,323269750.0,694619000.0,8654229206.0,129.0,120.405,30551000.0,0.227,1.0,154682000.0,1.0,0.0,7053000.0,561940000.0,412075750.0,0.0,349474000.0,180286000.0,169188000.0,161787000.0,23045000.0,138742000.0,8622750206.0,339648000.0,0.0,474142000.0,-1513000.0,0.0,472629000.0,-194963000.0,-163532000.0,61982000.0,0.0,48145000.0,48145000.0,48145000.0,0.0,0.0,0.311,98823000.0,55859000.0,1737000.0,0.0,12.414,179.1,175.519,47514000.0,0.0,63.187,55.745,55.098,43450000.0,13427000.0,154682000.0,154682000.0,68922000.0,0.1,0.149,0.163,0.434,11294000.0,27767000.0,1.0,136464711.0,134880000,159310000.0,1.147,856406000.0,0.0,11939000.0,0.0,6.349,608213000.0
84,BIIB,MRT,2000-09-30,2000-09-30,2000-09-30,2021-10-20,-58000.0,382631000.0,342276250.0,318927000.0,63704000.0,0.412,1.672,-30027000.0,96857000.0,96857000.0,0.0,35468000.0,15.653,0.697,128336000.0,1139000.0,127197000.0,128336000.0,1327000.0,4366000.0,0.0,0.0,0.0,49902000.0,54268000.0,0.385,54268000.0,49902000.0,43844000.0,0.273,0.223,0.273,225487000.0,189609500.0,225487000.0,7880356388.0,158.0,145.212,26527000.0,0.197,1.0,140848000.0,1.0,0.0,6058000.0,393735000.0,360210000.0,212000.0,196028000.0,178126000.0,17902000.0,157144000.0,20375000.0,136769000.0,7865401388.0,18523000.0,0.0,19418000.0,-1461000.0,0.0,17957000.0,-55988000.0,-25961000.0,56554000.0,0.0,35468000.0,35468000.0,35468000.0,0.0,0.0,0.252,96039000.0,44809000.0,2033000.0,0.0,34.882,221.76,214.115,45802000.0,0.0,58.453,55.843,55.967,38576000.0,-1744000.0,140848000.0,140848000.0,64447000.0,0.104,0.187,0.139,0.354,2361000.0,24856000.0,1.0,134558646.0,134856000,158628000.0,1.044,382631000.0,0.0,8376000.0,9572000.0,2.837,298552000.0
85,BIIB,MRT,2000-06-30,2000-06-30,2000-06-30,2021-10-20,-445000.0,352133000.0,320259500.0,313579000.0,38554000.0,0.4,1.481,-9591000.0,111983000.0,111983000.0,0.0,28799000.0,16.235,0.781,126938000.0,1274000.0,125664000.0,126938000.0,4368000.0,4366000.0,0.0,0.0,0.0,40181000.0,44547000.0,0.347,44547000.0,40181000.0,34123000.0,0.23,0.183,0.23,197762000.0,171186250.0,197762000.0,5246380357.0,131.0,117.772,40013000.0,0.3,1.0,128235000.0,1.0,0.0,6058000.0,347773000.0,342079750.0,778000.0,175395000.0,162274000.0,13121000.0,154371000.0,19315000.0,135056000.0,5209811357.0,43478000.0,0.0,20689000.0,-1616000.0,0.0,19073000.0,-25199000.0,-15608000.0,49604000.0,0.0,28799000.0,28799000.0,28799000.0,0.0,0.0,0.225,91664000.0,36571000.0,1437000.0,0.0,26.344,180.903,170.014,25433000.0,0.0,39.103,40.627,40.716,34435000.0,-17794000.0,128235000.0,128235000.0,57237000.0,0.09,0.168,0.117,0.313,2361000.0,22902000.0,1.0,133231899.0,133524000,156126000.0,0.96,352133000.0,0.0,5324000.0,9392000.0,2.637,294264000.0
86,BIIB,MRT,2000-03-31,2000-03-31,2000-03-31,2021-10-20,-513000.0,327267000.0,301127500.0,294582000.0,32685000.0,0.413,1.344,-7534000.0,89044000.0,89044000.0,0.0,34032000.0,15.52,0.868,125613000.0,1413000.0,124200000.0,125613000.0,3000000.0,4366000.0,0.0,0.0,0.0,43366000.0,47732000.0,0.383,47732000.0,43366000.0,37308000.0,0.283,0.227,0.283,175211000.0,155908500.0,175211000.0,4273167773.0,99.0,89.524,50727000.0,0.389,1.0,124514000.0,1.0,0.0,6058000.0,344855000.0,333443500.0,1265000.0,185197000.0,176124000.0,9073000.0,152056000.0,18981000.0,133075000.0,4210148773.0,-11803000.0,0.0,20552000.0,-1676000.0,0.0,18876000.0,-88940000.0,-81406000.0,58261000.0,0.0,34032000.0,34032000.0,34032000.0,0.0,0.0,0.273,83299000.0,41215000.0,1216000.0,0.0,24.029,123.711,115.724,23612000.0,0.0,32.75,33.813,34.284,23390000.0,-31119000.0,124514000.0,124514000.0,49734000.0,0.113,0.218,0.13,0.348,2361000.0,21161000.0,1.0,128554161.0,130347000,130347000.0,0.955,327267000.0,0.0,3276000.0,8875000.0,2.511,275601000.0
87,BIIB,MRT,1999-12-31,1999-12-31,1999-12-31,2021-10-20,-543000.0,307074000.0,281648750.0,278519000.0,28555000.0,0.419,1.289,-4291000.0,61404000.0,61404000.0,0.0,43157000.0,17.835,0.919,124423000.0,1513000.0,122910000.0,124423000.0,0.0,4366000.0,0.0,0.0,0.0,51664000.0,56030000.0,0.475,56030000.0,51664000.0,45606000.0,0.35,0.29,0.35,159978000.0,140810500.0,159978000.0,4200957200.0,81.0,74.977,48213000.0,0.388,1.0,118003000.0,1.0,0.0,6058000.0,354477000.0,311341500.0,2400000.0,192615000.0,184882000.0,7733000.0,147096000.0,15616000.0,131480000.0,4156132200.0,34475000.0,0.0,14196000.0,110919000.0,0.0,125115000.0,-143144000.0,-138853000.0,52504000.0,0.0,43157000.0,43157000.0,43157000.0,0.0,0.0,0.366,76586000.0,41417000.0,1269000.0,0.0,25.979,96.303,93.571,20822000.0,0.0,32.75,35.221,34.455,24964000.0,-34718000.0,118003000.0,118003000.0,42831000.0,0.153,0.306,0.166,0.438,2361000.0,19478000.0,1.0,126904800.0,124146000,151287000.0,0.951,307074000.0,0.0,2449000.0,6316000.0,2.473,262903000.0
88,BIIB,MRT,1999-09-30,1999-09-30,1999-09-30,2021-10-20,-670000.0,294564000.0,236198500.0,266624000.0,27940000.0,0.482,1.218,-3170000.0,78334000.0,78334000.0,0.0,41159000.0,14.67,0.941,123159000.0,1455000.0,121704000.0,123159000.0,346000.0,4276000.0,0.0,0.0,0.0,43720000.0,47996000.0,0.422,47996000.0,43720000.0,43090000.0,0.337,0.275,0.337,151794000.0,127423000.0,151794000.0,2000422470.0,46.0,41.679,42271000.0,0.339,1.0,113748000.0,1.0,0.0,630000.0,321214000.0,244688750.0,8951000.0,159253000.0,151658000.0,7595000.0,142770000.0,18175000.0,124595000.0,1947040470.0,59287000.0,0.0,12290000.0,110895000.0,0.0,123185000.0,-109339000.0,-106169000.0,45441000.0,0.0,41159000.0,41159000.0,41159000.0,0.0,0.0,0.362,74360000.0,39388000.0,2312000.0,0.0,12.827,47.305,46.503,20345000.0,0.0,15.672,17.117,17.177,23034000.0,-42429000.0,113748000.0,113748000.0,37450000.0,0.174,0.323,0.179,0.384,0.0,18618000.0,1.0,124239528.0,124674000,153246000.0,0.912,294564000.0,0.0,1931000.0,0.0,2.363,248449000.0
89,BIIB,MRT,1999-06-30,1999-06-30,1999-06-30,2021-10-20,-643000.0,275605000.0,191555500.0,247976000.0,27629000.0,0.525,1.11,-2625000.0,68505000.0,68505000.0,0.0,32195000.0,15.736,1.017,121887000.0,1493000.0,120394000.0,121887000.0,346000.0,4276000.0,0.0,0.0,0.0,34351000.0,38627000.0,0.384,38627000.0,34351000.0,33721000.0,0.265,0.218,0.265,136651000.0,114209000.0,136651000.0,1597909421.0,47.0,41.368,25430000.0,0.207,1.0,100567000.0,1.0,0.0,630000.0,313228000.0,186642750.0,9487000.0,152039000.0,144684000.0,7355000.0,138954000.0,15759000.0,123195000.0,1578148421.0,36688000.0,0.0,8141000.0,109745000.0,0.0,117886000.0,-109253000.0,-106628000.0,28055000.0,0.0,32195000.0,32195000.0,32195000.0,0.0,0.0,0.32,69999000.0,30568000.0,1587000.0,0.0,11.549,49.018,48.465,20274000.0,0.0,12.843,15.693,15.721,21044000.0,-53158000.0,100567000.0,100567000.0,34661000.0,0.168,0.282,0.184,0.342,0.0,17780000.0,1.0,122876856.0,123102000,161364000.0,0.817,275605000.0,0.0,1526000.0,0.0,2.239,232217000.0
90,BIIB,MRT,1999-03-31,1999-03-31,1999-03-31,2021-10-20,-196000.0,249352000.0,151366250.0,221671000.0,27681000.0,0.59,0.944,-1900000.0,100847000.0,100847000.0,0.0,22419000.0,17.501,1.172,120608000.0,1450000.0,119158000.0,120608000.0,346000.0,4276000.0,0.0,0.0,0.0,23662000.0,27938000.0,0.313,27938000.0,23662000.0,23032000.0,0.187,0.158,0.187,114819000.0,104208750.0,114819000.0,1014868662.0,43.0,36.326,17088000.0,0.14,1.0,89336000.0,1.0,0.0,630000.0,256447000.0,127299250.0,5405000.0,102442000.0,95213000.0,7229000.0,134533000.0,12666000.0,121867000.0,1037792662.0,79212000.0,0.0,6448000.0,109339000.0,0.0,115787000.0,-55563000.0,-53663000.0,18988000.0,0.0,22419000.0,22419000.0,22419000.0,0.0,0.0,0.251,69264000.0,20072000.0,1469000.0,0.0,9.039,46.291,45.793,20452000.0,0.0,8.563,11.617,11.662,16757000.0,-73066000.0,89336000.0,89336000.0,32267000.0,0.148,0.215,0.186,0.265,0.0,17463000.0,1.0,121190268.0,121662000,144744000.0,0.734,249352000.0,0.0,613000.0,0.0,2.05,209005000.0
91,BIIB,MRT,1998-12-31,1998-12-31,1998-12-31,2021-10-20,1000.0,125273000.0,115218250.0,101027000.0,24246000.0,0.755,0.894,-1724000.0,26929000.0,26929000.0,0.0,21478000.0,6.976,0.177,4005000.0,1910000.0,2095000.0,4005000.0,346000.0,4276000.0,0.0,0.0,0.0,22530000.0,26806000.0,0.308,26806000.0,22530000.0,21900000.0,0.18,0.15,0.18,106428000.0,96980500.0,106428000.0,925460890.0,41.0,34.524,3363000.0,0.028,1.0,86959000.0,1.0,0.0,630000.0,87866000.0,82287750.0,5346000.0,49922000.0,46573000.0,3349000.0,18845000.0,14483000.0,4362000.0,940134890.0,-7918000.0,0.0,4327000.0,-3789000.0,0.0,538000.0,-13543000.0,-11819000.0,5087000.0,0.0,21478000.0,21478000.0,21478000.0,0.0,0.0,0.247,68055000.0,18904000.0,1989000.0,0.0,8.834,43.772,43.519,20897000.0,0.0,7.833,10.811,10.722,19818000.0,-77875000.0,86959000.0,86959000.0,31485000.0,0.186,0.221,0.274,0.259,0.0,16968000.0,1.0,120017220.0,119028000,140262000.0,0.731,125273000.0,0.0,422000.0,2267000.0,1.052,86544000.0
92,BIIB,MRT,1998-09-30,1998-09-30,1998-09-30,2021-10-20,35000.0,115992000.0,110403250.0,91136000.0,24856000.0,0.773,0.829,-2398000.0,19047000.0,19047000.0,0.0,23906000.0,7.417,0.172,4373000.0,1868000.0,2505000.0,4373000.0,346000.0,4010000.0,0.0,0.0,0.0,25219000.0,29229000.0,0.343,29229000.0,25219000.0,24302000.0,0.208,0.188,0.208,98938000.0,90543250.0,98938000.0,446239070.0,18.0,15.267,17753000.0,0.149,1.0,85319000.0,1.0,0.0,917000.0,89030000.0,75203250.0,8824000.0,49568000.0,46194000.0,3374000.0,17054000.0,12288000.0,4766000.0,472084070.0,11658000.0,0.0,3439000.0,-4521000.0,0.0,-1082000.0,-7411000.0,-5013000.0,20151000.0,0.0,23906000.0,23906000.0,23906000.0,0.0,0.0,0.28,63587000.0,21732000.0,1525000.0,0.0,4.772,19.748,19.03,21482000.0,0.0,3.958,5.533,5.537,15055000.0,-83587000.0,85319000.0,85319000.0,28840000.0,0.217,0.264,0.335,0.296,0.0,15362000.0,1.0,119263344.0,119352000,137388000.0,0.715,115992000.0,0.0,396000.0,0.0,0.972,78848000.0
93,BIIB,MRT,1998-06-30,1998-06-30,1998-06-30,2021-10-20,-35000.0,114848000.0,105029750.0,89584000.0,25264000.0,0.712,0.813,-2665000.0,31817000.0,31817000.0,0.0,12565000.0,6.813,0.188,5972000.0,3146000.0,2826000.0,5972000.0,346000.0,4010000.0,0.0,0.0,0.0,13726000.0,17736000.0,0.237,17736000.0,13726000.0,12809000.0,0.108,0.09,0.108,96650000.0,83603500.0,96650000.0,451549307.0,33.0,25.459,7398000.0,0.062,1.0,74737000.0,1.0,0.0,917000.0,75854000.0,72932500.0,8324000.0,42000000.0,38657000.0,3343000.0,18198000.0,13149000.0,5049000.0,466380307.0,20193000.0,-3000000.0,4387000.0,-1112000.0,0.0,3275000.0,6855000.0,12520000.0,10063000.0,0.0,12565000.0,12565000.0,12565000.0,0.0,0.0,0.168,64465000.0,10272000.0,1247000.0,0.0,4.825,37.117,36.358,21921000.0,0.0,3.927,6.24,6.243,9539000.0,-85353000.0,74737000.0,74737000.0,28819000.0,0.12,0.15,0.188,0.184,0.0,15055000.0,1.0,118772574.0,118830000,139584000.0,0.629,114848000.0,0.0,244000.0,0.0,0.966,76435000.0
94,BIIB,MRT,1998-03-31,1998-03-31,1998-03-31,2021-10-20,31000.0,104760000.0,101859000.0,78596000.0,26164000.0,0.551,0.729,-3561000.0,21635000.0,21635000.0,0.0,-9438000.0,5.81,0.219,6804000.0,3664000.0,3140000.0,6804000.0,346000.0,4010000.0,0.0,0.0,0.0,-8407000.0,-4397000.0,-0.078,-4397000.0,-8407000.0,-9324000.0,-0.082,-0.088,-0.082,85906000.0,79341000.0,85906000.0,841605210.0,-100.0,-191.404,-6849000.0,-0.058,1.0,56076000.0,1.0,0.0,917000.0,76401000.0,74312750.0,5918000.0,45120000.0,41777000.0,3343000.0,18854000.0,13528000.0,5326000.0,868658210.0,3780000.0,-3000000.0,4167000.0,-1127000.0,0.0,3040000.0,4028000.0,10589000.0,-3288000.0,0.0,-9438000.0,-9438000.0,-9438000.0,0.0,0.0,-0.168,67931000.0,-11855000.0,2045000.0,0.0,10.112,-92.038,-89.939,22821000.0,0.0,7.375,15.491,15.496,7909000.0,-95485000.0,56076000.0,56076000.0,31970000.0,-0.093,-0.119,-0.113,-0.15,0.0,13011000.0,1.0,117784164.0,117822000,142056000.0,0.476,104760000.0,0.0,114000.0,0.0,0.889,65068000.0
95,BIIB,MRT,1997-12-31,1997-12-31,1997-12-31,2021-10-20,57000.0,106013000.0,103058500.0,79193000.0,26820000.0,0.433,0.718,-5875000.0,34847000.0,34847000.0,0.0,-15538000.0,4.075,0.314,7794000.0,3908000.0,3886000.0,7794000.0,6646000.0,4010000.0,0.0,0.0,0.0,-14507000.0,-10497000.0,-0.235,-10497000.0,-14507000.0,-15424000.0,-0.137,-0.137,-0.137,80679000.0,80627250.0,80679000.0,657904909.0,-45.0,-62.676,-8634000.0,-0.077,1.0,44606000.0,1.0,0.0,917000.0,59528000.0,77216000.0,4134000.0,38181000.0,34810000.0,3371000.0,25334000.0,19432000.0,5902000.0,656399909.0,9510000.0,-3000000.0,3509000.0,-1051000.0,0.0,2458000.0,9811000.0,18686000.0,-2759000.0,0.0,-15538000.0,-15538000.0,-15538000.0,0.0,0.0,-0.348,62602000.0,-17996000.0,2496000.0,0.0,8.136,-42.245,-41.825,23449000.0,0.0,5.73,14.716,14.443,3971000.0,-99353000.0,44606000.0,44606000.0,32407000.0,-0.151,-0.193,-0.188,-0.325,0.0,11320000.0,1.0,114554958.0,112434000,112434000.0,0.397,106013000.0,0.0,114000.0,0.0,0.943,59761000.0
96,BIIB,MRT,1997-09-30,1997-09-30,1997-09-30,2021-10-20,-113000.0,94498000.0,104812500.0,67823000.0,26675000.0,0.273,0.629,-9037000.0,7389000.0,7389000.0,0.0,-22487000.0,4.224,0.328,8894000.0,4520000.0,4374000.0,8894000.0,1804000.0,2643000.0,0.0,0.0,0.0,-20144000.0,-17501000.0,-0.612,-17501000.0,-20144000.0,-22487000.0,-0.203,,-0.203,71179000.0,83611000.0,71179000.0,783929740.0,-39.0,-44.793,-32040000.0,-0.283,1.0,28595000.0,1.0,0.0,2343000.0,79947000.0,83246500.0,6917000.0,44398000.0,41033000.0,3365000.0,23319000.0,16056000.0,7263000.0,788470740.0,-45716000.0,-3000000.0,7636000.0,-149000.0,0.0,7487000.0,-30200000.0,-18163000.0,-23003000.0,0.0,-22487000.0,-23183000.0,-23183000.0,0.0,0.0,-0.811,54157000.0,-25562000.0,2715000.0,0.0,11.077,-34.011,-34.384,23310000.0,696000.0,6.98,27.574,27.644,11011000.0,-107494000.0,28595000.0,28595000.0,34890000.0,-0.221,-0.277,-0.242,-0.704,359000.0,10176000.0,1.0,112961424.0,113250000,,0.252,94498000.0,0.0,0.0,0.0,0.834,51767000.0
97,BIIB,MRT,1997-06-30,1997-06-30,1997-06-30,2021-10-20,-115000.0,102165000.0,,78333000.0,23832000.0,,0.709,-9363000.0,11624000.0,11624000.0,0.0,-17415000.0,4.821,0.283,7083000.0,3588000.0,3495000.0,7083000.0,0.0,2643000.0,0.0,0.0,0.0,-15802000.0,-13159000.0,-0.525,-13159000.0,-15802000.0,-17415000.0,-0.162,,-0.162,79600000.0,,79600000.0,443510618.0,-28.0,-33.704,-24349000.0,-0.217,1.0,25070000.0,1.0,0.0,1613000.0,81375000.0,,6587000.0,51086000.0,51086000.0,0.0,22565000.0,16249000.0,6316000.0,453435618.0,-56380000.0,0.0,6431000.0,-2114000.0,0.0,4317000.0,-45711000.0,-36348000.0,-14986000.0,0.0,-17415000.0,-18111000.0,-18111000.0,0.0,0.0,-0.722,45567000.0,-20497000.0,3322000.0,0.0,5.696,-25.036,-24.949,23442000.0,696000.0,4.042,18.087,18.112,7340000.0,-97918000.0,25070000.0,25070000.0,33194000.0,,,,-0.63,359000.0,8543000.0,1.0,112190256.0,112344000,,0.223,102165000.0,0.0,0.0,0.0,0.909,62084000.0
98,BIIB,MRT,1997-03-31,1997-03-31,1997-03-31,2021-10-20,-95000.0,109558000.0,,85603000.0,23955000.0,,0.834,-8798000.0,17855000.0,17855000.0,0.0,-9034000.0,7.368,0.203,7930000.0,3752000.0,4178000.0,7930000.0,0.0,2643000.0,0.0,0.0,0.0,-6931000.0,-4288000.0,-0.16,-4288000.0,-6931000.0,-9034000.0,-0.093,,-0.093,91051000.0,,91051000.0,414113921.0,-60.0,-96.575,-14831000.0,-0.136,1.0,26737000.0,1.0,0.0,2103000.0,88014000.0,,6198000.0,52228000.0,52228000.0,0.0,18507000.0,11619000.0,6888000.0,430605921.0,-669000.0,0.0,52728000.0,-1811000.0,0.0,58417000.0,-53053000.0,-44255000.0,-6033000.0,0.0,-9034000.0,-9730000.0,-9730000.0,0.0,0.0,-0.364,37632000.0,-10895000.0,1787000.0,0.0,4.729,-44.255,-42.67,23352000.0,696000.0,3.968,16.105,16.203,7913000.0,-86047000.0,26737000.0,26737000.0,29980000.0,,,,-0.259,359000.0,7652000.0,1.0,108510522.0,109170000,,0.245,109558000.0,0.0,0.0,0.0,1.004,73984000.0
99,BIIB,MRT,1996-12-31,1996-12-31,1996-12-31,2021-10-20,-37000.0,113029000.0,80327500.0,90815000.0,22214000.0,0.374,0.931,-6301000.0,25337000.0,25337000.0,0.0,-4955000.0,7.047,0.22,8845000.0,3830000.0,5015000.0,8845000.0,0.0,2643000.0,0.0,0.0,0.0,-2258000.0,385000.0,0.013,385000.0,-2258000.0,-4955000.0,-0.057,-0.057,-0.057,92614000.0,61891500.0,92614000.0,,,,-10084000.0,-0.101,1.0,30009000.0,1.0,0.0,2697000.0,83650000.0,56779000.0,4384000.0,54151000.0,53390000.0,761000.0,20415000.0,12887000.0,7528000.0,429520816.0,6509000.0,0.0,52564000.0,-965000.0,0.0,64099000.0,-53807000.0,-47506000.0,-3783000.0,0.0,-4955000.0,-5651000.0,-5651000.0,0.0,0.0,-0.188,35445000.0,-5436000.0,4106000.0,0.0,4.638,-76.008,-69.444,21453000.0,696000.0,3.958,14.313,13.116,4367000.0,-83815000.0,30009000.0,30009000.0,28147000.0,-0.07,-0.091,-0.04,-0.075,359000.0,7298000.0,1.0,108510522.0,99438000,99438000.0,0.302,113029000.0,0.0,0.0,0.0,1.137,77928000.0
100,BIIB,MRT,1996-09-30,1996-09-30,1996-09-30,2021-10-20,,,,,,,,,,,,,,,,,,,,,,0.0,0.0,,,,,,,,,,,,,,,,,,1.0,,,,,,,,,,,,,,,,,,,,,,,,,,,,,,,,,,,,,,,,4.0,,,,,,,,,,,,,,1.0,,105168000,,,,,,,,
101,BIIB,MRT,1996-06-30,1996-06-30,1996-06-30,2021-10-20,,,,,,,,,,,,,,,,,,,,,,0.0,0.0,,,,,,,,,,,,,,,,,,1.0,,,,,,,,,,,,,,,,,,,,,,,,,,,,,,,,,,,,,,,,3.855,,,,,,,,,,,,,,1.0,,94122000,,,,,,,,
102,BIIB,MRT,1996-03-31,1996-03-31,1996-03-31,2021-10-20,,,,,,,,,,,,,,,,,,,,,,0.0,0.0,,,,,,,,,,,,,,,,,,1.0,,,,,,,,,,,,,,,,,,,,,,,,,,,,,,,,,,,,,,,,3.708,,,,,,,,,,,,,,1.0,,114726000,,,,,,,,
103,BIIB,MRT,1995-12-31,1995-12-31,1995-12-31,2021-10-20,10000.0,47626000.0,,27438000.0,20188000.0,,0.355,-1315000.0,18828000.0,18828000.0,0.0,-17292000.0,3.141,0.528,9846000.0,3248000.0,6598000.0,9846000.0,0.0,2401000.0,0.0,0.0,0.0,-15014000.0,-12613000.0,-0.534,-12613000.0,-15014000.0,-17292000.0,-0.197,,-0.197,31169000.0,,31169000.0,,,,-3904000.0,-0.044,1.0,23636000.0,1.0,0.0,2278000.0,29908000.0,,0.0,5932000.0,5182000.0,750000.0,16457000.0,8736000.0,7721000.0,,5137000.0,0.0,953000.0,-1558000.0,0.0,6544000.0,1182000.0,2497000.0,-2589000.0,0.0,-17292000.0,-17292000.0,-17292000.0,0.0,0.0,-0.732,40037000.0,-16401000.0,1208000.0,0.0,,,-16.497,17955000.0,0.0,3.25,,12.086,3344000.0,-78860000.0,23636000.0,23636000.0,22488000.0,,,,-0.635,322000.0,6112000.0,1.0,,87900000,,0.269,47626000.0,0.0,0.0,0.0,0.542,18702000.0
104,BIIB,MRT,1994-12-31,1994-12-31,1994-12-31,2021-10-20,,,,,,,,-1619000.0,,,0.0,-18031000.0,,,,,,,,2422000.0,,0.0,0.0,-17546000.0,-15124000.0,-2.032,-15124000.0,-17546000.0,-18031000.0,-0.275,,-0.275,,,,,,,-20756000.0,-0.316,1.0,7443000.0,1.0,,485000.0,,,,,,,,,,,4022000.0,0.0,10267000.0,6100000.0,0.0,16367000.0,6792000.0,8411000.0,-19137000.0,0.0,-18031000.0,-18031000.0,-18031000.0,0.0,0.0,-2.423,25959000.0,-18516000.0,,0.0,,,-1.291,,0.0,0.355,,3.128,,,7443000.0,7443000.0,21191000.0,,,,-2.357,0.0,4768000.0,1.0,,65586000,,0.113,,,0.0,,,
