None,ticker,dimension,calendardate,datekey,reportperiod,lastupdated,accoci,assets,assetsavg,assetsc,assetsnc,assetturnover,bvps,capex,cashneq,cashnequsd,cor,consolinc,currentratio,de,debt,debtc,debtnc,debtusd,deferredrev,depamor,deposits,divyield,dps,ebit,ebitda,ebitdamargin,ebitdausd,ebitusd,ebt,eps,epsdil,epsusd,equity,equityavg,equityusd,ev,evebit,evebitda,fcf,fcfps,fxusd,gp,grossmargin,intangibles,intexp,invcap,invcapavg,inventory,investments,investmentsc,investmentsnc,liabilities,liabilitiesc,liabilitiesnc,marketcap,ncf,ncfbus,ncfcommon,ncfdebt,ncfdiv,ncff,ncfi,ncfinv,ncfo,ncfx,netinc,netinccmn,netinccmnusd,netincdis,netincnci,netmargin,opex,opinc,payables,payoutratio,pb,pe,pe1,ppnenet,prefdivis,price,ps,ps1,receivables,retearn,revenue,revenueusd,rnd,roa,roe,roic,ros,sbcomp,sgna,sharefactor,sharesbas,shareswa,shareswadil,sps,tangibles,taxassets,taxexp,taxliabilities,tbvps,workingcapital
0,VNO,MRY,2020-12-31,2020-12-31,2020-12-31,2021-08-25,-75099000.0,16221822000.0,17509206500.0,,,0.087,34.179,-109605000.0,1730369000.0,1730369000.0,789066000.0,-461845000.0,,1.327,7800004000.0,,,7800004000.0,40110000.0,417942000.0,0.0,0.064,2.38,-31124000.0,386818000.0,0.253,386818000.0,-31124000.0,-260375000.0,-1.83,-1.83,-1.83,6533198000.0,6583870500.0,6533198000.0,13534125031.0,-435.0,34.988,314635000.0,1.646,1.0,738885000.0,0.484,23856000.0,229251000.0,22267601000.0,23925520250.0,0.0,3494846000.0,,,8667400000.0,,,7141685031.0,123238000.0,-6570000.0,5725000.0,-22150000.0,-827319000.0,-213202000.0,-87800000.0,28375000.0,424240000.0,0.0,-297005000.0,-348744000.0,-348744000.0,0.0,-164840000.0,-0.228,380354000.0,358531000.0,427202000.0,-1.301,1.093,-20.478,-20.404,9285862000.0,51739000.0,37.34,4.674,4.671,751733000.0,-2774182000.0,1527951000.0,1527951000.0,0.0,-0.02,-0.053,-0.001,-0.02,48677000.0,181509000.0,1.0,191260981.0,191146000.0,191146000.0,7.994,16197966000.0,0.0,36630000.0,0.0,84.741,
1,VNO,MRY,2019-12-31,2019-12-31,2019-12-31,2021-08-25,-40233000.0,18287013000.0,18013731000.0,,,0.107,35.283,214000000.0,1607131000.0,1607131000.0,917981000.0,3334262000.0,,1.498,7904863000.0,,,7904863000.0,59429000.0,438933000.0,0.0,0.069,4.59,3537999000.0,3976932000.0,2.066,3976932000.0,3537999000.0,3251376000.0,16.23,16.21,16.23,6732030000.0,6277912000.0,6732030000.0,19424116346.0,5.0,4.884,876539000.0,4.594,1.0,1006719000.0,0.523,30965000.0,286623000.0,24553780000.0,25028361750.0,0.0,4255127000.0,,,10087120000.0,,,12691546346.0,890226000.0,1755366000.0,-1789000.0,-1648477000.0,-503785000.0,-2235589000.0,2463276000.0,169709000.0,662539000.0,0.0,3147937000.0,3097806000.0,3097806000.0,30000.0,186325000.0,1.61,-138325000.0,1145044000.0,440049000.0,0.283,1.885,4.097,4.097,10437600000.0,50131000.0,66.5,6.594,6.592,837939000.0,-1954266000.0,1924700000.0,1924700000.0,0.0,0.172,0.493,0.141,1.838,53908000.0,169920000.0,1.0,190850321.0,190801000.0,191053000.0,10.087,18256048000.0,0.0,103439000.0,0.0,95.681,
2,VNO,MRY,2018-12-31,2018-12-31,2018-12-31,2021-08-25,7664000.0,17180794000.0,16897345000.0,,,0.128,23.474,-1085358000.0,716905000.0,716905000.0,963478000.0,422603000.0,,2.528,9836621000.0,,,9836621000.0,167730000.0,472785000.0,0.0,0.041,2.52,835536000.0,1308321000.0,0.605,1308321000.0,835536000.0,487587000.0,2.02,2.01,2.02,4465231000.0,4371278750.0,4465231000.0,20676277112.0,25.0,15.804,-282717000.0,-1.486,1.0,1200242000.0,0.555,136781000.0,347949000.0,26163729000.0,25482986250.0,0.0,1329069000.0,,,11289349000.0,,,11803428112.0,-1197907000.0,63047000.0,-5660000.0,-172225000.0,-479348000.0,-1122826000.0,-877722000.0,-75142000.0,802641000.0,0.0,449954000.0,384832000.0,384832000.0,-638000.0,-27351000.0,0.178,371250000.0,828992000.0,430976000.0,1.248,2.643,30.672,30.708,13057708000.0,65122000.0,62.03,5.455,5.453,1008453000.0,-4167184000.0,2163720000.0,2163720000.0,0.0,0.023,0.088,0.033,0.386,31722000.0,141871000.0,1.0,190285799.0,190219000.0,191290000.0,11.375,17044013000.0,0.0,37633000.0,0.0,89.602,
3,VNO,MRY,2017-12-31,2017-12-31,2017-12-31,2021-08-25,128682000.0,17397934000.0,18965198000.0,,,0.11,22.887,-657767000.0,1914812000.0,1914812000.0,886596000.0,264128000.0,,2.629,9729487000.0,,,9729487000.0,227069000.0,529826000.0,0.0,0.03,2.348,615445000.0,1145271000.0,0.55,1145271000.0,615445000.0,269791000.0,0.85,0.85,0.85,4337652000.0,5666718000.0,4337652000.0,22810469017.0,37.0,19.917,202375000.0,1.068,1.0,1197530000.0,0.575,159260000.0,345654000.0,25053349000.0,27316910000.0,0.0,1594385000.0,,,11405296000.0,,,14844651017.0,315481000.0,441248000.0,29294000.0,408649000.0,-496490000.0,-338344000.0,-206317000.0,659000.0,860142000.0,0.0,227416000.0,162017000.0,162017000.0,13228000.0,36712000.0,0.078,588378000.0,609152000.0,415794000.0,2.762,3.422,91.624,91.976,11871012000.0,65399000.0,78.18,7.123,7.11,985411000.0,-4183253000.0,2084126000.0,2084126000.0,0.0,0.009,0.029,0.023,0.295,32829000.0,150782000.0,1.0,189877859.0,189526000.0,191258000.0,10.997,17238674000.0,0.0,42375000.0,0.0,90.957,
4,VNO,MRY,2016-12-31,2016-12-31,2016-12-31,2021-08-25,118972000.0,20814847000.0,20905330000.0,,,0.096,36.532,-1085213000.0,1596059000.0,1596059000.0,844566000.0,981922000.0,,1.728,9446670000.0,,,9446670000.0,276276000.0,595270000.0,0.0,0.02,2.037,1245080000.0,1840350000.0,0.918,1840350000.0,1245080000.0,914840000.0,4.36,4.34,4.36,6898519000.0,6583345250.0,6898519000.0,29460928203.0,24.0,16.008,-90133000.0,-0.477,1.0,1159176000.0,0.579,189668000.0,330240000.0,28475790000.0,29751302500.0,0.0,2044090000.0,,,11917905000.0,,,19725328203.0,-344184000.0,21027000.0,8083000.0,466751000.0,-475961000.0,-446154000.0,-893110000.0,171076000.0,995080000.0,0.0,906917000.0,823606000.0,823606000.0,-404912000.0,75005000.0,0.411,418897000.0,740279000.0,397134000.0,0.467,2.859,23.95,23.938,11606306000.0,83311000.0,104.37,9.844,9.836,946236000.0,-1419382000.0,2003742000.0,2003742000.0,0.0,0.039,0.125,0.042,0.621,0.0,143643000.0,1.0,188994234.0,188837000.0,190173000.0,10.611,20625179000.0,0.0,7923000.0,0.0,109.222,
5,VNO,MRY,2015-12-31,2015-12-31,2015-12-31,2021-08-25,46921000.0,21143293000.0,19990544250.0,,,0.099,35.559,-1335716000.0,1943506000.0,1943506000.0,824511000.0,859430000.0,,1.857,11091010000.0,,,11091010000.0,346119000.0,566207000.0,0.0,0.02,2.037,984720000.0,1550927000.0,0.781,1550927000.0,984720000.0,675422000.0,3.61,3.59,3.61,6697595000.0,6550846000.0,6697595000.0,27957450965.0,28.0,18.026,-663625000.0,-3.523,1.0,1160984000.0,0.585,227901000.0,309298000.0,30062896000.0,28684728500.0,0.0,2276180000.0,,,12437994000.0,,,18846545965.0,558526000.0,-199422000.0,9306000.0,1450740000.0,-474751000.0,618859000.0,-732424000.0,802714000.0,672091000.0,0.0,760434000.0,679856000.0,679856000.0,-223511000.0,98996000.0,0.342,392153000.0,768831000.0,443955000.0,0.564,2.814,27.721,27.69,14671870000.0,80578000.0,99.96,9.492,9.483,1029307000.0,-1766780000.0,1985495000.0,1985495000.0,0.0,0.034,0.104,0.034,0.496,0.0,149256000.0,1.0,188540876.0,188353000.0,189564000.0,10.541,20915392000.0,0.0,-85012000.0,0.0,111.044,
6,VNO,MRY,2014-12-31,2014-12-31,2014-12-31,2021-08-25,93267000.0,21157980000.0,20816156500.0,,,0.111,35.962,-1034747000.0,1374681000.0,1374681000.0,953611000.0,1009026000.0,,1.828,9530337000.0,,,9530337000.0,358613000.0,583408000.0,0.0,0.018,2.136,1286888000.0,1870296000.0,0.809,1870296000.0,1286888000.0,874133000.0,4.18,4.15,4.18,6745426000.0,6571600750.0,6745426000.0,31407660806.0,24.0,16.793,100563000.0,0.536,1.0,1358901000.0,0.588,225155000.0,412755000.0,29088481000.0,29487569000.0,0.0,1960785000.0,,,12330818000.0,,,22098313806.0,615187000.0,-94696000.0,15434000.0,1116027000.0,-547831000.0,54342000.0,-574465000.0,455514000.0,1135310000.0,0.0,864852000.0,783388000.0,783388000.0,-585676000.0,144174000.0,0.339,669008000.0,689893000.0,447745000.0,0.511,3.276,28.209,28.16,13660725000.0,81464000.0,117.71,9.556,9.548,897269000.0,-1505385000.0,2312512000.0,2312512000.0,0.0,0.038,0.119,0.044,0.556,0.0,169270000.0,1.0,187735229.0,187572000.0,188690000.0,12.329,20932825000.0,0.0,9281000.0,0.0,111.599,
7,VNO,MRY,2013-12-31,2013-12-31,2013-12-31,2021-08-25,71537000.0,20097224000.0,20457975750.0,,,0.112,36.189,-923177000.0,845730000.0,845730000.0,960775000.0,564740000.0,,1.7,9978718000.0,,,9978718000.0,529002000.0,561998000.0,0.0,0.024,2.136,893036000.0,1455034000.0,0.633,1455034000.0,893036000.0,467254000.0,2.1,2.09,2.1,6765232000.0,7005181250.0,6765232000.0,25416032687.0,28.0,17.468,117612000.0,0.629,1.0,1338401000.0,0.582,307436000.0,425782000.0,28922776000.0,29276335750.0,0.0,2109294000.0,,,11498860000.0,,,16608001687.0,-377029000.0,300578000.0,7322000.0,-1317855000.0,-545913000.0,-2139894000.0,722076000.0,1456496000.0,1040789000.0,0.0,475971000.0,392034000.0,392034000.0,-568095000.0,88769000.0,0.171,663850000.0,674551000.0,422276000.0,1.017,2.455,42.364,42.281,14122229000.0,83937000.0,88.79,7.223,7.219,911118000.0,-1734839000.0,2299176000.0,2299176000.0,0.0,0.019,0.056,0.031,0.388,0.0,177366000.0,1.0,187048110.0,186941000.0,187709000.0,12.299,19789788000.0,0.0,-8717000.0,1280000.0,105.861,
8,VNO,MRY,2012-12-31,2012-12-31,2012-12-31,2021-08-25,-18946000.0,22065049000.0,20684089750.0,,,0.128,36.871,-1036209000.0,1143575000.0,1143575000.0,1215502000.0,694541000.0,,1.929,11127230000.0,,,11127230000.0,596067000.0,557888000.0,0.0,0.034,2.751,1110186000.0,1668074000.0,0.63,1668074000.0,1110186000.0,625392000.0,2.95,2.94,2.95,6850935000.0,6775080250.0,6850935000.0,23859239848.0,21.0,14.303,-211160000.0,-1.136,1.0,1433715000.0,0.541,415330000.0,484794000.0,31633374000.0,29909721250.0,0.0,2928630000.0,,,13216753000.0,,,14906339848.0,353766000.0,62012000.0,-18315000.0,845306000.0,-699318000.0,170979000.0,-642262000.0,463453000.0,825049000.0,0.0,617260000.0,549271000.0,549271000.0,-220445000.0,67345000.0,0.207,705923000.0,727792000.0,484746000.0,0.933,2.176,27.138,27.146,15165949000.0,77925000.0,80.08,5.627,5.617,953909000.0,-1573275000.0,2649217000.0,2649217000.0,0.0,0.027,0.081,0.037,0.419,0.0,190109000.0,1.0,186143105.0,185810000.0,186530000.0,14.258,21649719000.0,0.0,8132000.0,15305000.0,116.515,
9,VNO,MRY,2011-12-31,2011-12-31,2011-12-31,2021-08-25,73729000.0,20446487000.0,20416494750.0,,,0.132,37.048,-349604000.0,704621000.0,704621000.0,1130531000.0,740000000.0,,1.725,10076607000.0,,,10076607000.0,515816000.0,580990000.0,0.0,0.026,2.019,1205384000.0,1786374000.0,0.661,1786374000.0,1205384000.0,686227000.0,3.26,3.23,3.26,6828316000.0,6746992750.0,6828316000.0,23876748481.0,20.0,13.366,352895000.0,1.915,1.0,1572277000.0,0.582,287844000.0,519157000.0,29530629000.0,29758268500.0,0.0,2962378000.0,,,11777363000.0,,,14180365481.0,-84236000.0,-252956000.0,24543000.0,-327430000.0,-508745000.0,-621974000.0,-164761000.0,298919000.0,702499000.0,0.0,662302000.0,601771000.0,601771000.0,-165441000.0,62845000.0,0.223,760051000.0,812226000.0,423512000.0,0.619,2.077,23.564,23.577,13809383000.0,75384000.0,76.86,5.247,5.241,887285000.0,-1401704000.0,2702808000.0,2702808000.0,0.0,0.029,0.089,0.041,0.446,0.0,208530000.0,1.0,184496038.0,184308000.0,186021000.0,14.665,20158643000.0,0.0,23925000.0,13315000.0,109.375,
10,VNO,MRY,2010-12-31,2010-12-31,2010-12-31,2021-08-25,73453000.0,20517471000.0,20365542250.0,,,0.126,34.637,-474982000.0,891611000.0,891611000.0,983424000.0,708031000.0,,1.957,10889442000.0,,,10889442000.0,575836000.0,556312000.0,0.0,0.023,1.902,1209390000.0,1765702000.0,0.69,1765702000.0,1209390000.0,670020000.0,3.27,3.24,3.27,6315710000.0,6201504250.0,6315710000.0,25337521013.0,21.0,14.35,296104000.0,1.624,1.0,1574783000.0,0.616,346157000.0,539370000.0,30169145000.0,30179165250.0,0.0,2487957000.0,,,12359092000.0,,,15221974013.0,155310000.0,-113493000.0,1333000.0,477165000.0,-474299000.0,-95415000.0,-520361000.0,-57972000.0,771086000.0,0.0,647883000.0,596731000.0,596731000.0,-6832000.0,48953000.0,0.233,815755000.0,759028000.0,438479000.0,0.582,2.41,25.509,25.483,14672655000.0,62347000.0,83.33,5.95,5.939,865819000.0,-1480876000.0,2558207000.0,2558207000.0,0.0,0.029,0.096,0.04,0.473,0.0,211399000.0,1.0,182670995.0,182340000.0,184159000.0,14.03,20171314000.0,0.0,22137000.0,13278000.0,110.625,
11,VNO,MRY,2009-12-31,2009-12-31,2009-12-31,2021-08-25,28449000.0,20185472000.0,21504157250.0,,,0.123,36.381,-681874000.0,829429000.0,829429000.0,1050545000.0,128450000.0,,1.968,10685703000.0,,,10685703000.0,655283000.0,559053000.0,0.0,0.038,2.626,744579000.0,1303632000.0,0.491,1303632000.0,744579000.0,126811000.0,0.28,0.28,0.28,6242769000.0,6417477000.0,6242769000.0,22436333441.0,30.0,17.211,-48295000.0,-0.281,1.0,1605046000.0,0.604,439549000.0,617768000.0,29602197000.0,31507321250.0,0.0,1833223000.0,,,12284438000.0,,,12555907441.0,-991374000.0,-21476000.0,679773000.0,-1648265000.0,-262397000.0,-1382752000.0,-242201000.0,349361000.0,633579000.0,0.0,106169000.0,49093000.0,49093000.0,-49929000.0,22281000.0,0.018,823881000.0,781165000.0,475242000.0,9.379,2.011,255.758,249.786,15132901000.0,57076000.0,69.94,4.728,4.519,840700000.0,-1577591000.0,2655591000.0,2655591000.0,0.0,0.002,0.008,0.024,0.28,0.0,230584000.0,1.0,179523984.0,171595000.0,173503000.0,15.476,19745923000.0,0.0,20642000.0,16495000.0,115.073,
12,VNO,MRY,2008-12-31,2008-12-31,2008-12-31,2021-08-25,-6899000.0,21418048000.0,21462489750.0,,,0.123,37.698,-849215000.0,1902741000.0,1902741000.0,1048537000.0,411445000.0,,2.417,12437923000.0,,,12437923000.0,764774000.0,577338000.0,0.0,0.044,2.67,774184000.0,1351522000.0,0.512,1351522000.0,774184000.0,154653000.0,1.96,1.91,1.96,5801739000.0,6203806250.0,5801739000.0,19977050167.0,26.0,14.781,-31403000.0,-0.204,1.0,1591954000.0,0.603,0.0,619531000.0,31953230000.0,32045413750.0,0.0,1890111000.0,,,14025418000.0,,,9315265167.0,372258000.0,62140000.0,-1821000.0,728309000.0,-561981000.0,7677000.0,-453231000.0,321840000.0,817812000.0,0.0,359297000.0,302206000.0,302206000.0,-180925000.0,52148000.0,0.114,804550000.0,787404000.0,515607000.0,1.362,1.606,30.824,30.791,15652276000.0,57091000.0,60.35,3.528,3.517,807183000.0,-1047340000.0,2640491000.0,2640491000.0,0.0,0.014,0.049,0.024,0.293,0.0,193969000.0,1.0,154354021.0,153900000.0,158119000.0,17.157,21418048000.0,0.0,-204644000.0,19895000.0,139.169,
13,VNO,MRY,2007-12-31,2007-12-31,2007-12-31,2021-08-25,29772000.0,22478935000.0,21781004500.0,,,0.11,35.657,-3077542000.0,1154595000.0,1154595000.0,950487000.0,607833000.0,,2.766,11896038000.0,,,11896038000.0,848852000.0,545885000.0,0.0,0.029,2.524,1150522000.0,1696407000.0,0.705,1696407000.0,1150522000.0,550718000.0,3.18,3.05,3.18,5418099000.0,6011753250.0,5418099000.0,25133845071.0,22.0,14.816,-2380217000.0,-15.665,1.0,1454756000.0,0.605,0.0,599804000.0,33220378000.0,32546270250.0,0.0,2320162000.0,,,14986235000.0,,,13391635071.0,-1078722000.0,-248882000.0,-8313000.0,2086442000.0,-524719000.0,1291657000.0,-3067704000.0,-13696000.0,697325000.0,0.0,541539000.0,484362000.0,484362000.0,-67622000.0,66294000.0,0.201,639623000.0,815133000.0,480123000.0,0.794,2.472,27.648,27.657,15226452000.0,57177000.0,87.95,5.568,5.556,694548000.0,-721625000.0,2405243000.0,2405243000.0,0.0,0.022,0.081,0.035,0.478,38726000.0,189024000.0,1.0,152264185.0,151949000.0,158558000.0,15.829,22478935000.0,0.0,9179000.0,241895000.0,147.937,
14,VNO,MRY,2006-12-31,2006-12-31,2006-12-31,2021-08-25,92963000.0,17954281000.0,15427552000.0,,,0.124,43.301,-1803398000.0,2233317000.0,2233317000.0,737452000.0,560140000.0,,1.736,9554798000.0,,,9554798000.0,331760000.0,413162000.0,0.0,0.023,2.773,955202000.0,1368364000.0,0.717,1368364000.0,955202000.0,560631000.0,3.54,3.35,3.54,6150770000.0,5527452500.0,6150770000.0,24254317782.0,25.0,17.725,-978730000.0,-6.89,1.0,1171648000.0,0.614,0.0,394571000.0,25275762000.0,22258594500.0,0.0,2330705000.0,,,10675307000.0,,,17258739782.0,1938813000.0,-137192000.0,880401000.0,3570684000.0,-537298000.0,3030655000.0,-1916510000.0,-163216000.0,824668000.0,0.0,560140000.0,502629000.0,502629000.0,-32215000.0,0.0,0.263,499233000.0,672415000.0,592932000.0,0.783,2.806,34.337,34.322,11471396000.0,57511000.0,121.5,9.04,9.04,687426000.0,-69188000.0,1909100000.0,1909100000.0,0.0,0.033,0.091,0.043,0.5,2079000.0,180167000.0,1.0,142047241.0,142047241.0,,13.44,17954281000.0,0.0,491000.0,34529000.0,126.397,
15,VNO,MRY,2005-12-31,2005-12-31,2005-12-31,2021-08-25,83406000.0,13637163000.0,12823937750.0,,,0.196,37.451,-1026705000.0,294504000.0,294504000.0,1294850000.0,539604000.0,,1.352,6243126000.0,,,6243126000.0,184206000.0,346775000.0,0.0,0.034,2.817,882695000.0,1229470000.0,0.488,1229470000.0,882695000.0,544598000.0,3.69,3.5,3.69,5263510000.0,4756628500.0,5263510000.0,17052700127.0,19.0,13.87,-264027000.0,-1.879,1.0,1225011000.0,0.486,0.0,338097000.0,19585785000.0,17975637000.0,0.0,1645999000.0,,,7117212000.0,,,11731226127.0,-304778000.0,-834594000.0,833510000.0,896239000.0,-524163000.0,683828000.0,-1751284000.0,73357000.0,762678000.0,0.0,539604000.0,493103000.0,493103000.0,-41020000.0,0.0,0.196,506601000.0,718410000.0,528543000.0,0.763,2.229,23.791,22.621,9704035000.0,46501000.0,83.47,4.656,4.656,1001253000.0,103061000.0,2519861000.0,2519861000.0,0.0,0.038,0.104,0.049,0.35,0.0,177790000.0,1.0,140544221.0,140544221.0,,17.929,13637163000.0,0.0,4994000.0,0.0,97.031,
16,VNO,MRY,2004-12-31,2004-12-31,2004-12-31,2021-08-25,47782000.0,11580517000.0,10053613250.0,,,0.169,31.542,-310916000.0,599282000.0,599282000.0,676025000.0,592917000.0,,1.401,4951323000.0,,,4951323000.0,103524000.0,253822000.0,0.0,0.029,2.231,835059000.0,1088881000.0,0.641,1088881000.0,835059000.0,592917000.0,4.56,4.35,4.56,4012741000.0,3526922750.0,4012741000.0,13701555631.0,16.0,12.583,370517000.0,2.912,1.0,1023669000.0,0.602,0.0,242142000.0,15932558000.0,14061856000.0,0.0,790694000.0,,,5619905000.0,,,9685063631.0,278740000.0,150232000.0,61935000.0,37411000.0,-379480000.0,-35224000.0,-367469000.0,-215539000.0,681433000.0,0.0,592917000.0,570997000.0,570997000.0,-81245000.0,0.0,0.336,388281000.0,635388000.0,446469000.0,0.489,2.414,16.962,16.695,8348597000.0,21920000.0,76.13,5.698,5.698,951293000.0,133899000.0,1699694000.0,1699694000.0,0.0,0.057,0.162,0.059,0.491,0.0,145040000.0,1.0,127217439.0,127217439.0,,13.361,11580517000.0,0.0,0.0,0.0,91.029,
17,VNO,MRY,2003-12-31,2003-12-31,2003-12-31,2021-08-25,3524000.0,9518928000.0,9152637000.0,,,0.164,26.73,-160538000.0,320542000.0,320542000.0,583038000.0,460703000.0,,1.469,4039542000.0,,,4039542000.0,72728000.0,219911000.0,0.0,0.039,2.129,690767000.0,910678000.0,0.606,910678000.0,690767000.0,460703000.0,3.92,3.8,3.92,3077573000.0,2842216250.0,3077573000.0,10167323011.0,15.0,11.165,375079000.0,3.258,1.0,919812000.0,0.612,0.0,230064000.0,13237928000.0,12976881750.0,0.0,982091000.0,,,4520069000.0,,,6303733011.0,112342000.0,132646000.0,145152000.0,60065000.0,-327877000.0,-286317000.0,-136958000.0,-210358000.0,535617000.0,0.0,460703000.0,439888000.0,439888000.0,-175175000.0,0.0,0.293,336502000.0,583310000.0,249372000.0,0.543,2.048,14.33,13.967,6762559000.0,20815000.0,54.75,4.195,4.195,656775000.0,-57618000.0,1502850000.0,1502850000.0,0.0,0.048,0.155,0.053,0.46,0.0,121879000.0,1.0,115136676.0,115136676.0,,13.053,9518928000.0,0.0,0.0,0.0,82.675,
18,VNO,MRY,2002-12-31,2002-12-31,2002-12-31,2021-08-25,-13564000.0,9018179000.0,9096890750.0,,,0.152,24.238,-210882000.0,208200000.0,208200000.0,517958000.0,232903000.0,,1.657,3971320000.0,,,3971320000.0,59362000.0,205826000.0,0.0,0.052,1.946,465794000.0,671620000.0,0.484,671620000.0,465794000.0,232903000.0,1.98,1.91,1.98,2627356000.0,2629704750.0,2627356000.0,7829790448.0,17.0,11.658,354140000.0,3.267,1.0,868836000.0,0.627,0.0,232891000.0,12781299000.0,12874540000.0,0.0,1003651000.0,,,4353465000.0,,,4032345448.0,-57384000.0,-12362000.0,82725000.0,-102903000.0,-314419000.0,-533092000.0,-89314000.0,155401000.0,565022000.0,0.0,232903000.0,209736000.0,209736000.0,-11815000.0,0.0,0.151,332113000.0,536723000.0,219753000.0,0.983,1.535,19.226,18.788,6579965000.0,23167000.0,37.2,2.908,2.908,401526000.0,-169629000.0,1386794000.0,1386794000.0,0.0,0.023,0.08,0.036,0.336,27500000.0,100035000.0,1.0,108396383.0,108396383.0,,12.794,9018179000.0,0.0,0.0,0.0,83.196,
19,VNO,MRY,2001-12-31,2001-12-31,2001-12-31,2021-08-25,-2980000.0,6777343000.0,6571209250.0,,,0.145,28.911,-62436000.0,265584000.0,265584000.0,385449000.0,263738000.0,,1.061,2477173000.0,,,2477173000.0,11940000.0,123682000.0,0.0,0.046,1.923,431168000.0,554850000.0,0.583,554850000.0,431168000.0,263738000.0,2.55,2.47,2.55,2570372000.0,2236663000.0,2570372000.0,6197128806.0,14.0,11.169,325249000.0,3.658,1.0,566712000.0,0.595,0.0,167430000.0,8988932000.0,9060410750.0,0.0,1396969000.0,,,2727313000.0,,,3698568806.0,128595000.0,4886000.0,388449000.0,-281142000.0,-201813000.0,-179368000.0,-79722000.0,-32068000.0,387685000.0,0.0,263738000.0,227233000.0,227233000.0,-10342000.0,0.0,0.239,205623000.0,361089000.0,186305000.0,0.754,1.439,16.277,16.314,4183986000.0,36505000.0,41.6,3.884,3.884,526912000.0,-95647000.0,952161000.0,952161000.0,0.0,0.035,0.102,0.048,0.453,0.0,71716000.0,1.0,88907904.0,88907904.0,,10.71,6777343000.0,0.0,0.0,0.0,76.229,
20,VNO,MRY,2000-12-31,2000-12-31,2000-12-31,2021-08-25,-20426000.0,6403210000.0,5973820500.0,,,0.138,23.935,-323697000.0,136989000.0,136989000.0,318360000.0,233991000.0,,1.379,2688308000.0,,,2688308000.0,7852000.0,99846000.0,0.0,0.038,1.441,405389000.0,505235000.0,0.612,505235000.0,405389000.0,233991000.0,2.26,2.2,2.26,2078720000.0,2088817250.0,2078720000.0,5666444716.0,14.0,11.215,-73776000.0,-0.849,1.0,507612000.0,0.615,0.0,171398000.0,8954529000.0,8182976250.0,0.0,1552897000.0,,,2866846000.0,,,3327139716.0,24359000.0,-31175000.0,10955000.0,561453000.0,-168688000.0,473813000.0,-699375000.0,-165534000.0,249921000.0,0.0,233991000.0,195301000.0,195301000.0,0.0,0.0,0.236,136792000.0,370820000.0,130464000.0,0.638,1.601,17.036,16.951,3960605000.0,38690000.0,38.31,4.028,4.028,368712000.0,-90366000.0,825972000.0,825972000.0,0.0,0.033,0.093,0.05,0.491,0.0,47911000.0,1.0,86847813.0,86847813.0,,9.511,6403210000.0,0.0,0.0,0.0,73.729,
21,VNO,MRY,1999-12-31,1999-12-31,1999-12-31,2021-08-25,-1448000.0,5479218000.0,5125471750.0,,,0.136,23.914,-395793000.0,112630000.0,112630000.0,282118000.0,202519000.0,,1.071,2048804000.0,,,2048804000.0,8349000.0,83585000.0,0.0,0.041,1.317,344202000.0,427787000.0,0.614,427787000.0,344202000.0,202519000.0,1.97,1.94,1.97,2055368000.0,1993737750.0,2055368000.0,4707126968.0,14.0,11.003,-218898000.0,-2.547,1.0,414245000.0,0.595,0.0,141683000.0,7415392000.0,7060894250.0,0.0,1421890000.0,,,2201819000.0,,,2793322968.0,-55178000.0,-78702000.0,2458000.0,-213957000.0,-153223000.0,262131000.0,-494204000.0,-48152000.0,176895000.0,0.0,202519000.0,169081000.0,169081000.0,0.0,0.0,0.243,123736000.0,290509000.0,107036000.0,0.669,1.359,16.521,16.497,3612965000.0,33438000.0,32.5,4.011,4.011,182615000.0,-116979000.0,696363000.0,696363000.0,0.0,0.033,0.085,0.049,0.494,0.0,40151000.0,1.0,85948399.0,85948399.0,,8.102,5479218000.0,0.0,0.0,0.0,63.75,
22,VNO,MRY,1998-12-31,1998-12-31,1998-12-31,2021-08-25,-18957000.0,4425779000.0,3875556000.0,,,0.132,21.166,-964885000.0,167808000.0,167808000.0,207171000.0,152854000.0,,1.24,2051000000.0,,,2051000000.0,10051000.0,59227000.0,0.0,0.035,1.188,267540000.0,326767000.0,0.641,326767000.0,267540000.0,152854000.0,1.62,1.59,1.62,1782678000.0,1660040750.0,1782678000.0,4560739216.0,17.0,13.957,-775479000.0,-9.208,1.0,302689000.0,0.594,0.0,114686000.0,6308971000.0,5442702500.0,0.0,904996000.0,,,2209800000.0,,,2821440216.0,-188146000.0,-304800000.0,446059000.0,544346000.0,-154440000.0,879815000.0,-1257367000.0,3246000.0,189406000.0,0.0,152854000.0,131164000.0,131164000.0,0.0,0.0,0.257,87837000.0,214852000.0,109925000.0,0.733,1.583,21.511,20.679,3089075000.0,21690000.0,33.5,5.534,5.534,113076000.0,-132837000.0,509860000.0,509860000.0,0.0,0.034,0.079,0.049,0.525,0.0,28610000.0,1.0,84222096.0,84222096.0,,6.054,4425779000.0,0.0,0.0,0.0,52.549,
23,VNO,MRY,1997-12-31,1997-12-31,1997-12-31,2021-08-25,-840000.0,2524089000.0,1544646500.0,,,0.135,18.2,-911212000.0,383033000.0,383033000.0,74745000.0,61023000.0,,0.785,956654000.0,,,956654000.0,9927000.0,24460000.0,0.0,0.016,0.751,103911000.0,128371000.0,0.614,128371000.0,103911000.0,61023000.0,0.83,0.79,0.83,1313762000.0,795009500.0,1313762000.0,,,,-795739000.0,-11.024,1.0,134386000.0,0.643,0.0,42888000.0,3097710000.0,1902802500.0,0.0,605919000.0,,,1031760000.0,,,3388389013.0,266258000.0,0.0,689305000.0,350731000.0,-77461000.0,1215269000.0,-1064484000.0,-80041000.0,115473000.0,0.0,61023000.0,45474000.0,45474000.0,0.0,0.0,0.217,59480000.0,74906000.0,36538000.0,0.905,2.579,74.513,56.554,1390659000.0,15549000.0,46.94,16.202,16.202,49415000.0,-109561000.0,209131000.0,209131000.0,0.0,0.029,0.057,0.055,0.497,22917000.0,13580000.0,1.0,72185535.0,72185535.0,,2.897,2524089000.0,0.0,0.0,0.0,34.967,
24,VNO,MRY,1996-12-31,1996-12-31,1996-12-31,2021-08-25,-998000.0,565204000.0,,,,,,-14822000.0,89696000.0,89696000.0,36412000.0,61364000.0,,1.046,232387000.0,,,232387000.0,8373000.0,12586000.0,0.0,0.017,0.44,78090000.0,90676000.0,0.776,90676000.0,78090000.0,61364000.0,1.26,1.25,1.26,276257000.0,,276257000.0,,,,55881000.0,,1.0,80475000.0,0.688,0.0,16726000.0,707895000.0,,0.0,157370000.0,,,288947000.0,,,,70569000.0,0.0,79717000.0,-35205000.0,-59558000.0,-15046000.0,14912000.0,29734000.0,70703000.0,0.0,61364000.0,61364000.0,61364000.0,0.0,0.0,0.525,18839000.0,61636000.0,9905000.0,0.349,,,20.833,246249000.0,0.0,26.25,,,26838000.0,-77574000.0,116887000.0,116887000.0,0.0,,,,0.668,2083000.0,5167000.0,1.0,,,,,565204000.0,0.0,0.0,0.0,,
25,VNO,MRY,1995-12-31,1995-12-31,1995-12-31,2021-08-25,,,,,,,,-16644000.0,,,32282000.0,53008000.0,,,,,,,,11779000.0,,0.016,0.303,69434000.0,81213000.0,0.747,81213000.0,69434000.0,53008000.0,1.13,1.12,1.13,,,,,,,46238000.0,,1.0,76436000.0,0.703,,16426000.0,,,,,,,,,,,-4432000.0,-100482000.0,81151000.0,8793000.0,-52875000.0,36577000.0,-103891000.0,18309000.0,62882000.0,0.0,53008000.0,53008000.0,53008000.0,0.0,0.0,0.488,17477000.0,58959000.0,,0.268,,,16.593,,0.0,18.75,,,,,108718000.0,108718000.0,0.0,,,,0.639,0.0,6687000.0,1.0,,,,,,,0.0,,,
0,VNO,MRQ,2021-06-30,2021-06-30,2021-06-30,2021-08-25,-51437000.0,16656793000.0,,,,,32.801,-126049000.0,2317337000.0,2317337000.0,190920000.0,76832000.0,,1.487,8510337000.0,,,8510337000.0,33965000.0,94191000.0,0.0,0.045,0.53,119247000.0,213438000.0,0.563,213438000.0,119247000.0,67353000.0,0.25,0.25,0.25,6282367000.0,,6282367000.0,14973557589.0,76.0,24.355,122475000.0,0.639,1.0,188021000.0,0.496,21347000.0,51894000.0,22828446000.0,,0.0,3359140000.0,,,9338792000.0,,,8935655589.0,561727000.0,-1541000.0,224000.0,702924000.0,-101522000.0,440118000.0,-126915000.0,675000.0,248524000.0,0.0,64512000.0,48045000.0,48045000.0,0.0,12320000.0,0.127,98139000.0,89882000.0,399497000.0,2.12,1.422,-86.061,-84.855,9367352000.0,16467000.0,46.67,5.96,5.962,723846000.0,-2925161000.0,378941000.0,378941000.0,0.0,,,,,6154000.0,30602000.0,1.0,191464658.0,191527000.0,192380000.0,1.979,16635446000.0,0.0,2841000.0,0.0,86.857,
1,VNO,MRQ,2021-03-31,2021-03-31,2021-03-31,2021-08-25,-60753000.0,16145137000.0,,,,,33.11,-157728000.0,1755610000.0,1755610000.0,190979000.0,26993000.0,,1.366,7793512000.0,,,7793512000.0,36925000.0,100034000.0,0.0,0.05,0.53,72598000.0,172632000.0,0.454,172632000.0,72598000.0,22534000.0,0.02,0.02,0.02,6337907000.0,,6337907000.0,14755223880.0,-309.0,39.517,66457000.0,0.347,1.0,188998000.0,0.497,22390000.0,50064000.0,22160649000.0,,0.0,3367396000.0,,,8657322000.0,,,8685588880.0,25241000.0,101189000.0,102000.0,-11235000.0,-101467000.0,-142405000.0,-56539000.0,0.0,224185000.0,0.0,20550000.0,4083000.0,4083000.0,0.0,6443000.0,0.011,143628000.0,45370000.0,432035000.0,26.5,1.37,-24.843,-24.803,9352921000.0,16467000.0,45.39,5.935,5.937,743389000.0,-2871681000.0,379977000.0,379977000.0,0.0,,,,,21225000.0,44186000.0,1.0,191354679.0,191418000.0,192031000.0,1.985,16122747000.0,0.0,1984000.0,0.0,84.228,
2,VNO,MRQ,2020-12-31,2020-12-31,2020-12-31,2021-08-25,-75099000.0,16221822000.0,,,,,34.156,-209711000.0,1730369000.0,1730369000.0,188989000.0,-208726000.0,,1.327,7800004000.0,,,7800004000.0,40110000.0,112037000.0,0.0,0.064,0.53,-142147000.0,-30110000.0,-0.08,-30110000.0,-142147000.0,-196780000.0,-1.1,-1.1,-1.1,6533198000.0,,6533198000.0,13534125031.0,-435.0,34.988,23169000.0,0.121,1.0,187442000.0,0.498,23856000.0,54633000.0,22267601000.0,,0.0,3494846000.0,,,8667400000.0,,,7141685031.0,240031000.0,-1504000.0,295000.0,-62218000.0,-101381000.0,218366000.0,-211215000.0,0.0,232880000.0,0.0,-194979000.0,-209127000.0,-209127000.0,0.0,-13747000.0,-0.556,375464000.0,-188022000.0,427202000.0,-0.482,1.093,-20.478,-20.404,9285862000.0,14148000.0,37.34,4.674,4.671,751733000.0,-2774182000.0,376431000.0,376431000.0,0.0,,,,,9039000.0,61254000.0,1.0,191260981.0,191278000.0,191278000.0,1.968,16197966000.0,0.0,-1801000.0,0.0,84.683,
3,VNO,MRQ,2020-09-30,2020-09-30,2020-09-30,2021-08-25,-89834000.0,17562898000.0,,,,,33.84,250471000.0,1490338000.0,1490338000.0,195645000.0,68736000.0,,1.543,7882778000.0,,,7882778000.0,45473000.0,111985000.0,0.0,0.132,0.53,146852000.0,258837000.0,0.711,258837000.0,146852000.0,89481000.0,0.28,0.28,0.28,6468840000.0,,6468840000.0,12962289997.0,32.0,16.158,174116000.0,0.911,1.0,168317000.0,0.462,25746000.0,57371000.0,23929592000.0,,0.0,3508067000.0,,,9983462000.0,,,6443704997.0,-373003000.0,-2999000.0,300000.0,-502739000.0,-101311000.0,-544120000.0,247472000.0,0.0,-76355000.0,0.0,65700000.0,53170000.0,53170000.0,0.0,3036000.0,0.146,-70233000.0,238550000.0,430446000.0,1.893,0.996,120.218,116.241,10680230000.0,12530000.0,33.71,3.996,3.996,781432000.0,-2463635000.0,363962000.0,363962000.0,0.0,,,,,6170000.0,32407000.0,1.0,191151142.0,191162000.0,191162000.0,1.904,17537152000.0,0.0,23781000.0,0.0,91.74,
4,VNO,MRQ,2020-06-30,2020-06-30,2020-06-30,2021-08-25,-82646000.0,18042447000.0,,,,,33.994,-23691000.0,1863341000.0,1863341000.0,174425000.0,-217352000.0,,1.6,8381926000.0,,,8381926000.0,49386000.0,97007000.0,0.0,0.12,0.66,-124978000.0,-27971000.0,-0.082,-27971000.0,-124978000.0,-183383000.0,-1.03,-1.03,-1.03,6496417000.0,,6496417000.0,14093511890.0,21.0,13.23,192576000.0,1.008,1.0,168601000.0,0.492,27660000.0,58405000.0,24533372000.0,,0.0,3666104000.0,,,10394622000.0,,,7302531890.0,196033000.0,-1027000.0,368000.0,-7981000.0,-126141000.0,4484000.0,-24718000.0,0.0,216267000.0,0.0,-185220000.0,-197750000.0,-197750000.0,0.0,-32132000.0,-0.576,9259000.0,159342000.0,385956000.0,-0.641,1.124,22.585,22.476,10591422000.0,12530000.0,38.21,4.259,4.259,811204000.0,-2415500000.0,343026000.0,343026000.0,0.0,,,,,7703000.0,35014000.0,1.0,191115726.0,191104000.0,191104000.0,1.795,18014787000.0,0.0,1837000.0,0.0,94.267,
5,VNO,MRQ,2020-03-31,2020-03-31,2020-03-31,2021-08-25,-82719000.0,18209659000.0,,,,,35.789,-126674000.0,1667308000.0,1667308000.0,230007000.0,-104503000.0,,1.505,8458288000.0,,,8458288000.0,54992000.0,96913000.0,0.0,0.127,0.66,89149000.0,186062000.0,0.419,186062000.0,89149000.0,30307000.0,0.03,0.03,0.03,6837027000.0,,6837027000.0,13213323364.0,4.0,3.558,-75226000.0,-0.394,1.0,214525000.0,0.483,29123000.0,58842000.0,24971516000.0,,0.0,4015920000.0,,,10292648000.0,,,6915591364.0,60177000.0,-1040000.0,4762000.0,550788000.0,-498486000.0,108068000.0,-99339000.0,28375000.0,51448000.0,0.0,17494000.0,4963000.0,4963000.0,0.0,-121997000.0,0.011,65864000.0,148661000.0,407598000.0,22.0,1.011,2.367,2.365,10496908000.0,12531000.0,36.21,3.77,3.771,847602000.0,-2091612000.0,444532000.0,444532000.0,0.0,,,,,25765000.0,52834000.0,1.0,190985677.0,191038000.0,191113000.0,2.327,18180536000.0,0.0,12813000.0,0.0,95.167,
6,VNO,MRQ,2019-12-31,2019-12-31,2019-12-31,2021-08-25,-40233000.0,18287013000.0,,,,,35.261,167838000.0,1607131000.0,1607131000.0,223975000.0,160676000.0,,1.498,7904863000.0,,,7904863000.0,59429000.0,96982000.0,0.0,0.069,2.61,288330000.0,385312000.0,0.836,385312000.0,288330000.0,228647000.0,1.01,1.01,1.01,6732030000.0,,6732030000.0,19424116346.0,5.0,4.884,432406000.0,2.265,1.0,236993000.0,0.514,30965000.0,59683000.0,24553780000.0,,0.0,4255127000.0,,,10087120000.0,,,12691546346.0,361575000.0,-1777000.0,4500000.0,-83915000.0,-126035000.0,-137721000.0,234728000.0,0.0,264568000.0,0.0,205750000.0,193217000.0,193217000.0,-55000.0,-45074000.0,0.419,-64008000.0,301001000.0,440049000.0,2.584,1.885,4.097,4.097,10437600000.0,12533000.0,66.5,6.594,6.592,837939000.0,-1954266000.0,460968000.0,460968000.0,0.0,,,,,5863000.0,39791000.0,1.0,190850321.0,190918000.0,191131000.0,2.414,18256048000.0,0.0,22897000.0,0.0,95.622,
7,VNO,MRQ,2019-09-30,2019-09-30,2019-09-30,2021-08-25,-47359000.0,18216099000.0,,,,,37.078,-25937000.0,1245556000.0,1245556000.0,226359000.0,363849000.0,,1.364,7978126000.0,,,7978126000.0,62583000.0,101085000.0,0.0,0.041,0.66,420771000.0,521856000.0,1.12,521856000.0,420771000.0,359323000.0,1.69,1.69,1.69,7075072000.0,,7075072000.0,19082798635.0,5.0,4.844,79182000.0,0.415,1.0,239602000.0,0.514,30773000.0,61448000.0,24917896000.0,,0.0,4366167000.0,,,9651510000.0,,,12149093635.0,168646000.0,-7905000.0,357000.0,-44780000.0,-125947000.0,-51510000.0,115037000.0,1857000.0,105119000.0,0.0,335438000.0,322906000.0,322906000.0,8000.0,28411000.0,0.693,-177433000.0,417035000.0,453331000.0,0.391,1.717,4.043,4.045,10635199000.0,12532000.0,63.67,6.053,6.053,843145000.0,-1649035000.0,465961000.0,465961000.0,0.0,,,,,5871000.0,33237000.0,1.0,190813470.0,190814000.0,191024000.0,2.442,18185326000.0,0.0,23885000.0,0.0,95.304,
8,VNO,MRQ,2019-06-30,2019-06-30,2019-06-30,2021-08-25,-38066000.0,17913857000.0,,,,,35.96,-30791000.0,1076910000.0,1076910000.0,220752000.0,2596693000.0,,1.393,8010615000.0,,,8010615000.0,66835000.0,117731000.0,0.0,0.04,0.66,2502670000.0,2620401000.0,5.658,2620401000.0,2502670000.0,2439641000.0,12.58,12.56,12.58,6860554000.0,,6860554000.0,20450705022.0,6.0,5.337,197943000.0,1.038,1.0,242351000.0,0.523,32478000.0,63029000.0,24815084000.0,,0.0,4373211000.0,,,9555651000.0,,,12227812022.0,167276000.0,1741115000.0,535000.0,-1279108000.0,-125927000.0,-1771675000.0,1710217000.0,-107000.0,228734000.0,0.0,2412727000.0,2400195000.0,2400195000.0,-60000.0,183966000.0,5.183,143099000.0,99252000.0,392581000.0,0.052,1.782,4.256,4.259,10528401000.0,12532000.0,64.1,5.87,5.87,834351000.0,-1845995000.0,463103000.0,463103000.0,0.0,,,,,10520000.0,38872000.0,1.0,190761498.0,190781000.0,191058000.0,2.427,17881379000.0,0.0,26914000.0,0.0,93.727,
9,VNO,MRQ,2019-03-31,2019-03-31,2019-03-31,2021-08-25,-11385000.0,17637955000.0,,,,,23.305,102890000.0,900806000.0,900806000.0,246895000.0,213044000.0,,2.628,9123699000.0,,,9123699000.0,71328000.0,123135000.0,0.0,0.038,0.66,326228000.0,449363000.0,0.84,449363000.0,326228000.0,223765000.0,0.95,0.95,0.95,4443992000.0,,4443992000.0,21969430053.0,21.0,14.248,167008000.0,0.876,1.0,287773000.0,0.538,34161000.0,102463000.0,25826687000.0,,0.0,1092988000.0,,,11679978000.0,,,12849714053.0,192729000.0,23933000.0,-7181000.0,-240674000.0,-125876000.0,-274683000.0,403294000.0,167959000.0,64118000.0,0.0,194022000.0,181488000.0,181488000.0,137000.0,19022000.0,0.339,-39983000.0,327756000.0,442496000.0,0.695,2.891,21.997,22.039,10670877000.0,12534000.0,67.44,5.944,5.948,840038000.0,-4120265000.0,534668000.0,534668000.0,0.0,,,,,31654000.0,58020000.0,1.0,190535499.0,190689000.0,190996000.0,2.804,17603794000.0,0.0,29743000.0,0.0,92.317,
10,VNO,MRQ,2018-12-31,2018-12-31,2018-12-31,2021-08-25,7664000.0,17180794000.0,,,,,23.458,-147440000.0,716905000.0,716905000.0,254320000.0,97821000.0,,2.528,9836621000.0,,,9836621000.0,167730000.0,119024000.0,0.0,0.041,0.63,228871000.0,347895000.0,0.64,347895000.0,228871000.0,145696000.0,0.52,0.52,0.52,4465231000.0,,4465231000.0,20676277112.0,25.0,15.804,167163000.0,0.878,1.0,289097000.0,0.532,136781000.0,83175000.0,26163729000.0,,0.0,1329069000.0,,,11289349000.0,,,11803428112.0,-202905000.0,-2834000.0,-10138000.0,-212237000.0,-119892000.0,-292092000.0,-225416000.0,-75142000.0,314603000.0,0.0,113027000.0,100494000.0,100494000.0,-257000.0,-15206000.0,0.185,73223000.0,215874000.0,430976000.0,1.212,2.643,30.672,30.708,13057708000.0,12533000.0,62.03,5.455,5.453,1008453000.0,-4167184000.0,543417000.0,543417000.0,0.0,,,,,5532000.0,32934000.0,1.0,190285799.0,190348000.0,191284000.0,2.855,17044013000.0,0.0,32669000.0,0.0,89.541,
11,VNO,MRQ,2018-09-30,2018-09-30,2018-09-30,2021-08-25,34173000.0,16678020000.0,,,,,23.012,-583079000.0,919810000.0,919810000.0,235575000.0,219162000.0,,2.448,9792659000.0,,,9792659000.0,176211000.0,120013000.0,0.0,0.034,0.63,294073000.0,414086000.0,0.764,414086000.0,294073000.0,205122000.0,1.0,1.0,1.0,4377917000.0,,4377917000.0,22456940861.0,29.0,17.837,-336301000.0,-1.768,1.0,306473000.0,0.565,139994000.0,88951000.0,25410875000.0,,0.0,1437158000.0,,,10715929000.0,,,13887370861.0,-292149000.0,10547000.0,791000.0,3485000.0,-119862000.0,-141527000.0,-397400000.0,0.0,246778000.0,0.0,203179000.0,190645000.0,190645000.0,-61000.0,15983000.0,0.352,8248000.0,298225000.0,415531000.0,0.63,3.172,44.56,44.512,11966789000.0,12534000.0,73.0,6.44,6.44,1007090000.0,-4135602000.0,542048000.0,542048000.0,0.0,,,,,5545000.0,31977000.0,1.0,190237957.0,190245000.0,191327000.0,2.849,16538026000.0,0.0,1943000.0,0.0,86.93,
12,VNO,MRQ,2018-06-30,2018-06-30,2018-06-30,2021-08-25,33351000.0,16866083000.0,,,,,22.512,-169652000.0,1211959000.0,1211959000.0,235981000.0,105338000.0,,2.565,9781529000.0,,,9781529000.0,187934000.0,118411000.0,0.0,0.033,0.63,212192000.0,330603000.0,0.61,330603000.0,212192000.0,124535000.0,0.59,0.58,0.59,4281875000.0,,4281875000.0,22413713899.0,40.0,21.637,-193810000.0,-1.019,1.0,305837000.0,0.564,146370000.0,87657000.0,25289283000.0,,0.0,1498490000.0,,,10984455000.0,,,14057304899.0,-206109000.0,60767000.0,702000.0,-234000.0,-119830000.0,-117665000.0,-64286000.0,0.0,-24158000.0,0.0,124068000.0,111534000.0,111534000.0,-683000.0,-18730000.0,0.206,125808000.0,180029000.0,394079000.0,1.068,3.283,152.82,150.857,12012423000.0,12534000.0,73.92,6.559,6.56,1002387000.0,-4206381000.0,541818000.0,541818000.0,0.0,,,,,6976000.0,34427000.0,1.0,190169168.0,190200000.0,191168000.0,2.849,16719713000.0,0.0,467000.0,0.0,87.906,
13,VNO,MRQ,2018-03-31,2018-03-31,2018-03-31,2021-08-25,30258000.0,16864483000.0,,,,,22.938,-185187000.0,1418068000.0,1418068000.0,237602000.0,282000.0,,2.519,9774477000.0,,,9774477000.0,200648000.0,115337000.0,0.0,0.036,0.63,100400000.0,215737000.0,0.402,215737000.0,100400000.0,12234000.0,-0.09,-0.09,-0.09,4360092000.0,,4360092000.0,20600588643.0,36.0,19.332,80231000.0,0.422,1.0,298835000.0,0.557,152834000.0,88166000.0,25068058000.0,,0.0,1519546000.0,,,10982579000.0,,,12785913643.0,-496744000.0,-5433000.0,2985000.0,36761000.0,-119764000.0,-571542000.0,-190620000.0,0.0,265418000.0,0.0,9680000.0,-17841000.0,-17841000.0,363000.0,-9398000.0,-0.033,163971000.0,134864000.0,431094000.0,-7.0,2.932,132.601,131.961,11963354000.0,27521000.0,67.3,6.052,6.056,998922000.0,-4198088000.0,536437000.0,536437000.0,0.0,,,,,13669000.0,42533000.0,1.0,189983858.0,190081000.0,190081000.0,2.822,16711649000.0,0.0,2554000.0,0.0,87.919,
14,VNO,MRQ,2017-12-31,2017-12-31,2017-12-31,2021-08-25,128682000.0,17397934000.0,,,,,22.842,-163451000.0,1914812000.0,1914812000.0,225011000.0,53551000.0,,2.629,9729487000.0,,,9729487000.0,227069000.0,122287000.0,0.0,0.03,0.6,176289000.0,298576000.0,0.557,298576000.0,176289000.0,83216000.0,0.14,0.14,0.14,4337652000.0,,4337652000.0,22810469017.0,37.0,19.917,35066000.0,0.185,1.0,311215000.0,0.58,159260000.0,93073000.0,25053349000.0,,0.0,1594385000.0,,,11405296000.0,,,14844651017.0,529029000.0,11420000.0,4701000.0,359660000.0,-113938000.0,482534000.0,-152022000.0,-9534000.0,198517000.0,0.0,44332000.0,27319000.0,27319000.0,-1273000.0,9219000.0,0.051,151484000.0,159731000.0,415794000.0,4.286,3.422,91.624,91.976,11871012000.0,17013000.0,78.18,7.123,7.11,985411000.0,-4183253000.0,536226000.0,536226000.0,0.0,,,,,32829000.0,34916000.0,1.0,189877859.0,189901000.0,191261000.0,2.824,17238674000.0,0.0,38884000.0,0.0,90.777,
15,VNO,MRQ,2017-09-30,2017-09-30,2017-09-30,2021-08-25,121801000.0,16842120000.0,,,,,24.11,-151791000.0,1385783000.0,1385783000.0,225226000.0,-10754000.0,,2.315,9351601000.0,,,9351601000.0,240377000.0,117641000.0,0.0,0.029,0.6,73358000.0,190999000.0,0.361,190999000.0,73358000.0,-11710000.0,-0.15,-0.15,-0.15,4571079000.0,,4571079000.0,23845966968.0,20.0,13.694,193617000.0,1.021,1.0,303529000.0,0.574,166198000.0,85068000.0,24641740000.0,,0.0,1609877000.0,,,10583843000.0,,,14566070968.0,-171915000.0,344041000.0,15252000.0,-161050000.0,-113735000.0,-714557000.0,197234000.0,4984000.0,345408000.0,0.0,-12898000.0,-29026000.0,-29026000.0,47930000.0,2144000.0,-0.055,141294000.0,162235000.0,412100000.0,-4.0,3.187,18.535,18.481,11777539000.0,16128000.0,76.88,7.064,7.069,972596000.0,-4098127000.0,528755000.0,528755000.0,0.0,,,,,0.0,34286000.0,1.0,189465023.0,189593000.0,190847000.0,2.789,16675922000.0,0.0,1188000.0,0.0,87.956,
16,VNO,MRQ,2017-06-30,2017-06-30,2017-06-30,2021-08-25,115839000.0,20889290000.0,,,,,36.519,-175764000.0,1557689000.0,1557689000.0,215700000.0,147484000.0,,1.745,10837585000.0,,,10837585000.0,264035000.0,144012000.0,0.0,0.023,0.574,216280000.0,360292000.0,0.705,360292000.0,216280000.0,131491000.0,0.61,0.61,0.61,6916434000.0,,6916434000.0,26811784960.0,21.0,14.309,-160832000.0,-0.849,1.0,295387000.0,0.578,176506000.0,84789000.0,29992680000.0,,0.0,1997270000.0,,,12067976000.0,,,17779352960.0,-25316000.0,80874000.0,1121000.0,214540000.0,-134485000.0,54627000.0,-94875000.0,15000.0,14932000.0,0.0,132101000.0,115972000.0,115972000.0,-18111000.0,15383000.0,0.227,141577000.0,153810000.0,427401000.0,0.941,2.571,20.18,20.15,14912587000.0,16129000.0,93.9,8.733,8.735,1146224000.0,-1524806000.0,511087000.0,511087000.0,0.0,,,,,0.0,35405000.0,1.0,189343482.0,189395000.0,190444000.0,2.699,20712784000.0,0.0,-610000.0,0.0,109.363,
17,VNO,MRQ,2017-03-31,2017-03-31,2017-03-31,2021-08-25,119019000.0,20731448000.0,,,,,36.159,-166761000.0,1583005000.0,1583005000.0,220659000.0,73847000.0,,1.74,10615437000.0,,,10615437000.0,274477000.0,145886000.0,0.0,0.021,0.574,148456000.0,294342000.0,0.579,294342000.0,148456000.0,65732000.0,0.25,0.25,0.25,6841707000.0,,6841707000.0,27981071872.0,20.0,13.915,134524000.0,0.711,1.0,287399000.0,0.566,184009000.0,82724000.0,29579871000.0,,0.0,2059388000.0,,,11902047000.0,,,18968708872.0,-16317000.0,4913000.0,8220000.0,-4501000.0,-134332000.0,-160948000.0,-156654000.0,5194000.0,301285000.0,0.0,63881000.0,47752000.0,47752000.0,-15318000.0,9966000.0,0.094,155085000.0,132314000.0,451156000.0,2.296,2.773,19.247,19.216,14861987000.0,16129000.0,100.31,8.837,8.842,1135693000.0,-1506236000.0,508058000.0,508058000.0,0.0,,,,,0.0,47237000.0,1.0,189100876.0,189210000.0,190372000.0,2.685,20547439000.0,0.0,1851000.0,0.0,108.596,
18,VNO,MRQ,2016-12-31,2016-12-31,2016-12-31,2021-08-25,118972000.0,20814847000.0,,,,,36.497,-305501000.0,1596059000.0,1596059000.0,218020000.0,704544000.0,,1.728,9446670000.0,,,9446670000.0,276276000.0,149230000.0,0.0,0.02,0.509,746518000.0,895748000.0,1.743,895748000.0,746518000.0,666312000.0,3.45,3.43,3.45,6898519000.0,,6898519000.0,29460928203.0,24.0,16.008,117165000.0,0.62,1.0,295954000.0,0.576,189668000.0,80206000.0,28475790000.0,,0.0,2044090000.0,,,11917905000.0,,,19725328203.0,134684000.0,78988000.0,1249000.0,57701000.0,-119098000.0,-80918000.0,-207064000.0,19449000.0,422666000.0,0.0,667310000.0,651181000.0,651181000.0,-509116000.0,37234000.0,1.267,143449000.0,152505000.0,397134000.0,0.148,2.859,23.95,23.938,11606306000.0,16129000.0,104.37,9.844,9.836,946236000.0,-1419382000.0,513974000.0,513974000.0,0.0,,,,,0.0,31050000.0,1.0,188994234.0,189014000.0,190434000.0,2.719,20625179000.0,0.0,-998000.0,0.0,109.12,
19,VNO,MRQ,2016-09-30,2016-09-30,2016-09-30,2021-08-25,82374000.0,20859369000.0,,,,,33.435,-241133000.0,1464638000.0,1464638000.0,213762000.0,100604000.0,,1.986,11200238000.0,,,11200238000.0,301017000.0,146499000.0,0.0,0.02,0.509,176864000.0,323363000.0,0.643,323363000.0,176864000.0,97143000.0,0.35,0.35,0.35,6315831000.0,,6315831000.0,28451106879.0,35.0,20.219,12476000.0,0.066,1.0,288991000.0,0.575,201450000.0,79721000.0,30393519000.0,,0.0,2215476000.0,,,12542060000.0,,,19111030879.0,-274057000.0,-11767000.0,3210000.0,115919000.0,-119031000.0,-282562000.0,-245104000.0,7796000.0,253609000.0,0.0,92580000.0,66125000.0,66125000.0,-25080000.0,8024000.0,0.132,140530000.0,148461000.0,461234000.0,1.454,3.026,47.402,47.294,14836730000.0,26455000.0,101.21,10.207,10.211,1121376000.0,-1951411000.0,502753000.0,502753000.0,0.0,,,,,0.0,33584000.0,1.0,188825520.0,188901000.0,190048000.0,2.661,20657919000.0,0.0,4563000.0,0.0,109.358,
20,VNO,MRQ,2016-06-30,2016-06-30,2016-06-30,2021-08-25,72556000.0,21073730000.0,,,,,34.932,-333115000.0,1738695000.0,1738695000.0,245138000.0,268382000.0,,1.893,11078771000.0,,,11078771000.0,314367000.0,148893000.0,0.0,0.02,0.509,348511000.0,497404000.0,0.8,497404000.0,348511000.0,242935000.0,1.17,1.16,1.17,6594107000.0,,6594107000.0,28176871720.0,29.0,18.193,-285842000.0,-1.514,1.0,376570000.0,0.606,210010000.0,105576000.0,30203796000.0,,0.0,2218431000.0,,,12480658000.0,,,18899752720.0,-44018000.0,-13643000.0,1286000.0,315248000.0,-118965000.0,114514000.0,-205805000.0,140953000.0,47273000.0,0.0,240826000.0,220463000.0,220463000.0,-2475000.0,27556000.0,0.355,30245000.0,346325000.0,480094000.0,0.435,2.866,35.267,35.254,14734699000.0,20363000.0,100.12,9.463,9.463,1087576000.0,-1898505000.0,621708000.0,621708000.0,0.0,,,,,0.0,45564000.0,1.0,188771002.0,188772000.0,189885000.0,3.293,20863720000.0,0.0,2109000.0,0.0,110.523,
21,VNO,MRQ,2016-03-31,2016-03-31,2016-03-31,2021-08-25,53399000.0,20873374000.0,,,,,34.586,-205464000.0,1782713000.0,1782713000.0,256349000.0,-91608000.0,,1.9,11059832000.0,,,11059832000.0,325013000.0,150648000.0,0.0,0.022,0.509,9521000.0,160169000.0,0.261,160169000.0,9521000.0,-90968000.0,-0.61,-0.61,-0.61,6524924000.0,,6524924000.0,26954816229.0,34.0,19.486,66068000.0,0.35,1.0,356688000.0,0.582,218388000.0,100489000.0,29932105000.0,,0.0,2282037000.0,,,12396134000.0,,,17807312229.0,-160793000.0,-32551000.0,2338000.0,-22117000.0,-118867000.0,-197188000.0,-235137000.0,2878000.0,271532000.0,0.0,-93799000.0,-114163000.0,-114163000.0,-716000.0,2191000.0,-0.186,356254000.0,434000.0,447700000.0,-0.834,2.729,37.014,37.031,14585566000.0,20364000.0,94.43,8.941,8.944,1071054000.0,-1999994000.0,613037000.0,613037000.0,0.0,,,,,0.0,48704000.0,1.0,188576853.0,188658000.0,188658000.0,3.249,20654986000.0,0.0,2831000.0,0.0,109.484,
22,VNO,MRQ,2015-12-31,2015-12-31,2015-12-31,2021-08-25,46921000.0,21143293000.0,,,,,35.524,-399720000.0,1943506000.0,1943506000.0,70767000.0,283544000.0,,1.857,11091010000.0,,,11091010000.0,346119000.0,145713000.0,0.0,0.02,0.509,280528000.0,426241000.0,3.162,426241000.0,280528000.0,250340000.0,1.23,1.22,1.23,6697595000.0,,6697595000.0,27957450965.0,28.0,18.026,-171154000.0,-0.908,1.0,64042000.0,0.475,227901000.0,30188000.0,30062896000.0,,0.0,2276180000.0,,,12437994000.0,,,18846545965.0,968866000.0,-86354000.0,-1067000.0,1113957000.0,-118806000.0,992341000.0,-252041000.0,435928000.0,228566000.0,0.0,251107000.0,230742000.0,230742000.0,-173233000.0,32437000.0,1.712,-152244000.0,216286000.0,443955000.0,0.414,2.814,27.721,27.69,14671870000.0,20365000.0,99.96,9.492,9.483,1029307000.0,-1766780000.0,134809000.0,134809000.0,0.0,,,,,0.0,15418000.0,1.0,188540876.0,188539000.0,188889000.0,0.715,20915392000.0,0.0,-767000.0,0.0,110.934,
23,VNO,MRQ,2015-09-30,2015-09-30,2015-09-30,2021-08-25,43593000.0,19971926000.0,,,,,35.448,-216497000.0,896102000.0,896102000.0,256561000.0,235240000.0,,1.708,10007007000.0,,,10007007000.0,377951000.0,147552000.0,0.0,0.023,0.509,317434000.0,464986000.0,0.741,464986000.0,317434000.0,222090000.0,1.05,1.05,1.05,6682147000.0,,6682147000.0,26209438790.0,19.0,13.566,42412000.0,0.225,1.0,371035000.0,0.591,241814000.0,95344000.0,28841017000.0,,0.0,2168519000.0,,,11413540000.0,,,17043855790.0,271800000.0,-5269000.0,-371000.0,197897000.0,-118785000.0,18672000.0,-5781000.0,39208000.0,258909000.0,0.0,219234000.0,198870000.0,198870000.0,-34463000.0,16006000.0,0.317,179595000.0,191440000.0,465045000.0,0.485,2.551,17.711,17.66,14479784000.0,20364000.0,90.42,6.963,6.964,993446000.0,-1878716000.0,627596000.0,627596000.0,0.0,,,,,0.0,36157000.0,1.0,188496525.0,188504000.0,189581000.0,3.329,19730112000.0,0.0,2856000.0,0.0,104.667,
24,VNO,MRQ,2015-06-30,2015-06-30,2015-06-30,2021-08-25,50613000.0,19585907000.0,,,,,34.708,-527103000.0,644194000.0,644194000.0,242690000.0,215400000.0,,1.711,9809777000.0,,,9809777000.0,390636000.0,141830000.0,0.0,0.022,0.509,190036000.0,331866000.0,0.538,331866000.0,190036000.0,97944000.0,0.88,0.87,0.88,6537744000.0,,6537744000.0,26170612601.0,20.0,14.087,-537003000.0,-2.851,1.0,373598000.0,0.606,245846000.0,92092000.0,28505644000.0,,0.0,2203057000.0,,,11187703000.0,,,17872727601.0,-551231000.0,-97296000.0,1665000.0,246317000.0,-118713000.0,83142000.0,-624473000.0,-23910000.0,-9900000.0,0.0,186016000.0,165651000.0,165651000.0,364000.0,29384000.0,0.269,180207000.0,193391000.0,437813000.0,0.578,2.734,19.978,19.901,14326669000.0,20365000.0,94.93,7.451,7.454,966943000.0,-1958546000.0,616288000.0,616288000.0,0.0,,,,,0.0,39189000.0,1.0,188272702.0,188365000.0,189600000.0,3.272,19340061000.0,0.0,-88072000.0,0.0,102.673,
25,VNO,MRQ,2015-03-31,2015-03-31,2015-03-31,2021-08-25,72609000.0,19261051000.0,,,,,33.436,-192396000.0,1266240000.0,1266240000.0,254493000.0,125246000.0,,1.736,9564125000.0,,,9564125000.0,346026000.0,131112000.0,0.0,0.019,0.509,196722000.0,327834000.0,0.54,327834000.0,196722000.0,105048000.0,0.45,0.45,0.45,6285898000.0,,6285898000.0,30557269776.0,23.0,16.39,2120000.0,0.011,1.0,352309000.0,0.581,229579000.0,91674000.0,27329357000.0,,0.0,2147631000.0,,,10912613000.0,,,21043399776.0,-130909000.0,-10503000.0,9079000.0,-107431000.0,-118447000.0,-475296000.0,149871000.0,351488000.0,194516000.0,0.0,104077000.0,84593000.0,84593000.0,-16179000.0,21169000.0,0.139,184595000.0,167714000.0,432970000.0,1.131,3.348,26.12,26.047,13832265000.0,19484000.0,112.0,8.928,8.934,927138000.0,-2006439000.0,606802000.0,606802000.0,0.0,,,,,0.0,58492000.0,1.0,187887498.0,187999000.0,189336000.0,3.228,19031472000.0,0.0,971000.0,0.0,101.232,
26,VNO,MRQ,2014-12-31,2014-12-31,2014-12-31,2021-08-25,93267000.0,21157980000.0,,,,,35.922,-398970000.0,1374681000.0,1374681000.0,246564000.0,575986000.0,,1.828,9530337000.0,,,9530337000.0,358613000.0,159449000.0,0.0,0.018,0.534,647814000.0,807263000.0,1.352,807263000.0,647814000.0,536101000.0,2.74,2.72,2.74,6745426000.0,,6745426000.0,31407660806.0,24.0,16.793,-92229000.0,-0.491,1.0,350446000.0,0.587,225155000.0,111713000.0,29088481000.0,,0.0,1960785000.0,,,12330818000.0,,,22098313806.0,-484665000.0,-11129000.0,2333000.0,-213480000.0,-137107000.0,-414080000.0,-377326000.0,34901000.0,306741000.0,0.0,533603000.0,513238000.0,513238000.0,-467220000.0,42383000.0,0.86,177201000.0,173245000.0,447745000.0,0.195,3.276,28.209,28.16,13660725000.0,20365000.0,117.71,9.556,9.548,897269000.0,-1505385000.0,597010000.0,597010000.0,0.0,,,,,0.0,40906000.0,1.0,187735229.0,187779000.0,188984000.0,3.179,20932825000.0,0.0,2498000.0,0.0,111.476,
27,VNO,MRQ,2014-09-30,2014-09-30,2014-09-30,2021-08-25,69580000.0,21000515000.0,,,,,34.723,-307083000.0,1843990000.0,1843990000.0,240088000.0,169197000.0,,1.939,11153337000.0,,,11153337000.0,489250000.0,135772000.0,0.0,0.021,0.534,254993000.0,390765000.0,0.675,390765000.0,254993000.0,154176000.0,0.7,0.69,0.7,6516506000.0,,6516506000.0,28096186209.0,44.0,23.269,73843000.0,0.393,1.0,338622000.0,0.585,280207000.0,100817000.0,30029655000.0,,0.0,1964697000.0,,,12635544000.0,,,18758970209.0,311916000.0,-22464000.0,3613000.0,274226000.0,-137030000.0,61615000.0,-130625000.0,199417000.0,380926000.0,0.0,151524000.0,131159000.0,131159000.0,-82168000.0,17673000.0,0.227,156483000.0,182139000.0,498565000.0,0.763,2.879,93.206,93.421,14942827000.0,20365000.0,99.96,9.59,9.59,992537000.0,-1878125000.0,578710000.0,578710000.0,0.0,,,,,0.0,40384000.0,1.0,187664768.0,187671000.0,188812000.0,3.084,20720308000.0,0.0,2652000.0,0.0,110.408,
28,VNO,MRQ,2014-06-30,2014-06-30,2014-06-30,2021-08-25,92221000.0,20736779000.0,,,,,34.417,-184938000.0,1531579000.0,1531579000.0,230398000.0,165687000.0,,1.908,10868795000.0,,,10868795000.0,501384000.0,134318000.0,0.0,0.02,0.534,204201000.0,338519000.0,0.589,338519000.0,204201000.0,100288000.0,0.41,0.41,0.41,6454144000.0,,6454144000.0,28980466641.0,47.0,24.736,-46426000.0,-0.248,1.0,344013000.0,0.599,289475000.0,103913000.0,29784520000.0,,0.0,2067104000.0,,,12317467000.0,,,20002439641.0,214499000.0,-45747000.0,6390000.0,709231000.0,-136933000.0,225262000.0,-149275000.0,31579000.0,138512000.0,0.0,97008000.0,76642000.0,76642000.0,-26943000.0,68679000.0,0.133,154745000.0,189268000.0,452641000.0,1.302,3.099,130.642,131.765,14726223000.0,20366000.0,106.73,9.774,9.78,968495000.0,-1872250000.0,574411000.0,574411000.0,0.0,,,,,0.0,40478000.0,1.0,187411596.0,187527000.0,188617000.0,3.063,20447304000.0,0.0,3280000.0,0.0,109.037,
29,VNO,MRQ,2014-03-31,2014-03-31,2014-03-31,2021-08-25,77626000.0,20369352000.0,,,,,35.078,-143756000.0,1366911000.0,1366911000.0,236561000.0,98156000.0,,1.799,10344938000.0,,,10344938000.0,514605000.0,153869000.0,0.0,0.022,0.534,179880000.0,333749000.0,0.593,333749000.0,179880000.0,83568000.0,0.33,0.33,0.33,6570327000.0,,6570327000.0,27591766849.0,40.0,21.976,165375000.0,0.883,1.0,325820000.0,0.579,299759000.0,96312000.0,29047620000.0,,0.0,2174721000.0,,,11819194000.0,,,18458778849.0,573437000.0,-15356000.0,3098000.0,346050000.0,-136761000.0,181545000.0,82761000.0,189617000.0,309131000.0,0.0,82717000.0,62349000.0,62349000.0,-8466000.0,15439000.0,0.111,180579000.0,145241000.0,457858000.0,1.618,2.809,83.001,83.525,14638919000.0,20368000.0,98.56,8.613,8.614,953867000.0,-1809609000.0,562381000.0,562381000.0,0.0,,,,,0.0,47502000.0,1.0,187284688.0,187307000.0,188240000.0,3.002,20069593000.0,0.0,851000.0,1272000.0,107.148,
30,VNO,MRQ,2013-12-31,2013-12-31,2013-12-31,2021-08-25,71537000.0,20097224000.0,,,,,36.157,-528664000.0,845730000.0,845730000.0,145019000.0,-38759000.0,,1.7,9978718000.0,,,9978718000.0,529002000.0,142749000.0,0.0,0.024,0.534,1695000.0,144444000.0,0.6,144444000.0,1695000.0,-63408000.0,-0.37,-0.37,-0.37,6765232000.0,,6765232000.0,25416032687.0,28.0,17.468,-277467000.0,-1.483,1.0,95632000.0,0.397,307436000.0,65103000.0,28922776000.0,,0.0,2109294000.0,,,11498860000.0,,,16608001687.0,-289033000.0,-15216000.0,2597000.0,-56810000.0,-136581000.0,-241906000.0,-298324000.0,294331000.0,251197000.0,0.0,-48519000.0,-68887000.0,-68887000.0,-268106000.0,10906000.0,-0.286,123400000.0,-27768000.0,422276000.0,-1.443,2.455,42.364,42.281,14122229000.0,19222000.0,88.79,7.223,7.219,911118000.0,-1734839000.0,240651000.0,240651000.0,0.0,,,,,0.0,31495000.0,1.0,187048110.0,187109000.0,187799000.0,1.286,19789788000.0,0.0,-14889000.0,1280000.0,105.766,
31,VNO,MRQ,2013-09-30,2013-09-30,2013-09-30,2021-08-25,83327000.0,20275321000.0,,,,,37.569,-141911000.0,1193302000.0,1193302000.0,265015000.0,132251000.0,,1.637,10001333000.0,,,10001333000.0,472805000.0,129606000.0,0.0,0.034,0.534,225272000.0,354878000.0,0.53,354878000.0,225272000.0,105596000.0,0.44,0.44,0.44,7024219000.0,,7024219000.0,24649480849.0,23.0,15.049,202881000.0,1.085,1.0,403974000.0,0.604,275250000.0,119676000.0,28808102000.0,,0.0,2571275000.0,,,11496389000.0,,,15718469849.0,90668000.0,-147199000.0,587000.0,-34441000.0,-136507000.0,-203839000.0,-50285000.0,305470000.0,344792000.0,0.0,103374000.0,83005000.0,83005000.0,-24278000.0,28865000.0,0.124,166305000.0,237669000.0,442623000.0,1.214,2.238,30.023,30.129,14430017000.0,20381000.0,84.06,5.906,5.906,936005000.0,-1527663000.0,668989000.0,668989000.0,0.0,,,,,0.0,44186000.0,1.0,186991076.0,186969000.0,187724000.0,3.578,20000071000.0,0.0,2222000.0,15420000.0,106.97,
32,VNO,MRQ,2013-06-30,2013-06-30,2013-06-30,2021-08-25,132894000.0,20333231000.0,,,,,38.177,-159808000.0,1093726000.0,1093726000.0,274319000.0,182321000.0,,1.607,10024737000.0,,,10024737000.0,486901000.0,140725000.0,0.0,0.034,0.534,281728000.0,422453000.0,0.629,422453000.0,281728000.0,161071000.0,0.78,0.78,0.78,7136492000.0,,7136492000.0,25154543987.0,21.0,14.131,-129935000.0,-0.695,1.0,396897000.0,0.591,289110000.0,120657000.0,28975132000.0,,0.0,2650166000.0,,,11471016000.0,,,15487566987.0,195832000.0,497341000.0,2836000.0,-196143000.0,-136483000.0,-377041000.0,543000000.0,196395000.0,29873000.0,0.0,158194000.0,145926000.0,145926000.0,-69292000.0,23779000.0,0.217,183485000.0,213412000.0,393362000.0,0.685,2.17,23.015,23.014,14390155000.0,12616000.0,82.85,5.746,5.746,931296000.0,-1471643000.0,671216000.0,671216000.0,0.0,,,,,0.0,50305000.0,1.0,186935027.0,186931000.0,187720000.0,3.591,20044121000.0,0.0,2877000.0,15369000.0,107.227,
33,VNO,MRQ,2013-03-31,2013-03-31,2013-03-31,2021-08-25,120953000.0,21126127000.0,,,,,37.99,-92794000.0,754202000.0,754202000.0,277121000.0,288927000.0,,1.707,10421179000.0,,,10421179000.0,586237000.0,148918000.0,0.0,0.033,0.534,384341000.0,533259000.0,0.742,533259000.0,384341000.0,263995000.0,1.24,1.24,1.24,7094782000.0,,7094782000.0,25771106228.0,23.0,15.45,322133000.0,1.725,1.0,441592000.0,0.614,393771000.0,120346000.0,30399333000.0,,0.0,2851996000.0,,,12110435000.0,,,15618491228.0,-374496000.0,-34348000.0,1302000.0,-1030461000.0,-136342000.0,-1317108000.0,527685000.0,660300000.0,414927000.0,0.0,262922000.0,231990000.0,231990000.0,-206762000.0,25219000.0,0.323,191298000.0,250294000.0,426621000.0,0.431,2.201,28.526,28.546,15211314000.0,31718000.0,83.64,5.78,5.781,921812000.0,-1479296000.0,718713000.0,718713000.0,0.0,,,,,0.0,51380000.0,1.0,186734711.0,186752000.0,187529000.0,3.848,20732356000.0,0.0,1073000.0,15453000.0,111.015,
34,VNO,MRQ,2012-12-31,2012-12-31,2012-12-31,2021-08-25,-18946000.0,22065049000.0,,,,,36.779,-718578000.0,1143575000.0,1143575000.0,289162000.0,91893000.0,,1.929,11127230000.0,,,11127230000.0,596067000.0,138881000.0,0.0,0.034,1.236,188485000.0,327366000.0,0.543,327366000.0,188485000.0,76948000.0,0.33,0.33,0.33,6850935000.0,,6850935000.0,23859239848.0,21.0,14.303,-404175000.0,-2.17,1.0,313257000.0,0.52,415330000.0,111537000.0,31633374000.0,,0.0,2928630000.0,,,13216753000.0,,,14906339848.0,494435000.0,99107000.0,1509000.0,1142601000.0,-314965000.0,856306000.0,-676274000.0,-19365000.0,314403000.0,0.0,86135000.0,62633000.0,62633000.0,26852000.0,4972000.0,0.104,169761000.0,143496000.0,484746000.0,3.745,2.176,27.138,27.146,15165949000.0,24288000.0,80.08,5.627,5.617,953909000.0,-1573275000.0,602419000.0,602419000.0,0.0,,,,,0.0,39531000.0,1.0,186143105.0,186272000.0,186923000.0,3.234,21649719000.0,0.0,-9187000.0,15305000.0,116.226,
35,VNO,MRQ,2012-09-30,2012-09-30,2012-09-30,2021-08-25,-160107000.0,20397816000.0,,,,,37.123,-144038000.0,857678000.0,857678000.0,331943000.0,264156000.0,,1.697,9810578000.0,,,9810578000.0,465929000.0,133390000.0,0.0,0.025,0.505,363651000.0,497041000.0,0.707,497041000.0,363651000.0,244321000.0,1.25,1.24,1.25,6901979000.0,,6901979000.0,24694226486.0,22.0,14.317,102744000.0,0.553,1.0,371109000.0,0.528,252683000.0,119330000.0,29098033000.0,,0.0,2968159000.0,,,11713463000.0,,,15060288486.0,-5479000.0,2179000.0,543000.0,-15075000.0,-128234000.0,-115379000.0,-136882000.0,39349000.0,246782000.0,0.0,241306000.0,232393000.0,232393000.0,-158444000.0,21447000.0,0.331,171767000.0,199342000.0,442644000.0,0.404,2.182,27.08,27.107,13954039000.0,10316000.0,81.05,5.573,5.577,937108000.0,-1319118000.0,703052000.0,703052000.0,0.0,,,,,0.0,48456000.0,1.0,185814787.0,185924000.0,186655000.0,3.781,20145133000.0,0.0,3015000.0,15432000.0,108.351,
36,VNO,MRQ,2012-06-30,2012-06-30,2012-06-30,2021-08-25,-162785000.0,20003765000.0,,,,,35.039,-87873000.0,584089000.0,584089000.0,297420000.0,58228000.0,,1.767,10218027000.0,,,10218027000.0,481302000.0,140313000.0,0.0,0.024,0.505,170096000.0,310409000.0,0.458,310409000.0,170096000.0,45776000.0,0.11,0.11,0.11,6505740000.0,,6505740000.0,25161036443.0,26.0,16.114,-131112000.0,-0.706,1.0,380563000.0,0.561,266386000.0,124320000.0,29371317000.0,,0.0,2917903000.0,,,11493315000.0,,,15590219443.0,-142996000.0,3255000.0,1670000.0,-22541000.0,-128146000.0,-98556000.0,-1201000.0,123770000.0,-43239000.0,0.0,38297000.0,20510000.0,20510000.0,-17869000.0,16058000.0,0.03,177763000.0,202800000.0,431346000.0,4.591,2.396,42.726,42.847,14091482000.0,21660000.0,83.98,5.802,5.803,936695000.0,-1420304000.0,677983000.0,677983000.0,0.0,,,,,0.0,46832000.0,1.0,185642051.0,185673000.0,186342000.0,3.651,19737379000.0,0.0,7479000.0,15577000.0,106.302,
37,VNO,MRQ,2012-03-31,2012-03-31,2012-03-31,2021-08-25,67174000.0,20269729000.0,,,,,36.908,-85720000.0,731782000.0,731782000.0,299507000.0,280264000.0,,1.682,10302599000.0,,,10302599000.0,500266000.0,145304000.0,0.0,0.024,0.505,388406000.0,533710000.0,0.797,533710000.0,388406000.0,258347000.0,1.26,1.25,1.26,6841667000.0,,6841667000.0,25441118684.0,24.0,15.534,221383000.0,1.194,1.0,369734000.0,0.552,304385000.0,130059000.0,29536161000.0,,0.0,3095131000.0,,,11509293000.0,,,15583737684.0,7806000.0,-42529000.0,-22037000.0,-259679000.0,-127973000.0,-471392000.0,172095000.0,319699000.0,307103000.0,0.0,251522000.0,233735000.0,233735000.0,-71372000.0,24868000.0,0.349,187516000.0,182218000.0,453578000.0,0.401,2.278,35.719,35.83,14471766000.0,21661000.0,84.2,5.761,5.77,941201000.0,-1312670000.0,669241000.0,669241000.0,0.0,,,,,0.0,55290000.0,1.0,185080020.0,185370000.0,191886000.0,3.61,19965344000.0,0.0,6825000.0,13380000.0,107.705,
38,VNO,MRQ,2011-12-31,2011-12-31,2011-12-31,2021-08-25,73729000.0,20446487000.0,,,,,36.995,-186825000.0,704621000.0,704621000.0,255563000.0,96987000.0,,1.725,10076607000.0,,,10076607000.0,515816000.0,165998000.0,0.0,0.026,0.505,217638000.0,383636000.0,0.588,383636000.0,217638000.0,92673000.0,0.37,0.37,0.37,6828316000.0,,6828316000.0,23876748481.0,20.0,13.366,-50997000.0,-0.276,1.0,396417000.0,0.608,287844000.0,124965000.0,29530629000.0,,0.0,2962378000.0,,,11777363000.0,,,14180365481.0,21370000.0,-86374000.0,2343000.0,155013000.0,-127363000.0,48628000.0,-163086000.0,87546000.0,135828000.0,0.0,87296000.0,69508000.0,69508000.0,265000.0,-5162000.0,0.107,209857000.0,186560000.0,423512000.0,1.365,2.077,23.564,23.577,13809383000.0,32641000.0,76.86,5.247,5.241,887285000.0,-1401704000.0,651980000.0,651980000.0,0.0,,,,,0.0,54171000.0,1.0,184496038.0,184572000.0,185967000.0,3.532,20158643000.0,0.0,5377000.0,13315000.0,109.218,
39,VNO,MRQ,2011-09-30,2011-09-30,2011-09-30,2021-08-25,-59019000.0,20188228000.0,,,,,36.615,-43346000.0,710167000.0,710167000.0,296256000.0,66223000.0,,1.728,10406550000.0,,,10406550000.0,532221000.0,141012000.0,0.0,0.027,0.505,192719000.0,333731000.0,0.485,333731000.0,192719000.0,60721000.0,0.22,0.22,0.22,6751785000.0,,6751785000.0,23555217302.0,17.0,12.225,263285000.0,1.428,1.0,391604000.0,0.569,334878000.0,131998000.0,29549733000.0,,0.0,2752727000.0,,,11664539000.0,,,13762004302.0,-6332000.0,-11581000.0,1618000.0,-129793000.0,-127283000.0,-288031000.0,-24932000.0,4809000.0,306631000.0,0.0,53762000.0,41135000.0,41135000.0,-8444000.0,12461000.0,0.06,175344000.0,216260000.0,469024000.0,2.295,2.038,17.742,17.682,14476127000.0,12627000.0,74.62,5.23,5.23,883522000.0,-1330405000.0,687860000.0,687860000.0,0.0,,,,,0.0,46121000.0,1.0,184427825.0,184398000.0,186065000.0,3.73,19853350000.0,0.0,6959000.0,13814000.0,107.666,
40,VNO,MRQ,2011-06-30,2011-06-30,2011-06-30,2021-08-25,114479000.0,20538864000.0,,,,,36.687,-78158000.0,746835000.0,746835000.0,287168000.0,130969000.0,,1.738,10540048000.0,,,10540048000.0,555709000.0,137120000.0,0.0,0.021,0.505,249583000.0,386703000.0,0.556,386703000.0,249583000.0,114222000.0,0.5,0.49,0.5,6760241000.0,,6760241000.0,26946210071.0,19.0,13.555,-14220000.0,-0.077,1.0,408870000.0,0.587,317257000.0,135361000.0,30014820000.0,,0.0,2922131000.0,,,11749873000.0,,,17167448071.0,-26846000.0,-31395000.0,5682000.0,-92856000.0,-127163000.0,-53620000.0,-37164000.0,-6564000.0,63938000.0,0.0,108581000.0,91913000.0,91913000.0,-10369000.0,22388000.0,0.132,177494000.0,231376000.0,436229000.0,1.01,2.539,20.69,20.615,14767232000.0,16668000.0,93.18,6.527,6.528,921591000.0,-1244254000.0,696038000.0,696038000.0,0.0,,,,,0.0,49795000.0,1.0,184239623.0,184268000.0,186144000.0,3.777,20221607000.0,0.0,5641000.0,13256000.0,109.74,
41,VNO,MRQ,2011-03-31,2011-03-31,2011-03-31,2021-08-25,130614000.0,20492400000.0,,,,,36.131,-41275000.0,852634000.0,852634000.0,324640000.0,445821000.0,,1.787,10631396000.0,,,10631396000.0,578629000.0,136860000.0,0.0,0.022,0.505,553755000.0,690615000.0,0.95,690615000.0,553755000.0,419045000.0,2.17,2.12,2.17,6647629000.0,,6647629000.0,26072442062.0,19.0,13.3,154827000.0,0.842,1.0,402243000.0,0.553,333270000.0,134710000.0,29937892000.0,,0.0,2865627000.0,,,11881036000.0,,,16070414062.0,-72428000.0,-123606000.0,14900000.0,-259794000.0,-126936000.0,-328951000.0,60421000.0,213128000.0,196102000.0,0.0,412663000.0,399215000.0,399215000.0,-137626000.0,33158000.0,0.549,207049000.0,195194000.0,469443000.0,0.233,2.417,20.198,20.161,14822437000.0,13448000.0,87.5,6.138,6.148,913186000.0,-1208993000.0,726883000.0,726883000.0,0.0,,,,,0.0,58946000.0,1.0,183661875.0,183988000.0,191529000.0,3.951,20159130000.0,0.0,6382000.0,13279000.0,109.568,
42,VNO,MRQ,2010-12-31,2010-12-31,2010-12-31,2021-08-25,73453000.0,20517471000.0,,,,,34.452,-279322000.0,891611000.0,891611000.0,180497000.0,282144000.0,,1.957,10889442000.0,,,10889442000.0,575836000.0,136674000.0,0.0,0.023,0.476,379133000.0,515807000.0,0.991,515807000.0,379133000.0,263117000.0,1.33,1.32,1.33,6315710000.0,,6315710000.0,25337521013.0,21.0,14.35,-102957000.0,-0.562,1.0,339865000.0,0.653,346157000.0,116016000.0,30169145000.0,,0.0,2487957000.0,,,12359092000.0,,,15221974013.0,-155465000.0,-53000.0,14800000.0,336458000.0,-119362000.0,239628000.0,-571458000.0,-292965000.0,176365000.0,0.0,256973000.0,243414000.0,243414000.0,-18513000.0,13976000.0,0.468,266414000.0,73451000.0,438479000.0,0.358,2.41,25.509,25.483,14672655000.0,24754000.0,83.33,5.95,5.939,865819000.0,-1480876000.0,520362000.0,520362000.0,0.0,,,,,0.0,58168000.0,1.0,182670995.0,183318000.0,185158000.0,2.839,20171314000.0,0.0,6144000.0,13278000.0,110.035,
43,VNO,MRQ,2010-09-30,2010-09-30,2010-09-30,2021-08-25,45272000.0,20634128000.0,,,,,33.109,-43108000.0,994500000.0,994500000.0,275077000.0,116132000.0,,2.107,11110047000.0,,,11110047000.0,632427000.0,139580000.0,0.0,0.022,0.476,255262000.0,394842000.0,0.575,394842000.0,255262000.0,109701000.0,0.52,0.52,0.52,6041092000.0,,6041092000.0,25469819484.0,30.0,18.114,19248000.0,0.105,1.0,412048000.0,0.6,385337000.0,145561000.0,30364338000.0,,0.0,1972925000.0,,,12729131000.0,,,15591284484.0,194133000.0,-84158000.0,1929000.0,437192000.0,-118658000.0,288039000.0,-156262000.0,-20312000.0,62356000.0,0.0,104252000.0,95192000.0,95192000.0,3667000.0,11880000.0,0.139,186720000.0,225328000.0,507755000.0,0.915,2.581,77.137,82.24,15270970000.0,9060000.0,85.53,5.799,5.805,932325000.0,-1604889000.0,687125000.0,687125000.0,0.0,,,,,0.0,55200000.0,1.0,182290243.0,182462000.0,184168000.0,3.766,20248791000.0,0.0,5449000.0,17648000.0,110.975,
44,VNO,MRQ,2010-06-30,2010-06-30,2010-06-30,2021-08-25,37597000.0,19890877000.0,,,,,34.235,-79704000.0,791683000.0,791683000.0,261845000.0,77211000.0,,1.923,10670218000.0,,,10670218000.0,652449000.0,139808000.0,0.0,0.026,0.476,219245000.0,359053000.0,0.525,359053000.0,219245000.0,77070000.0,0.32,0.31,0.32,6231627000.0,,6231627000.0,23264666764.0,26.0,16.032,164613000.0,0.904,1.0,422144000.0,0.617,0.0,142175000.0,29769412000.0,,0.0,1771833000.0,,,11981051000.0,,,13270593764.0,-136819000.0,-158000.0,8964000.0,-431574000.0,-118321000.0,-581153000.0,200017000.0,132092000.0,244317000.0,0.0,72106000.0,57840000.0,57840000.0,3681000.0,5105000.0,0.085,184747000.0,237397000.0,458628000.0,1.488,2.13,56.887,59.309,15336105000.0,14266000.0,72.95,4.966,4.969,889716000.0,-1581176000.0,683989000.0,683989000.0,0.0,,,,,0.0,49540000.0,1.0,181913554.0,182027000.0,183644000.0,3.758,19890877000.0,0.0,4964000.0,17704000.0,109.274,
45,VNO,MRQ,2010-03-31,2010-03-31,2010-03-31,2021-08-25,29953000.0,20419693000.0,,,,,34.249,-72848000.0,1096789000.0,1096789000.0,274693000.0,232544000.0,,2.003,11090862000.0,,,11090862000.0,671366000.0,140250000.0,0.0,0.028,0.476,355859000.0,496109000.0,0.724,496109000.0,355859000.0,220132000.0,1.1,1.09,1.1,6217588000.0,,6217588000.0,23828097988.0,30.0,17.512,215200000.0,1.185,1.0,410621000.0,0.599,0.0,135727000.0,30413766000.0,,0.0,1912704000.0,,,12455566000.0,,,13717911988.0,253461000.0,-29124000.0,-24360000.0,135089000.0,-117958000.0,-41929000.0,7342000.0,123213000.0,288048000.0,0.0,214552000.0,200285000.0,200285000.0,9570000.0,17992000.0,0.292,182423000.0,228198000.0,491464000.0,0.433,2.206,111.043,124.098,15390245000.0,14267000.0,75.7,5.153,5.162,874720000.0,-1520690000.0,685314000.0,685314000.0,0.0,,,,,0.0,48630000.0,1.0,181214161.0,181542000.0,183445000.0,3.775,20419693000.0,0.0,5580000.0,17789000.0,112.479,
46,VNO,MRQ,2009-12-31,2009-12-31,2009-12-31,2021-08-25,28449000.0,20185472000.0,,,,,34.697,-152238000.0,829429000.0,829429000.0,235984000.0,-143450000.0,,1.968,10685703000.0,,,10685703000.0,655283000.0,145356000.0,0.0,0.038,0.457,10686000.0,156042000.0,0.247,156042000.0,10686000.0,-132054000.0,-0.9,-0.89,-0.9,6242769000.0,,6242769000.0,22436333441.0,30.0,17.211,-8146000.0,-0.045,1.0,396032000.0,0.627,439549000.0,142740000.0,29602197000.0,,0.0,1833223000.0,,,12284438000.0,,,12555907441.0,-2024532000.0,-5850000.0,-30475000.0,-1851005000.0,-68310000.0,-2004223000.0,-164401000.0,-36906000.0,144092000.0,0.0,-136923000.0,-151192000.0,-151192000.0,-653000.0,-6527000.0,-0.239,244655000.0,151377000.0,475242000.0,-0.508,2.011,255.758,249.786,15132901000.0,14269000.0,69.94,4.728,4.519,840700000.0,-1577591000.0,632016000.0,632016000.0,0.0,,,,,0.0,50203000.0,1.0,179523984.0,179920000.0,182878000.0,3.513,19745923000.0,0.0,4869000.0,16495000.0,109.748,
47,VNO,MRQ,2009-09-30,2009-09-30,2009-09-30,2021-08-25,16489000.0,22350373000.0,,,,,36.722,-178753000.0,2847586000.0,2847586000.0,265952000.0,155844000.0,,2.159,12728012000.0,,,12728012000.0,701637000.0,135891000.0,0.0,0.044,0.481,304089000.0,439980000.0,0.655,439980000.0,304089000.0,145884000.0,0.71,0.7,0.71,6561762000.0,,6561762000.0,21510448037.0,32.0,17.604,-68705000.0,-0.384,1.0,405267000.0,0.604,0.0,158205000.0,32230799000.0,,0.0,1817783000.0,,,14169700000.0,,,11501176037.0,491513000.0,450000.0,544000.0,330952000.0,-67913000.0,239955000.0,141510000.0,299404000.0,110048000.0,0.0,140617000.0,126348000.0,126348000.0,-43321000.0,15227000.0,0.188,182187000.0,223080000.0,548407000.0,0.677,1.753,-431.305,-460.071,15671638000.0,14269000.0,64.41,4.313,4.316,835319000.0,-1278727000.0,671219000.0,671219000.0,0.0,,,,,0.0,51684000.0,1.0,178561963.0,178689000.0,180977000.0,3.756,22350373000.0,0.0,5267000.0,17858000.0,125.08,
48,VNO,MRQ,2009-06-30,2009-06-30,2009-06-30,2021-08-25,-35851000.0,21831857000.0,,,,,39.16,-179429000.0,2376482000.0,2376482000.0,269711000.0,-40375000.0,,2.051,12385754000.0,,,12385754000.0,724193000.0,141628000.0,0.0,0.068,0.742,126885000.0,268513000.0,0.399,268513000.0,126885000.0,-32178000.0,-0.3,-0.3,-0.3,6717048000.0,,6717048000.0,17833505074.0,32.0,15.814,30198000.0,0.176,1.0,404079000.0,0.6,0.0,159063000.0,31841129000.0,,0.0,1782827000.0,,,13773583000.0,,,7127272074.0,443048000.0,-13998000.0,709736000.0,-343683000.0,-67059000.0,274305000.0,-40884000.0,64459000.0,209627000.0,0.0,-37635000.0,-51904000.0,-51904000.0,-3363000.0,-2740000.0,-0.077,186318000.0,217761000.0,485706000.0,-2.473,1.061,-54.708,-63.423,15796325000.0,14269000.0,45.03,2.668,2.891,814901000.0,-1288909000.0,673790000.0,673790000.0,0.0,,,,,0.0,49632000.0,1.0,158278305.0,171530000.0,171530000.0,3.928,21831857000.0,0.0,5457000.0,19876000.0,127.277,
49,VNO,MRQ,2009-03-31,2009-03-31,2009-03-31,2021-08-25,-46797000.0,21648927000.0,,,,,39.415,-171454000.0,2025597000.0,2025597000.0,278898000.0,156431000.0,,2.306,12731830000.0,,,12731830000.0,741465000.0,136178000.0,0.0,0.089,0.946,302919000.0,439097000.0,0.647,439097000.0,302919000.0,145159000.0,0.81,0.8,0.81,6148329000.0,,6148329000.0,16289740751.0,22.0,12.631,-1642000.0,-0.011,1.0,399668000.0,0.589,0.0,157760000.0,32355160000.0,,0.0,1479481000.0,,,14180839000.0,,,5167507751.0,98597000.0,-2078000.0,-32000.0,215471000.0,-59115000.0,107211000.0,-178426000.0,22404000.0,169812000.0,0.0,140110000.0,125841000.0,125841000.0,-2592000.0,16321000.0,0.185,210721000.0,188947000.0,497930000.0,1.168,0.84,134.277,100.727,15751345000.0,14269000.0,33.24,1.934,1.941,1280486000.0,-1069607000.0,678566000.0,678566000.0,0.0,,,,,0.0,79065000.0,1.0,155460522.0,155991000.0,157103000.0,4.35,21648927000.0,0.0,5049000.0,19884000.0,138.783,
50,VNO,MRQ,2008-12-31,2008-12-31,2008-12-31,2021-08-25,-6899000.0,21418048000.0,,,,,37.698,-229652000.0,1902741000.0,1902741000.0,255146000.0,-227667000.0,,2.417,12437923000.0,,,12437923000.0,764774000.0,139771000.0,0.0,0.044,0.695,-65485000.0,74286000.0,0.116,74286000.0,-65485000.0,-210154000.0,-1.36,-1.31,-1.36,5801739000.0,,5801739000.0,19977050167.0,26.0,14.781,-59449000.0,-0.386,1.0,387812000.0,0.603,0.0,144669000.0,31953230000.0,,0.0,1890111000.0,,,14025418000.0,,,9315265167.0,-2159000.0,-4700000.0,-1821000.0,360984000.0,-146812000.0,142306000.0,-314668000.0,-114994000.0,170203000.0,0.0,-212680000.0,-226951000.0,-226951000.0,-8111000.0,-14987000.0,-0.353,249570000.0,138242000.0,515607000.0,-0.511,1.606,30.824,30.791,15652276000.0,14271000.0,60.35,3.528,3.517,807183000.0,-1047340000.0,642958000.0,642958000.0,0.0,,,,,0.0,44805000.0,1.0,154354021.0,153900000.0,,4.178,21418048000.0,0.0,2526000.0,19895000.0,139.169,
51,VNO,MRQ,2008-09-30,2008-09-30,2008-09-30,2021-08-25,-8675000.0,21444140000.0,,,,,40.825,-226931000.0,1529012000.0,1529012000.0,276115000.0,43547000.0,,2.195,12190797000.0,,,12190797000.0,760913000.0,145878000.0,0.0,0.029,0.658,199897000.0,345775000.0,0.511,345775000.0,199897000.0,42251000.0,0.14,0.14,0.14,6282582000.0,,6282582000.0,24503534654.0,22.0,14.488,-32838000.0,-0.213,1.0,399953000.0,0.592,0.0,157646000.0,32105925000.0,,0.0,2111574000.0,,,13791303000.0,,,13996234654.0,-183020000.0,23048000.0,0.0,-41421000.0,-138691000.0,-203387000.0,-173726000.0,36491000.0,194093000.0,0.0,37007000.0,22736000.0,22736000.0,-846000.0,6540000.0,0.034,191044000.0,208909000.0,599005000.0,4.7,2.228,23.614,23.997,15386802000.0,14271000.0,90.95,5.278,5.278,848330000.0,57391000.0,676068000.0,676068000.0,0.0,,,,,0.0,49494000.0,1.0,153889331.0,153889331.0,,4.393,21444140000.0,0.0,5244000.0,19829000.0,139.348,
52,VNO,MRQ,2008-06-30,2008-06-30,2008-06-30,2021-08-25,-28331000.0,21501573000.0,,,,,41.334,-228609000.0,1712032000.0,1712032000.0,256358000.0,145817000.0,,2.169,12219332000.0,,,12219332000.0,780225000.0,134734000.0,0.0,0.03,0.658,295806000.0,430540000.0,0.638,430540000.0,295806000.0,136047000.0,0.74,0.72,0.74,6348764000.0,,6348764000.0,24143936752.0,20.0,13.624,3332000.0,0.022,1.0,418007000.0,0.62,0.0,159759000.0,32008873000.0,,0.0,2164778000.0,,,13769459000.0,,,13516507752.0,170958000.0,96181000.0,-10307000.0,71115000.0,-138448000.0,-98550000.0,37567000.0,187201000.0,231941000.0,0.0,131132000.0,116858000.0,116858000.0,-58339000.0,14685000.0,0.173,181959000.0,236048000.0,515863000.0,0.889,2.129,19.688,19.91,15365848000.0,14274000.0,88.0,5.174,5.174,728167000.0,164652000.0,674365000.0,674365000.0,0.0,,,,,0.0,50285000.0,1.0,153596679.0,153596679.0,,4.39,21501573000.0,0.0,4915000.0,19698000.0,139.987,
53,VNO,MRQ,2008-03-31,2008-03-31,2008-03-31,2021-08-25,9521000.0,21486198000.0,,,,,41.612,-164023000.0,1541074000.0,1541074000.0,261251000.0,449748000.0,,2.148,12168503000.0,,,12168503000.0,824648000.0,156955000.0,0.0,0.03,0.658,343966000.0,500921000.0,0.771,500921000.0,343966000.0,186509000.0,2.5,2.38,2.5,6382140000.0,,6382140000.0,25019611696.0,21.0,14.004,57552000.0,0.375,1.0,388031000.0,0.598,0.0,157457000.0,32113627000.0,,0.0,2367536000.0,,,13709385000.0,,,13222394696.0,386479000.0,-52389000.0,10307000.0,337631000.0,-138030000.0,167308000.0,-2404000.0,213142000.0,221575000.0,0.0,403838000.0,389563000.0,389563000.0,-112081000.0,45910000.0,0.6,182278000.0,205753000.0,501204000.0,0.263,2.072,18.332,18.421,15274385000.0,14275000.0,86.21,5.244,5.244,718020000.0,177714000.0,649282000.0,649282000.0,0.0,,,,,0.0,49385000.0,1.0,153374257.0,153374257.0,,4.233,21486198000.0,0.0,-217329000.0,19741000.0,140.09,
54,VNO,MRQ,2007-12-31,2007-12-31,2007-12-31,2021-08-25,29772000.0,22478935000.0,,,,,35.657,60181000.0,1154595000.0,1154595000.0,252526000.0,144141000.0,,2.766,11896038000.0,,,11896038000.0,848852000.0,153307000.0,0.0,0.029,0.658,260714000.0,414021000.0,0.635,414021000.0,260714000.0,81623000.0,0.41,0.4,0.41,5418099000.0,,5418099000.0,25133845071.0,22.0,14.816,270413000.0,1.78,1.0,399367000.0,0.613,0.0,179091000.0,33220378000.0,,0.0,2320162000.0,,,14986235000.0,,,13391635071.0,320321000.0,-60765000.0,-13057000.0,310296000.0,-137451000.0,112236000.0,-2147000.0,-52982000.0,210232000.0,0.0,77847000.0,63556000.0,63556000.0,-42460000.0,66294000.0,0.097,174810000.0,224557000.0,480123000.0,1.605,2.472,27.648,27.657,15226452000.0,14291000.0,87.95,5.568,5.556,694548000.0,-721625000.0,651893000.0,651893000.0,0.0,,,,,38726000.0,50933000.0,1.0,152264185.0,151949000.0,,4.29,22478935000.0,0.0,3776000.0,241895000.0,147.937,
55,VNO,MRQ,2007-09-30,2007-09-30,2007-09-30,2021-08-25,62668000.0,22253768000.0,,,,,40.829,-314687000.0,834274000.0,834274000.0,259000000.0,130841000.0,,2.343,12576484000.0,,,12576484000.0,892498000.0,143319000.0,0.0,0.026,0.622,283369000.0,426688000.0,0.67,426688000.0,283369000.0,133647000.0,0.77,0.74,0.77,6206359000.0,,6206359000.0,28451020849.0,27.0,18.168,-127032000.0,-0.836,1.0,378078000.0,0.593,0.0,149722000.0,33995978000.0,,0.0,1890806000.0,,,14544014000.0,,,16622064849.0,90768000.0,-30503000.0,-560000.0,-11042000.0,-129325000.0,-197901000.0,101014000.0,243680000.0,187655000.0,0.0,130841000.0,116546000.0,116546000.0,-24538000.0,0.0,0.183,166882000.0,211196000.0,647229000.0,0.808,2.678,31.587,31.154,16354231000.0,14295000.0,109.35,9.852,9.852,1444621000.0,-35650000.0,637078000.0,637078000.0,0.0,,,,,0.0,47888000.0,1.0,152007909.0,152007909.0,,4.191,22253768000.0,0.0,2806000.0,266383000.0,146.399,
56,VNO,MRQ,2007-06-30,2007-06-30,2007-06-30,2021-08-25,68004000.0,22138896000.0,,,,,40.897,-1731381000.0,743506000.0,743506000.0,227212000.0,165920000.0,,2.317,12572462000.0,,,12572462000.0,923542000.0,136303000.0,0.0,0.026,0.622,308721000.0,445024000.0,0.763,445024000.0,308721000.0,168428000.0,1.0,0.96,1.0,6210848000.0,,6210848000.0,25429257270.0,25.0,17.118,-1513206000.0,-9.964,1.0,356008000.0,0.61,0.0,140293000.0,33967852000.0,,0.0,1922073000.0,,,14389932000.0,,,16680803270.0,-2141168000.0,-69389000.0,3469000.0,-336010000.0,-129131000.0,-498468000.0,-1860875000.0,-69461000.0,218175000.0,0.0,165920000.0,151625000.0,151625000.0,-478000.0,0.0,0.26,160557000.0,195451000.0,552867000.0,0.622,2.686,31.875,31.028,16104888000.0,14295000.0,109.84,9.664,9.664,1408774000.0,-22862000.0,583220000.0,583220000.0,0.0,,,,,0.0,49789000.0,1.0,151864560.0,151864560.0,,3.84,22138896000.0,0.0,2508000.0,130975000.0,145.781,
57,VNO,MRQ,2007-03-31,2007-03-31,2007-03-31,2021-08-25,99724000.0,20252419000.0,,,,,40.974,-1091655000.0,2884674000.0,2884674000.0,212802000.0,166931000.0,,2.082,11633128000.0,,,11633128000.0,596465000.0,112956000.0,0.0,0.024,0.622,297718000.0,410674000.0,0.766,410674000.0,297718000.0,167020000.0,1.01,0.96,1.01,6211707000.0,,6211707000.0,25413550546.0,25.0,17.753,-1010392000.0,-6.665,1.0,323442000.0,0.603,0.0,130698000.0,29000873000.0,,0.0,1986316000.0,,,12934364000.0,,,18092069546.0,651357000.0,-88225000.0,1835000.0,2123198000.0,-128812000.0,1875790000.0,-1305696000.0,-134933000.0,81263000.0,0.0,166931000.0,152635000.0,152635000.0,1135000.0,0.0,0.285,138232000.0,185210000.0,522169000.0,0.616,2.913,34.762,33.242,12728571000.0,14296000.0,119.34,10.019,10.019,1368591000.0,-45361000.0,536244000.0,536244000.0,0.0,,,,,0.0,40417000.0,1.0,151601052.0,151601052.0,,3.537,20252419000.0,0.0,89000.0,0.0,133.59,
58,VNO,MRQ,2006-12-31,2006-12-31,2006-12-31,2021-08-25,92963000.0,17954281000.0,,,,,43.301,-1018909000.0,2233317000.0,2233317000.0,-258898000.0,119776000.0,,1.736,9554798000.0,,,9554798000.0,331760000.0,110293000.0,0.0,0.023,1.017,173358000.0,283651000.0,-4.088,283651000.0,173358000.0,117905000.0,0.73,0.69,0.73,6150770000.0,,6150770000.0,24254317782.0,25.0,17.725,-681079000.0,-4.795,1.0,189510000.0,-2.731,0.0,55453000.0,25275762000.0,,0.0,2330705000.0,,,10675307000.0,,,17258739782.0,1846435000.0,-133242000.0,870891000.0,2581544000.0,-197454000.0,2655801000.0,-1147196000.0,-44786000.0,337830000.0,0.0,119776000.0,105427000.0,105427000.0,5650000.0,0.0,-1.519,60872000.0,128638000.0,592932000.0,1.393,2.806,34.337,34.322,11471396000.0,14349000.0,121.5,9.04,9.04,687426000.0,-69188000.0,-69388000.0,-69388000.0,0.0,,,,,2079000.0,31637000.0,1.0,142047241.0,142047241.0,,-0.488,17954281000.0,0.0,-1871000.0,34529000.0,126.397,
59,VNO,MRQ,2006-09-30,2006-09-30,2006-09-30,2021-08-25,64679000.0,14869422000.0,,,,,37.658,-402683000.0,386882000.0,386882000.0,346565000.0,127983000.0,,1.552,7382460000.0,,,7382460000.0,253703000.0,102516000.0,0.0,0.027,0.585,243645000.0,346161000.0,0.512,346161000.0,243645000.0,128365000.0,0.8,0.76,0.8,5336954000.0,,5336954000.0,22106226368.0,22.0,15.874,-275086000.0,-1.941,1.0,329366000.0,0.487,0.0,115280000.0,21865000000.0,,0.0,1669676000.0,,,8282817000.0,,,15447736368.0,-107508000.0,55931000.0,353000.0,382445000.0,-113534000.0,21285000.0,-256390000.0,47083000.0,127597000.0,0.0,127983000.0,113632000.0,113632000.0,-577000.0,0.0,0.168,153895000.0,175471000.0,484681000.0,0.731,2.894,30.714,30.618,10682986000.0,14351000.0,109.0,5.794,5.794,1214442000.0,160420000.0,675931000.0,675931000.0,0.0,,,,,0.0,52096000.0,1.0,141722352.0,141722352.0,,4.769,14869422000.0,0.0,382000.0,0.0,104.919,
60,VNO,MRQ,2006-06-30,2006-06-30,2006-06-30,2021-08-25,45146000.0,14556322000.0,,,,,37.478,-206083000.0,494390000.0,494390000.0,319851000.0,163169000.0,,1.5,7152880000.0,,,7152880000.0,190382000.0,106172000.0,0.0,0.029,0.585,284839000.0,391011000.0,0.59,391011000.0,284839000.0,164017000.0,1.05,0.99,1.05,5306151000.0,,5306151000.0,20159689226.0,23.0,16.019,-37311000.0,-0.264,1.0,343181000.0,0.518,0.0,120822000.0,21214812000.0,,0.0,1711853000.0,,,7958108000.0,,,13811068226.0,-85540000.0,-39544000.0,5848000.0,204784000.0,-113286000.0,93544000.0,-347856000.0,-72527000.0,168772000.0,0.0,163169000.0,148765000.0,148765000.0,-16762000.0,0.0,0.224,150595000.0,192586000.0,448963000.0,0.557,2.603,33.156,32.956,10286427000.0,14404000.0,97.55,5.225,5.225,1230246000.0,160320000.0,663032000.0,663032000.0,0.0,,,,,0.0,51715000.0,1.0,141579377.0,141579377.0,,4.683,14556322000.0,0.0,848000.0,0.0,102.814,
61,VNO,MRQ,2006-03-31,2006-03-31,2006-03-31,2021-08-25,98590000.0,14330183000.0,,,,,37.631,-175723000.0,579930000.0,579930000.0,331915000.0,149212000.0,,1.46,6928551000.0,,,6928551000.0,190238000.0,94181000.0,0.0,0.03,0.585,253106000.0,347287000.0,0.536,347287000.0,253106000.0,149212000.0,0.96,0.91,0.96,5315935000.0,,5315935000.0,19521849528.0,23.0,16.027,14746000.0,0.104,1.0,315422000.0,0.487,0.0,103894000.0,20678804000.0,,0.0,1774530000.0,,,7761925000.0,,,13561470528.0,285426000.0,-20337000.0,3309000.0,401911000.0,-113024000.0,260025000.0,-165068000.0,-92986000.0,190469000.0,0.0,149212000.0,134805000.0,134805000.0,-16735000.0,0.0,0.208,136169000.0,179253000.0,479961000.0,0.609,2.551,30.788,29.63,10151979000.0,14407000.0,96.0,5.273,5.273,1015949000.0,124845000.0,647337000.0,647337000.0,0.0,,,,,0.0,45864000.0,1.0,141265318.0,141265318.0,,4.582,14330183000.0,0.0,0.0,0.0,101.442,
62,VNO,MRQ,2005-12-31,2005-12-31,2005-12-31,2021-08-25,83406000.0,13637163000.0,,,,,37.451,-325152000.0,294504000.0,294504000.0,364605000.0,119961000.0,,1.352,6243126000.0,,,6243126000.0,184206000.0,94220000.0,0.0,0.034,1.149,213921000.0,308141000.0,0.453,308141000.0,213921000.0,124955000.0,0.75,0.71,0.75,5263510000.0,,5263510000.0,17052700127.0,19.0,13.87,-65324000.0,-0.465,1.0,315068000.0,0.464,0.0,88966000.0,19585785000.0,,0.0,1645999000.0,,,7117212000.0,,,11731226127.0,-99957000.0,-69424000.0,6637000.0,217297000.0,-221728000.0,-92560000.0,-267225000.0,137184000.0,259828000.0,0.0,119961000.0,105750000.0,105750000.0,-5175000.0,0.0,0.156,129544000.0,185524000.0,528543000.0,1.532,2.229,23.791,22.621,9704035000.0,14211000.0,83.47,4.656,4.656,1001253000.0,103061000.0,679673000.0,679673000.0,0.0,,,,,0.0,43284000.0,1.0,140544221.0,140544221.0,,4.836,13637163000.0,0.0,4994000.0,0.0,97.031,
63,VNO,MRQ,2005-09-30,2005-09-30,2005-09-30,2021-08-25,99848000.0,13154745000.0,,,,,41.002,-521296000.0,394461000.0,394461000.0,351989000.0,38742000.0,,1.216,5715935000.0,,,5715935000.0,159697000.0,85124000.0,0.0,0.026,0.556,126955000.0,212079000.0,0.325,212079000.0,126955000.0,38742000.0,0.2,0.19,0.2,5363453000.0,,5363453000.0,16123670900.0,17.0,12.399,-338899000.0,-2.591,1.0,301475000.0,0.461,0.0,88213000.0,18476219000.0,,0.0,1785639000.0,,,6521616000.0,,,11330637900.0,-447637000.0,-590759000.0,786075000.0,74420000.0,-99844000.0,492571000.0,-1122605000.0,-21786000.0,182397000.0,0.0,38742000.0,27223000.0,27223000.0,-1229000.0,0.0,0.042,130080000.0,171395000.0,502781000.0,2.78,2.113,18.247,17.897,9125193000.0,11519000.0,86.62,4.854,4.854,939564000.0,218804000.0,653464000.0,653464000.0,0.0,,,,,0.0,48051000.0,1.0,130808565.0,130808565.0,,4.996,13154745000.0,0.0,0.0,0.0,100.565,
64,VNO,MRQ,2005-06-30,2005-06-30,2005-06-30,2021-08-25,69508000.0,12439705000.0,,,,,33.372,-139954000.0,842098000.0,842098000.0,282430000.0,181082000.0,,1.46,5635131000.0,,,5635131000.0,126671000.0,86021000.0,0.0,0.027,0.556,264496000.0,350517000.0,0.593,350517000.0,264496000.0,181082000.0,1.33,1.25,1.33,4328466000.0,,4328466000.0,14971675112.0,15.0,11.345,46476000.0,0.358,1.0,309045000.0,0.522,0.0,83414000.0,17232738000.0,,0.0,1165868000.0,,,6321462000.0,,,10428007112.0,-132232000.0,-65751000.0,32153000.0,28867000.0,-98844000.0,35943000.0,-354605000.0,-141898000.0,186430000.0,0.0,181082000.0,172697000.0,172697000.0,-32930000.0,0.0,0.292,129030000.0,180015000.0,449783000.0,0.418,2.409,14.935,14.698,8617498000.0,8385000.0,80.4,4.975,4.975,885150000.0,291424000.0,591475000.0,591475000.0,0.0,,,,,0.0,45796000.0,1.0,129701581.0,129701581.0,,4.56,12439705000.0,0.0,0.0,0.0,95.91,
65,VNO,MRQ,2005-03-31,2005-03-31,2005-03-31,2021-08-25,41891000.0,12064138000.0,,,,,31.85,-40303000.0,974330000.0,974330000.0,296083000.0,199819000.0,,1.522,5517998000.0,,,5517998000.0,106799000.0,81410000.0,0.0,0.031,0.556,277518000.0,358928000.0,0.602,358928000.0,277518000.0,199819000.0,1.46,1.39,1.46,4071085000.0,,4071085000.0,13191431940.0,14.0,10.568,93720000.0,0.733,1.0,300101000.0,0.503,0.0,77699000.0,16607806000.0,,0.0,974667000.0,,,6194725000.0,,,8854080940.0,375048000.0,-108660000.0,8645000.0,575655000.0,-103747000.0,247874000.0,-6849000.0,99857000.0,134023000.0,0.0,199819000.0,187433000.0,187433000.0,-1635000.0,0.0,0.314,118379000.0,181722000.0,437304000.0,0.381,2.175,12.945,12.828,8311106000.0,12386000.0,69.27,4.652,4.652,828676000.0,217570000.0,596184000.0,596184000.0,0.0,,,,,0.0,40661000.0,1.0,127819849.0,127819849.0,,4.664,12064138000.0,0.0,0.0,0.0,94.384,
66,VNO,MRQ,2004-12-31,2004-12-31,2004-12-31,2021-08-25,47782000.0,11580517000.0,,,,,31.542,-180653000.0,599282000.0,599282000.0,218460000.0,239954000.0,,1.401,4951323000.0,,,4951323000.0,103524000.0,73596000.0,0.0,0.029,0.556,305269000.0,378865000.0,0.769,378865000.0,305269000.0,239954000.0,1.85,1.76,1.85,4012741000.0,,4012741000.0,13701555631.0,16.0,12.583,22108000.0,0.174,1.0,274498000.0,0.557,0.0,65315000.0,15932558000.0,,0.0,790694000.0,,,5619905000.0,,,9685063631.0,387208000.0,-5492000.0,7736000.0,4550000.0,-96749000.0,279714000.0,-95267000.0,37475000.0,202761000.0,0.0,239954000.0,233603000.0,233603000.0,-4181000.0,0.0,0.474,123492000.0,151006000.0,446469000.0,0.301,2.414,16.962,16.695,8348597000.0,6351000.0,76.13,5.698,5.698,951293000.0,133899000.0,492958000.0,492958000.0,0.0,,,,,0.0,54877000.0,1.0,127217439.0,127217439.0,,3.875,11580517000.0,0.0,0.0,0.0,91.029,
67,VNO,MRQ,2004-09-30,2004-09-30,2004-09-30,2021-08-25,13906000.0,9752211000.0,,,,,27.703,-170790000.0,212074000.0,212074000.0,160430000.0,108523000.0,,1.324,4228566000.0,,,4228566000.0,103049000.0,61699000.0,0.0,0.037,0.519,169624000.0,231323000.0,0.557,231323000.0,169624000.0,108523000.0,0.83,0.79,0.83,3488909000.0,,3488909000.0,11770582442.0,15.0,11.379,13265000.0,0.105,1.0,254865000.0,0.614,0.0,61101000.0,13768703000.0,,0.0,919944000.0,,,4620092000.0,,,7893829442.0,-13361000.0,5087000.0,20117000.0,121219000.0,-89779000.0,90795000.0,-288211000.0,-185962000.0,184055000.0,0.0,108523000.0,104501000.0,104501000.0,-9885000.0,0.0,0.252,90475000.0,164390000.0,276995000.0,0.625,2.263,14.682,14.022,7114378000.0,4022000.0,62.68,4.958,4.958,912561000.0,-2502000.0,415295000.0,415295000.0,0.0,,,,,0.0,29649000.0,1.0,125938568.0,125938568.0,,3.298,9752211000.0,0.0,0.0,0.0,77.436,
68,VNO,MRQ,2004-06-30,2004-06-30,2004-06-30,2021-08-25,-7764000.0,9454384000.0,,,,,26.652,148761000.0,225435000.0,225435000.0,143429000.0,162001000.0,,1.329,4102188000.0,,,4102188000.0,81206000.0,60062000.0,0.0,0.04,0.519,219062000.0,279124000.0,0.7,279124000.0,219062000.0,162001000.0,1.26,1.21,1.26,3349983000.0,,3349983000.0,10966143811.0,14.0,11.093,285831000.0,2.274,1.0,255567000.0,0.641,0.0,57061000.0,13331137000.0,,0.0,850115000.0,,,4453508000.0,,,7178458811.0,-65583000.0,12571000.0,14075000.0,-78602000.0,-89260000.0,-154274000.0,-48379000.0,-105552000.0,137070000.0,0.0,162001000.0,158436000.0,158436000.0,-67053000.0,0.0,0.397,87699000.0,167868000.0,258478000.0,0.412,2.143,14.239,13.375,6970913000.0,3565000.0,57.11,4.61,4.61,760764000.0,-17309000.0,398996000.0,398996000.0,0.0,,,,,0.0,29942000.0,1.0,125695304.0,125695304.0,,3.174,9454384000.0,0.0,0.0,0.0,75.217,
69,VNO,MRQ,2004-03-31,2004-03-31,2004-03-31,2021-08-25,-3634000.0,9427341000.0,,,,,27.304,-108234000.0,291018000.0,291018000.0,153291000.0,82439000.0,,1.398,4078703000.0,,,4078703000.0,81437000.0,58465000.0,0.0,0.037,0.636,140806000.0,199271000.0,0.509,199271000.0,140806000.0,82439000.0,0.61,0.59,0.61,3256058000.0,,3256058000.0,10956325283.0,16.0,12.053,49313000.0,0.414,1.0,238077000.0,0.608,0.0,58367000.0,13215026000.0,,0.0,854202000.0,,,4550811000.0,,,7212482283.0,-29524000.0,138066000.0,20007000.0,-9756000.0,-103692000.0,-251459000.0,64388000.0,38500000.0,157547000.0,0.0,82439000.0,74457000.0,74457000.0,-247000.0,0.0,0.19,86371000.0,151706000.0,259123000.0,1.043,2.215,16.85,16.128,6959328000.0,7982000.0,60.48,4.716,4.716,640449000.0,-86532000.0,391368000.0,391368000.0,0.0,,,,,0.0,30570000.0,1.0,119254006.0,119254006.0,,3.282,9427341000.0,0.0,0.0,0.0,79.053,
70,VNO,MRQ,2003-12-31,2003-12-31,2003-12-31,2021-08-25,3524000.0,9518928000.0,,,,,26.73,45822000.0,320542000.0,320542000.0,148178000.0,205144000.0,,1.469,4039542000.0,,,4039542000.0,72728000.0,60260000.0,0.0,0.039,0.637,264410000.0,324670000.0,0.84,324670000.0,264410000.0,205144000.0,1.77,1.71,1.77,3077573000.0,,3077573000.0,10167323011.0,15.0,11.165,155831000.0,1.353,1.0,238392000.0,0.617,0.0,59266000.0,13237928000.0,,0.0,982091000.0,,,4520069000.0,,,6303733011.0,196684000.0,141601000.0,90678000.0,204858000.0,-100798000.0,159054000.0,-72379000.0,-218731000.0,110009000.0,0.0,205144000.0,200259000.0,200259000.0,-158587000.0,0.0,0.518,93756000.0,144636000.0,249372000.0,0.36,2.048,14.33,13.967,6762559000.0,4885000.0,54.75,4.195,4.195,656775000.0,-57618000.0,386570000.0,386570000.0,0.0,,,,,0.0,35237000.0,1.0,115136676.0,115136676.0,,3.357,9518928000.0,0.0,0.0,0.0,82.675,
71,VNO,MRQ,2003-09-30,2003-09-30,2003-09-30,2021-08-25,-4531000.0,9077271000.0,,,,,24.836,-105885000.0,123858000.0,123858000.0,148843000.0,76060000.0,,1.531,3987448000.0,,,3987448000.0,54069000.0,53147000.0,0.0,0.041,0.497,132321000.0,185468000.0,0.488,185468000.0,132321000.0,76060000.0,0.63,0.6,0.63,2803329000.0,,2803329000.0,9253744358.0,18.0,12.409,55235000.0,0.489,1.0,231325000.0,0.608,0.0,56261000.0,12940861000.0,,0.0,1073153000.0,,,4291602000.0,,,5422349358.0,-49341000.0,37854000.0,29857000.0,-68787000.0,-76904000.0,-143409000.0,-67052000.0,-17719000.0,161120000.0,0.0,76060000.0,70981000.0,70981000.0,-5534000.0,0.0,0.187,83344000.0,147981000.0,247882000.0,0.789,1.934,19.354,18.988,6880414000.0,5079000.0,48.04,3.704,3.704,429906000.0,-157065000.0,380168000.0,380168000.0,0.0,,,,,0.0,31972000.0,1.0,112871552.0,112871552.0,,3.368,9077271000.0,0.0,0.0,0.0,80.421,
72,VNO,MRQ,2003-06-30,2003-06-30,2003-06-30,2021-08-25,-9804000.0,8971580000.0,,,,,24.744,-73608000.0,173199000.0,173199000.0,139643000.0,87757000.0,,1.547,4004594000.0,,,4004594000.0,54298000.0,54190000.0,0.0,0.045,0.497,145394000.0,199584000.0,0.538,199584000.0,145394000.0,87757000.0,0.74,0.71,0.74,2761218000.0,,2761218000.0,8748434630.0,17.0,11.849,70625000.0,0.633,1.0,231492000.0,0.624,0.0,57637000.0,12802975000.0,,0.0,1116148000.0,,,4272616000.0,,,4865440630.0,-3692000.0,-26501000.0,23827000.0,-63564000.0,-75950000.0,-171619000.0,23694000.0,2700000.0,144233000.0,0.0,87757000.0,82331000.0,82331000.0,-4955000.0,0.0,0.222,81715000.0,149777000.0,208994000.0,0.672,1.762,18.125,17.796,6686354000.0,5426000.0,43.6,3.383,3.383,404314000.0,-151156000.0,371135000.0,371135000.0,0.0,,,,,0.0,27435000.0,1.0,111592675.0,111592675.0,,3.326,8971580000.0,0.0,0.0,0.0,80.396,
73,VNO,MRQ,2003-03-31,2003-03-31,2003-03-31,2021-08-25,-13473000.0,9042769000.0,,,,,25.093,-26867000.0,176891000.0,176891000.0,146374000.0,91742000.0,,1.601,4059885000.0,,,4059885000.0,57887000.0,52314000.0,0.0,0.055,0.497,148642000.0,200956000.0,0.551,200956000.0,148642000.0,91742000.0,0.79,0.76,0.79,2726745000.0,,2726745000.0,7753355533.0,15.0,10.832,93388000.0,0.859,1.0,218603000.0,0.599,0.0,56900000.0,12925763000.0,,0.0,1079248000.0,,,4364797000.0,,,3890235533.0,-31309000.0,-20308000.0,790000.0,-12442000.0,-74225000.0,-130343000.0,-21221000.0,23392000.0,120255000.0,0.0,91742000.0,86317000.0,86317000.0,-6099000.0,0.0,0.236,77687000.0,140916000.0,244126000.0,0.629,1.427,15.52,15.431,6800894000.0,5425000.0,35.8,2.753,2.753,414315000.0,-157537000.0,364977000.0,364977000.0,0.0,,,,,0.0,27235000.0,1.0,108665797.0,108665797.0,,3.359,9042769000.0,0.0,0.0,0.0,83.216,
74,VNO,MRQ,2002-12-31,2002-12-31,2002-12-31,2021-08-25,-13564000.0,9018179000.0,,,,,24.238,-69843000.0,208200000.0,208200000.0,132068000.0,45985000.0,,1.657,3971320000.0,,,3971320000.0,59362000.0,57998000.0,0.0,0.052,0.497,101699000.0,159697000.0,0.459,159697000.0,101699000.0,45985000.0,0.37,0.36,0.37,2627356000.0,,2627356000.0,7829790448.0,17.0,11.658,147678000.0,1.362,1.0,215646000.0,0.62,0.0,55714000.0,12781299000.0,,0.0,1003651000.0,,,4353465000.0,,,4032345448.0,-106163000.0,-77479000.0,762000.0,-33545000.0,-73617000.0,-178696000.0,-144988000.0,24509000.0,217521000.0,0.0,45985000.0,40540000.0,40540000.0,63000.0,0.0,0.117,90916000.0,124730000.0,219753000.0,1.343,1.535,19.226,18.788,6579965000.0,5445000.0,37.2,2.908,2.908,401526000.0,-169629000.0,347714000.0,347714000.0,0.0,,,,,6875000.0,26238000.0,1.0,108396383.0,108396383.0,,3.208,9018179000.0,0.0,0.0,0.0,83.196,
75,VNO,MRQ,2002-09-30,2002-09-30,2002-09-30,2021-08-25,-12850000.0,9066040000.0,,,,,24.623,-45875000.0,314363000.0,314363000.0,141331000.0,64942000.0,,1.645,4111808000.0,,,4111808000.0,11398000.0,52321000.0,0.0,0.055,0.483,125784000.0,178105000.0,0.502,178105000.0,125784000.0,64942000.0,0.55,0.54,0.55,2641492000.0,,2641492000.0,7982787948.0,17.0,12.461,54328000.0,0.506,1.0,213218000.0,0.601,0.0,60842000.0,12863485000.0,,0.0,1010797000.0,,,4344728000.0,,,4232041948.0,-369820000.0,19647000.0,1577000.0,-488711000.0,-70964000.0,-601488000.0,131465000.0,18188000.0,100203000.0,0.0,64942000.0,59247000.0,59247000.0,-3696000.0,0.0,0.167,80634000.0,132584000.0,219974000.0,0.878,1.602,18.826,18.014,6803548000.0,5695000.0,39.45,3.351,3.351,353791000.0,-142551000.0,354549000.0,354549000.0,0.0,,,,,6875000.0,27078000.0,1.0,107276095.0,107276095.0,,3.305,9066040000.0,0.0,0.0,0.0,84.511,
76,VNO,MRQ,2002-06-30,2002-06-30,2002-06-30,2021-08-25,-12681000.0,9372737000.0,,,,,24.661,-55870000.0,684183000.0,684183000.0,121589000.0,70449000.0,,1.775,4434929000.0,,,4434929000.0,11579000.0,47358000.0,0.0,0.046,0.483,129661000.0,177019000.0,0.512,177019000.0,129661000.0,70449000.0,0.61,0.58,0.61,2626709000.0,,2626709000.0,8720229012.0,19.0,14.258,96566000.0,0.907,1.0,224114000.0,0.648,0.0,59212000.0,13123483000.0,,0.0,1026026000.0,,,4662295000.0,,,4920943012.0,512983000.0,6603000.0,14787000.0,464443000.0,-70754000.0,374743000.0,-14196000.0,165440000.0,152436000.0,0.0,70449000.0,64553000.0,64553000.0,-4046000.0,0.0,0.187,79728000.0,144386000.0,214080000.0,0.792,1.873,21.081,19.25,6656760000.0,5896000.0,46.2,4.247,4.247,340944000.0,-128768000.0,345703000.0,345703000.0,0.0,,,,,6875000.0,23501000.0,1.0,106513918.0,106513918.0,,3.246,9372737000.0,0.0,0.0,0.0,87.995,
77,VNO,MRQ,2002-03-31,2002-03-31,2002-03-31,2021-08-25,-55000.0,8930607000.0,,,,,25.377,-39294000.0,171200000.0,171200000.0,127446000.0,51527000.0,,1.61,3970486000.0,,,3970486000.0,11759000.0,48149000.0,0.0,0.046,0.483,109545000.0,157694000.0,0.451,157694000.0,109545000.0,51527000.0,0.44,0.42,0.44,2623262000.0,,2623262000.0,6776521868.0,16.0,11.79,55568000.0,0.538,1.0,221995000.0,0.635,0.0,58018000.0,12729893000.0,,0.0,1026499000.0,,,4222421000.0,,,4564932868.0,-94384000.0,38867000.0,65599000.0,-45090000.0,-99084000.0,-127651000.0,-61595000.0,-52736000.0,94862000.0,0.0,51527000.0,45396000.0,45396000.0,0.0,0.0,0.13,78491000.0,143504000.0,188335000.0,1.098,1.74,20.217,18.098,6645725000.0,6131000.0,44.16,4.311,4.311,554468000.0,-120368000.0,349441000.0,349441000.0,0.0,,,,,6875000.0,23467000.0,1.0,103372574.0,103372574.0,,3.38,8930607000.0,0.0,0.0,0.0,86.392,
78,VNO,MRQ,2001-12-31,2001-12-31,2001-12-31,2021-08-25,-2980000.0,6777343000.0,,,,,28.911,-65220000.0,265584000.0,265584000.0,86013000.0,64337000.0,,1.061,2477173000.0,,,2477173000.0,11940000.0,32456000.0,0.0,0.046,0.71,95324000.0,127780000.0,0.599,127780000.0,95324000.0,64337000.0,0.59,0.57,0.59,2570372000.0,,2570372000.0,6197128806.0,14.0,11.169,61230000.0,0.689,1.0,127198000.0,0.597,0.0,30987000.0,8988932000.0,,0.0,1396969000.0,,,2727313000.0,,,3698568806.0,77706000.0,-29373000.0,378920000.0,-240676000.0,-58269000.0,48703000.0,-97447000.0,3723000.0,126450000.0,0.0,64337000.0,55601000.0,55601000.0,-10342000.0,0.0,0.261,57691000.0,69507000.0,186305000.0,1.203,1.439,16.277,16.314,4183986000.0,8736000.0,41.6,3.884,3.884,526912000.0,-95647000.0,213211000.0,213211000.0,0.0,,,,,0.0,20010000.0,1.0,88907904.0,88907904.0,,2.398,6777343000.0,0.0,0.0,0.0,76.229,
79,VNO,MRQ,2001-09-30,2001-09-30,2001-09-30,2021-08-25,-13960000.0,6529836000.0,,,,,24.549,126966000.0,187878000.0,187878000.0,102222000.0,76780000.0,,1.326,2686438000.0,,,2686438000.0,7467000.0,29275000.0,0.0,0.04,0.438,119834000.0,149109000.0,0.596,149109000.0,119834000.0,76780000.0,0.76,0.74,0.76,2176556000.0,,2176556000.0,6133939593.0,14.0,11.036,195335000.0,2.203,1.0,148043000.0,0.592,0.0,43054000.0,9028396000.0,,0.0,1400986000.0,,,2885110000.0,,,3519850593.0,67958000.0,-33552000.0,3975000.0,-47571000.0,-52552000.0,-78102000.0,77691000.0,-2852000.0,68369000.0,0.0,76780000.0,67876000.0,67876000.0,0.0,0.0,0.271,44318000.0,103725000.0,189712000.0,0.576,1.617,16.472,16.27,4034512000.0,8904000.0,39.7,3.683,3.683,432923000.0,-62369000.0,250265000.0,250265000.0,0.0,,,,,0.0,15043000.0,1.0,88661224.0,88661224.0,,2.823,6529836000.0,0.0,0.0,0.0,73.649,
80,VNO,MRQ,2001-06-30,2001-06-30,2001-06-30,2021-08-25,-7266000.0,6502651000.0,,,,,24.319,-56444000.0,119920000.0,119920000.0,96831000.0,66112000.0,,1.385,2734009000.0,,,2734009000.0,7595000.0,30086000.0,0.0,0.039,0.388,110106000.0,140192000.0,0.57,140192000.0,110106000.0,66112000.0,0.65,0.64,0.65,2112359000.0,,2112359000.0,6023623900.0,14.0,11.105,52045000.0,0.599,1.0,149244000.0,0.606,0.0,43994000.0,9116740000.0,,0.0,1398277000.0,,,2925748000.0,,,3391055900.0,7937000.0,64026000.0,4422000.0,-10542000.0,-45801000.0,-87295000.0,-13257000.0,-19612000.0,108489000.0,0.0,66112000.0,56920000.0,56920000.0,0.0,0.0,0.231,52501000.0,96743000.0,142775000.0,0.597,1.605,16.602,16.542,4134190000.0,9192000.0,39.04,3.682,3.682,411868000.0,-77601000.0,246075000.0,246075000.0,0.0,,,,,0.0,22415000.0,1.0,86861063.0,86861063.0,,2.833,6502651000.0,0.0,0.0,0.0,74.863,
81,VNO,MRQ,2001-03-31,2001-03-31,2001-03-31,2021-08-25,-15798000.0,6475007000.0,,,,,24.045,-67738000.0,111983000.0,111983000.0,99823000.0,56509000.0,,1.401,2744551000.0,,,2744551000.0,7724000.0,31865000.0,0.0,0.041,0.388,105904000.0,137769000.0,0.568,137769000.0,105904000.0,56509000.0,0.54,0.52,0.54,2087365000.0,,2087365000.0,5630290594.0,14.0,10.761,16639000.0,0.192,1.0,142787000.0,0.589,0.0,49395000.0,9107575000.0,,0.0,1427133000.0,,,2924344000.0,,,3110382594.0,-25006000.0,3785000.0,1132000.0,17647000.0,-45191000.0,-62674000.0,-46709000.0,-13327000.0,84377000.0,0.0,56509000.0,46836000.0,46836000.0,0.0,0.0,0.193,51673000.0,91114000.0,134832000.0,0.719,1.49,15.982,15.854,4106137000.0,9673000.0,35.83,3.56,3.56,388767000.0,-88720000.0,242610000.0,242610000.0,0.0,,,,,0.0,14808000.0,1.0,86809450.0,86809450.0,,2.795,6475007000.0,0.0,0.0,0.0,74.589,
82,VNO,MRQ,2000-12-31,2000-12-31,2000-12-31,2021-08-25,-20426000.0,6403210000.0,,,,,23.935,-236590000.0,136989000.0,136989000.0,84989000.0,51723000.0,,1.379,2688308000.0,,,2688308000.0,7852000.0,26880000.0,0.0,0.038,0.388,101881000.0,128761000.0,0.594,128761000.0,101881000.0,51723000.0,0.49,0.47,0.49,2078720000.0,,2078720000.0,5666444716.0,14.0,11.215,-131817000.0,-1.518,1.0,131744000.0,0.608,0.0,50158000.0,8954529000.0,,0.0,1552897000.0,,,2866846000.0,,,3327139716.0,-27295000.0,28649000.0,741000.0,161627000.0,-44187000.0,63882000.0,-195950000.0,-1644000.0,104773000.0,0.0,51723000.0,42050000.0,42050000.0,0.0,0.0,0.194,29555000.0,102189000.0,130464000.0,0.792,1.601,17.036,16.951,3960605000.0,9673000.0,38.31,4.028,4.028,368712000.0,-90366000.0,216733000.0,216733000.0,0.0,,,,,0.0,13640000.0,1.0,86847813.0,86847813.0,,2.496,6403210000.0,0.0,0.0,0.0,73.729,
83,VNO,MRQ,2000-09-30,2000-09-30,2000-09-30,2021-08-25,-16705000.0,6184264000.0,,,,,24.01,-30668000.0,164284000.0,164284000.0,82700000.0,68119000.0,,1.276,2503589000.0,,,2503589000.0,7976000.0,25026000.0,0.0,0.038,0.351,110677000.0,135703000.0,0.63,135703000.0,110677000.0,68119000.0,0.68,0.65,0.68,2081379000.0,,2081379000.0,5158517716.0,13.0,10.654,9929000.0,0.115,1.0,132795000.0,0.616,0.0,42558000.0,8523569000.0,,0.0,1579634000.0,,,2656228000.0,,,3218702716.0,65147000.0,-32079000.0,8499000.0,447266000.0,-42450000.0,407119000.0,-382569000.0,-131883000.0,40597000.0,0.0,68119000.0,58447000.0,58447000.0,0.0,0.0,0.271,38330000.0,94465000.0,104181000.0,0.516,1.546,16.735,16.65,3679256000.0,9672000.0,37.13,4.061,4.061,361482000.0,-86906000.0,215495000.0,215495000.0,0.0,,,,,0.0,13304000.0,1.0,86687388.0,86687388.0,,2.486,6184264000.0,0.0,0.0,0.0,71.34,
84,VNO,MRQ,2000-06-30,2000-06-30,2000-06-30,2021-08-25,-3704000.0,5677799000.0,,,,,23.968,-53163000.0,99137000.0,99137000.0,74366000.0,56953000.0,,1.053,2038952000.0,,,2038952000.0,8100000.0,24687000.0,0.0,0.04,0.351,96288000.0,120975000.0,0.609,120975000.0,96288000.0,56953000.0,0.55,0.53,0.55,2074246000.0,,2074246000.0,5013493758.0,14.0,10.918,6139000.0,0.071,1.0,124379000.0,0.626,0.0,39335000.0,7617614000.0,,0.0,1533042000.0,,,2184663000.0,,,3007309758.0,-5569000.0,-16671000.0,619000.0,-71938000.0,-40586000.0,27153000.0,-92024000.0,-18580000.0,59302000.0,0.0,56953000.0,47281000.0,47281000.0,0.0,0.0,0.238,35457000.0,88922000.0,98970000.0,0.638,1.45,16.86,16.787,3646568000.0,9672000.0,34.75,3.958,3.958,205835000.0,-104227000.0,198745000.0,198745000.0,0.0,,,,,0.0,10770000.0,1.0,86541288.0,86541288.0,,2.297,5677799000.0,0.0,0.0,0.0,65.608,
85,VNO,MRQ,2000-03-31,2000-03-31,2000-03-31,2021-08-25,50752000.0,5630009000.0,,,,,24.55,-3276000.0,104706000.0,104706000.0,76305000.0,57196000.0,,1.071,2110890000.0,,,2110890000.0,8225000.0,23253000.0,0.0,0.04,0.351,96543000.0,119796000.0,0.613,119796000.0,96543000.0,57196000.0,0.55,0.54,0.55,2120924000.0,,2120924000.0,4830344190.0,14.0,10.874,41973000.0,0.486,1.0,118974000.0,0.609,0.0,39347000.0,7636193000.0,,0.0,1527628000.0,,,2271974000.0,,,2894170190.0,-7924000.0,-11074000.0,1096000.0,24498000.0,-41465000.0,-24341000.0,-28832000.0,-13427000.0,45249000.0,0.0,57196000.0,47523000.0,47523000.0,0.0,0.0,0.243,33450000.0,85524000.0,114133000.0,0.638,1.365,16.648,16.584,3616532000.0,9673000.0,33.5,3.979,3.979,193696000.0,-110528000.0,195279000.0,195279000.0,0.0,,,,,0.0,10197000.0,1.0,86393140.0,86393140.0,,2.26,5630009000.0,0.0,0.0,0.0,65.167,
86,VNO,MRQ,1999-12-31,1999-12-31,1999-12-31,2021-08-25,-1448000.0,5479218000.0,,,,,23.914,-99448000.0,112630000.0,112630000.0,75778000.0,48755000.0,,1.071,2048804000.0,,,2048804000.0,8349000.0,23270000.0,0.0,0.041,0.351,84452000.0,107722000.0,0.588,107722000.0,84452000.0,48755000.0,0.45,0.45,0.45,2055368000.0,,2055368000.0,4707126968.0,14.0,11.003,-50386000.0,-0.586,1.0,107278000.0,0.586,0.0,35697000.0,7415392000.0,,0.0,1421890000.0,,,2201819000.0,,,2793322968.0,-28122000.0,-65626000.0,-343133000.0,-15923000.0,-40833000.0,78781000.0,-155965000.0,-17331000.0,49062000.0,0.0,48755000.0,39082000.0,39082000.0,0.0,0.0,0.213,35902000.0,71376000.0,107036000.0,0.78,1.359,16.521,16.497,3612965000.0,9673000.0,32.5,4.011,4.011,182615000.0,-116979000.0,183056000.0,183056000.0,0.0,,,,,0.0,12632000.0,1.0,85948399.0,85948399.0,,2.13,5479218000.0,0.0,0.0,0.0,63.75,
87,VNO,MRQ,1999-09-30,1999-09-30,1999-09-30,2021-08-25,-20227000.0,5308120000.0,,,,,23.593,-164614000.0,159162000.0,159162000.0,74644000.0,54159000.0,,1.618,2072966000.0,,,2072966000.0,8468000.0,21438000.0,0.0,0.04,0.322,89244000.0,110682000.0,0.605,110682000.0,89244000.0,54159000.0,0.52,0.51,0.52,2027200000.0,,2027200000.0,4675909355.0,14.0,11.355,-123577000.0,-1.438,1.0,108177000.0,0.592,0.0,35085000.0,7221924000.0,,0.0,1321939000.0,,,3280920000.0,,,2792560355.0,79238000.0,-22645000.0,345336000.0,-53040000.0,-37958000.0,234120000.0,-195919000.0,7326000.0,41037000.0,0.0,54159000.0,44487000.0,44487000.0,0.0,0.0,0.243,29160000.0,79017000.0,101057000.0,0.619,1.378,16.971,16.927,3554294000.0,9672000.0,32.5,4.212,4.212,133081000.0,-112992000.0,182821000.0,182821000.0,0.0,,,,,0.0,7722000.0,1.0,85924934.0,85924934.0,,2.128,5308120000.0,0.0,0.0,0.0,61.776,
88,VNO,MRQ,1999-06-30,1999-06-30,1999-06-30,2021-08-25,-17604000.0,4866432000.0,,,,,23.722,-25503000.0,81161000.0,81161000.0,65925000.0,51139000.0,,1.408,1964510000.0,,,1964510000.0,8594000.0,19585000.0,0.0,0.036,0.322,86423000.0,106008000.0,0.638,106008000.0,86423000.0,51139000.0,0.5,0.49,0.5,2021074000.0,,2021074000.0,5016660772.0,15.0,12.7,40953000.0,0.481,1.0,100263000.0,0.603,0.0,35284000.0,6749781000.0,,0.0,1301298000.0,,,2845358000.0,,,3008297772.0,-18625000.0,0.0,0.0,-142527000.0,-37385000.0,-83853000.0,-1228000.0,22240000.0,66456000.0,0.0,51139000.0,42758000.0,42758000.0,0.0,0.0,0.257,29754000.0,70509000.0,92151000.0,0.644,1.488,18.835,18.882,3238199000.0,8381000.0,35.31,4.845,4.845,115615000.0,-120408000.0,166188000.0,166188000.0,0.0,,,,,0.0,10169000.0,1.0,85196765.0,85196765.0,,1.951,4866432000.0,0.0,0.0,0.0,57.12,
89,VNO,MRQ,1999-03-31,1999-03-31,1999-03-31,2021-08-25,-19982000.0,4848117000.0,,,,,21.992,-106228000.0,98674000.0,98674000.0,65037000.0,48466000.0,,1.591,2107037000.0,,,2107037000.0,8725000.0,19292000.0,0.0,0.035,0.322,84083000.0,103375000.0,0.632,103375000.0,84083000.0,48466000.0,0.5,0.49,0.5,1871309000.0,,1871309000.0,4774551699.0,16.0,12.986,-85888000.0,-1.009,1.0,98527000.0,0.602,0.0,35617000.0,6856480000.0,,0.0,1291344000.0,,,2976808000.0,,,2935554699.0,-87669000.0,9569000.0,255000.0,-2467000.0,-37047000.0,33083000.0,-141092000.0,-60387000.0,20340000.0,0.0,48466000.0,42754000.0,42754000.0,0.0,0.0,0.261,28920000.0,69607000.0,87483000.0,0.644,1.569,19.854,19.714,3231011000.0,5712000.0,34.5,5.033,5.033,110151000.0,-126668000.0,163564000.0,163564000.0,0.0,,,,,0.0,9628000.0,1.0,85088542.0,85088542.0,,1.922,4848117000.0,0.0,0.0,0.0,56.977,
90,VNO,MRQ,1998-12-31,1998-12-31,1998-12-31,2021-08-25,-18957000.0,4425779000.0,,,,,21.166,-41693000.0,167808000.0,167808000.0,62957000.0,39969000.0,,1.24,2051000000.0,,,2051000000.0,10051000.0,17622000.0,0.0,0.035,0.322,74119000.0,91741000.0,0.61,91741000.0,74119000.0,39969000.0,0.4,0.4,0.4,1782678000.0,,1782678000.0,4560739216.0,17.0,13.957,47828000.0,0.568,1.0,87497000.0,0.582,0.0,34150000.0,6308971000.0,,0.0,904996000.0,,,2209800000.0,,,2821440216.0,26955000.0,4000000.0,-35000.0,9969000.0,-60010000.0,12619000.0,-75185000.0,1015000.0,89521000.0,0.0,39969000.0,34547000.0,34547000.0,0.0,0.0,0.23,27440000.0,60057000.0,109925000.0,0.805,1.583,21.511,20.679,3089075000.0,5422000.0,33.5,5.534,5.534,113076000.0,-132837000.0,150454000.0,150454000.0,0.0,,,,,0.0,9818000.0,1.0,84222096.0,84222096.0,,1.786,4425779000.0,0.0,0.0,0.0,52.549,
91,VNO,MRQ,1998-09-30,1998-09-30,1998-09-30,2021-08-25,-2429000.0,4127720000.0,,,,,21.411,-194355000.0,178265000.0,178265000.0,58607000.0,45082000.0,,1.314,1917564000.0,,,1917564000.0,9868000.0,14771000.0,0.0,0.038,0.289,79116000.0,93887000.0,0.667,93887000.0,79116000.0,45082000.0,0.47,0.46,0.47,1784127000.0,,1784127000.0,4285692460.0,19.0,15.455,-176681000.0,-2.12,1.0,82065000.0,0.583,0.0,34034000.0,5867019000.0,,0.0,943298000.0,,,2343593000.0,,,2760653460.0,-116731000.0,-143167000.0,743000.0,108313000.0,-35537000.0,68096000.0,-202501000.0,-45040000.0,17674000.0,0.0,45082000.0,39659000.0,39659000.0,0.0,0.0,0.282,22985000.0,59080000.0,76213000.0,0.615,1.547,24.413,22.385,2803795000.0,5423000.0,33.13,6.47,6.47,90046000.0,-107375000.0,140672000.0,140672000.0,0.0,,,,,0.0,6775000.0,1.0,83327904.0,83327904.0,,1.688,4127720000.0,0.0,0.0,0.0,49.536,
92,VNO,MRQ,1998-06-30,1998-06-30,1998-06-30,2021-08-25,2464000.0,3983536000.0,,,,,21.115,-204525000.0,284073000.0,284073000.0,51454000.0,36316000.0,,1.264,1809112000.0,,,1809112000.0,9906000.0,15663000.0,0.0,0.028,0.289,62995000.0,78658000.0,0.612,78658000.0,62995000.0,36316000.0,0.38,0.37,0.38,1759344000.0,,1759344000.0,4428162738.0,25.0,20.155,-157745000.0,-1.893,1.0,77069000.0,0.6,0.0,26679000.0,5508575000.0,,0.0,770828000.0,,,2224192000.0,,,3307106738.0,20927000.0,-165633000.0,444961000.0,1531000.0,-30388000.0,409963000.0,-435816000.0,48484000.0,46780000.0,0.0,36316000.0,30894000.0,30894000.0,0.0,0.0,0.24,22099000.0,54970000.0,76702000.0,0.761,1.88,39.46,32.802,2601171000.0,5422000.0,39.69,9.506,9.506,73060000.0,-114070000.0,128523000.0,128523000.0,0.0,,,,,0.0,7070000.0,1.0,83323425.0,83323425.0,,1.542,3983536000.0,0.0,0.0,0.0,47.808,
93,VNO,MRQ,1998-03-31,1998-03-31,1998-03-31,2021-08-25,711000.0,2965189000.0,,,,,18.203,-524312000.0,264076000.0,264076000.0,34153000.0,31487000.0,,1.257,1385132000.0,,,1385132000.0,10026000.0,11171000.0,0.0,0.021,0.289,51310000.0,62481000.0,0.693,62481000.0,51310000.0,31487000.0,0.36,0.35,0.36,1314014000.0,,1314014000.0,3718022905.0,26.0,21.386,-488881000.0,-6.773,1.0,56058000.0,0.621,0.0,19823000.0,4086245000.0,,0.0,614403000.0,,,1651175000.0,,,3144401905.0,-119297000.0,0.0,390000.0,424533000.0,-28505000.0,389137000.0,-543865000.0,-1213000.0,35431000.0,0.0,31487000.0,26064000.0,26064000.0,0.0,0.0,0.289,15313000.0,40745000.0,48460000.0,0.803,2.393,50.841,43.56,1942728000.0,5423000.0,43.56,11.644,11.644,62903000.0,-112002000.0,90211000.0,90211000.0,0.0,,,,,0.0,4947000.0,1.0,72185535.0,72185535.0,,1.25,2965189000.0,0.0,0.0,0.0,41.077,
94,VNO,MRQ,1997-12-31,1997-12-31,1997-12-31,2021-08-25,-840000.0,2524089000.0,,,,,18.2,-358342000.0,383033000.0,383033000.0,26188000.0,21919000.0,,0.785,956654000.0,,,956654000.0,9927000.0,8448000.0,0.0,0.016,0.404,33835000.0,42283000.0,0.628,42283000.0,33835000.0,21919000.0,0.27,0.25,0.27,1313762000.0,,1313762000.0,,,,-306886000.0,-4.251,1.0,41116000.0,0.611,0.0,11916000.0,3097710000.0,,0.0,605919000.0,,,1031760000.0,,,3388389013.0,297587000.0,19215000.0,688858000.0,-8418000.0,-27370000.0,639860000.0,-393729000.0,-76605000.0,51456000.0,0.0,21919000.0,16466000.0,16466000.0,0.0,0.0,0.245,17485000.0,23631000.0,36538000.0,1.496,2.579,74.513,56.554,1390659000.0,5453000.0,46.94,16.202,16.202,49415000.0,-109561000.0,67304000.0,67304000.0,0.0,,,,,4170000.0,5372000.0,1.0,72185535.0,72185535.0,,0.932,2524089000.0,0.0,0.0,0.0,34.967,
95,VNO,MRQ,1997-09-30,1997-09-30,1997-09-30,2021-08-25,,,,,,,,-181927000.0,,,21899000.0,15626000.0,,,,,,,,7035000.0,,0.011,0.116,29248000.0,36283000.0,0.586,36283000.0,29248000.0,15626000.0,0.2,0.19,0.2,,,,,,,-168899000.0,,1.0,39969000.0,0.646,,13622000.0,,,,,,,,,,,-141459000.0,-19215000.0,254000.0,-91854000.0,-16704000.0,-113545000.0,-40942000.0,0.0,13028000.0,0.0,15626000.0,10385000.0,10385000.0,0.0,0.0,0.168,16320000.0,23649000.0,,0.58,,,,,5241000.0,42.5,,,,,61868000.0,61868000.0,0.0,,,,,6249000.0,3460000.0,1.0,,,,,,,0.0,,,
96,VNO,MRQ,1997-06-30,1997-06-30,1997-06-30,2021-08-25,,,,,,,,-370578000.0,,,18151000.0,13788000.0,,,,,,,,5749000.0,,0.013,0.116,27060000.0,32809000.0,0.648,32809000.0,27060000.0,13788000.0,0.17,0.17,0.17,,,,,,,-339342000.0,,1.0,32511000.0,0.642,,13272000.0,,,,,,,,,,,107399000.0,0.0,193000.0,451051000.0,-16696000.0,705693000.0,-629530000.0,-3436000.0,31236000.0,0.0,13788000.0,8933000.0,8933000.0,0.0,0.0,0.176,14614000.0,17897000.0,,0.682,,,,,4855000.0,36.065,,,,,50662000.0,50662000.0,0.0,,,,,6249000.0,2903000.0,1.0,,,,,,,0.0,,,
97,VNO,MRQ,1997-03-31,1997-03-31,1997-03-31,2021-08-25,,,,,,,,-365000.0,,,8507000.0,9690000.0,,,,,,,,3228000.0,,0.013,0.116,13768000.0,16996000.0,0.58,16996000.0,13768000.0,9690000.0,0.19,0.18,0.19,,,,,,,19388000.0,,1.0,20790000.0,0.71,,4078000.0,,,,,,,,,,,2731000.0,0.0,0.0,-48000.0,-16691000.0,-16739000.0,-283000.0,0.0,19753000.0,0.0,9690000.0,9690000.0,9690000.0,0.0,0.0,0.331,11061000.0,9729000.0,,0.611,,,,,0.0,33.375,,,,,29297000.0,29297000.0,0.0,,,,,6249000.0,1845000.0,1.0,,,,,,,0.0,,,
98,VNO,MRQ,1996-12-31,1996-12-31,1996-12-31,2021-08-25,-998000.0,565204000.0,,,,,,,89696000.0,89696000.0,,,,1.046,232387000.0,,,232387000.0,8373000.0,,0.0,0.017,0.11,,,,,,,,,,276257000.0,,276257000.0,,,,,,1.0,,,0.0,,707895000.0,,0.0,157370000.0,,,288947000.0,,,,,,,,,,,,,,,,,,,,,,9905000.0,,,,20.833,246249000.0,,26.25,,,26838000.0,-77574000.0,,,,,,,,,,1.0,,,,,565204000.0,0.0,,0.0,,
0,VNO,MRT,2021-06-30,2021-06-30,2021-06-30,2021-08-25,-51437000.0,16656793000.0,16646662500.0,,,0.09,32.801,-243017000.0,2317337000.0,2317337000.0,766533000.0,-36165000.0,,1.487,8510337000.0,,,8510337000.0,33965000.0,418247000.0,0.0,0.045,2.12,196550000.0,614797000.0,0.41,614797000.0,196550000.0,-17412000.0,-0.55,-0.55,-0.55,6282367000.0,6405578000.0,6282367000.0,14973557589.0,76.0,24.355,386217000.0,2.017,1.0,732778000.0,0.489,21347000.0,213962000.0,22828446000.0,22796572000.0,0.0,3359140000.0,,,9338792000.0,,,8935655589.0,453996000.0,95145000.0,921000.0,126732000.0,-405681000.0,-28041000.0,-147197000.0,675000.0,629234000.0,0.0,-44217000.0,-103829000.0,-103829000.0,0.0,8052000.0,-0.069,546998000.0,185780000.0,399497000.0,-3.855,1.422,-86.061,-84.855,9367352000.0,59612000.0,46.67,5.96,5.962,723846000.0,-2925161000.0,1499311000.0,1499311000.0,0.0,-0.006,-0.016,0.009,0.131,42588000.0,168449000.0,1.0,191464658.0,191527000.0,192380000.0,7.828,16635446000.0,0.0,26805000.0,0.0,86.857,
1,VNO,MRT,2021-03-31,2021-03-31,2021-03-31,2021-08-25,-60753000.0,16145137000.0,16993076000.0,,,0.086,33.11,-140659000.0,1755610000.0,1755610000.0,750038000.0,-330349000.0,,1.366,7793512000.0,,,7793512000.0,36925000.0,421063000.0,0.0,0.05,2.25,-47675000.0,373388000.0,0.255,373388000.0,-47675000.0,-268148000.0,-1.83,-1.83,-1.83,6337907000.0,6459090500.0,6337907000.0,14755223880.0,-309.0,39.517,456318000.0,2.384,1.0,713358000.0,0.487,22390000.0,220473000.0,22160649000.0,23222803500.0,0.0,3367396000.0,,,8657322000.0,,,8685588880.0,88302000.0,95659000.0,1065000.0,-584173000.0,-430300000.0,-463675000.0,-45000000.0,0.0,596977000.0,0.0,-293949000.0,-349624000.0,-349624000.0,0.0,-36400000.0,-0.239,458118000.0,255240000.0,432035000.0,-1.23,1.37,-24.843,-24.803,9352921000.0,55675000.0,45.39,5.935,5.937,743389000.0,-2871681000.0,1463396000.0,1463396000.0,0.0,-0.021,-0.054,-0.002,-0.033,44137000.0,172861000.0,1.0,191354679.0,191418000.0,192031000.0,7.645,16122747000.0,0.0,25801000.0,0.0,84.228,
2,VNO,MRT,2020-12-31,2020-12-31,2020-12-31,2021-08-25,-75099000.0,16221822000.0,17509206500.0,,,0.087,34.179,-109605000.0,1730369000.0,1730369000.0,789066000.0,-461845000.0,,1.327,7800004000.0,,,7800004000.0,40110000.0,417942000.0,0.0,0.064,2.38,-31124000.0,386818000.0,0.253,386818000.0,-31124000.0,-260375000.0,-1.83,-1.83,-1.83,6533198000.0,6583870500.0,6533198000.0,13534125031.0,-435.0,34.988,314635000.0,1.646,1.0,738885000.0,0.484,23856000.0,229251000.0,22267601000.0,23925520250.0,0.0,3494846000.0,,,8667400000.0,,,7141685031.0,123238000.0,-6570000.0,5725000.0,-22150000.0,-827319000.0,-213202000.0,-87800000.0,28375000.0,424240000.0,0.0,-297005000.0,-348744000.0,-348744000.0,0.0,-164840000.0,-0.228,380354000.0,358531000.0,427202000.0,-1.301,1.093,-20.478,-20.404,9285862000.0,51739000.0,37.34,4.674,4.671,751733000.0,-2774182000.0,1527951000.0,1527951000.0,0.0,-0.02,-0.053,-0.001,-0.02,48677000.0,181509000.0,1.0,191260981.0,191146000.0,191146000.0,7.994,16197966000.0,0.0,36630000.0,0.0,84.741,
3,VNO,MRT,2020-09-30,2020-09-30,2020-09-30,2021-08-25,-89834000.0,17562898000.0,18025504250.0,,,0.089,33.84,267944000.0,1490338000.0,1490338000.0,824052000.0,-92443000.0,,1.543,7882778000.0,,,7882778000.0,45473000.0,402887000.0,0.0,0.132,4.46,399353000.0,802240000.0,0.498,802240000.0,399353000.0,165052000.0,0.29,0.29,0.29,6468840000.0,6633578500.0,6468840000.0,12962289997.0,32.0,16.158,723872000.0,3.787,1.0,788436000.0,0.489,25746000.0,234301000.0,23929592000.0,24497065000.0,0.0,3508067000.0,,,9983462000.0,,,6443704997.0,244782000.0,-6843000.0,9930000.0,-43847000.0,-851973000.0,-569289000.0,358143000.0,28375000.0,455928000.0,0.0,103724000.0,53600000.0,53600000.0,-55000.0,-196167000.0,0.033,-59118000.0,847554000.0,430446000.0,15.379,0.996,120.218,116.241,10680230000.0,50124000.0,33.71,3.996,3.996,781432000.0,-2463635000.0,1612488000.0,1612488000.0,0.0,0.003,0.008,0.016,0.248,45501000.0,160046000.0,1.0,191151142.0,191162000.0,191162000.0,8.435,17537152000.0,0.0,61328000.0,0.0,91.74,
4,VNO,MRT,2020-06-30,2020-06-30,2020-06-30,2021-08-25,-82646000.0,18042447000.0,18188804500.0,,,0.094,33.994,-8464000.0,1863341000.0,1863341000.0,854766000.0,202670000.0,,1.6,8381926000.0,,,8381926000.0,49386000.0,391987000.0,0.0,0.12,4.59,673272000.0,1065259000.0,0.621,1065259000.0,673272000.0,434894000.0,1.7,1.7,1.7,6496417000.0,6785136500.0,6496417000.0,14093511890.0,21.0,13.23,628938000.0,3.291,1.0,859721000.0,0.501,27660000.0,238378000.0,24533372000.0,24744141000.0,0.0,3666104000.0,,,10394622000.0,,,7302531890.0,786431000.0,-11749000.0,9987000.0,414112000.0,-876609000.0,-76679000.0,225708000.0,30232000.0,637402000.0,0.0,373462000.0,323336000.0,323336000.0,-47000.0,-170792000.0,0.189,-166318000.0,1026039000.0,385956000.0,2.7,1.124,22.585,22.476,10591422000.0,50126000.0,38.21,4.259,4.259,811204000.0,-2415500000.0,1714487000.0,1714487000.0,0.0,0.018,0.048,0.027,0.393,45202000.0,160876000.0,1.0,191115726.0,191104000.0,191104000.0,8.971,18014787000.0,0.0,61432000.0,0.0,94.267,
5,VNO,MRT,2020-03-31,2020-03-31,2020-03-31,2021-08-25,-82719000.0,18209659000.0,18156657000.0,,,0.101,35.789,-15564000.0,1667308000.0,1667308000.0,901093000.0,3016715000.0,,1.505,8458288000.0,,,8458288000.0,54992000.0,412711000.0,0.0,0.127,4.59,3300920000.0,3713631000.0,2.024,3713631000.0,3300920000.0,3057918000.0,15.31,15.29,15.31,6837027000.0,6876170750.0,6837027000.0,13213323364.0,4.0,3.558,634305000.0,3.32,1.0,933471000.0,0.509,29123000.0,243002000.0,24971516000.0,24814569000.0,0.0,4015920000.0,,,10292648000.0,,,6915591364.0,757674000.0,1730393000.0,10154000.0,-857015000.0,-876395000.0,-1852838000.0,1960643000.0,30125000.0,649869000.0,0.0,2971409000.0,2921281000.0,2921281000.0,-107000.0,45306000.0,1.592,-32478000.0,965949000.0,407598000.0,0.3,1.011,2.367,2.365,10496908000.0,50128000.0,36.21,3.77,3.771,847602000.0,-2091612000.0,1834564000.0,1834564000.0,0.0,0.161,0.425,0.133,1.799,48019000.0,164734000.0,1.0,190985677.0,191038000.0,191113000.0,9.603,18180536000.0,0.0,86509000.0,0.0,95.167,
6,VNO,MRT,2019-12-31,2019-12-31,2019-12-31,2021-08-25,-40233000.0,18287013000.0,18013731000.0,,,0.107,35.283,214000000.0,1607131000.0,1607131000.0,917981000.0,3334262000.0,,1.498,7904863000.0,,,7904863000.0,59429000.0,438933000.0,0.0,0.069,4.59,3537999000.0,3976932000.0,2.066,3976932000.0,3537999000.0,3251376000.0,16.23,16.21,16.23,6732030000.0,6277912000.0,6732030000.0,19424116346.0,5.0,4.884,876539000.0,4.594,1.0,1006719000.0,0.523,30965000.0,286623000.0,24553780000.0,25028361750.0,0.0,4255127000.0,,,10087120000.0,,,12691546346.0,890226000.0,1755366000.0,-1789000.0,-1648477000.0,-503785000.0,-2235589000.0,2463276000.0,169709000.0,662539000.0,0.0,3147937000.0,3097806000.0,3097806000.0,30000.0,186325000.0,1.61,-138325000.0,1145044000.0,440049000.0,0.283,1.885,4.097,4.097,10437600000.0,50131000.0,66.5,6.594,6.592,837939000.0,-1954266000.0,1924700000.0,1924700000.0,0.0,0.172,0.493,0.141,1.838,53908000.0,169920000.0,1.0,190850321.0,190801000.0,191053000.0,10.087,18256048000.0,0.0,103439000.0,0.0,95.681,
7,VNO,MRT,2019-09-30,2019-09-30,2019-09-30,2021-08-25,-47359000.0,18216099000.0,17737176250.0,,,0.113,37.078,-101278000.0,1245556000.0,1245556000.0,948326000.0,3271407000.0,,1.364,7978126000.0,,,7978126000.0,62583000.0,460975000.0,0.0,0.041,2.61,3478540000.0,3939515000.0,1.963,3939515000.0,3478540000.0,3168425000.0,15.74,15.72,15.74,7075072000.0,5711212250.0,7075072000.0,19082798635.0,5.0,4.844,611296000.0,3.204,1.0,1058823000.0,0.528,30773000.0,310115000.0,24917896000.0,25430849000.0,0.0,4366167000.0,,,9651510000.0,,,12149093635.0,325746000.0,1754309000.0,-16427000.0,-1776799000.0,-497642000.0,-2389960000.0,2003132000.0,94567000.0,712574000.0,0.0,3055214000.0,3005083000.0,3005083000.0,-172000.0,216193000.0,1.497,-1094000.0,1059917000.0,453331000.0,0.166,1.717,4.043,4.045,10635199000.0,50131000.0,63.67,6.053,6.053,843145000.0,-1649035000.0,2007149000.0,2007149000.0,0.0,0.169,0.526,0.137,1.733,53577000.0,163063000.0,1.0,190813470.0,190814000.0,191024000.0,10.519,18185326000.0,0.0,113211000.0,0.0,95.304,
8,VNO,MRT,2019-06-30,2019-06-30,2019-06-30,2021-08-25,-38066000.0,17913857000.0,17352656500.0,,,0.12,35.96,-658420000.0,1076910000.0,1076910000.0,957542000.0,3126720000.0,,1.393,8010615000.0,,,8010615000.0,66835000.0,479903000.0,0.0,0.04,2.58,3351842000.0,3831745000.0,1.839,3831745000.0,3351842000.0,3014224000.0,15.05,15.03,15.05,6860554000.0,5036923500.0,6860554000.0,20450705022.0,6.0,5.337,195813000.0,1.026,1.0,1125694000.0,0.54,32478000.0,337618000.0,24815084000.0,25554093750.0,0.0,4373211000.0,,,9555651000.0,,,12227812022.0,-135049000.0,1772761000.0,-15993000.0,-1728534000.0,-491557000.0,-2479977000.0,1490695000.0,92710000.0,854233000.0,0.0,2922955000.0,2872822000.0,2872822000.0,-241000.0,203765000.0,1.379,184587000.0,941107000.0,392581000.0,0.171,1.782,4.256,4.259,10528401000.0,50133000.0,64.1,5.87,5.87,834351000.0,-1845995000.0,2083236000.0,2083236000.0,0.0,0.166,0.57,0.131,1.609,53251000.0,161803000.0,1.0,190761498.0,190781000.0,191058000.0,10.92,17881379000.0,0.0,91269000.0,0.0,93.727,
9,VNO,MRT,2019-03-31,2019-03-31,2019-03-31,2021-08-25,-11385000.0,17637955000.0,17090713000.0,,,0.126,23.305,-797281000.0,900806000.0,900806000.0,972771000.0,635365000.0,,2.628,9123699000.0,,,9123699000.0,71328000.0,480583000.0,0.0,0.038,2.55,1061364000.0,1541947000.0,0.713,1541947000.0,1061364000.0,699118000.0,3.06,3.05,3.06,4443992000.0,4392253750.0,4443992000.0,21969430053.0,21.0,14.248,-195940000.0,-1.028,1.0,1189180000.0,0.55,34161000.0,362246000.0,25826687000.0,25672643500.0,0.0,1092988000.0,,,11679978000.0,,,12849714053.0,-508434000.0,92413000.0,-15826000.0,-449660000.0,-485460000.0,-825967000.0,-283808000.0,92817000.0,601341000.0,0.0,634296000.0,584161000.0,584161000.0,-864000.0,1069000.0,0.27,167296000.0,1021884000.0,442496000.0,0.833,2.891,21.997,22.039,10670877000.0,50135000.0,67.44,5.944,5.948,840038000.0,-4120265000.0,2161951000.0,2161951000.0,0.0,0.034,0.133,0.041,0.491,49707000.0,157358000.0,1.0,190535499.0,190689000.0,190996000.0,11.338,17603794000.0,0.0,64822000.0,0.0,92.317,
10,VNO,MRT,2018-12-31,2018-12-31,2018-12-31,2021-08-25,7664000.0,17180794000.0,16897345000.0,,,0.128,23.474,-1085358000.0,716905000.0,716905000.0,963478000.0,422603000.0,,2.528,9836621000.0,,,9836621000.0,167730000.0,472785000.0,0.0,0.041,2.52,835536000.0,1308321000.0,0.605,1308321000.0,835536000.0,487587000.0,2.02,2.01,2.02,4465231000.0,4371278750.0,4465231000.0,20676277112.0,25.0,15.804,-282717000.0,-1.486,1.0,1200242000.0,0.555,136781000.0,347949000.0,26163729000.0,25482986250.0,0.0,1329069000.0,,,11289349000.0,,,11803428112.0,-1197907000.0,63047000.0,-5660000.0,-172225000.0,-479348000.0,-1122826000.0,-877722000.0,-75142000.0,802641000.0,0.0,449954000.0,384832000.0,384832000.0,-638000.0,-27351000.0,0.178,371250000.0,828992000.0,430976000.0,1.248,2.643,30.672,30.708,13057708000.0,65122000.0,62.03,5.455,5.453,1008453000.0,-4167184000.0,2163720000.0,2163720000.0,0.0,0.023,0.088,0.033,0.386,31722000.0,141871000.0,1.0,190285799.0,190219000.0,191290000.0,11.375,17044013000.0,0.0,37633000.0,0.0,89.602,
11,VNO,MRT,2018-09-30,2018-09-30,2018-09-30,2021-08-25,34173000.0,16678020000.0,16951630000.0,,,0.127,23.012,-1101369000.0,919810000.0,919810000.0,934169000.0,378333000.0,,2.448,9792659000.0,,,9792659000.0,176211000.0,476048000.0,0.0,0.034,2.49,782954000.0,1259002000.0,0.584,1259002000.0,782954000.0,425107000.0,1.64,1.63,1.64,4377917000.0,4339384000.0,4377917000.0,22456940861.0,29.0,17.837,-414814000.0,-2.18,1.0,1222360000.0,0.567,139994000.0,357847000.0,25410875000.0,25205391250.0,0.0,1437158000.0,,,10715929000.0,,,13887370861.0,-465973000.0,77301000.0,9179000.0,399672000.0,-473394000.0,-348200000.0,-804328000.0,-9534000.0,686555000.0,0.0,381259000.0,311657000.0,311657000.0,-1654000.0,-2926000.0,0.145,449511000.0,772849000.0,415531000.0,1.518,3.172,44.56,44.512,11966789000.0,69602000.0,73.0,6.44,6.44,1007090000.0,-4135602000.0,2156529000.0,2156529000.0,0.0,0.018,0.072,0.031,0.363,59019000.0,143853000.0,1.0,190237957.0,190245000.0,191327000.0,11.336,16538026000.0,0.0,43848000.0,0.0,86.93,
12,VNO,MRT,2018-06-30,2018-06-30,2018-06-30,2021-08-25,33351000.0,16866083000.0,16992655000.0,,,0.126,22.512,-670081000.0,1211959000.0,1211959000.0,923820000.0,148417000.0,,2.565,9781529000.0,,,9781529000.0,187934000.0,473676000.0,0.0,0.033,2.46,562239000.0,1035915000.0,0.483,1035915000.0,562239000.0,208275000.0,0.49,0.48,0.49,4281875000.0,4387674500.0,4281875000.0,22413713899.0,40.0,21.637,115104000.0,0.605,1.0,1219416000.0,0.569,146370000.0,353964000.0,25289283000.0,25013107500.0,0.0,1498490000.0,,,10984455000.0,,,14057304899.0,-345739000.0,410795000.0,23640000.0,235137000.0,-467267000.0,-921230000.0,-209694000.0,-4550000.0,785185000.0,0.0,165182000.0,91986000.0,91986000.0,46337000.0,-16765000.0,0.043,582557000.0,636859000.0,394079000.0,5.02,3.283,152.82,150.857,12012423000.0,73196000.0,73.92,6.559,6.56,1002387000.0,-4206381000.0,2143236000.0,2143236000.0,0.0,0.005,0.021,0.022,0.262,53474000.0,146162000.0,1.0,190169168.0,190200000.0,191168000.0,11.268,16719713000.0,0.0,43093000.0,0.0,87.906,
13,VNO,MRT,2018-03-31,2018-03-31,2018-03-31,2021-08-25,30258000.0,16864483000.0,17998456750.0,,,0.117,22.938,-676193000.0,1418068000.0,1418068000.0,903539000.0,190563000.0,,2.519,9774477000.0,,,9774477000.0,200648000.0,499277000.0,0.0,0.036,2.404,566327000.0,1065604000.0,0.504,1065604000.0,566327000.0,215231000.0,0.51,0.51,0.51,4360092000.0,5046314250.0,4360092000.0,20600588643.0,36.0,19.332,148082000.0,0.779,1.0,1208966000.0,0.572,152834000.0,351096000.0,25068058000.0,26188956750.0,0.0,1519546000.0,,,10982579000.0,,,12785913643.0,-164946000.0,430902000.0,24059000.0,449911000.0,-481922000.0,-748938000.0,-240283000.0,-4535000.0,824275000.0,0.0,173215000.0,96424000.0,96424000.0,28909000.0,17348000.0,0.046,598326000.0,610640000.0,431094000.0,4.714,2.932,132.601,131.961,11963354000.0,76791000.0,67.3,6.052,6.056,998922000.0,-4198088000.0,2112505000.0,2112505000.0,0.0,0.005,0.019,0.022,0.268,46498000.0,147140000.0,1.0,189983858.0,190081000.0,190081000.0,11.114,16711649000.0,0.0,42016000.0,0.0,87.919,
14,VNO,MRT,2017-12-31,2017-12-31,2017-12-31,2021-08-25,128682000.0,17397934000.0,18965198000.0,,,0.11,22.887,-657767000.0,1914812000.0,1914812000.0,886596000.0,264128000.0,,2.629,9729487000.0,,,9729487000.0,227069000.0,529826000.0,0.0,0.03,2.348,615445000.0,1145271000.0,0.55,1145271000.0,615445000.0,269791000.0,0.85,0.85,0.85,4337652000.0,5666718000.0,4337652000.0,22810469017.0,37.0,19.917,202375000.0,1.068,1.0,1197530000.0,0.575,159260000.0,345654000.0,25053349000.0,27316910000.0,0.0,1594385000.0,,,11405296000.0,,,14844651017.0,315481000.0,441248000.0,29294000.0,408649000.0,-496490000.0,-338344000.0,-206317000.0,659000.0,860142000.0,0.0,227416000.0,162017000.0,162017000.0,13228000.0,36712000.0,0.078,588378000.0,609152000.0,415794000.0,2.762,3.422,91.624,91.976,11871012000.0,65399000.0,78.18,7.123,7.11,985411000.0,-4183253000.0,2084126000.0,2084126000.0,0.0,0.009,0.029,0.023,0.295,32829000.0,150782000.0,1.0,189877859.0,189526000.0,191258000.0,10.997,17238674000.0,0.0,42375000.0,0.0,90.957,
15,VNO,MRT,2017-09-30,2017-09-30,2017-09-30,2021-08-25,121801000.0,16842120000.0,19819426250.0,,,0.104,24.11,-799817000.0,1385783000.0,1385783000.0,879605000.0,915121000.0,,2.315,9351601000.0,,,9351601000.0,240377000.0,556769000.0,0.0,0.029,2.257,1184612000.0,1741381000.0,0.845,1741381000.0,1184612000.0,851825000.0,4.16,4.14,4.16,4571079000.0,6306934750.0,4571079000.0,23845966968.0,20.0,13.694,284474000.0,1.5,1.0,1182269000.0,0.573,166198000.0,332787000.0,24641740000.0,28172520250.0,0.0,1609877000.0,,,10583843000.0,,,14566070968.0,-78864000.0,508816000.0,25842000.0,106690000.0,-501650000.0,-901796000.0,-261359000.0,29642000.0,1084291000.0,0.0,850394000.0,785879000.0,785879000.0,-494615000.0,64727000.0,0.381,581405000.0,600864000.0,412100000.0,0.543,3.187,18.535,18.481,11777539000.0,64515000.0,76.88,7.064,7.069,972596000.0,-4098127000.0,2061874000.0,2061874000.0,0.0,0.04,0.125,0.042,0.575,0.0,147978000.0,1.0,189465023.0,189593000.0,190847000.0,10.875,16675922000.0,0.0,1431000.0,0.0,87.956,
16,VNO,MRT,2017-06-30,2017-06-30,2017-06-30,2021-08-25,115839000.0,20889290000.0,20823738500.0,,,0.098,36.519,-889159000.0,1557689000.0,1557689000.0,868141000.0,1026479000.0,,1.745,10837585000.0,,,10837585000.0,264035000.0,585627000.0,0.0,0.023,2.167,1288118000.0,1873745000.0,0.92,1873745000.0,1288118000.0,960678000.0,4.66,4.64,4.66,6916434000.0,6743122750.0,6916434000.0,26811784960.0,21.0,14.309,103333000.0,0.546,1.0,1167731000.0,0.574,176506000.0,327440000.0,29992680000.0,29610465000.0,0.0,1997270000.0,,,12067976000.0,,,17779352960.0,-181006000.0,153008000.0,13800000.0,383659000.0,-506946000.0,-469801000.0,-703697000.0,32454000.0,992492000.0,0.0,955872000.0,881030000.0,881030000.0,-567625000.0,70607000.0,0.433,580641000.0,587090000.0,427401000.0,0.465,2.571,20.18,20.15,14912587000.0,74842000.0,93.9,8.733,8.735,1146224000.0,-1524806000.0,2035872000.0,2035872000.0,0.0,0.042,0.131,0.044,0.633,0.0,147276000.0,1.0,189343482.0,189395000.0,190444000.0,10.749,20712784000.0,0.0,4806000.0,0.0,109.363,
17,VNO,MRT,2017-03-31,2017-03-31,2017-03-31,2021-08-25,119019000.0,20731448000.0,20869848500.0,,,0.103,36.159,-1046510000.0,1583005000.0,1583005000.0,897579000.0,1147377000.0,,1.74,10615437000.0,,,10615437000.0,274477000.0,590508000.0,0.0,0.021,2.102,1420349000.0,2010857000.0,0.937,2010857000.0,1420349000.0,1072122000.0,5.22,5.19,5.22,6841707000.0,6662541000.0,6841707000.0,27981071872.0,20.0,13.915,-21677000.0,-0.115,1.0,1248914000.0,0.582,184009000.0,348227000.0,29579871000.0,29663244000.0,0.0,2059388000.0,,,11902047000.0,,,18968708872.0,-199708000.0,58491000.0,13965000.0,484367000.0,-491426000.0,-409914000.0,-814627000.0,173392000.0,1024833000.0,0.0,1064597000.0,985521000.0,985521000.0,-551989000.0,82780000.0,0.459,469309000.0,779605000.0,451156000.0,0.403,2.773,19.247,19.216,14861987000.0,79076000.0,100.31,8.837,8.842,1135693000.0,-1506236000.0,2146493000.0,2146493000.0,0.0,0.047,0.148,0.048,0.662,0.0,157435000.0,1.0,189100876.0,189210000.0,190372000.0,11.345,20547439000.0,0.0,7525000.0,0.0,108.596,
18,VNO,MRT,2016-12-31,2016-12-31,2016-12-31,2021-08-25,118972000.0,20814847000.0,20905330000.0,,,0.096,36.532,-1085213000.0,1596059000.0,1596059000.0,844566000.0,981922000.0,,1.728,9446670000.0,,,9446670000.0,276276000.0,595270000.0,0.0,0.02,2.037,1245080000.0,1840350000.0,0.918,1840350000.0,1245080000.0,914840000.0,4.36,4.34,4.36,6898519000.0,6583345250.0,6898519000.0,29460928203.0,24.0,16.008,-90133000.0,-0.477,1.0,1159176000.0,0.579,189668000.0,330240000.0,28475790000.0,29751302500.0,0.0,2044090000.0,,,11917905000.0,,,19725328203.0,-344184000.0,21027000.0,8083000.0,466751000.0,-475961000.0,-446154000.0,-893110000.0,171076000.0,995080000.0,0.0,906917000.0,823606000.0,823606000.0,-404912000.0,75005000.0,0.411,418897000.0,740279000.0,397134000.0,0.467,2.859,23.95,23.938,11606306000.0,83311000.0,104.37,9.844,9.836,946236000.0,-1419382000.0,2003742000.0,2003742000.0,0.0,0.039,0.125,0.042,0.621,0.0,143643000.0,1.0,188994234.0,188837000.0,190173000.0,10.611,20625179000.0,0.0,7923000.0,0.0,109.222,
19,VNO,MRT,2016-09-30,2016-09-30,2016-09-30,2021-08-25,82374000.0,20859369000.0,20987441500.0,,,0.089,33.435,-1179432000.0,1464638000.0,1464638000.0,786016000.0,560922000.0,,1.986,11200238000.0,,,11200238000.0,301017000.0,591753000.0,0.0,0.02,2.037,815424000.0,1407177000.0,0.752,1407177000.0,815424000.0,499450000.0,2.14,2.12,2.14,6315831000.0,6533114250.0,6315831000.0,28451106879.0,35.0,20.219,-378452000.0,-2.003,1.0,1086291000.0,0.58,201450000.0,315974000.0,30393519000.0,30148079000.0,0.0,2215476000.0,,,12542060000.0,,,19111030879.0,489998000.0,-144315000.0,5767000.0,1523007000.0,-475669000.0,627105000.0,-938087000.0,587555000.0,800980000.0,0.0,490714000.0,403167000.0,403167000.0,-201504000.0,70208000.0,0.215,374785000.0,711506000.0,461234000.0,0.952,3.026,47.402,47.294,14836730000.0,87547000.0,101.21,10.207,10.211,1121376000.0,-1951411000.0,1872307000.0,1872307000.0,0.0,0.019,0.062,0.027,0.436,0.0,143270000.0,1.0,188825520.0,188901000.0,190048000.0,9.912,20657919000.0,0.0,8736000.0,0.0,109.358,
20,VNO,MRT,2016-06-30,2016-06-30,2016-06-30,2021-08-25,72556000.0,21073730000.0,20765580750.0,,,0.096,34.932,-1154796000.0,1738695000.0,1738695000.0,828815000.0,695558000.0,,1.893,11078771000.0,,,11078771000.0,314367000.0,592806000.0,0.0,0.02,2.037,955994000.0,1548800000.0,0.776,1548800000.0,955994000.0,624397000.0,2.84,2.82,2.84,6594107000.0,6624693250.0,6594107000.0,28176871720.0,29.0,18.193,-348516000.0,-1.846,1.0,1168335000.0,0.585,210010000.0,331597000.0,30203796000.0,29759953500.0,0.0,2218431000.0,,,12480658000.0,,,18899752720.0,1035855000.0,-137817000.0,2186000.0,1604985000.0,-475423000.0,928339000.0,-698764000.0,618967000.0,806280000.0,0.0,617368000.0,535912000.0,535912000.0,-210887000.0,78190000.0,0.268,413850000.0,754485000.0,480094000.0,0.717,2.866,35.267,35.254,14734699000.0,81456000.0,100.12,9.463,9.463,1087576000.0,-1898505000.0,1997150000.0,1997150000.0,0.0,0.026,0.081,0.032,0.479,0.0,145843000.0,1.0,188771002.0,188772000.0,189885000.0,10.58,20863720000.0,0.0,7029000.0,0.0,110.523,
21,VNO,MRT,2016-03-31,2016-03-31,2016-03-31,2021-08-25,53399000.0,20873374000.0,20393625000.0,,,0.098,34.586,-1348784000.0,1782713000.0,1782713000.0,826367000.0,642576000.0,,1.9,11059832000.0,,,11059832000.0,325013000.0,585743000.0,0.0,0.022,2.037,797519000.0,1383262000.0,0.695,1383262000.0,797519000.0,479406000.0,2.55,2.53,2.55,6524924000.0,6610602500.0,6524924000.0,26954816229.0,34.0,19.486,-599677000.0,-3.179,1.0,1165363000.0,0.585,218388000.0,318113000.0,29932105000.0,29335415500.0,0.0,2282037000.0,,,12396134000.0,,,17807312229.0,528642000.0,-221470000.0,2565000.0,1536054000.0,-475171000.0,896967000.0,-1117432000.0,454104000.0,749107000.0,0.0,562558000.0,481100000.0,481100000.0,-208048000.0,80018000.0,0.242,563812000.0,601551000.0,447700000.0,0.799,2.729,37.014,37.031,14585566000.0,81458000.0,94.43,8.941,8.944,1071054000.0,-1999994000.0,1991730000.0,1991730000.0,0.0,0.024,0.073,0.027,0.4,0.0,139468000.0,1.0,188576853.0,188658000.0,188658000.0,10.557,20654986000.0,0.0,-83152000.0,0.0,109.484,
22,VNO,MRT,2015-12-31,2015-12-31,2015-12-31,2021-08-25,46921000.0,21143293000.0,19990544250.0,,,0.099,35.559,-1335716000.0,1943506000.0,1943506000.0,824511000.0,859430000.0,,1.857,11091010000.0,,,11091010000.0,346119000.0,566207000.0,0.0,0.02,2.037,984720000.0,1550927000.0,0.781,1550927000.0,984720000.0,675422000.0,3.61,3.59,3.61,6697595000.0,6550846000.0,6697595000.0,27957450965.0,28.0,18.026,-663625000.0,-3.523,1.0,1160984000.0,0.585,227901000.0,309298000.0,30062896000.0,28684728500.0,0.0,2276180000.0,,,12437994000.0,,,18846545965.0,558526000.0,-199422000.0,9306000.0,1450740000.0,-474751000.0,618859000.0,-732424000.0,802714000.0,672091000.0,0.0,760434000.0,679856000.0,679856000.0,-223511000.0,98996000.0,0.342,392153000.0,768831000.0,443955000.0,0.564,2.814,27.721,27.69,14671870000.0,80578000.0,99.96,9.492,9.483,1029307000.0,-1766780000.0,1985495000.0,1985495000.0,0.0,0.034,0.104,0.034,0.496,0.0,149256000.0,1.0,188540876.0,188353000.0,189564000.0,10.541,20915392000.0,0.0,-85012000.0,0.0,111.044,
23,VNO,MRT,2015-09-30,2015-09-30,2015-09-30,2021-08-25,43593000.0,19971926000.0,19994216000.0,,,0.122,35.448,-1334966000.0,896102000.0,896102000.0,1000308000.0,1151872000.0,,1.708,10007007000.0,,,10007007000.0,377951000.0,579943000.0,0.0,0.023,2.062,1352006000.0,1931949000.0,0.789,1931949000.0,1352006000.0,961183000.0,5.12,5.09,5.12,6682147000.0,6562803750.0,6682147000.0,26209438790.0,19.0,13.566,-584700000.0,-3.102,1.0,1447388000.0,0.591,241814000.0,390823000.0,28841017000.0,28441124750.0,0.0,2168519000.0,,,11413540000.0,,,17043855790.0,-895005000.0,-124197000.0,12706000.0,123303000.0,-493052000.0,-787562000.0,-857709000.0,401687000.0,750266000.0,0.0,1042930000.0,962352000.0,962352000.0,-517498000.0,108942000.0,0.393,721598000.0,725790000.0,465045000.0,0.403,2.551,17.711,17.66,14479784000.0,80578000.0,90.42,6.963,6.964,993446000.0,-1878716000.0,2447696000.0,2447696000.0,0.0,0.048,0.147,0.048,0.552,0.0,174744000.0,1.0,188496525.0,188504000.0,189581000.0,12.985,19730112000.0,0.0,-81747000.0,0.0,104.667,
24,VNO,MRT,2015-06-30,2015-06-30,2015-06-30,2021-08-25,50613000.0,19585907000.0,20251363250.0,,,0.118,34.708,-1425552000.0,644194000.0,644194000.0,983835000.0,1085829000.0,,1.711,9809777000.0,,,9809777000.0,390636000.0,568163000.0,0.0,0.022,2.087,1289565000.0,1857728000.0,0.774,1857728000.0,1289565000.0,893269000.0,4.77,4.73,4.77,6537744000.0,6521393500.0,6537744000.0,26170612601.0,20.0,14.087,-553269000.0,-2.937,1.0,1414975000.0,0.59,245846000.0,396296000.0,28505644000.0,28738284250.0,0.0,2203057000.0,,,11187703000.0,,,17872727601.0,-854889000.0,-141392000.0,16690000.0,199632000.0,-511297000.0,-744619000.0,-982553000.0,561896000.0,872283000.0,0.0,975220000.0,894641000.0,894641000.0,-565203000.0,110609000.0,0.373,698486000.0,716489000.0,437813000.0,0.438,2.734,19.978,19.901,14326669000.0,80579000.0,94.93,7.451,7.454,966943000.0,-1958546000.0,2398810000.0,2398810000.0,0.0,0.044,0.137,0.045,0.538,0.0,178971000.0,1.0,188272702.0,188365000.0,189600000.0,12.735,19340061000.0,0.0,-81951000.0,0.0,102.673,
25,VNO,MRT,2015-03-31,2015-03-31,2015-03-31,2021-08-25,72609000.0,19261051000.0,20539081250.0,,,0.115,33.436,-1083387000.0,1266240000.0,1266240000.0,971543000.0,1036116000.0,,1.736,9564125000.0,,,9564125000.0,346026000.0,560651000.0,0.0,0.019,2.112,1303730000.0,1864381000.0,0.791,1864381000.0,1303730000.0,895613000.0,4.3,4.27,4.3,6285898000.0,6500493500.0,6285898000.0,30557269776.0,23.0,16.39,-62692000.0,-0.333,1.0,1385390000.0,0.588,229579000.0,408117000.0,27329357000.0,29058003250.0,0.0,2147631000.0,,,10912613000.0,,,21043399776.0,-89159000.0,-89843000.0,21415000.0,662546000.0,-529517000.0,-602499000.0,-507355000.0,617385000.0,1020695000.0,0.0,886212000.0,805632000.0,805632000.0,-592510000.0,149904000.0,0.342,673024000.0,712366000.0,432970000.0,0.491,3.348,26.12,26.047,13832265000.0,80580000.0,112.0,8.928,8.934,927138000.0,-2006439000.0,2356933000.0,2356933000.0,0.0,0.039,0.124,0.045,0.553,0.0,180260000.0,1.0,187887498.0,187999000.0,189336000.0,12.537,19031472000.0,0.0,9401000.0,0.0,101.232,
26,VNO,MRT,2014-12-31,2014-12-31,2014-12-31,2021-08-25,93267000.0,21157980000.0,20816156500.0,,,0.111,35.962,-1034747000.0,1374681000.0,1374681000.0,953611000.0,1009026000.0,,1.828,9530337000.0,,,9530337000.0,358613000.0,583408000.0,0.0,0.018,2.136,1286888000.0,1870296000.0,0.809,1870296000.0,1286888000.0,874133000.0,4.18,4.15,4.18,6745426000.0,6571600750.0,6745426000.0,31407660806.0,24.0,16.793,100563000.0,0.536,1.0,1358901000.0,0.588,225155000.0,412755000.0,29088481000.0,29487569000.0,0.0,1960785000.0,,,12330818000.0,,,22098313806.0,615187000.0,-94696000.0,15434000.0,1116027000.0,-547831000.0,54342000.0,-574465000.0,455514000.0,1135310000.0,0.0,864852000.0,783388000.0,783388000.0,-585676000.0,144174000.0,0.339,669008000.0,689893000.0,447745000.0,0.511,3.276,28.209,28.16,13660725000.0,81464000.0,117.71,9.556,9.548,897269000.0,-1505385000.0,2312512000.0,2312512000.0,0.0,0.038,0.119,0.044,0.556,0.0,169270000.0,1.0,187735229.0,187572000.0,188690000.0,12.329,20932825000.0,0.0,9281000.0,0.0,111.599,
27,VNO,MRT,2014-09-30,2014-09-30,2014-09-30,2021-08-25,69580000.0,21000515000.0,20550967500.0,,,0.095,34.723,-1164441000.0,1843990000.0,1843990000.0,852066000.0,394281000.0,,1.939,11153337000.0,,,11153337000.0,489250000.0,566708000.0,0.0,0.021,2.136,640769000.0,1207477000.0,0.617,1207477000.0,640769000.0,274624000.0,1.07,1.06,1.07,6516506000.0,6576552250.0,6516506000.0,28096186209.0,44.0,23.269,-84675000.0,-0.451,1.0,1104087000.0,0.564,280207000.0,366145000.0,30029655000.0,29446142750.0,0.0,1964697000.0,,,12635544000.0,,,18758970209.0,810819000.0,-98783000.0,15698000.0,1272697000.0,-547305000.0,226516000.0,-495463000.0,714944000.0,1079766000.0,0.0,282730000.0,201263000.0,201263000.0,-385683000.0,112697000.0,0.103,615207000.0,488880000.0,498565000.0,1.996,2.879,93.206,93.421,14942827000.0,80321000.0,99.96,9.59,9.59,992537000.0,-1878125000.0,1956153000.0,1956153000.0,0.0,0.01,0.031,0.022,0.328,0.0,159859000.0,1.0,187664768.0,187671000.0,188812000.0,10.423,20720308000.0,0.0,-8106000.0,0.0,110.408,
28,VNO,MRT,2014-06-30,2014-06-30,2014-06-30,2021-08-25,92221000.0,20736779000.0,20369669000.0,,,0.1,34.417,-999269000.0,1531579000.0,1531579000.0,876993000.0,357335000.0,,1.908,10868795000.0,,,10868795000.0,501384000.0,560542000.0,0.0,0.02,2.136,611048000.0,1171590000.0,0.573,1171590000.0,611048000.0,226044000.0,0.81,0.81,0.81,6454144000.0,6703480500.0,6454144000.0,28980466641.0,47.0,24.736,44363000.0,0.237,1.0,1169439000.0,0.571,289475000.0,385004000.0,29784520000.0,29140754500.0,0.0,2067104000.0,,,12317467000.0,,,20002439641.0,589571000.0,-223518000.0,12672000.0,964030000.0,-546782000.0,-38938000.0,-415123000.0,820997000.0,1043632000.0,0.0,234580000.0,153109000.0,153109000.0,-327793000.0,123889000.0,0.075,625029000.0,544410000.0,452641000.0,2.637,3.099,130.642,131.765,14726223000.0,80337000.0,106.73,9.774,9.78,968495000.0,-1872250000.0,2046432000.0,2046432000.0,0.0,0.008,0.023,0.021,0.299,0.0,163661000.0,1.0,187411596.0,187527000.0,188617000.0,10.913,20447304000.0,0.0,-8536000.0,0.0,109.037,
29,VNO,MRT,2014-03-31,2014-03-31,2014-03-31,2021-08-25,77626000.0,20369352000.0,20268782000.0,,,0.106,35.078,-974139000.0,1366911000.0,1366911000.0,920914000.0,373969000.0,,1.799,10344938000.0,,,10344938000.0,514605000.0,566949000.0,0.0,0.022,2.136,688575000.0,1255524000.0,0.586,1255524000.0,688575000.0,286827000.0,1.18,1.18,1.18,6570327000.0,6874067500.0,6570327000.0,27591766849.0,40.0,21.976,-39146000.0,-0.209,1.0,1222323000.0,0.57,299759000.0,401748000.0,29047620000.0,28938407500.0,0.0,2174721000.0,,,11819194000.0,,,18458778849.0,570904000.0,319570000.0,9118000.0,58656000.0,-546332000.0,-641241000.0,277152000.0,985813000.0,934993000.0,0.0,295766000.0,222393000.0,222393000.0,-370142000.0,78989000.0,0.104,653769000.0,568554000.0,457858000.0,1.81,2.809,83.001,83.525,14638919000.0,72587000.0,98.56,8.613,8.614,953867000.0,-1809609000.0,2143237000.0,2143237000.0,0.0,0.011,0.032,0.024,0.321,0.0,173488000.0,1.0,187284688.0,187307000.0,188240000.0,11.442,20069593000.0,0.0,-8939000.0,1272000.0,107.148,
30,VNO,MRT,2013-12-31,2013-12-31,2013-12-31,2021-08-25,71537000.0,20097224000.0,20457975750.0,,,0.112,36.189,-923177000.0,845730000.0,845730000.0,960775000.0,564740000.0,,1.7,9978718000.0,,,9978718000.0,529002000.0,561998000.0,0.0,0.024,2.136,893036000.0,1455034000.0,0.633,1455034000.0,893036000.0,467254000.0,2.1,2.09,2.1,6765232000.0,7005181250.0,6765232000.0,25416032687.0,28.0,17.468,117612000.0,0.629,1.0,1338401000.0,0.582,307436000.0,425782000.0,28922776000.0,29276335750.0,0.0,2109294000.0,,,11498860000.0,,,16608001687.0,-377029000.0,300578000.0,7322000.0,-1317855000.0,-545913000.0,-2139894000.0,722076000.0,1456496000.0,1040789000.0,0.0,475971000.0,392034000.0,392034000.0,-568095000.0,88769000.0,0.171,663850000.0,674551000.0,422276000.0,1.017,2.455,42.364,42.281,14122229000.0,83937000.0,88.79,7.223,7.219,911118000.0,-1734839000.0,2299176000.0,2299176000.0,0.0,0.019,0.056,0.031,0.388,0.0,177366000.0,1.0,187048110.0,186941000.0,187709000.0,12.299,19789788000.0,0.0,-8717000.0,1280000.0,105.861,
31,VNO,MRT,2013-09-30,2013-09-30,2013-09-30,2021-08-25,83327000.0,20275321000.0,20949932000.0,,,0.127,37.569,-1113091000.0,1193302000.0,1193302000.0,1105617000.0,695392000.0,,1.637,10001333000.0,,,10001333000.0,472805000.0,558130000.0,0.0,0.034,2.839,1079826000.0,1637956000.0,0.615,1637956000.0,1079826000.0,607610000.0,2.79,2.79,2.79,7024219000.0,7026607000.0,7024219000.0,24649480849.0,23.0,15.049,-9096000.0,-0.049,1.0,1555720000.0,0.585,275250000.0,472216000.0,28808102000.0,29953985250.0,0.0,2571275000.0,,,11496389000.0,,,15718469849.0,406439000.0,414901000.0,6234000.0,-118444000.0,-724297000.0,-1041682000.0,344126000.0,1142800000.0,1103995000.0,0.0,610625000.0,523554000.0,523554000.0,-273480000.0,82835000.0,0.197,710849000.0,844871000.0,442623000.0,1.018,2.238,30.023,30.129,14430017000.0,89003000.0,84.06,5.906,5.906,936005000.0,-1527663000.0,2661337000.0,2661337000.0,0.0,0.025,0.075,0.036,0.406,0.0,185402000.0,1.0,186991076.0,186969000.0,187724000.0,14.234,20000071000.0,0.0,-3015000.0,15420000.0,106.97,
32,VNO,MRT,2013-06-30,2013-06-30,2013-06-30,2021-08-25,132894000.0,20333231000.0,20980555750.0,,,0.128,38.177,-1115218000.0,1093726000.0,1093726000.0,1172545000.0,827297000.0,,1.607,10024737000.0,,,10024737000.0,486901000.0,561914000.0,0.0,0.034,2.809,1218205000.0,1780119000.0,0.66,1780119000.0,1218205000.0,746335000.0,3.6,3.59,3.6,7136492000.0,6996047000.0,7136492000.0,25154543987.0,21.0,14.131,-109233000.0,-0.584,1.0,1522855000.0,0.565,289110000.0,471870000.0,28975132000.0,30026468000.0,0.0,2650166000.0,,,11471016000.0,,,15487566987.0,310292000.0,564279000.0,6190000.0,-99078000.0,-716024000.0,-953222000.0,257529000.0,876679000.0,1005985000.0,0.0,748557000.0,672942000.0,672942000.0,-407646000.0,75417000.0,0.25,716311000.0,806544000.0,393362000.0,0.78,2.17,23.015,23.014,14390155000.0,78938000.0,82.85,5.746,5.746,931296000.0,-1471643000.0,2695400000.0,2695400000.0,0.0,0.032,0.096,0.041,0.452,0.0,189672000.0,1.0,186935027.0,186931000.0,187720000.0,14.419,20044121000.0,0.0,-2222000.0,15369000.0,107.227,
33,VNO,MRT,2013-03-31,2013-03-31,2013-03-31,2021-08-25,120953000.0,21126127000.0,20898189250.0,,,0.129,37.99,-1043283000.0,754202000.0,754202000.0,1195646000.0,703204000.0,,1.707,10421179000.0,,,10421179000.0,586237000.0,561502000.0,0.0,0.033,2.78,1106573000.0,1668075000.0,0.617,1668075000.0,1106573000.0,631040000.0,2.93,2.92,2.93,7094782000.0,6838359000.0,7094782000.0,25771106228.0,23.0,15.45,-110410000.0,-0.591,1.0,1506521000.0,0.558,393771000.0,475533000.0,30399333000.0,30125514250.0,0.0,2851996000.0,,,12110435000.0,,,15618491228.0,-28536000.0,70193000.0,5024000.0,74524000.0,-707687000.0,-674737000.0,-286672000.0,804054000.0,932873000.0,0.0,628660000.0,547526000.0,547526000.0,-356223000.0,67696000.0,0.203,710589000.0,795932000.0,426621000.0,0.949,2.201,28.526,28.546,15211314000.0,87982000.0,83.64,5.78,5.781,921812000.0,-1479296000.0,2702167000.0,2702167000.0,0.0,0.026,0.08,0.037,0.41,0.0,186199000.0,1.0,186734711.0,186752000.0,187529000.0,14.469,20732356000.0,0.0,2380000.0,15453000.0,111.015,
34,VNO,MRT,2012-12-31,2012-12-31,2012-12-31,2021-08-25,-18946000.0,22065049000.0,20684089750.0,,,0.128,36.871,-1036209000.0,1143575000.0,1143575000.0,1215502000.0,694541000.0,,1.929,11127230000.0,,,11127230000.0,596067000.0,557888000.0,0.0,0.034,2.751,1110186000.0,1668074000.0,0.63,1668074000.0,1110186000.0,625392000.0,2.95,2.94,2.95,6850935000.0,6775080250.0,6850935000.0,23859239848.0,21.0,14.303,-211160000.0,-1.136,1.0,1433715000.0,0.541,415330000.0,484794000.0,31633374000.0,29909721250.0,0.0,2928630000.0,,,13216753000.0,,,14906339848.0,353766000.0,62012000.0,-18315000.0,845306000.0,-699318000.0,170979000.0,-642262000.0,463453000.0,825049000.0,0.0,617260000.0,549271000.0,549271000.0,-220445000.0,67345000.0,0.207,705923000.0,727792000.0,484746000.0,0.933,2.176,27.138,27.146,15165949000.0,77925000.0,80.08,5.627,5.617,953909000.0,-1573275000.0,2649217000.0,2649217000.0,0.0,0.027,0.081,0.037,0.419,0.0,190109000.0,1.0,186143105.0,185810000.0,186530000.0,14.258,21649719000.0,0.0,8132000.0,15305000.0,116.515,
35,VNO,MRT,2012-09-30,2012-09-30,2012-09-30,2021-08-25,-160107000.0,20397816000.0,20279449250.0,,,0.133,37.123,-504456000.0,857678000.0,857678000.0,1184433000.0,699635000.0,,1.697,9810578000.0,,,9810578000.0,465929000.0,585005000.0,0.0,0.025,2.019,1139791000.0,1724796000.0,0.638,1724796000.0,1139791000.0,641117000.0,2.99,2.97,2.99,6901979000.0,6769425500.0,6901979000.0,24694226486.0,22.0,14.317,142018000.0,0.764,1.0,1517823000.0,0.562,252683000.0,498674000.0,29098033000.0,29384035000.0,0.0,2968159000.0,,,11713463000.0,,,15060288486.0,-119299000.0,-123469000.0,-17481000.0,-142282000.0,-511716000.0,-636699000.0,-129074000.0,570364000.0,646474000.0,0.0,618421000.0,556146000.0,556146000.0,-247420000.0,57211000.0,0.206,746903000.0,770920000.0,442644000.0,0.675,2.182,27.08,27.107,13954039000.0,86278000.0,81.05,5.573,5.577,937108000.0,-1319118000.0,2702256000.0,2702256000.0,0.0,0.027,0.082,0.039,0.422,0.0,204749000.0,1.0,185814787.0,185924000.0,186655000.0,14.534,20145133000.0,0.0,22696000.0,15432000.0,108.351,
36,VNO,MRT,2012-06-30,2012-06-30,2012-06-30,2021-08-25,-162785000.0,20003765000.0,20227052250.0,,,0.133,35.039,-403764000.0,584089000.0,584089000.0,1148746000.0,501702000.0,,1.767,10218027000.0,,,10218027000.0,481302000.0,592627000.0,0.0,0.024,2.019,968859000.0,1561486000.0,0.581,1561486000.0,968859000.0,457517000.0,1.96,1.95,1.96,6505740000.0,6731877000.0,6505740000.0,25161036443.0,26.0,16.114,302559000.0,1.63,1.0,1538318000.0,0.572,266386000.0,511342000.0,29371317000.0,29496960000.0,0.0,2917903000.0,,,11493315000.0,,,15590219443.0,-120152000.0,-137229000.0,-16406000.0,-257000000.0,-510765000.0,-809351000.0,-17124000.0,535824000.0,706323000.0,0.0,430877000.0,364888000.0,364888000.0,-97420000.0,48225000.0,0.136,750480000.0,787838000.0,431346000.0,1.03,2.396,42.726,42.847,14091482000.0,88589000.0,83.98,5.802,5.803,936695000.0,-1420304000.0,2687064000.0,2687064000.0,0.0,0.018,0.054,0.033,0.361,0.0,202414000.0,1.0,185642051.0,185673000.0,186342000.0,14.472,19737379000.0,0.0,26640000.0,15577000.0,106.302,
37,VNO,MRT,2012-03-31,2012-03-31,2012-03-31,2021-08-25,67174000.0,20269729000.0,20360827000.0,,,0.133,36.908,-394049000.0,731782000.0,731782000.0,1138494000.0,574443000.0,,1.682,10302599000.0,,,10302599000.0,500266000.0,589434000.0,0.0,0.024,2.019,1048346000.0,1637780000.0,0.605,1637780000.0,1048346000.0,525963000.0,2.35,2.33,2.35,6841667000.0,6795502250.0,6841667000.0,25441118684.0,24.0,15.534,419451000.0,2.263,1.0,1566625000.0,0.579,304385000.0,522383000.0,29536161000.0,29657835750.0,0.0,3095131000.0,,,11509293000.0,,,15583737684.0,-4002000.0,-171879000.0,-12394000.0,-327315000.0,-509782000.0,-764415000.0,-53087000.0,405490000.0,813500000.0,0.0,501161000.0,436291000.0,436291000.0,-89920000.0,54555000.0,0.161,750211000.0,816414000.0,453578000.0,0.859,2.278,35.719,35.83,14471766000.0,83597000.0,84.2,5.761,5.77,941201000.0,-1312670000.0,2705119000.0,2705119000.0,0.0,0.021,0.064,0.035,0.388,0.0,205377000.0,1.0,185080020.0,185370000.0,191886000.0,14.593,19965344000.0,0.0,24802000.0,13380000.0,107.705,
38,VNO,MRT,2011-12-31,2011-12-31,2011-12-31,2021-08-25,73729000.0,20446487000.0,20416494750.0,,,0.132,37.048,-349604000.0,704621000.0,704621000.0,1130531000.0,740000000.0,,1.725,10076607000.0,,,10076607000.0,515816000.0,580990000.0,0.0,0.026,2.019,1205384000.0,1786374000.0,0.661,1786374000.0,1205384000.0,686227000.0,3.26,3.23,3.26,6828316000.0,6746992750.0,6828316000.0,23876748481.0,20.0,13.366,352895000.0,1.915,1.0,1572277000.0,0.582,287844000.0,519157000.0,29530629000.0,29758268500.0,0.0,2962378000.0,,,11777363000.0,,,14180365481.0,-84236000.0,-252956000.0,24543000.0,-327430000.0,-508745000.0,-621974000.0,-164761000.0,298919000.0,702499000.0,0.0,662302000.0,601771000.0,601771000.0,-165441000.0,62845000.0,0.223,760051000.0,812226000.0,423512000.0,0.619,2.077,23.564,23.577,13809383000.0,75384000.0,76.86,5.247,5.241,887285000.0,-1401704000.0,2702808000.0,2702808000.0,0.0,0.029,0.089,0.041,0.446,0.0,208530000.0,1.0,184496038.0,184308000.0,186021000.0,14.665,20158643000.0,0.0,23925000.0,13315000.0,109.375,
39,VNO,MRT,2011-09-30,2011-09-30,2011-09-30,2021-08-25,-59019000.0,20188228000.0,20434240750.0,,,0.129,36.615,-442101000.0,710167000.0,710167000.0,1088561000.0,925157000.0,,1.728,10406550000.0,,,10406550000.0,532221000.0,551666000.0,0.0,0.027,1.99,1375190000.0,1926856000.0,0.732,1926856000.0,1375190000.0,857105000.0,4.22,4.15,4.22,6751785000.0,6618841250.0,6751785000.0,23555217302.0,17.0,12.225,300935000.0,1.632,1.0,1542582000.0,0.586,334878000.0,518085000.0,29549733000.0,29917897500.0,0.0,2752727000.0,,,11664539000.0,,,13762004302.0,-261071000.0,-166635000.0,37000000.0,-145985000.0,-500744000.0,-430974000.0,-573133000.0,-81592000.0,743036000.0,0.0,831979000.0,775677000.0,775677000.0,-174952000.0,81983000.0,0.295,826301000.0,716281000.0,469024000.0,0.472,2.038,17.742,17.682,14476127000.0,67497000.0,74.62,5.23,5.23,883522000.0,-1330405000.0,2631143000.0,2631143000.0,0.0,0.038,0.117,0.046,0.523,0.0,213030000.0,1.0,184427825.0,184398000.0,186065000.0,14.269,19853350000.0,0.0,25126000.0,13814000.0,107.666,
40,VNO,MRT,2011-06-30,2011-06-30,2011-06-30,2021-08-25,114479000.0,20538864000.0,20545715750.0,,,0.128,36.687,-441863000.0,746835000.0,746835000.0,1067382000.0,975066000.0,,1.738,10540048000.0,,,10540048000.0,555709000.0,550234000.0,0.0,0.021,1.961,1437733000.0,1987967000.0,0.756,1987967000.0,1437733000.0,906085000.0,4.52,4.45,4.52,6760241000.0,6441168000.0,6760241000.0,26946210071.0,19.0,13.555,56898000.0,0.309,1.0,1563026000.0,0.594,317257000.0,531648000.0,30014820000.0,30121548750.0,0.0,2922131000.0,,,11749873000.0,,,17167448071.0,-60606000.0,-239212000.0,37311000.0,421000000.0,-492119000.0,145096000.0,-704463000.0,-106713000.0,498761000.0,0.0,882469000.0,829734000.0,829734000.0,-162841000.0,81402000.0,0.315,837677000.0,725349000.0,436229000.0,0.434,2.539,20.69,20.615,14767232000.0,63930000.0,93.18,6.527,6.528,921591000.0,-1244254000.0,2630408000.0,2630408000.0,0.0,0.04,0.129,0.048,0.547,0.0,222109000.0,1.0,184239623.0,184268000.0,186144000.0,14.275,20221607000.0,0.0,23616000.0,13256000.0,109.74,
41,VNO,MRT,2011-03-31,2011-03-31,2011-03-31,2021-08-25,130614000.0,20492400000.0,20383719000.0,,,0.128,36.131,-443409000.0,852634000.0,852634000.0,1042059000.0,921308000.0,,1.787,10631396000.0,,,10631396000.0,578629000.0,552922000.0,0.0,0.022,1.931,1407395000.0,1960317000.0,0.749,1960317000.0,1407395000.0,868933000.0,4.34,4.27,4.34,6647629000.0,6309014500.0,6647629000.0,26072442062.0,19.0,13.3,235731000.0,1.281,1.0,1576300000.0,0.602,333270000.0,538462000.0,29937892000.0,30060196750.0,0.0,2865627000.0,,,11881036000.0,,,16070414062.0,-170579000.0,-207975000.0,40593000.0,82282000.0,-483277000.0,-382437000.0,-467282000.0,31943000.0,679140000.0,0.0,845994000.0,795661000.0,795661000.0,-148791000.0,64119000.0,0.304,844930000.0,731370000.0,469443000.0,0.445,2.417,20.198,20.161,14822437000.0,61528000.0,87.5,6.138,6.148,913186000.0,-1208993000.0,2618359000.0,2618359000.0,0.0,0.039,0.126,0.047,0.538,0.0,221854000.0,1.0,183661875.0,183988000.0,191529000.0,14.231,20159130000.0,0.0,22939000.0,13279000.0,109.568,
42,VNO,MRT,2010-12-31,2010-12-31,2010-12-31,2021-08-25,73453000.0,20517471000.0,20365542250.0,,,0.126,34.637,-474982000.0,891611000.0,891611000.0,983424000.0,708031000.0,,1.957,10889442000.0,,,10889442000.0,575836000.0,556312000.0,0.0,0.023,1.902,1209390000.0,1765702000.0,0.69,1765702000.0,1209390000.0,670020000.0,3.27,3.24,3.27,6315710000.0,6201504250.0,6315710000.0,25337521013.0,21.0,14.35,296104000.0,1.624,1.0,1574783000.0,0.616,346157000.0,539370000.0,30169145000.0,30179165250.0,0.0,2487957000.0,,,12359092000.0,,,15221974013.0,155310000.0,-113493000.0,1333000.0,477165000.0,-474299000.0,-95415000.0,-520361000.0,-57972000.0,771086000.0,0.0,647883000.0,596731000.0,596731000.0,-6832000.0,48953000.0,0.233,815755000.0,759028000.0,438479000.0,0.582,2.41,25.509,25.483,14672655000.0,62347000.0,83.33,5.95,5.939,865819000.0,-1480876000.0,2558207000.0,2558207000.0,0.0,0.029,0.096,0.04,0.473,0.0,211399000.0,1.0,182670995.0,182340000.0,184159000.0,14.03,20171314000.0,0.0,22137000.0,13278000.0,110.625,
43,VNO,MRT,2010-09-30,2010-09-30,2010-09-30,2021-08-25,45272000.0,20634128000.0,20282542500.0,,,0.133,33.109,-347898000.0,994500000.0,994500000.0,1047599000.0,282437000.0,,2.107,11110047000.0,,,11110047000.0,632427000.0,564994000.0,0.0,0.022,1.883,841052000.0,1406046000.0,0.523,1406046000.0,841052000.0,274849000.0,1.04,1.03,1.04,6041092000.0,6183269000.0,6041092000.0,25469819484.0,30.0,18.114,390915000.0,2.142,1.0,1640845000.0,0.61,385337000.0,566203000.0,30364338000.0,30037428250.0,0.0,1972925000.0,,,12729131000.0,,,15591284484.0,-1713757000.0,-119290000.0,-43942000.0,-1710298000.0,-423247000.0,-2339266000.0,-113304000.0,198087000.0,738813000.0,0.0,253987000.0,202125000.0,202125000.0,16265000.0,28450000.0,0.075,798545000.0,842300000.0,507755000.0,1.811,2.581,77.137,82.24,15270970000.0,51862000.0,85.53,5.799,5.805,932325000.0,-1604889000.0,2688444000.0,2688444000.0,0.0,0.01,0.033,0.028,0.313,0.0,203573000.0,1.0,182290243.0,182462000.0,184168000.0,14.734,20248791000.0,0.0,20862000.0,17648000.0,110.975,
44,VNO,MRT,2010-06-30,2010-06-30,2010-06-30,2021-08-25,37597000.0,19890877000.0,20711603750.0,,,0.129,34.235,-483543000.0,791683000.0,791683000.0,1038474000.0,322149000.0,,1.923,10670218000.0,,,10670218000.0,652449000.0,561305000.0,0.0,0.026,1.889,889879000.0,1451184000.0,0.543,1451184000.0,889879000.0,311032000.0,1.23,1.21,1.23,6231627000.0,6313436500.0,6231627000.0,23264666764.0,26.0,16.032,302962000.0,1.664,1.0,1634064000.0,0.611,0.0,578847000.0,29769412000.0,30504043500.0,0.0,1771833000.0,,,11981051000.0,,,13270593764.0,-1416377000.0,-34682000.0,-45327000.0,-1816538000.0,-372502000.0,-2387350000.0,184468000.0,517803000.0,786505000.0,0.0,290352000.0,233281000.0,233281000.0,-30723000.0,31797000.0,0.087,794012000.0,840052000.0,458628000.0,1.536,2.13,56.887,59.309,15336105000.0,57071000.0,72.95,4.966,4.969,889716000.0,-1581176000.0,2672538000.0,2672538000.0,0.0,0.011,0.037,0.029,0.333,0.0,200057000.0,1.0,181913554.0,182027000.0,183644000.0,14.682,19890877000.0,0.0,20680000.0,17704000.0,109.274,
45,VNO,MRT,2010-03-31,2010-03-31,2010-03-31,2021-08-25,29953000.0,20419693000.0,21196848750.0,,,0.126,34.249,-583268000.0,1096789000.0,1096789000.0,1046340000.0,204563000.0,,2.003,11090862000.0,,,11090862000.0,671366000.0,563125000.0,0.0,0.028,2.155,797519000.0,1360644000.0,0.511,1360644000.0,797519000.0,201784000.0,0.61,0.6,0.61,6217588000.0,6434791750.0,6217588000.0,23828097988.0,30.0,17.512,168547000.0,0.928,1.0,1615999000.0,0.607,0.0,595735000.0,30413766000.0,31021972750.0,0.0,1912704000.0,,,12455566000.0,,,13717911988.0,-836510000.0,-48522000.0,655445000.0,-1728647000.0,-321240000.0,-1531892000.0,-56433000.0,450170000.0,751815000.0,0.0,180611000.0,123537000.0,123537000.0,-37767000.0,23952000.0,0.046,795583000.0,820416000.0,491464000.0,3.533,2.206,111.043,124.098,15390245000.0,57074000.0,75.7,5.153,5.162,874720000.0,-1520690000.0,2662339000.0,2662339000.0,0.0,0.006,0.019,0.026,0.3,0.0,200149000.0,1.0,181214161.0,181542000.0,183445000.0,14.665,20419693000.0,0.0,21173000.0,17789000.0,112.479,
46,VNO,MRT,2009-12-31,2009-12-31,2009-12-31,2021-08-25,28449000.0,20185472000.0,21504157250.0,,,0.123,36.381,-681874000.0,829429000.0,829429000.0,1050545000.0,128450000.0,,1.968,10685703000.0,,,10685703000.0,655283000.0,559053000.0,0.0,0.038,2.626,744579000.0,1303632000.0,0.491,1303632000.0,744579000.0,126811000.0,0.28,0.28,0.28,6242769000.0,6417477000.0,6242769000.0,22436333441.0,30.0,17.211,-48295000.0,-0.281,1.0,1605046000.0,0.604,439549000.0,617768000.0,29602197000.0,31507321250.0,0.0,1833223000.0,,,12284438000.0,,,12555907441.0,-991374000.0,-21476000.0,679773000.0,-1648265000.0,-262397000.0,-1382752000.0,-242201000.0,349361000.0,633579000.0,0.0,106169000.0,49093000.0,49093000.0,-49929000.0,22281000.0,0.018,823881000.0,781165000.0,475242000.0,9.379,2.011,255.758,249.786,15132901000.0,57076000.0,69.94,4.728,4.519,840700000.0,-1577591000.0,2655591000.0,2655591000.0,0.0,0.002,0.008,0.024,0.28,0.0,230584000.0,1.0,179523984.0,171595000.0,173503000.0,15.476,19745923000.0,0.0,20642000.0,16495000.0,115.073,
47,VNO,MRT,2009-09-30,2009-09-30,2009-09-30,2021-08-25,16489000.0,22350373000.0,21812301250.0,,,0.122,36.722,-759288000.0,2847586000.0,2847586000.0,1069707000.0,44233000.0,,2.159,12728012000.0,,,12728012000.0,701637000.0,553468000.0,0.0,0.044,2.864,668408000.0,1221876000.0,0.458,1221876000.0,668408000.0,48711000.0,-0.14,-0.11,-0.14,6561762000.0,6307219500.0,6561762000.0,21510448037.0,32.0,17.604,-99598000.0,-0.557,1.0,1596826000.0,0.599,0.0,619697000.0,32230799000.0,32095079500.0,0.0,1817783000.0,,,14169700000.0,,,11501176037.0,1030999000.0,-20326000.0,708427000.0,563724000.0,-340899000.0,763777000.0,-392468000.0,271273000.0,659690000.0,0.0,30412000.0,-26666000.0,-26666000.0,-57387000.0,13821000.0,-0.01,828796000.0,768030000.0,548407000.0,-20.457,1.753,-431.305,-460.071,15671638000.0,57078000.0,64.41,4.313,4.316,835319000.0,-1278727000.0,2666533000.0,2666533000.0,0.0,-0.001,-0.004,0.021,0.251,0.0,225186000.0,1.0,178561963.0,178689000.0,,14.923,22350373000.0,0.0,18299000.0,17858000.0,125.08,
48,VNO,MRT,2009-06-30,2009-06-30,2009-06-30,2021-08-25,-35851000.0,21831857000.0,21585743000.0,,,0.124,39.16,-807466000.0,2376482000.0,2376482000.0,1079870000.0,-68064000.0,,2.051,12385754000.0,,,12385754000.0,724193000.0,563455000.0,0.0,0.068,3.041,564216000.0,1127671000.0,0.422,1127671000.0,564216000.0,-54922000.0,-0.71,-0.67,-0.71,6717048000.0,6237424500.0,6717048000.0,17833505074.0,32.0,15.814,-63731000.0,-0.372,1.0,1591512000.0,0.596,0.0,619138000.0,31841129000.0,32063861000.0,0.0,1782827000.0,,,13773583000.0,,,7127272074.0,356466000.0,2272000.0,707883000.0,191351000.0,-411677000.0,320435000.0,-707704000.0,8360000.0,743735000.0,0.0,-73198000.0,-130278000.0,-130278000.0,-14912000.0,5134000.0,-0.049,837653000.0,753859000.0,485706000.0,-4.283,1.061,-54.708,-63.423,15796325000.0,57080000.0,45.03,2.668,2.891,814901000.0,-1288909000.0,2671382000.0,2671382000.0,0.0,-0.006,-0.021,0.018,0.211,0.0,222996000.0,1.0,158278305.0,171530000.0,,15.574,21831857000.0,0.0,18276000.0,19876000.0,127.277,
49,VNO,MRT,2009-03-31,2009-03-31,2009-03-31,2021-08-25,-46797000.0,21648927000.0,21503172000.0,,,0.124,39.415,-856646000.0,2025597000.0,2025597000.0,1066517000.0,118128000.0,,2.306,12731830000.0,,,12731830000.0,741465000.0,556561000.0,0.0,0.089,2.958,733137000.0,1289698000.0,0.483,1289698000.0,733137000.0,113303000.0,0.33,0.35,0.33,6148329000.0,6145353500.0,6148329000.0,16289740751.0,22.0,12.631,-90597000.0,-0.581,1.0,1605440000.0,0.601,0.0,619834000.0,32355160000.0,32105797000.0,0.0,1479481000.0,,,14180839000.0,,,5167507751.0,84376000.0,112451000.0,-12160000.0,606149000.0,-483066000.0,-52420000.0,-629253000.0,131102000.0,766049000.0,0.0,95569000.0,38484000.0,38484000.0,-69888000.0,22559000.0,0.014,833294000.0,772146000.0,497930000.0,8.964,0.84,134.277,100.727,15751345000.0,57085000.0,33.24,1.934,1.941,1280486000.0,-1069607000.0,2671957000.0,2671957000.0,0.0,0.002,0.006,0.023,0.274,0.0,223649000.0,1.0,155460522.0,155991000.0,,17.129,21648927000.0,0.0,17734000.0,19884000.0,138.783,
50,VNO,MRT,2008-12-31,2008-12-31,2008-12-31,2021-08-25,-6899000.0,21418048000.0,21462489750.0,,,0.123,37.698,-849215000.0,1902741000.0,1902741000.0,1048537000.0,411445000.0,,2.417,12437923000.0,,,12437923000.0,764774000.0,577338000.0,0.0,0.044,2.67,774184000.0,1351522000.0,0.512,1351522000.0,774184000.0,154653000.0,1.96,1.91,1.96,5801739000.0,6203806250.0,5801739000.0,19977050167.0,26.0,14.781,-31403000.0,-0.204,1.0,1591954000.0,0.603,0.0,619531000.0,31953230000.0,32045413750.0,0.0,1890111000.0,,,14025418000.0,,,9315265167.0,372258000.0,62140000.0,-1821000.0,728309000.0,-561981000.0,7677000.0,-453231000.0,321840000.0,817812000.0,0.0,359297000.0,302206000.0,302206000.0,-180925000.0,52148000.0,0.114,804550000.0,787404000.0,515607000.0,1.362,1.606,30.824,30.791,15652276000.0,57091000.0,60.35,3.528,3.517,807183000.0,-1047340000.0,2640491000.0,2640491000.0,0.0,0.014,0.049,0.024,0.293,0.0,193969000.0,1.0,154354021.0,153900000.0,158119000.0,17.157,21418048000.0,0.0,-204644000.0,19895000.0,139.169,
51,VNO,MRT,2008-09-30,2008-09-30,2008-09-30,2021-08-25,-8675000.0,21444140000.0,21727711500.0,,,0.122,40.825,-559382000.0,1529012000.0,1529012000.0,1046250000.0,783253000.0,,2.195,12190797000.0,,,12190797000.0,760913000.0,590874000.0,0.0,0.029,2.634,1100383000.0,1691257000.0,0.638,1691257000.0,1100383000.0,446430000.0,3.79,3.64,3.79,6282582000.0,6107896250.0,6282582000.0,24503534654.0,22.0,14.488,298459000.0,1.939,1.0,1605358000.0,0.605,0.0,653953000.0,32105925000.0,32362200750.0,0.0,2111574000.0,,,13791303000.0,,,13996234654.0,694738000.0,6075000.0,-13057000.0,677621000.0,-552620000.0,-22393000.0,-140710000.0,383852000.0,857841000.0,0.0,649824000.0,592713000.0,592713000.0,-213726000.0,133429000.0,0.224,730091000.0,875267000.0,599005000.0,0.695,2.228,23.614,23.997,15386802000.0,57111000.0,90.95,5.278,5.278,848330000.0,57391000.0,2651608000.0,2651608000.0,0.0,0.027,0.097,0.034,0.415,38726000.0,200097000.0,1.0,153889331.0,153889331.0,,17.231,21444140000.0,0.0,-203394000.0,19829000.0,139.348,
52,VNO,MRT,2008-06-30,2008-06-30,2008-06-30,2021-08-25,-28331000.0,21501573000.0,21930118500.0,,,0.119,41.334,-647138000.0,1712032000.0,1712032000.0,1029135000.0,870547000.0,,2.169,12219332000.0,,,12219332000.0,780225000.0,588315000.0,0.0,0.03,2.597,1183855000.0,1772170000.0,0.678,1772170000.0,1183855000.0,537826000.0,4.42,4.24,4.42,6348764000.0,6088840500.0,6348764000.0,24143936752.0,20.0,13.624,204265000.0,1.33,1.0,1583483000.0,0.606,0.0,646029000.0,32008873000.0,32834714000.0,0.0,2164778000.0,,,13769459000.0,,,13516507752.0,968526000.0,-47476000.0,-13617000.0,708000000.0,-543254000.0,-16907000.0,134030000.0,591041000.0,851403000.0,0.0,743658000.0,686523000.0,686523000.0,-237418000.0,126889000.0,0.263,705929000.0,877554000.0,515863000.0,0.588,2.129,19.688,19.91,15365848000.0,57135000.0,88.0,5.174,5.174,728167000.0,164652000.0,2612618000.0,2612618000.0,0.0,0.031,0.113,0.036,0.453,38726000.0,198491000.0,1.0,153596679.0,153596679.0,,17.01,21501573000.0,0.0,-205832000.0,19698000.0,139.987,
53,VNO,MRT,2008-03-31,2008-03-31,2008-03-31,2021-08-25,9521000.0,21486198000.0,22089449250.0,,,0.114,41.612,-2149910000.0,1541074000.0,1541074000.0,999989000.0,890650000.0,,2.148,12168503000.0,,,12168503000.0,824648000.0,589884000.0,0.0,0.03,2.561,1196770000.0,1786654000.0,0.709,1786654000.0,1196770000.0,570207000.0,4.68,4.48,4.68,6382140000.0,6054361500.0,6382140000.0,25019611696.0,21.0,14.004,-1312273000.0,-8.556,1.0,1521484000.0,0.603,0.0,626563000.0,32113627000.0,33324458750.0,0.0,2367536000.0,,,13709385000.0,,,13222394696.0,-1343600000.0,-213046000.0,159000.0,300875000.0,-533937000.0,-416825000.0,-1764412000.0,334379000.0,837637000.0,0.0,778446000.0,721290000.0,721290000.0,-179557000.0,112204000.0,0.286,684527000.0,836957000.0,501204000.0,0.547,2.072,18.332,18.421,15274385000.0,57156000.0,86.21,5.244,5.244,718020000.0,177714000.0,2521473000.0,2521473000.0,0.0,0.033,0.119,0.036,0.475,38726000.0,197995000.0,1.0,153374257.0,153374257.0,,16.44,21486198000.0,0.0,-208239000.0,19741000.0,140.09,
54,VNO,MRT,2007-12-31,2007-12-31,2007-12-31,2021-08-25,29772000.0,22478935000.0,21781004500.0,,,0.11,35.657,-3077542000.0,1154595000.0,1154595000.0,950487000.0,607833000.0,,2.766,11896038000.0,,,11896038000.0,848852000.0,545885000.0,0.0,0.029,2.524,1150522000.0,1696407000.0,0.705,1696407000.0,1150522000.0,550718000.0,3.18,3.05,3.18,5418099000.0,6011753250.0,5418099000.0,25133845071.0,22.0,14.816,-2380217000.0,-15.665,1.0,1454756000.0,0.605,0.0,599804000.0,33220378000.0,32546270250.0,0.0,2320162000.0,,,14986235000.0,,,13391635071.0,-1078722000.0,-248882000.0,-8313000.0,2086442000.0,-524719000.0,1291657000.0,-3067704000.0,-13696000.0,697325000.0,0.0,541539000.0,484362000.0,484362000.0,-67622000.0,66294000.0,0.201,639623000.0,815133000.0,480123000.0,0.794,2.472,27.648,27.657,15226452000.0,57177000.0,87.95,5.568,5.556,694548000.0,-721625000.0,2405243000.0,2405243000.0,0.0,0.022,0.081,0.035,0.478,38726000.0,189024000.0,1.0,152264185.0,151949000.0,158558000.0,15.829,22478935000.0,0.0,9179000.0,241895000.0,147.937,
55,VNO,MRT,2007-09-30,2007-09-30,2007-09-30,2021-08-25,62668000.0,22253768000.0,20649841000.0,,,0.082,40.829,-4156632000.0,834274000.0,834274000.0,440116000.0,583468000.0,,2.343,12576484000.0,,,12576484000.0,892498000.0,502871000.0,0.0,0.026,2.883,1063166000.0,1566037000.0,0.928,1566037000.0,1063166000.0,587000000.0,3.51,3.35,3.51,6206359000.0,6194921000.0,6206359000.0,28451020849.0,27.0,18.168,-3331709000.0,-21.918,1.0,1247038000.0,0.739,0.0,476166000.0,33995978000.0,30560116250.0,0.0,1890806000.0,,,14544014000.0,,,16622064849.0,447392000.0,-321359000.0,875635000.0,4357690000.0,-584722000.0,3835222000.0,-4212753000.0,-5500000.0,824923000.0,0.0,583468000.0,526233000.0,526233000.0,-18231000.0,0.0,0.312,526543000.0,720495000.0,647229000.0,0.821,2.678,31.587,31.154,16354231000.0,57235000.0,109.35,9.852,9.852,1444621000.0,-35650000.0,1687154000.0,1687154000.0,0.0,0.025,0.085,0.035,0.63,2079000.0,169731000.0,1.0,152007909.0,152007909.0,,11.099,22253768000.0,0.0,3532000.0,266383000.0,146.399,
56,VNO,MRT,2007-06-30,2007-06-30,2007-06-30,2021-08-25,68004000.0,22138896000.0,18803754500.0,,,0.092,40.897,-4244628000.0,743506000.0,743506000.0,527681000.0,580610000.0,,2.317,12572462000.0,,,12572462000.0,923542000.0,462068000.0,0.0,0.026,2.846,1023442000.0,1485510000.0,0.861,1485510000.0,1023442000.0,581718000.0,3.54,3.37,3.54,6210848000.0,5977569750.0,6210848000.0,25429257270.0,25.0,17.118,-3479763000.0,-22.914,1.0,1198326000.0,0.694,0.0,441724000.0,33967852000.0,27527371750.0,0.0,1922073000.0,,,14389932000.0,,,16680803270.0,249116000.0,-234925000.0,876548000.0,4751177000.0,-568931000.0,4054408000.0,-4570157000.0,-202097000.0,764865000.0,0.0,580610000.0,523319000.0,523319000.0,5730000.0,0.0,0.303,513556000.0,684770000.0,552867000.0,0.804,2.686,31.875,31.028,16104888000.0,57291000.0,109.84,9.664,9.664,1408774000.0,-22862000.0,1726007000.0,1726007000.0,0.0,0.028,0.088,0.037,0.593,2079000.0,173939000.0,1.0,151864560.0,151864560.0,,11.365,22138896000.0,0.0,1108000.0,130975000.0,145.781,
57,VNO,MRT,2007-03-31,2007-03-31,2007-03-31,2021-08-25,99724000.0,20252419000.0,16908111000.0,,,0.107,40.974,-2719330000.0,2884674000.0,2884674000.0,620320000.0,577859000.0,,2.082,11633128000.0,,,11633128000.0,596465000.0,431937000.0,0.0,0.024,2.809,999560000.0,1431497000.0,0.793,1431497000.0,999560000.0,577307000.0,3.59,3.4,3.59,6211707000.0,5751395500.0,6211707000.0,25413550546.0,25.0,17.753,-2003868000.0,-13.218,1.0,1185499000.0,0.656,0.0,422253000.0,29000873000.0,24339111750.0,0.0,1986316000.0,,,12934364000.0,,,18092069546.0,2304744000.0,-205080000.0,878927000.0,5291971000.0,-553086000.0,4646420000.0,-3057138000.0,-205163000.0,715462000.0,0.0,577859000.0,520459000.0,520459000.0,-10554000.0,0.0,0.288,503594000.0,681905000.0,522169000.0,0.782,2.913,34.762,33.242,12728571000.0,57400000.0,119.34,10.019,10.019,1368591000.0,-45361000.0,1805819000.0,1805819000.0,0.0,0.031,0.09,0.041,0.554,2079000.0,175865000.0,1.0,151601052.0,151601052.0,,11.912,20252419000.0,0.0,-552000.0,0.0,133.59,
58,VNO,MRT,2006-12-31,2006-12-31,2006-12-31,2021-08-25,92963000.0,17954281000.0,15427552000.0,,,0.124,43.301,-1803398000.0,2233317000.0,2233317000.0,737452000.0,560140000.0,,1.736,9554798000.0,,,9554798000.0,331760000.0,413162000.0,0.0,0.023,2.773,955202000.0,1368364000.0,0.717,1368364000.0,955202000.0,560631000.0,3.54,3.35,3.54,6150770000.0,5527452500.0,6150770000.0,24254317782.0,25.0,17.725,-978730000.0,-6.89,1.0,1171648000.0,0.614,0.0,394571000.0,25275762000.0,22258594500.0,0.0,2330705000.0,,,10675307000.0,,,17258739782.0,1938813000.0,-137192000.0,880401000.0,3570684000.0,-537298000.0,3030655000.0,-1916510000.0,-163216000.0,824668000.0,0.0,560140000.0,502629000.0,502629000.0,-32215000.0,0.0,0.263,499233000.0,672415000.0,592932000.0,0.783,2.806,34.337,34.322,11471396000.0,57511000.0,121.5,9.04,9.04,687426000.0,-69188000.0,1909100000.0,1909100000.0,0.0,0.033,0.091,0.043,0.5,2079000.0,180167000.0,1.0,142047241.0,142047241.0,,13.44,17954281000.0,0.0,491000.0,34529000.0,126.397,
59,VNO,MRT,2006-09-30,2006-09-30,2006-09-30,2021-08-25,64679000.0,14869422000.0,14348272500.0,,,0.186,37.658,-1109641000.0,386882000.0,386882000.0,1362936000.0,560325000.0,,1.552,7382460000.0,,,7382460000.0,253703000.0,397089000.0,0.0,0.027,2.905,995511000.0,1392600000.0,0.522,1392600000.0,995511000.0,566549000.0,3.56,3.37,3.56,5336954000.0,5305637500.0,5336954000.0,22106226368.0,22.0,15.874,-362975000.0,-2.561,1.0,1303037000.0,0.489,0.0,428962000.0,21865000000.0,20836100250.0,0.0,1669676000.0,,,8282817000.0,,,15447736368.0,-7579000.0,-73374000.0,16147000.0,1206437000.0,-561572000.0,282294000.0,-1036539000.0,18754000.0,746666000.0,0.0,560325000.0,502952000.0,502952000.0,-39249000.0,0.0,0.189,570203000.0,732834000.0,484681000.0,0.816,2.894,30.714,30.618,10682986000.0,57373000.0,109.0,5.794,5.794,1214442000.0,160420000.0,2665973000.0,2665973000.0,0.0,0.035,0.095,0.048,0.373,0.0,192959000.0,1.0,141722352.0,141722352.0,,18.811,14869422000.0,0.0,6224000.0,0.0,104.919,
60,VNO,MRT,2006-06-30,2006-06-30,2006-06-30,2021-08-25,45146000.0,14556322000.0,13919603250.0,,,0.19,37.478,-1228254000.0,494390000.0,494390000.0,1368360000.0,471084000.0,,1.5,7152880000.0,,,7152880000.0,190382000.0,379697000.0,0.0,0.029,2.875,878821000.0,1258518000.0,0.476,1258518000.0,878821000.0,476926000.0,2.96,2.8,2.96,5306151000.0,5312262250.0,5306151000.0,20159689226.0,23.0,16.019,-426788000.0,-3.014,1.0,1275146000.0,0.482,0.0,401895000.0,21214812000.0,19988905000.0,0.0,1711853000.0,,,7958108000.0,,,13811068226.0,-347708000.0,-720064000.0,801869000.0,898412000.0,-547882000.0,753580000.0,-1902754000.0,-50115000.0,801466000.0,0.0,471084000.0,416543000.0,416543000.0,-39901000.0,0.0,0.158,546388000.0,728758000.0,448963000.0,0.971,2.603,33.156,32.956,10286427000.0,54541000.0,97.55,5.225,5.225,1230246000.0,160320000.0,2643506000.0,2643506000.0,0.0,0.03,0.078,0.044,0.332,0.0,188914000.0,1.0,141579377.0,141579377.0,,18.672,14556322000.0,0.0,5842000.0,0.0,102.814,
61,VNO,MRT,2006-03-31,2006-03-31,2006-03-31,2021-08-25,98590000.0,14330183000.0,13390449000.0,,,0.192,37.631,-1162125000.0,579930000.0,579930000.0,1330939000.0,488997000.0,,1.46,6928551000.0,,,6928551000.0,190238000.0,359546000.0,0.0,0.03,2.846,858478000.0,1218024000.0,0.474,1218024000.0,858478000.0,493991000.0,3.24,3.06,3.24,5315935000.0,5067841000.0,5315935000.0,19521849528.0,23.0,16.027,-343001000.0,-2.428,1.0,1241010000.0,0.483,0.0,364487000.0,20678804000.0,18993386500.0,0.0,1774530000.0,,,7761925000.0,,,13561470528.0,-394400000.0,-746271000.0,828174000.0,722495000.0,-533440000.0,695979000.0,-1909503000.0,-119486000.0,819124000.0,0.0,488997000.0,440475000.0,440475000.0,-56069000.0,0.0,0.171,524823000.0,716187000.0,479961000.0,0.878,2.551,30.788,29.63,10151979000.0,48522000.0,96.0,5.273,5.273,1015949000.0,124845000.0,2571949000.0,2571949000.0,0.0,0.033,0.087,0.045,0.334,0.0,182995000.0,1.0,141265318.0,141265318.0,,18.207,14330183000.0,0.0,4994000.0,0.0,101.442,
62,VNO,MRT,2005-12-31,2005-12-31,2005-12-31,2021-08-25,83406000.0,13637163000.0,12823937750.0,,,0.196,37.451,-1026705000.0,294504000.0,294504000.0,1294850000.0,539604000.0,,1.352,6243126000.0,,,6243126000.0,184206000.0,346775000.0,0.0,0.034,2.817,882695000.0,1229470000.0,0.488,1229470000.0,882695000.0,544598000.0,3.69,3.5,3.69,5263510000.0,4756628500.0,5263510000.0,17052700127.0,19.0,13.87,-264027000.0,-1.879,1.0,1225011000.0,0.486,0.0,338097000.0,19585785000.0,17975637000.0,0.0,1645999000.0,,,7117212000.0,,,11731226127.0,-304778000.0,-834594000.0,833510000.0,896239000.0,-524163000.0,683828000.0,-1751284000.0,73357000.0,762678000.0,0.0,539604000.0,493103000.0,493103000.0,-41020000.0,0.0,0.196,506601000.0,718410000.0,528543000.0,0.763,2.229,23.791,22.621,9704035000.0,46501000.0,83.47,4.656,4.656,1001253000.0,103061000.0,2519861000.0,2519861000.0,0.0,0.038,0.104,0.049,0.35,0.0,177790000.0,1.0,140544221.0,140544221.0,,17.929,13637163000.0,0.0,4994000.0,0.0,97.031,
63,VNO,MRT,2005-09-30,2005-09-30,2005-09-30,2021-08-25,99848000.0,13154745000.0,12309776250.0,,,0.19,41.002,-882206000.0,394461000.0,394461000.0,1148962000.0,659597000.0,,1.216,5715935000.0,,,5715935000.0,159697000.0,326151000.0,0.0,0.026,2.224,974238000.0,1300389000.0,0.557,1300389000.0,974238000.0,659597000.0,4.84,4.59,4.84,5363453000.0,4443936250.0,5363453000.0,16123670900.0,17.0,12.399,-176595000.0,-1.35,1.0,1185119000.0,0.508,0.0,314641000.0,18476219000.0,17062330250.0,0.0,1785639000.0,,,6521616000.0,,,11330637900.0,182387000.0,-770662000.0,834609000.0,683492000.0,-399184000.0,1056102000.0,-1579326000.0,-26352000.0,705611000.0,0.0,659597000.0,620956000.0,620956000.0,-39975000.0,0.0,0.266,500981000.0,684138000.0,502781000.0,0.46,2.113,18.247,17.897,9125193000.0,38641000.0,86.62,4.854,4.854,939564000.0,218804000.0,2334081000.0,2334081000.0,0.0,0.05,0.14,0.057,0.417,0.0,189385000.0,1.0,130808565.0,130808565.0,,17.843,13154745000.0,0.0,0.0,0.0,100.565,
64,VNO,MRT,2005-06-30,2005-06-30,2005-06-30,2021-08-25,69508000.0,12439705000.0,11459142750.0,,,0.183,33.372,-531700000.0,842098000.0,842098000.0,957403000.0,729378000.0,,1.46,5635131000.0,,,5635131000.0,126671000.0,302726000.0,0.0,0.027,2.188,1016907000.0,1319633000.0,0.63,1319633000.0,1016907000.0,729378000.0,5.47,5.19,5.47,4328466000.0,3975300250.0,4328466000.0,14971675112.0,15.0,11.345,175569000.0,1.354,1.0,1138509000.0,0.543,0.0,287529000.0,17232738000.0,15885451250.0,0.0,1165868000.0,,,6321462000.0,,,10428007112.0,616663000.0,-174816000.0,68651000.0,730291000.0,-389119000.0,654326000.0,-744932000.0,-190528000.0,707269000.0,0.0,729378000.0,698234000.0,698234000.0,-48631000.0,0.0,0.333,461376000.0,677133000.0,449783000.0,0.4,2.409,14.935,14.698,8617498000.0,31144000.0,80.4,4.975,4.975,885150000.0,291424000.0,2095912000.0,2095912000.0,0.0,0.061,0.176,0.064,0.485,0.0,170983000.0,1.0,129701581.0,129701581.0,,16.159,12439705000.0,0.0,0.0,0.0,95.91,
65,VNO,MRT,2005-03-31,2005-03-31,2005-03-31,2021-08-25,41891000.0,12064138000.0,10712812500.0,,,0.178,31.85,-242985000.0,974330000.0,974330000.0,818402000.0,710297000.0,,1.522,5517998000.0,,,5517998000.0,106799000.0,276767000.0,0.0,0.031,2.151,971473000.0,1248240000.0,0.656,1248240000.0,971473000.0,710297000.0,5.4,5.15,5.4,4071085000.0,3730679500.0,4071085000.0,13191431940.0,14.0,10.568,414924000.0,3.246,1.0,1085031000.0,0.57,0.0,261176000.0,16607806000.0,14910051000.0,0.0,974667000.0,,,6194725000.0,,,8854080940.0,683312000.0,-96494000.0,50573000.0,622822000.0,-379535000.0,464109000.0,-438706000.0,-154182000.0,657909000.0,0.0,710297000.0,683973000.0,683973000.0,-82754000.0,0.0,0.359,420045000.0,664986000.0,437304000.0,0.398,2.175,12.945,12.828,8311106000.0,26324000.0,69.27,4.652,4.652,828676000.0,217570000.0,1903433000.0,1903433000.0,0.0,0.064,0.183,0.065,0.51,0.0,155129000.0,1.0,127819849.0,127819849.0,,14.892,12064138000.0,0.0,0.0,0.0,94.384,
66,VNO,MRT,2004-12-31,2004-12-31,2004-12-31,2021-08-25,47782000.0,11580517000.0,10053613250.0,,,0.169,31.542,-310916000.0,599282000.0,599282000.0,676025000.0,592917000.0,,1.401,4951323000.0,,,4951323000.0,103524000.0,253822000.0,0.0,0.029,2.231,835059000.0,1088881000.0,0.641,1088881000.0,835059000.0,592917000.0,4.56,4.35,4.56,4012741000.0,3526922750.0,4012741000.0,13701555631.0,16.0,12.583,370517000.0,2.912,1.0,1023669000.0,0.602,0.0,242142000.0,15932558000.0,14061856000.0,0.0,790694000.0,,,5619905000.0,,,9685063631.0,278740000.0,150232000.0,61935000.0,37411000.0,-379480000.0,-35224000.0,-367469000.0,-215539000.0,681433000.0,0.0,592917000.0,570997000.0,570997000.0,-81245000.0,0.0,0.336,388281000.0,635388000.0,446469000.0,0.489,2.414,16.962,16.695,8348597000.0,21920000.0,76.13,5.698,5.698,951293000.0,133899000.0,1699694000.0,1699694000.0,0.0,0.057,0.162,0.059,0.491,0.0,145040000.0,1.0,127217439.0,127217439.0,,13.361,11580517000.0,0.0,0.0,0.0,91.029,
67,VNO,MRT,2004-09-30,2004-09-30,2004-09-30,2021-08-25,13906000.0,9752211000.0,9538216000.0,,,0.167,27.703,-84441000.0,212074000.0,212074000.0,605328000.0,558107000.0,,1.324,4228566000.0,,,4228566000.0,103049000.0,240486000.0,0.0,0.037,2.312,793902000.0,1034388000.0,0.65,1034388000.0,793902000.0,558107000.0,4.47,4.3,4.47,3488909000.0,3293130750.0,3488909000.0,11770582442.0,15.0,11.379,504240000.0,4.004,1.0,986901000.0,0.62,0.0,235795000.0,13768703000.0,13388198500.0,0.0,919944000.0,,,4620092000.0,,,7893829442.0,88216000.0,297325000.0,144877000.0,237719000.0,-383529000.0,-155884000.0,-344581000.0,-471745000.0,588681000.0,0.0,558107000.0,537653000.0,537653000.0,-235772000.0,0.0,0.338,358301000.0,628600000.0,276995000.0,0.517,2.263,14.682,14.022,7114378000.0,20454000.0,62.68,4.958,4.958,912561000.0,-2502000.0,1592229000.0,1592229000.0,0.0,0.056,0.163,0.059,0.499,0.0,125398000.0,1.0,125938568.0,125938568.0,,12.643,9752211000.0,0.0,0.0,0.0,77.436,
68,VNO,MRT,2004-06-30,2004-06-30,2004-06-30,2021-08-25,-7764000.0,9454384000.0,9369481000.0,,,0.166,26.652,-19536000.0,225435000.0,225435000.0,593741000.0,525644000.0,,1.329,4102188000.0,,,4102188000.0,81206000.0,231934000.0,0.0,0.04,2.29,756599000.0,988533000.0,0.635,988533000.0,756599000.0,525644000.0,4.27,4.11,4.27,3349983000.0,3121735750.0,3349983000.0,10966143811.0,14.0,11.093,546210000.0,4.346,1.0,963361000.0,0.619,0.0,230955000.0,13331137000.0,13181238000.0,0.0,850115000.0,,,4453508000.0,,,7178458811.0,52236000.0,330092000.0,154617000.0,47713000.0,-370654000.0,-390088000.0,-123422000.0,-303502000.0,565746000.0,0.0,525644000.0,504133000.0,504133000.0,-231421000.0,0.0,0.324,351170000.0,612191000.0,258478000.0,0.536,2.143,14.239,13.375,6970913000.0,21511000.0,57.11,4.61,4.61,760764000.0,-17309000.0,1557102000.0,1557102000.0,0.0,0.054,0.161,0.057,0.486,0.0,127721000.0,1.0,125695304.0,125695304.0,,12.388,9454384000.0,0.0,0.0,0.0,75.217,
69,VNO,MRT,2004-03-31,2004-03-31,2004-03-31,2021-08-25,-3634000.0,9427341000.0,9248780000.0,,,0.165,27.304,-241905000.0,291018000.0,291018000.0,589955000.0,451400000.0,,1.398,4078703000.0,,,4078703000.0,81437000.0,226062000.0,0.0,0.037,2.268,682931000.0,908993000.0,0.594,908993000.0,682931000.0,451400000.0,3.75,3.61,3.75,3256058000.0,2974544500.0,3256058000.0,10956325283.0,16.0,12.053,331004000.0,2.776,1.0,939286000.0,0.614,0.0,231531000.0,13215026000.0,13049197500.0,0.0,854202000.0,,,4550811000.0,,,7212482283.0,114127000.0,291020000.0,164369000.0,62751000.0,-357344000.0,-407433000.0,-51349000.0,-195250000.0,572909000.0,0.0,451400000.0,428028000.0,428028000.0,-169323000.0,0.0,0.28,345186000.0,594100000.0,259123000.0,0.605,2.215,16.85,16.128,6959328000.0,23372000.0,60.48,4.716,4.716,640449000.0,-86532000.0,1529241000.0,1529241000.0,0.0,0.046,0.144,0.052,0.447,0.0,125214000.0,1.0,119254006.0,119254006.0,,12.823,9427341000.0,0.0,0.0,0.0,79.053,
70,VNO,MRT,2003-12-31,2003-12-31,2003-12-31,2021-08-25,3524000.0,9518928000.0,9152637000.0,,,0.164,26.73,-160538000.0,320542000.0,320542000.0,583038000.0,460703000.0,,1.469,4039542000.0,,,4039542000.0,72728000.0,219911000.0,0.0,0.039,2.129,690767000.0,910678000.0,0.606,910678000.0,690767000.0,460703000.0,3.92,3.8,3.92,3077573000.0,2842216250.0,3077573000.0,10167323011.0,15.0,11.165,375079000.0,3.258,1.0,919812000.0,0.612,0.0,230064000.0,13237928000.0,12976881750.0,0.0,982091000.0,,,4520069000.0,,,6303733011.0,112342000.0,132646000.0,145152000.0,60065000.0,-327877000.0,-286317000.0,-136958000.0,-210358000.0,535617000.0,0.0,460703000.0,439888000.0,439888000.0,-175175000.0,0.0,0.293,336502000.0,583310000.0,249372000.0,0.543,2.048,14.33,13.967,6762559000.0,20815000.0,54.75,4.195,4.195,656775000.0,-57618000.0,1502850000.0,1502850000.0,0.0,0.048,0.155,0.053,0.46,0.0,121879000.0,1.0,115136676.0,115136676.0,,13.053,9518928000.0,0.0,0.0,0.0,82.675,
71,VNO,MRT,2003-09-30,2003-09-30,2003-09-30,2021-08-25,-4531000.0,9077271000.0,9027449750.0,,,0.162,24.836,-276203000.0,123858000.0,123858000.0,566928000.0,301544000.0,,1.531,3987448000.0,,,3987448000.0,54069000.0,217649000.0,0.0,0.041,1.99,528056000.0,745705000.0,0.509,745705000.0,528056000.0,301544000.0,2.53,2.43,2.53,2803329000.0,2729662000.0,2803329000.0,9253744358.0,18.0,12.409,366926000.0,3.251,1.0,897066000.0,0.613,0.0,226512000.0,12940861000.0,12862724500.0,0.0,1073153000.0,,,4291602000.0,,,5422349358.0,-190505000.0,-86434000.0,55236000.0,-178338000.0,-300696000.0,-624067000.0,-209567000.0,32882000.0,643129000.0,0.0,301544000.0,280169000.0,280169000.0,-16525000.0,0.0,0.191,333662000.0,563404000.0,247882000.0,0.787,1.934,19.354,18.988,6880414000.0,21375000.0,48.04,3.704,3.704,429906000.0,-157065000.0,1463994000.0,1463994000.0,0.0,0.031,0.103,0.041,0.361,6875000.0,112880000.0,1.0,112871552.0,112871552.0,,12.97,9077271000.0,0.0,0.0,0.0,80.421,
72,VNO,MRT,2003-06-30,2003-06-30,2003-06-30,2021-08-25,-9804000.0,8971580000.0,9024642000.0,,,0.159,24.744,-216193000.0,173199000.0,173199000.0,559416000.0,290426000.0,,1.547,4004594000.0,,,4004594000.0,54298000.0,216823000.0,0.0,0.045,1.975,521519000.0,738342000.0,0.513,738342000.0,521519000.0,290426000.0,2.45,2.37,2.45,2761218000.0,2689202750.0,2761218000.0,8748434630.0,17.0,11.849,366019000.0,3.28,1.0,878959000.0,0.611,0.0,231093000.0,12802975000.0,12843380500.0,0.0,1116148000.0,,,4272616000.0,,,4865440630.0,-510984000.0,-104641000.0,26956000.0,-598262000.0,-294756000.0,-1082146000.0,-11050000.0,68789000.0,582212000.0,0.0,290426000.0,268435000.0,268435000.0,-14687000.0,0.0,0.187,330952000.0,548007000.0,208994000.0,0.806,1.762,18.125,17.796,6686354000.0,21991000.0,43.6,3.383,3.383,404314000.0,-151156000.0,1438375000.0,1438375000.0,0.0,0.03,0.1,0.041,0.363,13750000.0,107986000.0,1.0,111592675.0,111592675.0,,12.89,8971580000.0,0.0,0.0,0.0,80.396,
73,VNO,MRT,2003-03-31,2003-03-31,2003-03-31,2021-08-25,-13473000.0,9042769000.0,9124931250.0,,,0.155,25.093,-198455000.0,176891000.0,176891000.0,541362000.0,273118000.0,,1.601,4059885000.0,,,4059885000.0,57887000.0,209991000.0,0.0,0.055,1.961,505786000.0,715777000.0,0.507,715777000.0,505786000.0,273118000.0,2.32,2.24,2.32,2726745000.0,2655575500.0,2726745000.0,7753355533.0,15.0,10.832,391960000.0,3.607,1.0,871581000.0,0.617,0.0,232668000.0,12925763000.0,12923507500.0,0.0,1079248000.0,,,4364797000.0,,,3890235533.0,5691000.0,-71537000.0,17916000.0,-70255000.0,-289560000.0,-535784000.0,-48940000.0,231529000.0,590415000.0,0.0,273118000.0,250657000.0,250657000.0,-13778000.0,0.0,0.177,328965000.0,542616000.0,244126000.0,0.845,1.427,15.52,15.431,6800894000.0,22461000.0,35.8,2.753,2.753,414315000.0,-157537000.0,1412943000.0,1412943000.0,0.0,0.027,0.094,0.039,0.358,20625000.0,104052000.0,1.0,108665797.0,108665797.0,,13.003,9042769000.0,0.0,0.0,0.0,83.216,
74,VNO,MRT,2002-12-31,2002-12-31,2002-12-31,2021-08-25,-13564000.0,9018179000.0,9096890750.0,,,0.152,24.238,-210882000.0,208200000.0,208200000.0,517958000.0,232903000.0,,1.657,3971320000.0,,,3971320000.0,59362000.0,205826000.0,0.0,0.052,1.946,465794000.0,671620000.0,0.484,671620000.0,465794000.0,232903000.0,1.98,1.91,1.98,2627356000.0,2629704750.0,2627356000.0,7829790448.0,17.0,11.658,354140000.0,3.267,1.0,868836000.0,0.627,0.0,232891000.0,12781299000.0,12874540000.0,0.0,1003651000.0,,,4353465000.0,,,4032345448.0,-57384000.0,-12362000.0,82725000.0,-102903000.0,-314419000.0,-533092000.0,-89314000.0,155401000.0,565022000.0,0.0,232903000.0,209736000.0,209736000.0,-11815000.0,0.0,0.151,332113000.0,536723000.0,219753000.0,0.983,1.535,19.226,18.788,6579965000.0,23167000.0,37.2,2.908,2.908,401526000.0,-169629000.0,1386794000.0,1386794000.0,0.0,0.023,0.08,0.036,0.336,27500000.0,100035000.0,1.0,108396383.0,108396383.0,,12.794,9018179000.0,0.0,0.0,0.0,83.196,
75,VNO,MRT,2002-09-30,2002-09-30,2002-09-30,2021-08-25,-12850000.0,9066040000.0,8536681750.0,,,0.148,24.623,-206259000.0,314363000.0,314363000.0,476379000.0,251255000.0,,1.645,4111808000.0,,,4111808000.0,11398000.0,180284000.0,0.0,0.055,2.158,460314000.0,640598000.0,0.507,640598000.0,460314000.0,251255000.0,2.19,2.11,2.19,2641492000.0,2615458750.0,2641492000.0,7982787948.0,17.0,12.461,267692000.0,2.495,1.0,786525000.0,0.623,0.0,209059000.0,12863485000.0,11926448250.0,0.0,1010797000.0,,,4344728000.0,,,4232041948.0,126485000.0,35744000.0,460883000.0,-310034000.0,-299071000.0,-305693000.0,-41773000.0,134615000.0,473951000.0,0.0,251255000.0,224797000.0,224797000.0,-18084000.0,0.0,0.178,296544000.0,489981000.0,219974000.0,0.985,1.602,18.826,18.014,6803548000.0,26458000.0,39.45,3.351,3.351,353791000.0,-142551000.0,1262904000.0,1262904000.0,0.0,0.026,0.086,0.039,0.364,20625000.0,94056000.0,1.0,107276095.0,107276095.0,,11.772,9066040000.0,0.0,0.0,0.0,84.511,
76,VNO,MRT,2002-06-30,2002-06-30,2002-06-30,2021-08-25,-12681000.0,9372737000.0,7902630750.0,,,0.147,24.661,-33418000.0,684183000.0,684183000.0,437270000.0,263093000.0,,1.775,4434929000.0,,,4434929000.0,11579000.0,157238000.0,0.0,0.046,2.114,454364000.0,611602000.0,0.528,611602000.0,454364000.0,263093000.0,2.4,2.31,2.4,2626709000.0,2499224750.0,2626709000.0,8720229012.0,19.0,14.258,408699000.0,3.837,1.0,721350000.0,0.623,0.0,191271000.0,13123483000.0,10967676000.0,0.0,1026026000.0,,,4662295000.0,,,4920943012.0,564263000.0,-17455000.0,463281000.0,131106000.0,-280659000.0,217693000.0,-95547000.0,113575000.0,442117000.0,0.0,263093000.0,233426000.0,233426000.0,-14388000.0,0.0,0.201,260228000.0,461122000.0,214080000.0,0.881,1.873,21.081,19.25,6656760000.0,29667000.0,46.2,4.247,4.247,340944000.0,-128768000.0,1158620000.0,1158620000.0,0.0,0.03,0.093,0.041,0.392,13750000.0,82021000.0,1.0,106513918.0,106513918.0,,10.878,9372737000.0,0.0,0.0,0.0,87.995,
77,VNO,MRT,2002-03-31,2002-03-31,2002-03-31,2021-08-25,-55000.0,8930607000.0,7185109250.0,,,0.147,25.377,-33992000.0,171200000.0,171200000.0,412512000.0,258756000.0,,1.61,3970486000.0,,,3970486000.0,11759000.0,139966000.0,0.0,0.046,2.019,434809000.0,574775000.0,0.543,574775000.0,434809000.0,258756000.0,2.44,2.37,2.44,2623262000.0,2370637250.0,2623262000.0,6776521868.0,16.0,11.79,364178000.0,3.523,1.0,646480000.0,0.61,0.0,176053000.0,12729893000.0,9965990250.0,0.0,1026499000.0,,,4222421000.0,,,4564932868.0,59217000.0,39968000.0,452916000.0,-343879000.0,-255706000.0,-244345000.0,-94608000.0,-71477000.0,398170000.0,0.0,258756000.0,225793000.0,225793000.0,-10342000.0,0.0,0.213,233001000.0,413479000.0,188335000.0,0.827,1.74,20.217,18.098,6645725000.0,32963000.0,44.16,4.311,4.311,554468000.0,-120368000.0,1058992000.0,1058992000.0,0.0,0.031,0.095,0.044,0.411,6875000.0,80935000.0,1.0,103372574.0,103372574.0,,10.244,8930607000.0,0.0,0.0,0.0,86.392,
78,VNO,MRT,2001-12-31,2001-12-31,2001-12-31,2021-08-25,-2980000.0,6777343000.0,6571209250.0,,,0.145,28.911,-62436000.0,265584000.0,265584000.0,385449000.0,263738000.0,,1.061,2477173000.0,,,2477173000.0,11940000.0,123682000.0,0.0,0.046,1.923,431168000.0,554850000.0,0.583,554850000.0,431168000.0,263738000.0,2.55,2.47,2.55,2570372000.0,2236663000.0,2570372000.0,6197128806.0,14.0,11.169,325249000.0,3.658,1.0,566712000.0,0.595,0.0,167430000.0,8988932000.0,9060410750.0,0.0,1396969000.0,,,2727313000.0,,,3698568806.0,128595000.0,4886000.0,388449000.0,-281142000.0,-201813000.0,-179368000.0,-79722000.0,-32068000.0,387685000.0,0.0,263738000.0,227233000.0,227233000.0,-10342000.0,0.0,0.239,205623000.0,361089000.0,186305000.0,0.754,1.439,16.277,16.314,4183986000.0,36505000.0,41.6,3.884,3.884,526912000.0,-95647000.0,952161000.0,952161000.0,0.0,0.035,0.102,0.048,0.453,0.0,71716000.0,1.0,88907904.0,88907904.0,,10.71,6777343000.0,0.0,0.0,0.0,76.229,
79,VNO,MRT,2001-09-30,2001-09-30,2001-09-30,2021-08-25,-13960000.0,6529836000.0,6477676000.0,,,0.148,24.549,-233806000.0,187878000.0,187878000.0,383865000.0,251124000.0,,1.326,2686438000.0,,,2686438000.0,7467000.0,118106000.0,0.0,0.04,1.601,437725000.0,555831000.0,0.582,555831000.0,437725000.0,251124000.0,2.44,2.37,2.44,2176556000.0,2113750000.0,2176556000.0,6133939593.0,14.0,11.036,132202000.0,1.491,1.0,571818000.0,0.598,0.0,186601000.0,9028396000.0,9051810000.0,0.0,1400986000.0,,,2885110000.0,,,3519850593.0,23594000.0,62908000.0,10270000.0,121161000.0,-187731000.0,-164189000.0,-178225000.0,-37435000.0,366008000.0,0.0,251124000.0,213682000.0,213682000.0,0.0,0.0,0.224,178047000.0,393771000.0,189712000.0,0.656,1.617,16.472,16.27,4034512000.0,37442000.0,39.7,3.683,3.683,432923000.0,-62369000.0,955683000.0,955683000.0,0.0,0.033,0.101,0.048,0.458,0.0,65906000.0,1.0,88661224.0,88661224.0,,10.779,6529836000.0,0.0,0.0,0.0,73.649,
80,VNO,MRT,2001-06-30,2001-06-30,2001-06-30,2021-08-25,-7266000.0,6502651000.0,6391283000.0,,,0.144,24.319,-391440000.0,119920000.0,119920000.0,364343000.0,242463000.0,,1.385,2734009000.0,,,2734009000.0,7595000.0,113857000.0,0.0,0.039,1.514,428568000.0,542425000.0,0.589,542425000.0,428568000.0,242463000.0,2.36,2.28,2.36,2112359000.0,2089955750.0,2112359000.0,6023623900.0,14.0,11.105,-53204000.0,-0.613,1.0,556570000.0,0.604,0.0,186105000.0,9116740000.0,8925603250.0,0.0,1398277000.0,,,2925748000.0,,,3391055900.0,20783000.0,64381000.0,14794000.0,615998000.0,-177629000.0,321032000.0,-638485000.0,-166466000.0,338236000.0,0.0,242463000.0,204253000.0,204253000.0,0.0,0.0,0.222,172059000.0,384511000.0,142775000.0,0.642,1.605,16.602,16.542,4134190000.0,38210000.0,39.04,3.682,3.682,411868000.0,-77601000.0,920913000.0,920913000.0,0.0,0.032,0.098,0.048,0.465,0.0,64167000.0,1.0,86861063.0,86861063.0,,10.602,6502651000.0,0.0,0.0,0.0,74.863,
81,VNO,MRT,2001-03-31,2001-03-31,2001-03-31,2021-08-25,-15798000.0,6475007000.0,6185070000.0,,,0.141,24.045,-388159000.0,111983000.0,111983000.0,341878000.0,233304000.0,,1.401,2744551000.0,,,2744551000.0,7724000.0,108458000.0,0.0,0.041,1.478,414750000.0,523208000.0,0.599,523208000.0,414750000.0,233304000.0,2.26,2.17,2.26,2087365000.0,2080427500.0,2087365000.0,5630290594.0,14.0,10.761,-99110000.0,-1.142,1.0,531705000.0,0.609,0.0,181446000.0,9107575000.0,8550821750.0,0.0,1427133000.0,,,2924344000.0,,,3110382594.0,7277000.0,-16316000.0,10991000.0,554602000.0,-172414000.0,435480000.0,-717252000.0,-165434000.0,289049000.0,0.0,233304000.0,194614000.0,194614000.0,0.0,0.0,0.223,155015000.0,376690000.0,134832000.0,0.654,1.49,15.982,15.854,4106137000.0,38690000.0,35.83,3.56,3.56,388767000.0,-88720000.0,873583000.0,873583000.0,0.0,0.031,0.094,0.049,0.475,0.0,52522000.0,1.0,86809450.0,86809450.0,,10.063,6475007000.0,0.0,0.0,0.0,74.589,
82,VNO,MRT,2000-12-31,2000-12-31,2000-12-31,2021-08-25,-20426000.0,6403210000.0,5973820500.0,,,0.138,23.935,-323697000.0,136989000.0,136989000.0,318360000.0,233991000.0,,1.379,2688308000.0,,,2688308000.0,7852000.0,99846000.0,0.0,0.038,1.441,405389000.0,505235000.0,0.612,505235000.0,405389000.0,233991000.0,2.26,2.2,2.26,2078720000.0,2088817250.0,2078720000.0,5666444716.0,14.0,11.215,-73776000.0,-0.849,1.0,507612000.0,0.615,0.0,171398000.0,8954529000.0,8182976250.0,0.0,1552897000.0,,,2866846000.0,,,3327139716.0,24359000.0,-31175000.0,10955000.0,561453000.0,-168688000.0,473813000.0,-699375000.0,-165534000.0,249921000.0,0.0,233991000.0,195301000.0,195301000.0,0.0,0.0,0.236,136792000.0,370820000.0,130464000.0,0.638,1.601,17.036,16.951,3960605000.0,38690000.0,38.31,4.028,4.028,368712000.0,-90366000.0,825972000.0,825972000.0,0.0,0.033,0.093,0.05,0.491,0.0,47911000.0,1.0,86847813.0,86847813.0,,9.511,6403210000.0,0.0,0.0,0.0,73.729,
83,VNO,MRT,2000-09-30,2000-09-30,2000-09-30,2021-08-25,-16705000.0,6184264000.0,5742822500.0,,,0.138,24.01,-186555000.0,164284000.0,164284000.0,309149000.0,231023000.0,,1.276,2503589000.0,,,2503589000.0,7976000.0,96236000.0,0.0,0.038,1.405,387960000.0,484196000.0,0.611,484196000.0,387960000.0,231023000.0,2.23,2.17,2.23,2081379000.0,2082979250.0,2081379000.0,5158517716.0,13.0,10.654,7655000.0,0.088,1.0,483426000.0,0.61,0.0,156937000.0,8523569000.0,7798192000.0,0.0,1579634000.0,,,2656228000.0,,,3218702716.0,23532000.0,-125450000.0,-332919000.0,383903000.0,-165334000.0,488712000.0,-659390000.0,-181221000.0,194210000.0,0.0,231023000.0,192333000.0,192333000.0,0.0,0.0,0.243,143139000.0,340287000.0,104181000.0,0.63,1.546,16.735,16.65,3679256000.0,38690000.0,37.13,4.061,4.061,361482000.0,-86906000.0,792575000.0,792575000.0,0.0,0.033,0.092,0.05,0.489,0.0,46903000.0,1.0,86687388.0,86687388.0,,9.143,6184264000.0,0.0,0.0,0.0,71.34,
84,VNO,MRT,2000-06-30,2000-06-30,2000-06-30,2021-08-25,-3704000.0,5677799000.0,5523786500.0,,,0.138,23.968,-320501000.0,99137000.0,99137000.0,301093000.0,217063000.0,,1.053,2038952000.0,,,2038952000.0,8100000.0,92648000.0,0.0,0.04,1.375,366527000.0,459175000.0,0.604,459175000.0,366527000.0,217063000.0,2.07,2.03,2.07,2074246000.0,2069434500.0,2074246000.0,5013493758.0,14.0,10.918,-125851000.0,-1.454,1.0,458808000.0,0.604,0.0,149464000.0,7617614000.0,7472780750.0,0.0,1533042000.0,,,2184663000.0,,,3007309758.0,37623000.0,-116016000.0,3918000.0,-116403000.0,-160842000.0,315713000.0,-472740000.0,-42012000.0,194650000.0,0.0,217063000.0,178373000.0,178373000.0,0.0,0.0,0.235,133969000.0,324839000.0,98970000.0,0.664,1.45,16.86,16.787,3646568000.0,38690000.0,34.75,3.958,3.958,205835000.0,-104227000.0,759901000.0,759901000.0,0.0,0.032,0.086,0.049,0.482,0.0,41321000.0,1.0,86541288.0,86541288.0,,8.781,5677799000.0,0.0,0.0,0.0,65.608,
85,VNO,MRT,2000-03-31,2000-03-31,2000-03-31,2021-08-25,50752000.0,5630009000.0,5320944750.0,,,0.137,24.55,-292841000.0,104706000.0,104706000.0,292652000.0,211249000.0,,1.071,2110890000.0,,,2110890000.0,8225000.0,87546000.0,0.0,0.04,1.346,356662000.0,444208000.0,0.611,444208000.0,356662000.0,211249000.0,2.02,1.99,2.02,2120924000.0,2056141500.0,2120924000.0,4830344190.0,14.0,10.874,-91037000.0,-1.054,1.0,434692000.0,0.598,0.0,145413000.0,7636193000.0,7255822500.0,0.0,1527628000.0,,,2271974000.0,,,2894170190.0,24567000.0,-99345000.0,3299000.0,-186992000.0,-157641000.0,204707000.0,-381944000.0,-1192000.0,201804000.0,0.0,211249000.0,173850000.0,173850000.0,0.0,0.0,0.239,128266000.0,306426000.0,114133000.0,0.666,1.365,16.648,16.584,3616532000.0,37399000.0,33.5,3.979,3.979,193696000.0,-110528000.0,727344000.0,727344000.0,0.0,0.033,0.085,0.049,0.49,0.0,40720000.0,1.0,86393140.0,86393140.0,,8.419,5630009000.0,0.0,0.0,0.0,65.167,
86,VNO,MRT,1999-12-31,1999-12-31,1999-12-31,2021-08-25,-1448000.0,5479218000.0,5125471750.0,,,0.136,23.914,-395793000.0,112630000.0,112630000.0,282118000.0,202519000.0,,1.071,2048804000.0,,,2048804000.0,8349000.0,83585000.0,0.0,0.041,1.317,344202000.0,427787000.0,0.614,427787000.0,344202000.0,202519000.0,1.97,1.94,1.97,2055368000.0,1993737750.0,2055368000.0,4707126968.0,14.0,11.003,-218898000.0,-2.547,1.0,414245000.0,0.595,0.0,141683000.0,7415392000.0,7060894250.0,0.0,1421890000.0,,,2201819000.0,,,2793322968.0,-55178000.0,-78702000.0,2458000.0,-213957000.0,-153223000.0,262131000.0,-494204000.0,-48152000.0,176895000.0,0.0,202519000.0,169081000.0,169081000.0,0.0,0.0,0.243,123736000.0,290509000.0,107036000.0,0.669,1.359,16.521,16.497,3612965000.0,33438000.0,32.5,4.011,4.011,182615000.0,-116979000.0,696363000.0,696363000.0,0.0,0.033,0.085,0.049,0.494,0.0,40151000.0,1.0,85948399.0,85948399.0,,8.102,5479218000.0,0.0,0.0,0.0,63.75,
87,VNO,MRT,1999-09-30,1999-09-30,1999-09-30,2021-08-25,-20227000.0,5308120000.0,4862112000.0,,,0.136,23.593,-338038000.0,159162000.0,159162000.0,268563000.0,193733000.0,,1.618,2072966000.0,,,2072966000.0,8468000.0,77937000.0,0.0,0.04,1.288,333869000.0,411806000.0,0.621,411806000.0,333869000.0,193733000.0,1.92,1.89,1.92,2027200000.0,1925565250.0,2027200000.0,4675909355.0,14.0,11.355,-120684000.0,-1.405,1.0,394464000.0,0.595,0.0,140136000.0,7221924000.0,6784289000.0,0.0,1321939000.0,,,3280920000.0,,,2792560355.0,-101000.0,-9076000.0,345556000.0,-188065000.0,-172400000.0,195969000.0,-413424000.0,-29806000.0,217354000.0,0.0,193733000.0,164546000.0,164546000.0,0.0,0.0,0.248,115274000.0,279190000.0,101057000.0,0.671,1.378,16.971,16.927,3554294000.0,29187000.0,32.5,4.212,4.212,133081000.0,-112992000.0,663027000.0,663027000.0,0.0,0.034,0.085,0.049,0.504,0.0,37337000.0,1.0,85924934.0,85924934.0,,7.716,5308120000.0,0.0,0.0,0.0,61.776,
88,VNO,MRT,1999-06-30,1999-06-30,1999-06-30,2021-08-25,-17604000.0,4866432000.0,4567012000.0,,,0.136,23.722,-367779000.0,81161000.0,81161000.0,252526000.0,184656000.0,,1.408,1964510000.0,,,1964510000.0,8594000.0,71270000.0,0.0,0.036,1.255,323741000.0,395011000.0,0.636,395011000.0,323741000.0,184656000.0,1.87,1.84,1.87,2021074000.0,1864797000.0,2021074000.0,5016660772.0,15.0,12.7,-173788000.0,-2.04,1.0,368352000.0,0.593,0.0,139085000.0,6749781000.0,6445562750.0,0.0,1301298000.0,,,2845358000.0,,,3008297772.0,-196070000.0,-129598000.0,963000.0,-26712000.0,-169979000.0,29945000.0,-420006000.0,-82172000.0,193991000.0,0.0,184656000.0,159718000.0,159718000.0,0.0,0.0,0.257,109099000.0,259253000.0,92151000.0,0.671,1.488,18.835,18.882,3238199000.0,24938000.0,35.31,4.845,4.845,115615000.0,-120408000.0,620878000.0,620878000.0,0.0,0.035,0.086,0.05,0.521,0.0,36390000.0,1.0,85196765.0,85196765.0,,7.288,4866432000.0,0.0,0.0,0.0,57.12,
89,VNO,MRT,1999-03-31,1999-03-31,1999-03-31,2021-08-25,-19982000.0,4848117000.0,4346288000.0,,,0.134,21.992,-546801000.0,98674000.0,98674000.0,238055000.0,169833000.0,,1.591,2107037000.0,,,2107037000.0,8725000.0,67348000.0,0.0,0.035,1.221,300313000.0,367661000.0,0.63,367661000.0,300313000.0,169833000.0,1.75,1.72,1.75,1871309000.0,1799364500.0,1871309000.0,4774551699.0,16.0,12.986,-372486000.0,-4.378,1.0,345158000.0,0.592,0.0,130480000.0,6856480000.0,6135261250.0,0.0,1291344000.0,,,2976808000.0,,,2935554699.0,-156518000.0,-295231000.0,445924000.0,117346000.0,-162982000.0,523761000.0,-854594000.0,-55928000.0,174315000.0,0.0,169833000.0,147854000.0,147854000.0,0.0,0.0,0.254,101444000.0,243714000.0,87483000.0,0.698,1.569,19.854,19.714,3231011000.0,21979000.0,34.5,5.033,5.033,110151000.0,-126668000.0,583213000.0,583213000.0,0.0,0.034,0.082,0.049,0.515,0.0,33291000.0,1.0,85088542.0,85088542.0,,6.854,4848117000.0,0.0,0.0,0.0,56.977,
90,VNO,MRT,1998-12-31,1998-12-31,1998-12-31,2021-08-25,-18957000.0,4425779000.0,3875556000.0,,,0.132,21.166,-964885000.0,167808000.0,167808000.0,207171000.0,152854000.0,,1.24,2051000000.0,,,2051000000.0,10051000.0,59227000.0,0.0,0.035,1.188,267540000.0,326767000.0,0.641,326767000.0,267540000.0,152854000.0,1.62,1.59,1.62,1782678000.0,1660040750.0,1782678000.0,4560739216.0,17.0,13.957,-775479000.0,-9.208,1.0,302689000.0,0.594,0.0,114686000.0,6308971000.0,5442702500.0,0.0,904996000.0,,,2209800000.0,,,2821440216.0,-188146000.0,-304800000.0,446059000.0,544346000.0,-154440000.0,879815000.0,-1257367000.0,3246000.0,189406000.0,0.0,152854000.0,131164000.0,131164000.0,0.0,0.0,0.257,87837000.0,214852000.0,109925000.0,0.733,1.583,21.511,20.679,3089075000.0,21690000.0,33.5,5.534,5.534,113076000.0,-132837000.0,509860000.0,509860000.0,0.0,0.034,0.079,0.049,0.525,0.0,28610000.0,1.0,84222096.0,84222096.0,,6.054,4425779000.0,0.0,0.0,0.0,52.549,
91,VNO,MRT,1998-09-30,1998-09-30,1998-09-30,2021-08-25,-2429000.0,4127720000.0,3400133500.0,,,0.125,21.411,-1281534000.0,178265000.0,178265000.0,170402000.0,134804000.0,,1.314,1917564000.0,,,1917564000.0,9868000.0,50053000.0,0.0,0.038,1.271,227256000.0,277309000.0,0.65,277309000.0,227256000.0,134804000.0,1.48,1.43,1.48,1784127000.0,1542811750.0,1784127000.0,4285692460.0,19.0,15.455,-1130193000.0,-13.563,1.0,256308000.0,0.601,0.0,92452000.0,5867019000.0,4639887250.0,0.0,943298000.0,,,2343593000.0,,,2760653460.0,82486000.0,-289585000.0,1134952000.0,525959000.0,-121800000.0,1507056000.0,-1575911000.0,-74374000.0,151341000.0,0.0,134804000.0,113083000.0,113083000.0,0.0,0.0,0.265,77882000.0,178426000.0,76213000.0,0.859,1.547,24.413,22.385,2803795000.0,21721000.0,33.13,6.47,6.47,90046000.0,-107375000.0,426710000.0,426710000.0,0.0,0.033,0.073,0.049,0.533,4170000.0,24164000.0,1.0,83327904.0,83327904.0,,5.121,4127720000.0,0.0,0.0,0.0,49.536,
92,VNO,MRT,1998-06-30,1998-06-30,1998-06-30,2021-08-25,2464000.0,3983536000.0,,,,,21.115,-1269106000.0,284073000.0,284073000.0,133694000.0,105348000.0,,1.264,1809112000.0,,,1809112000.0,9906000.0,42317000.0,0.0,0.028,1.098,177388000.0,219705000.0,0.632,219705000.0,177388000.0,105348000.0,1.21,1.16,1.21,1759344000.0,,1759344000.0,4428162738.0,25.0,20.155,-1122411000.0,-13.471,1.0,214212000.0,0.616,0.0,72040000.0,5508575000.0,,0.0,770828000.0,,,2224192000.0,,,3307106738.0,57758000.0,-165633000.0,1134463000.0,325792000.0,-102967000.0,1325415000.0,-1414352000.0,-29334000.0,146695000.0,0.0,105348000.0,83809000.0,83809000.0,0.0,0.0,0.241,71217000.0,142995000.0,76702000.0,0.907,1.88,39.46,32.802,2601171000.0,21539000.0,39.69,9.506,9.506,73060000.0,-114070000.0,347906000.0,347906000.0,0.0,,,,0.51,10419000.0,20849000.0,1.0,83323425.0,83323425.0,,4.175,3983536000.0,0.0,0.0,0.0,47.808,
93,VNO,MRT,1998-03-31,1998-03-31,1998-03-31,2021-08-25,711000.0,2965189000.0,,,,,18.203,-1435159000.0,264076000.0,264076000.0,100391000.0,82820000.0,,1.257,1385132000.0,,,1385132000.0,10026000.0,32403000.0,0.0,0.021,0.924,141453000.0,173856000.0,0.644,173856000.0,141453000.0,82820000.0,1.0,0.96,1.0,1314014000.0,,1314014000.0,3718022905.0,26.0,21.386,-1304008000.0,-18.065,1.0,169654000.0,0.628,0.0,58633000.0,4086245000.0,,0.0,614403000.0,,,1651175000.0,,,3144401905.0,144230000.0,0.0,689695000.0,775312000.0,-89275000.0,1621145000.0,-1608066000.0,-81254000.0,131151000.0,0.0,82820000.0,61848000.0,61848000.0,0.0,0.0,0.229,63732000.0,105922000.0,48460000.0,0.924,2.393,50.841,43.56,1942728000.0,20972000.0,43.56,11.644,11.644,62903000.0,-112002000.0,270045000.0,270045000.0,0.0,,,,0.524,16668000.0,16682000.0,1.0,72185535.0,72185535.0,,3.741,2965189000.0,0.0,0.0,0.0,41.077,
94,VNO,MRT,1997-12-31,1997-12-31,1997-12-31,2021-08-25,-840000.0,2524089000.0,1544646500.0,,,0.135,18.2,-911212000.0,383033000.0,383033000.0,74745000.0,61023000.0,,0.785,956654000.0,,,956654000.0,9927000.0,24460000.0,0.0,0.016,0.751,103911000.0,128371000.0,0.614,128371000.0,103911000.0,61023000.0,0.83,0.79,0.83,1313762000.0,795009500.0,1313762000.0,,,,-795739000.0,-11.024,1.0,134386000.0,0.643,0.0,42888000.0,3097710000.0,1902802500.0,0.0,605919000.0,,,1031760000.0,,,3388389013.0,266258000.0,0.0,689305000.0,350731000.0,-77461000.0,1215269000.0,-1064484000.0,-80041000.0,115473000.0,0.0,61023000.0,45474000.0,45474000.0,0.0,0.0,0.217,59480000.0,74906000.0,36538000.0,0.905,2.579,74.513,56.554,1390659000.0,15549000.0,46.94,16.202,16.202,49415000.0,-109561000.0,209131000.0,209131000.0,0.0,0.029,0.057,0.055,0.497,22917000.0,13580000.0,1.0,72185535.0,72185535.0,,2.897,2524089000.0,0.0,0.0,0.0,34.967,
95,VNO,MRT,1997-09-30,1997-09-30,1997-09-30,2021-08-25,,,,,,,,,,,,,,,,,,,,,,0.011,0.457,,,,,,,,,,,,,,,,,,1.0,,,,,,,,,,,,,,,,,,,,,,,,,,,,,,,,,,,,,,,,42.5,,,,,,,,,,,,,,1.0,,,,,,,,,,
96,VNO,MRT,1997-06-30,1997-06-30,1997-06-30,2021-08-25,,,,,,,,,,,,,,,,,,,,,,0.013,0.451,,,,,,,,,,,,,,,,,,1.0,,,,,,,,,,,,,,,,,,,,,,,,,,,,,,,,,,,,,,,,36.065,,,,,,,,,,,,,,1.0,,,,,,,,,,
97,VNO,MRT,1997-03-31,1997-03-31,1997-03-31,2021-08-25,,,,,,,,,,,,,,,,,,,,,,0.013,0.446,,,,,,,,,,,,,,,,,,1.0,,,,,,,,,,,,,,,,,,,,,,,,,,,,,,,,,,,,,,,,33.375,,,,,,,,,,,,,,1.0,,,,,,,,,,
98,VNO,MRT,1996-12-31,1996-12-31,1996-12-31,2021-08-25,-998000.0,565204000.0,,,,,,-14822000.0,89696000.0,89696000.0,36412000.0,61364000.0,,1.046,232387000.0,,,232387000.0,8373000.0,12586000.0,0.0,0.017,0.44,78090000.0,90676000.0,0.776,90676000.0,78090000.0,61364000.0,1.26,1.25,1.26,276257000.0,,276257000.0,,,,55881000.0,,1.0,80475000.0,0.688,0.0,16726000.0,707895000.0,,0.0,157370000.0,,,288947000.0,,,,70569000.0,0.0,79717000.0,-35205000.0,-59558000.0,-15046000.0,14912000.0,29734000.0,70703000.0,0.0,61364000.0,61364000.0,61364000.0,0.0,0.0,0.525,18839000.0,61636000.0,9905000.0,0.349,,,20.833,246249000.0,0.0,26.25,,,26838000.0,-77574000.0,116887000.0,116887000.0,0.0,,,,0.668,2083000.0,5167000.0,1.0,,,,,565204000.0,0.0,0.0,0.0,,
99,VNO,MRT,1995-12-31,1995-12-31,1995-12-31,2021-08-25,,,,,,,,-16644000.0,,,32282000.0,53008000.0,,,,,,,,11779000.0,,0.016,0.303,69434000.0,81213000.0,0.747,81213000.0,69434000.0,53008000.0,1.13,1.12,1.13,,,,,,,46238000.0,,1.0,76436000.0,0.703,,16426000.0,,,,,,,,,,,-4432000.0,-100482000.0,81151000.0,8793000.0,-52875000.0,36577000.0,-103891000.0,18309000.0,62882000.0,0.0,53008000.0,53008000.0,53008000.0,0.0,0.0,0.488,17477000.0,58959000.0,,0.268,,,16.593,,0.0,18.75,,,,,108718000.0,108718000.0,0.0,,,,0.639,0.0,6687000.0,1.0,,,,,,,0.0,,,
