None,ticker,dimension,calendardate,datekey,reportperiod,lastupdated,accoci,assets,assetsavg,assetsc,assetsnc,assetturnover,bvps,capex,cashneq,cashnequsd,cor,consolinc,currentratio,de,debt,debtc,debtnc,debtusd,deferredrev,depamor,deposits,divyield,dps,ebit,ebitda,ebitdamargin,ebitdausd,ebitusd,ebt,eps,epsdil,epsusd,equity,equityavg,equityusd,ev,evebit,evebitda,fcf,fcfps,fxusd,gp,grossmargin,intangibles,intexp,invcap,invcapavg,inventory,investments,investmentsc,investmentsnc,liabilities,liabilitiesc,liabilitiesnc,marketcap,ncf,ncfbus,ncfcommon,ncfdebt,ncfdiv,ncff,ncfi,ncfinv,ncfo,ncfx,netinc,netinccmn,netinccmnusd,netincdis,netincnci,netmargin,opex,opinc,payables,payoutratio,pb,pe,pe1,ppnenet,prefdivis,price,ps,ps1,receivables,retearn,revenue,revenueusd,rnd,roa,roe,roic,ros,sbcomp,sgna,sharefactor,sharesbas,shareswa,shareswadil,sps,tangibles,taxassets,taxexp,taxliabilities,tbvps,workingcapital
0,FMCC,ARY,2020-12-31,2021-02-11,2020-12-31,2021-07-29,643000000,2627415000000,2414781250000.0,,,0.007,5.075,0.0,23889000000,23889000000,0.0,7326000000.0,,159.081,2592546000000,,,2592546000000,0,0.0,0,0.0,0.0,9229000000.0,9229000000.0,0.554,9229000000.0,9229000000.0,9229000000.0,0.01,0.01,0.01,16413000000,12812500000.0,16413000000,2569833607319,278.0,278.452,907000000.0,0.28,1.0,16659000000.0,1.0,0,0.0,5196072000000,4783882750000.0,0,2557675000000,,,2611002000000,,,1176607319,18700000000.0,0.0,0.0,101194000000.0,0.0,101148000000.0,-83355000000.0,-83334000000.0,907000000.0,0.0,7326000000.0,7326000000.0,7326000000.0,0.0,0.0,0.44,5978000000.0,10681000000.0,6210000000,0.0,0.072,0.161,181.0,0,7291000000.0,1.81,0.071,0.351,0,-67102000000,16659000000.0,16659000000.0,0.0,0.003,0.572,0.002,0.554,0.0,2535000000.0,1.0,650059292,3234000000,3234000000.0,5.151,2627415000000,6557000000,1903000000.0,0,812.435,
1,FMCC,ARY,2019-12-31,2020-02-13,2019-12-31,2021-07-29,438000000,2203623000000,2147819000000.0,,,0.007,2.821,0.0,5189000000,5189000000,0.0,7214000000.0,,240.572,2179528000000,,,2179528000000,0,0.0,0,0.0,0.0,9049000000.0,9049000000.0,0.643,9049000000.0,9049000000.0,9049000000.0,-0.18,-0.18,-0.18,9122000000,6321750000.0,9122000000,2176432190086,241.0,240.516,12197000000.0,3.771,1.0,14078000000.0,1.0,0,0.0,4377962000000,4268862250000.0,0,2162869000000,,,2194501000000,,,2093190086,-2084000000.0,0.0,0.0,-59161000000.0,0.0,-62433000000.0,48152000000.0,47494000000.0,12197000000.0,0.0,7214000000.0,7214000000.0,7214000000.0,0.0,0.0,0.512,5775000000.0,8303000000.0,6559000000,0.0,0.229,0.29,-17.889,0,7787000000.0,3.22,0.149,0.74,0,-74188000000,14078000000.0,14078000000.0,0.0,0.003,1.141,0.002,0.643,0.0,2564000000.0,1.0,650059033,3234000000,3234000000.0,4.353,2203623000000,5918000000,1835000000.0,0,681.392,
2,FMCC,ARY,2018-12-31,2019-02-14,2018-12-31,2021-07-29,-135000000,2063060000000,2047683000000.0,,,0.008,1.384,0.0,7273000000,7273000000,0.0,9235000000.0,,459.813,2044950000000,,,2044950000000,0,0.0,0,0.0,0.0,11474000000.0,11474000000.0,0.704,11474000000.0,11474000000.0,11474000000.0,1.12,1.12,1.12,4477000000,4192750000.0,4477000000,2039276144586,178.0,177.73,674000000.0,0.208,1.0,16301000000.0,1.0,0,0.0,4100737000000,4068490250000.0,0,2031195000000,,,2058583000000,,,1599144586,-2538000000.0,0.0,0.0,-119025000000.0,0.0,-122860000000.0,119648000000.0,118884000000.0,674000000.0,0.0,9235000000.0,9235000000.0,9235000000.0,0.0,0.0,0.567,4827000000.0,11474000000.0,6652000000,0.0,0.357,0.173,2.196,0,5623000000.0,2.46,0.098,0.488,0,-78260000000,16301000000.0,16301000000.0,0.0,0.005,2.203,0.003,0.704,0.0,2293000000.0,1.0,650058775,3234000000,3234000000.0,5.041,2063060000000,6888000000,2239000000.0,0,637.928,
3,FMCC,ARY,2017-12-31,2018-02-15,2017-12-31,2021-07-29,389000000,2049776000000,2033874250000.0,,,0.01,-0.096,0.0,9811000000,9811000000,0.0,5625000000.0,,-6570.795,2034630000000,,,2034630000000,0,0.0,0,0.0,0.0,16834000000.0,16834000000.0,0.797,16834000000.0,16834000000.0,16834000000.0,-1.0,-1.0,-1.0,-312000000,2589500000.0,-312000000,2025872088664,120.0,120.344,5462000000.0,1.689,1.0,21117000000.0,1.0,0,0.0,4074595000000,4039497750000.0,0,2011813000000,,,2050088000000,,,1053088664,-5521000000.0,0.0,0.0,-151479000000.0,0.0,-162427000000.0,151444000000.0,178575000000.0,5462000000.0,0.0,5625000000.0,5625000000.0,5625000000.0,0.0,0.0,0.266,4283000000.0,16834000000.0,6221000000,0.0,-3.375,0.187,-1.62,0,8869000000.0,1.62,0.05,0.248,0,-83261000000,21117000000.0,21117000000.0,0.0,0.003,2.172,0.004,0.797,0.0,2106000000.0,1.0,650054731,3234000000,3234000000.0,6.53,2049776000000,8107000000,11209000000.0,0,633.821,
4,FMCC,ARY,2016-12-31,2017-02-16,2016-12-31,2021-07-29,456000000,2023376000000,1998543750000.0,,,0.008,1.569,0.0,22220000000,22220000000,0.0,7815000000.0,,397.695,2002004000000,,,2002004000000,0,0.0,0,0.0,0.0,11639000000.0,11639000000.0,0.742,11639000000.0,11639000000.0,11639000000.0,0.03,0.03,0.03,5075000000,2929500000.0,5075000000,1982384215452,170.0,170.323,4859000000.0,1.502,1.0,15682000000.0,1.0,0,0.0,4003160000000,3957520500000.0,0,1966845000000,,,2018301000000,,,2600215452,6774000000.0,0.0,0.0,-162324000000.0,0.0,-167313000000.0,169228000000.0,193114000000.0,4859000000.0,0.0,7815000000.0,7815000000.0,7815000000.0,0.0,0.0,0.498,4043000000.0,11639000000.0,6015000000,0.0,0.512,0.333,133.333,0,7718000000.0,4.0,0.166,0.825,0,-77941000000,15682000000.0,15682000000.0,0.0,0.004,2.668,0.003,0.742,0.0,2005000000.0,1.0,650053863,3234000000,3234000000.0,4.849,2023376000000,15818000000,3824000000.0,0,625.657,
5,FMCC,ARY,2015-12-31,2016-02-18,2015-12-31,2021-07-29,1153000000,1986050000000,1961815500000.0,,,0.007,0.909,0.0,20128000000,20128000000,0.0,6376000000.0,,674.527,1970427000000,,,1970427000000,0,0.0,0,0.0,0.0,9274000000.0,9274000000.0,0.662,9274000000.0,9274000000.0,9274000000.0,-0.01,-0.01,-0.01,2940000000,3124500000.0,2940000000,1951189562968,210.0,210.394,-934000000.0,-0.289,1.0,14012000000.0,1.0,0,0.0,3936349000000,3855811500000.0,0,1932447000000,,,1983110000000,,,890562968,-5333000000.0,0.0,0.0,-177830000000.0,0.0,-183345000000.0,178946000000.0,194018000000.0,-934000000.0,0.0,6376000000.0,6376000000.0,6376000000.0,0.0,0.0,0.455,4738000000.0,9274000000.0,6183000000,0.0,0.303,0.14,-137.0,1725000000,6399000000.0,1.37,0.064,0.316,0,-80773000000,14012000000.0,14012000000.0,0.0,0.003,2.041,0.002,0.662,0.0,1927000000.0,1.0,650045962,3235000000,3235000000.0,4.331,1986050000000,18205000000,2898000000.0,0,613.926,
6,FMCC,ARY,2014-12-31,2015-02-19,2014-12-31,2021-07-29,1730000000,1945539000000,1926619750000.0,,,0.007,0.819,0.0,71366000000,71366000000,0.0,7690000000.0,,732.889,1929542000000,,,1929542000000,0,0.0,0,0.0,0.0,11002000000.0,11002000000.0,0.781,11002000000.0,11002000000.0,11002000000.0,-0.72,-0.72,-0.72,2651000000,4756500000.0,2651000000,1860080628624,169.0,169.067,8885000000.0,2.746,1.0,14092000000.0,1.0,0,0.0,3803715000000,3778601750000.0,0,1838389000000,,,1942888000000,,,1904628624,-353000000.0,0.0,0.0,-194889000000.0,0.0,-214506000000.0,205268000000.0,193960000000.0,8885000000.0,0.0,7690000000.0,7690000000.0,7690000000.0,0.0,0.0,0.546,3090000000.0,11002000000.0,6325000000,0.0,0.718,0.248,-4.069,2558000000,10026000000.0,2.93,0.135,0.673,0,-81639000000,14092000000.0,14092000000.0,0.0,0.004,1.617,0.003,0.781,0.0,1881000000.0,1.0,650043899,3236000000,3236000000.0,4.355,1945539000000,19498000000,3312000000.0,0,601.217,
7,FMCC,ARY,2013-12-31,2014-02-27,2013-12-31,2021-07-29,-6000000,1966061000000,1973687500000.0,,,0.014,3.964,0.0,85929000000,85929000000,0.0,48668000000.0,,152.18,1940751000000,,,1940751000000,0,0.0,0,0.0,0.0,25363000000.0,25363000000.0,0.924,25363000000.0,25363000000.0,25363000000.0,-1.09,-1.09,-1.09,12835000000,15899750000.0,12835000000,1857818682247,73.0,73.249,18532000000.0,5.723,1.0,27452000000.0,1.0,0,0.0,3820883000000,3851823750000.0,0,1838176000000,,,1953226000000,,,2996682247,2768000000.0,0.0,0.0,-359417000000.0,0.0,-407015000000.0,391251000000.0,377650000000.0,18532000000.0,0.0,48668000000.0,48668000000.0,48668000000.0,0.0,0.0,1.773,2089000000.0,25363000000.0,6803000000,0.0,0.233,0.062,-4.229,4551000000,52199000000.0,4.61,0.109,0.544,0,-69719000000,27452000000.0,27452000000.0,0.0,0.025,3.061,0.007,0.924,0.0,1805000000.0,1.0,650039533,3238047000,3238047000.0,8.478,1966061000000,22716000000,-23305000000.0,0,607.175,
8,FMCC,ARY,2012-12-31,2013-02-28,2012-12-31,2021-07-29,-2938000000,1989856000000,2046909500000.0,,,0.006,2.724,0.0,60668000000,60668000000,0.0,10982000000.0,,224.428,1967042000000,,,1967042000000,0,0.0,0,0.0,0.0,9445000000.0,9445000000.0,0.812,9445000000.0,9445000000.0,9445000000.0,-0.64,-0.64,-0.64,8827000000,3700500000.0,8827000000,1906556010829,202.0,201.859,8466000000.0,2.613,1.0,11638000000.0,1.0,0,0.0,3896230000000,4012738000000.0,0,1903392000000,,,1981029000000,,,182010829,-19929000000.0,0.0,0.0,-515712000000.0,0.0,-522792000000.0,494397000000.0,480926000000.0,8466000000.0,0.0,10982000000.0,10982000000.0,10982000000.0,0.0,0.0,0.944,2193000000.0,9445000000.0,7710000000,0.0,0.021,0.017,-0.438,4378000000,13056000000.0,0.28,0.016,0.078,0,-70796000000,11638000000.0,11638000000.0,0.0,0.005,2.968,0.002,0.812,0.0,1561000000.0,1.0,650038674,3240028000,3240028000.0,3.592,1989856000000,778000000,-1537000000.0,0,614.148,
9,FMCC,ARY,2011-12-31,2012-03-09,2011-12-31,2021-07-29,-7995000000,2147216000000,2190065750000.0,,,-0.001,-0.045,0.0,68549000000,68549000000,0.0,-5266000000.0,,-14707.959,2131983000000,,,2131983000000,0,0.0,0,0.0,0.0,-5666000000.0,-5666000000.0,1.78,-5666000000.0,-5666000000.0,-5666000000.0,-3.63,-3.63,-3.63,-146000000,-1594500000.0,-146000000,2063648412046,-364.0,-364.216,10320000000.0,3.18,1.0,-3183000000.0,1.0,0,0.0,4210650000000,4301526500000.0,0,2050866000000,,,2147362000000,,,214412046,-8570000000.0,0.0,0.0,-394005000000.0,0.0,-392578000000.0,373688000000.0,393640000000.0,10320000000.0,0.0,-5266000000.0,-5266000000.0,-5266000000.0,0.0,0.0,1.654,2483000000.0,-5666000000.0,8898000000,0.0,-1.469,-0.041,-0.091,5680000000,6498000000.0,0.33,-0.067,-0.336,0,-74525000000,-3183000000.0,-3183000000.0,0.0,-0.002,3.303,-0.001,1.78,0.0,1506000000.0,1.0,649733472,3244896000,3244896000.0,-0.981,2147216000000,3546000000,-400000000.0,0,661.721,
10,FMCC,ARY,2010-12-31,2011-02-24,2010-12-31,2021-07-29,-12031000000,2261780000000,2313574000000.0,,,-0.005,-0.123,0.0,91647000000,91647000000,0.0,-14026000000.0,,-5641.349,2242588000000,,,2242588000000,0,0.0,0,0.0,0.0,-14881000000.0,-14881000000.0,1.245,-14881000000.0,-14881000000.0,-14881000000.0,-6.09,-6.09,-6.09,-401000000,-3202750000.0,-401000000,2151324017652,-145.0,-144.569,9861000000.0,3.035,1.0,-11950000000.0,1.0,0,0.0,4412721000000,4521228750000.0,0,2137934000000,,,2262181000000,,,383017652,-27671000000.0,0.0,0.0,-430669000000.0,-5749000000.0,-424132000000.0,386600000000.0,379201000000.0,9861000000.0,0.0,-14025000000.0,-19774000000.0,-19774000000.0,0.0,-1000000.0,1.655,2932000000.0,-14882000000.0,10286000000,0.0,-0.955,-0.019,-0.097,7068000000,5749000000.0,0.59,-0.032,-0.16,0,-62733000000,-11950000000.0,-11950000000.0,0.0,-0.009,6.174,-0.003,1.245,0.0,1546000000.0,1.0,649182461,3249369000,3249369000.0,-3.678,2261780000000,5543000000,-856000000.0,0,696.067,
11,FMCC,ARY,2009-12-31,2010-03-04,2009-12-31,2021-07-29,-23648000000,841784000000,886906250000.0,,,0.016,1.315,0.0,72210000000,72210000000,0.0,-21554000000.0,,195.748,780604000000,,,780604000000,0,0.0,0,0.0,0.0,-22383000000.0,-22383000000.0,-1.561,-22383000000.0,-22383000000.0,-22383000000.0,-7.89,-7.89,-7.89,4278000000,4155500000.0,4278000000,709185021132,-32.0,-31.684,1288000000.0,0.396,1.0,14341000000.0,1.0,0,0.0,1550178000000,1648375250000.0,0,745463000000,,,837412000000,,,791021132,19357000000.0,0.0,0.0,-61947000000.0,-4105000000.0,-29494000000.0,47563000000.0,47137000000.0,1288000000.0,0.0,-21553000000.0,-25658000000.0,-25658000000.0,0.0,-1000000.0,-1.789,31971000000.0,-17630000000.0,0,0.0,0.185,-0.031,-0.155,4692000000,4105000000.0,1.22,0.055,0.277,6095000000,-33921000000,14341000000.0,14341000000.0,0.0,-0.029,-6.174,-0.014,-1.561,0.0,1651000000.0,1.0,648377977,3253836000,3253836000.0,4.407,841784000000,11101000000,-830000000.0,0,258.705,
12,FMCC,ARY,2009-12-31,2010-02-24,2009-12-31,2021-07-29,-23648000000,841784000000,886906250000.0,,,0.016,1.315,0.0,72210000000,72210000000,0.0,-21554000000.0,,195.748,780604000000,,,780604000000,0,0.0,0,0.0,0.0,-22383000000.0,-22383000000.0,-1.561,-22383000000.0,-22383000000.0,-22383000000.0,-7.89,-7.89,-7.89,4278000000,4155500000.0,4278000000,709185021132,-32.0,-31.684,1288000000.0,0.396,1.0,14341000000.0,1.0,0,0.0,1550178000000,1648375250000.0,0,745463000000,,,837412000000,,,791021132,19357000000.0,0.0,0.0,-61947000000.0,-4105000000.0,-29494000000.0,47563000000.0,47137000000.0,1288000000.0,0.0,-21553000000.0,-25658000000.0,-25658000000.0,0.0,-1000000.0,-1.789,31971000000.0,-17630000000.0,0,0.0,0.185,-0.031,-0.155,4692000000,4105000000.0,1.22,0.055,0.277,6095000000,-33921000000,14341000000.0,14341000000.0,0.0,-0.029,-6.174,-0.014,-1.561,0.0,1651000000.0,1.0,648377977,3253836000,3253836000.0,4.407,841784000000,11101000000,-830000000.0,0,258.705,
13,FMCC,ARY,2008-12-31,2009-03-11,2008-12-31,2021-07-29,-32357000000,850963000000,822665500000.0,,,-0.027,-20.933,0.0,56429000000,56429000000,0.0,-50119000000.0,,-28.688,843021000000,,,843021000000,0,0.0,0,1.19,0.5,-44569000000.0,-44569000000.0,1.992,-44569000000.0,-44569000000.0,-44569000000.0,-34.6,-34.6,-34.6,-30731000000,-2003500000.0,-30731000000,786863893180,-18.0,-17.655,-10498000000.0,-7.151,1.0,-22379000000.0,1.0,0,0.0,1637555000000,1560121500000.0,0,766797000000,,,881600000000,,,271893180,36752000000.0,0.0,0.0,106351000000.0,-1008000000.0,118321000000.0,-71071000000.0,-70214000000.0,-10498000000.0,0.0,-50119000000.0,-50795000000.0,-50795000000.0,0.0,0.0,2.27,19449000000.0,-41828000000.0,0,-0.014,-0.009,-0.005,-0.012,3255000000,676000000.0,0.42,-0.012,-0.028,6337000000,-23191000000,-22379000000.0,-22379000000.0,0.0,-0.062,25.353,-0.029,1.992,0.0,1505000000.0,1.0,647364714,1468062000,1468062000.0,-15.244,850963000000,15351000000,5550000000.0,0,579.651,
14,FMCC,ARY,2007-12-31,2008-07-18,2007-12-31,2021-07-29,-11143000000,794368000000,,,,,40.995,0.0,50237000000,50237000000,0.0,-3094000000.0,,28.718,738557000000,,,738557000000,0,0.0,0,0.136,1.25,-5977000000.0,-5977000000.0,-1.815,-5977000000.0,-5977000000.0,-5977000000.0,-5.37,-5.37,-5.37,26724000000,,26724000000,694259599178,-116.0,-116.155,-7350000000.0,-11.275,1.0,3293000000.0,1.0,0,0.0,1482688000000,,0,720204000000,,,767468000000,,,5939599178,-2785000000.0,0.0,-986000000.0,-8944000000.0,0.0,-4982000000.0,9547000000.0,9547000000.0,-7350000000.0,0.0,-3094000000.0,-3503000000.0,-3503000000.0,0.0,0.0,-1.064,5425000000.0,-2132000000.0,0,-0.233,0.222,-1.696,-1.709,1736000000,409000000.0,9.18,1.804,1.817,5003000000,26909000000,3293000000.0,3293000000.0,0.0,,,,-1.815,0.0,1674000000.0,1.0,647015161,651881000,651881000.0,5.052,794368000000,10304000000,-2883000000.0,0,1218.578,
0,FMCC,ARQ,2021-06-30,2021-07-29,2021-06-30,2021-07-29,186000000,2842142000000,,,,,6.927,0.0,11171000000,11171000000,0.0,3679000000.0,,125.87,2802755000000,,,2802755000000,0,0.0,0,0.0,0.0,4637000000.0,4637000000.0,0.79,4637000000.0,4637000000.0,4637000000.0,0.02,0.02,0.02,22402000000,,22402000000,2792325067890,187.0,187.48,5688000000.0,1.759,1.0,5866000000.0,1.0,0,0.0,5633726000000,,0,2789871000000,,,2819740000000,,,741067890,-89808000000.0,0.0,0.0,-6465000000.0,0.0,-6467000000.0,-89029000000.0,-88954000000.0,5688000000.0,0.0,3679000000.0,3679000000.0,3679000000.0,0.0,0.0,0.627,1969000000.0,3897000000.0,6122000000,0.0,0.033,0.063,4.385,0,3611000000.0,1.14,0.035,0.174,0,-60656000000,5866000000.0,5866000000.0,0.0,,,,,0.0,651000000.0,1.0,650059553,3234000000,3234000000.0,1.814,2842142000000,6494000000,958000000.0,0,878.832,
1,FMCC,ARQ,2021-03-31,2021-04-29,2021-03-31,2021-07-29,254000000,2741874000000,,,,,5.81,0.0,100979000000,100979000000,0.0,2767000000.0,,144.914,2704270000000,,,2704270000000,0,0.0,0,0.0,0.0,3481000000.0,3481000000.0,0.66,3481000000.0,3481000000.0,3481000000.0,0.12,0.12,0.12,18791000000,,18791000000,2604851142927,209.0,208.522,10382000000.0,3.21,1.0,5273000000.0,1.0,0,0.0,5345165000000,,0,2594654000000,,,2723083000000,,,1560142927,77090000000.0,0.0,0.0,27723000000.0,0.0,27722000000.0,38986000000.0,39070000000.0,10382000000.0,0.0,2767000000.0,2767000000.0,2767000000.0,0.0,0.0,0.525,1988000000.0,3285000000.0,5954000000,0.0,0.083,0.157,12.632,0,2378000000.0,2.4,0.08,0.398,0,-64335000000,5273000000.0,5273000000.0,0.0,,,,,0.0,639000000.0,1.0,650059553,3234000000,3234000000.0,1.63,2741874000000,6826000000,714000000.0,0,847.827,
2,FMCC,ARQ,2020-12-31,2021-02-11,2020-12-31,2021-07-29,643000000,2627415000000,,,,,5.075,0.0,23889000000,23889000000,0.0,2913000000.0,,159.081,2592546000000,,,2592546000000,0,0.0,0,0.0,0.0,3669000000.0,3669000000.0,0.731,3669000000.0,3669000000.0,3669000000.0,0.12,0.12,0.12,16413000000,,16413000000,2569833607319,278.0,278.452,-5328000000.0,-1.647,1.0,5022000000.0,1.0,0,0.0,5196072000000,,0,2557675000000,,,2611002000000,,,1176607319,15815000000.0,0.0,0.0,74035000000.0,0.0,74034000000.0,-52891000000.0,-52724000000.0,-5328000000.0,0.0,2913000000.0,2913000000.0,2913000000.0,0.0,0.0,0.58,2166000000.0,2856000000.0,6210000000,0.0,0.072,0.161,181.0,0,2522000000.0,1.81,0.071,0.351,0,-67102000000,5022000000.0,5022000000.0,0.0,,,,,0.0,706000000.0,1.0,650059292,3234000000,3234000000.0,1.553,2627415000000,6557000000,756000000.0,0,812.435,
3,FMCC,ARQ,2020-09-30,2020-10-29,2020-09-30,2021-07-29,1034000000,2454071000000,,,,,4.295,0.0,8074000000,8074000000,0.0,2463000000.0,,175.666,2423316000000,,,2423316000000,0,0.0,0,0.0,0.0,3107000000.0,3107000000.0,0.613,3107000000.0,3107000000.0,3107000000.0,0.0,0.0,0.0,13891000000,,13891000000,2416431608504,274.0,274.283,5807000000.0,1.796,1.0,5066000000.0,1.0,0,0.0,4869313000000,,0,2400060000000,,,2440180000000,,,1189608504,469000000.0,0.0,0.0,14125000000.0,0.0,14120000000.0,-19458000000.0,-19450000000.0,5807000000.0,0.0,2463000000.0,2463000000.0,2463000000.0,0.0,0.0,0.486,1632000000.0,3434000000.0,6020000000,,0.086,0.17,-26.143,0,2449000000.0,1.83,0.076,0.377,0,-70015000000,5066000000.0,5066000000.0,0.0,,,,,0.0,641000000.0,1.0,650059292,3234000000,3234000000.0,1.566,2454071000000,5886000000,644000000.0,0,758.835,
4,FMCC,ARQ,2020-06-30,2020-07-30,2020-06-30,2021-07-29,1048000000,2335655000000,,,,,3.538,0.0,7605000000,7605000000,0.0,1777000000.0,,203.13,2308301000000,,,2308301000000,0,0.0,0,0.0,0.0,2235000000.0,2235000000.0,0.539,2235000000.0,2235000000.0,2235000000.0,-0.05,-0.05,-0.05,11442000000,,11442000000,2301983117398,294.0,293.658,-2363000000.0,-0.731,1.0,4149000000.0,1.0,0,0.0,4636351000000,,0,2287601000000,,,2324213000000,,,1287117398,-16719000000.0,0.0,0.0,20907000000.0,0.0,20892000000.0,-35248000000.0,-35280000000.0,-2363000000.0,0.0,1777000000.0,1777000000.0,1777000000.0,0.0,0.0,0.428,1209000000.0,2940000000.0,6246000000,0.0,0.112,0.206,-18.0,0,1938000000.0,1.98,0.091,0.451,0,-72478000000,4149000000.0,4149000000.0,0.0,,,,,0.0,601000000.0,1.0,650059292,3234000000,3234000000.0,1.283,2335655000000,5698000000,458000000.0,0,722.219,
5,FMCC,ARQ,2020-03-31,2020-04-30,2020-03-31,2021-07-29,887000000,2241984000000,,,,,2.939,0.0,24324000000,24324000000,0.0,173000000.0,,234.899,2216135000000,,,2216135000000,0,0.0,0,0.0,0.0,218000000.0,218000000.0,0.09,218000000.0,218000000.0,218000000.0,-0.06,-0.06,-0.06,9504000000,,9504000000,2192870596224,292.0,292.305,2791000000.0,0.863,1.0,2422000000.0,1.0,0,0.0,4433795000000,,0,2174629000000,,,2232480000000,,,1059596224,19135000000.0,0.0,0.0,-7873000000.0,0.0,-7898000000.0,24242000000.0,24120000000.0,2791000000.0,0.0,173000000.0,173000000.0,173000000.0,0.0,0.0,0.071,971000000.0,1451000000.0,6271000000,0.0,0.111,0.177,-10.188,0,382000000.0,1.63,0.079,0.392,0,-74255000000,2422000000.0,2422000000.0,0.0,,,,,0.0,587000000.0,1.0,650059033,3234000000,3234000000.0,0.749,2241984000000,4629000000,45000000.0,0,693.254,
6,FMCC,ARQ,2019-12-31,2020-02-13,2019-12-31,2021-07-29,438000000,2203623000000,,,,,2.821,0.0,5189000000,5189000000,0.0,2592000000.0,,240.572,2179528000000,,,2179528000000,0,0.0,0,0.0,0.0,3250000000.0,3250000000.0,0.801,3250000000.0,3250000000.0,3250000000.0,0.04,0.04,0.04,9122000000,,9122000000,2176432190086,241.0,240.516,8793000000.0,2.719,1.0,4057000000.0,1.0,0,0.0,4377962000000,,0,2162869000000,,,2194501000000,,,2093190086,-3519000000.0,0.0,0.0,-29304000000.0,0.0,-29350000000.0,17038000000.0,16847000000.0,8793000000.0,0.0,2592000000.0,2592000000.0,2592000000.0,0.0,0.0,0.639,1553000000.0,2504000000.0,6559000000,0.0,0.229,0.29,-17.889,0,2448000000.0,3.22,0.149,0.74,0,-74188000000,4057000000.0,4057000000.0,0.0,,,,,0.0,747000000.0,1.0,650059033,3234000000,3234000000.0,1.254,2203623000000,5918000000,658000000.0,0,681.392,
7,FMCC,ARQ,2019-09-30,2019-10-30,2019-09-30,2021-07-29,582000000,2170246000000,,,,,2.064,0.0,8708000000,8708000000,0.0,1709000000.0,,324.179,2149259000000,,,2149259000000,0,0.0,0,0.0,0.0,2136000000.0,2136000000.0,0.6,2136000000.0,2136000000.0,2136000000.0,-0.04,-0.04,-0.04,6674000000,,6674000000,2142475174738,298.0,297.897,-2206000000.0,-0.682,1.0,3559000000.0,1.0,0,0.0,4310797000000,,0,2123251000000,,,2163572000000,,,1924174738,5281000000.0,0.0,0.0,-17143000000.0,0.0,-17174000000.0,24661000000.0,24491000000.0,-2206000000.0,0.0,1709000000.0,1709000000.0,1709000000.0,0.0,0.0,0.48,1423000000.0,2136000000.0,6688000000,0.0,0.288,0.336,-8.97,0,1848000000.0,2.96,0.15,0.749,0,-76780000000,3559000000.0,3559000000.0,0.0,,,,,0.0,620000000.0,1.0,650059033,3234000000,3234000000.0,1.1,2170246000000,5784000000,427000000.0,0,671.072,
8,FMCC,ARQ,2019-06-30,2019-07-31,2019-06-30,2021-07-29,443000000,2124500000000,,,,,1.492,0.0,3427000000,3427000000,0.0,1506000000.0,,439.22,2105335000000,,,2105335000000,0,0.0,0,0.0,0.0,1898000000.0,1898000000.0,0.557,1898000000.0,1898000000.0,1898000000.0,-0.1,-0.1,-0.1,4826000000,,4826000000,2103370632824,253.0,252.87,1336000000.0,0.413,1.0,3409000000.0,1.0,0,0.0,4226408000000,,0,2088169000000,,,2119674000000,,,1462632824,-2812000000.0,0.0,0.0,-11257000000.0,0.0,-12974000000.0,8826000000.0,8610000000.0,1336000000.0,0.0,1506000000.0,1506000000.0,1506000000.0,0.0,0.0,0.442,1511000000.0,1898000000.0,6874000000,0.0,0.303,0.218,-9.375,0,1826000000.0,2.25,0.107,0.531,0,-78489000000,3409000000.0,3409000000.0,0.0,,,,,0.0,619000000.0,1.0,650059033,3234000000,3234000000.0,1.054,2124500000000,6416000000,392000000.0,0,656.926,
9,FMCC,ARQ,2019-03-31,2019-05-01,2019-03-31,2021-07-29,123000000,2092907000000,,,,,1.442,0.0,6239000000,6239000000,0.0,1407000000.0,,447.64,2073614000000,,,2073614000000,0,0.0,0,0.0,0.0,1765000000.0,1765000000.0,0.578,1765000000.0,1765000000.0,1765000000.0,-0.08,-0.08,-0.08,4665000000,,4665000000,2068922140499,216.0,216.301,4274000000.0,1.322,1.0,3053000000.0,1.0,0,0.0,4160282000000,,0,2058864000000,,,2088242000000,,,1547140499,-1034000000.0,0.0,0.0,-1457000000.0,0.0,-2935000000.0,-2373000000.0,-2454000000.0,4274000000.0,0.0,1407000000.0,1407000000.0,1407000000.0,0.0,0.0,0.461,1288000000.0,1765000000.0,6558000000,0.0,0.332,0.201,17.0,0,1665000000.0,2.38,0.106,0.528,0,-78330000000,3053000000.0,3053000000.0,0.0,,,,,0.0,578000000.0,1.0,650059033,3234000000,3234000000.0,0.944,2092907000000,6819000000,358000000.0,0,647.157,
10,FMCC,ARQ,2018-12-31,2019-02-14,2018-12-31,2021-07-29,-135000000,2063060000000,,,,,1.384,0.0,7273000000,7273000000,0.0,1100000000.0,,459.813,2044950000000,,,2044950000000,0,0.0,0,0.0,0.0,1393000000.0,1393000000.0,0.503,1393000000.0,1393000000.0,1393000000.0,-0.11,-0.11,-0.11,4477000000,,4477000000,2039276144586,178.0,177.73,-2221000000.0,-0.687,1.0,2767000000.0,1.0,0,0.0,4100737000000,,0,2031195000000,,,2058583000000,,,1599144586,235000000.0,0.0,0.0,-30305000000.0,0.0,-32865000000.0,35321000000.0,35290000000.0,-2221000000.0,0.0,1100000000.0,1100000000.0,1100000000.0,0.0,0.0,0.398,1374000000.0,1393000000.0,6652000000,0.0,0.357,0.173,2.196,0,1479000000.0,2.46,0.098,0.488,0,-78260000000,2767000000.0,2767000000.0,0.0,,,,,0.0,646000000.0,1.0,650058775,3234000000,3234000000.0,0.856,2063060000000,6888000000,293000000.0,0,637.928,
11,FMCC,ARQ,2018-09-30,2018-10-31,2018-09-30,2021-07-29,-513000000,2063457000000,,,,,1.719,0.0,7038000000,7038000000,0.0,2706000000.0,,370.192,2041990000000,,,2041990000000,0,0.0,0,0.0,0.0,3262000000.0,3262000000.0,0.731,3262000000.0,3262000000.0,3262000000.0,0.05,0.05,0.05,5559000000,,5559000000,2035777574644,146.0,146.427,-599000000.0,-0.185,1.0,4462000000.0,1.0,0,0.0,4098409000000,,0,2027367000000,,,2057898000000,,,825574644,286000000.0,0.0,0.0,-11522000000.0,0.0,-13107000000.0,13992000000.0,13762000000.0,-599000000.0,0.0,2706000000.0,2706000000.0,2706000000.0,0.0,0.0,0.606,1200000000.0,3262000000.0,6418000000,0.0,0.149,0.158,3.848,0,2559000000.0,1.27,0.044,0.221,0,-76800000000,4462000000.0,4462000000.0,0.0,,,,,0.0,569000000.0,1.0,650058775,3234000000,3234000000.0,1.38,2063457000000,7876000000,556000000.0,0,638.051,
12,FMCC,ARQ,2018-06-30,2018-07-31,2018-06-30,2021-07-29,-366000000,2041732000000,,,,,1.418,0.0,6752000000,6752000000,0.0,2503000000.0,,444.307,2021162000000,,,2021162000000,0,0.0,0,0.0,0.0,3145000000.0,3145000000.0,0.733,3145000000.0,3145000000.0,3145000000.0,0.28,0.28,0.28,4585000000,,4585000000,2015398089338,113.0,113.028,-1149000000.0,-0.355,1.0,4288000000.0,1.0,0,0.0,4056142000000,,0,2004721000000,,,2037147000000,,,988089338,-1865000000.0,0.0,0.0,-19030000000.0,0.0,-19031000000.0,18315000000.0,13077000000.0,-1149000000.0,0.0,2503000000.0,2503000000.0,2503000000.0,0.0,0.0,0.584,1143000000.0,3145000000.0,6377000000,0.0,0.216,0.138,5.241,0,1585000000.0,1.52,0.044,0.219,0,-77922000000,4288000000.0,4288000000.0,0.0,,,,,0.0,558000000.0,1.0,650058775,3234000000,3234000000.0,1.326,2041732000000,8299000000,642000000.0,0,631.333,
13,FMCC,ARQ,2018-03-31,2018-05-01,2018-03-31,2021-07-29,-298000000,2022483000000,,,,,0.665,0.0,8617000000,8617000000,0.0,2926000000.0,,939.69,2004807000000,,,2004807000000,0,0.0,0,0.0,0.0,3674000000.0,3674000000.0,0.768,3674000000.0,3674000000.0,3674000000.0,0.9,0.9,0.9,2150000000,,2150000000,1997080580522,116.0,116.197,4643000000.0,1.436,1.0,4784000000.0,1.0,0,0.0,4018673000000,,0,1986134000000,,,2020333000000,,,890580522,-1194000000.0,0.0,0.0,-58168000000.0,0.0,-57857000000.0,52020000000.0,56755000000.0,4643000000.0,0.0,2926000000.0,2926000000.0,2926000000.0,0.0,0.0,0.612,1110000000.0,3674000000.0,6058000000,0.0,0.414,0.14,-15.222,0,0.0,1.37,0.041,0.205,0,-80424000000,4784000000.0,4784000000.0,0.0,,,,,0.0,520000000.0,1.0,650058775,3234000000,3234000000.0,1.479,2022483000000,8313000000,748000000.0,0,625.381,
14,FMCC,ARQ,2017-12-31,2018-02-15,2017-12-31,2021-07-29,389000000,2049776000000,,,,,-0.096,0.0,9811000000,9811000000,0.0,-2921000000.0,,-6570.795,2034630000000,,,2034630000000,0,0.0,0,0.0,0.0,3822000000.0,3822000000.0,0.753,3822000000.0,3822000000.0,3822000000.0,-0.9,-0.9,-0.9,-312000000,,-312000000,2025872088664,120.0,120.344,-400000000.0,-0.124,1.0,5078000000.0,1.0,0,0.0,4074595000000,,0,2011813000000,,,2050088000000,,,1053088664,-1335000000.0,0.0,0.0,-29572000000.0,0.0,-31822000000.0,30887000000.0,36011000000.0,-400000000.0,0.0,-2921000000.0,-2921000000.0,-2921000000.0,0.0,0.0,-0.575,1256000000.0,3822000000.0,6221000000,0.0,-3.375,0.187,-1.62,0,-1000000.0,1.62,0.05,0.248,0,-83261000000,5078000000.0,5078000000.0,0.0,,,,,0.0,558000000.0,1.0,650054731,3234000000,3234000000.0,1.57,2049776000000,8107000000,6743000000.0,0,633.821,
15,FMCC,ARQ,2017-09-30,2017-10-31,2017-09-30,2021-07-29,780000000,2030656000000,,,,,1.623,0.0,15867000000,15867000000,0.0,4671000000.0,,385.792,2009578000000,,,2009578000000,0,0.0,0,0.0,0.0,7190000000.0,7190000000.0,0.872,7190000000.0,7190000000.0,7190000000.0,0.01,0.01,0.01,5250000000,,5250000000,1995719669119,98.0,97.949,4552000000.0,1.408,1.0,8247000000.0,1.0,0,0.0,4024367000000,,0,1979947000000,,,2025406000000,,,2008669119,1517000000.0,0.0,0.0,-43488000000.0,0.0,-45474000000.0,42439000000.0,54411000000.0,4552000000.0,0.0,4671000000.0,4671000000.0,4671000000.0,0.0,0.0,0.566,1057000000.0,7190000000.0,5990000000,0.0,0.383,0.15,154.5,0,4650000000.0,3.09,0.082,0.407,0,-78092000000,8247000000.0,8247000000.0,0.0,,,,,0.0,524000000.0,1.0,650054731,3234000000,3234000000.0,2.55,2030656000000,14576000000,2519000000.0,0,627.908,
16,FMCC,ARQ,2017-06-30,2017-08-01,2017-06-30,2021-07-29,801000000,2022757000000,,,,,0.8,0.0,11130000000,11130000000,0.0,1664000000.0,,781.195,2009166000000,,,2009166000000,0,0.0,0,0.0,0.0,2501000000.0,2501000000.0,0.713,2501000000.0,2501000000.0,2501000000.0,-0.1,-0.1,-0.1,2586000000,,2586000000,1999661136828,121.0,121.118,1256000000.0,0.388,1.0,3507000000.0,1.0,0,0.0,4020793000000,,0,1979683000000,,,2020171000000,,,1625136828,-4013000000.0,0.0,0.0,-45399000000.0,0.0,-47636000000.0,42367000000.0,52561000000.0,1256000000.0,0.0,1664000000.0,1664000000.0,1664000000.0,0.0,0.0,0.474,1006000000.0,2501000000.0,6090000000,0.0,0.628,0.147,125.0,0,1986000000.0,2.5,0.079,0.392,0,-80777000000,3507000000.0,3507000000.0,0.0,,,,,0.0,513000000.0,1.0,650054731,3234000000,3234000000.0,1.084,2022757000000,14751000000,837000000.0,0,625.466,
17,FMCC,ARQ,2017-03-31,2017-05-02,2017-03-31,2021-07-29,479000000,2032308000000,,,,,0.876,0.0,12516000000,12516000000,0.0,2211000000.0,,716.116,2018444000000,,,2018444000000,0,0.0,0,0.0,0.0,3321000000.0,3321000000.0,0.775,3321000000.0,3321000000.0,3321000000.0,-0.01,-0.01,-0.01,2834000000,,2834000000,2007585639564,130.0,129.79,54000000.0,0.017,1.0,4285000000.0,1.0,0,0.0,4038236000000,,0,1988069000000,,,2029474000000,,,1657639564,-1690000000.0,0.0,0.0,-33020000000.0,0.0,-37495000000.0,35751000000.0,35592000000.0,54000000.0,0.0,2211000000.0,2211000000.0,2211000000.0,0.0,0.0,0.516,964000000.0,3321000000.0,5897000000,0.0,0.585,0.16,18.214,0,2234000000.0,2.55,0.085,0.423,0,-80207000000,4285000000.0,4285000000.0,0.0,,,,,0.0,511000000.0,1.0,650054731,3234000000,3234000000.0,1.325,2032308000000,15806000000,1110000000.0,0,628.419,
18,FMCC,ARQ,2016-12-31,2017-02-16,2016-12-31,2021-07-29,456000000,2023376000000,,,,,1.569,0.0,22220000000,22220000000,0.0,4847000000.0,,397.695,2002004000000,,,2002004000000,0,0.0,0,0.0,0.0,7363000000.0,7363000000.0,0.863,7363000000.0,7363000000.0,7363000000.0,0.12,0.12,0.12,5075000000,,5075000000,1982384215452,170.0,170.323,-194000000.0,-0.06,1.0,8529000000.0,1.0,0,0.0,4003160000000,,0,1966845000000,,,2018301000000,,,2600215452,8429000000.0,0.0,0.0,-53077000000.0,0.0,-55389000000.0,64012000000.0,64612000000.0,-194000000.0,0.0,4847000000.0,4847000000.0,4847000000.0,0.0,0.0,0.568,1166000000.0,7363000000.0,6015000000,0.0,0.512,0.333,133.333,0,4475000000.0,4.0,0.166,0.825,0,-77941000000,8529000000.0,8529000000.0,0.0,,,,,0.0,584000000.0,1.0,650053863,3234000000,3234000000.0,2.637,2023376000000,15818000000,2516000000.0,0,625.657,
19,FMCC,ARQ,2016-09-30,2016-11-01,2016-09-30,2021-07-29,1428000000,2015262000000,,,,,1.085,0.0,23071000000,23071000000,0.0,2329000000.0,,573.149,1999841000000,,,1999841000000,0,0.0,0,0.0,0.0,3325000000.0,3325000000.0,0.771,3325000000.0,3325000000.0,3325000000.0,0.01,0.01,0.01,3510000000,,3510000000,1977810074925,269.0,268.98,910000000.0,0.281,1.0,4310000000.0,1.0,0,0.0,3992032000000,,0,1955001000000,,,2011752000000,,,1040074925,-4200000000.0,0.0,0.0,-29918000000.0,0.0,-30851000000.0,25741000000.0,37875000000.0,910000000.0,0.0,2329000000.0,2329000000.0,2329000000.0,0.0,0.0,0.54,985000000.0,3325000000.0,5890000000,0.0,0.296,0.203,32.0,1272000000,2310000000.0,1.6,0.091,0.455,0,-80478000000,4310000000.0,4310000000.0,0.0,,,,,0.0,498000000.0,1.0,650046828,3234000000,3234000000.0,1.333,2015262000000,18730000000,996000000.0,0,623.148,
20,FMCC,ARQ,2016-06-30,2016-08-02,2016-06-30,2021-07-29,1447000000,1986437000000,,,,,0.66,0.0,25539000000,25539000000,0.0,993000000.0,,930.288,1972103000000,,,1972103000000,0,0.0,0,0.0,0.0,1459000000.0,1459000000.0,0.609,1459000000.0,1459000000.0,1459000000.0,0.02,0.02,0.02,2133000000,,2133000000,1947708082417,580.0,579.848,8229000000.0,2.545,1.0,2394000000.0,1.0,0,0.0,3933001000000,,0,1924322000000,,,1984304000000,,,1144082417,1982000000.0,0.0,0.0,-27769000000.0,0.0,-27772000000.0,21525000000.0,27552000000.0,8229000000.0,0.0,993000000.0,993000000.0,993000000.0,0.0,0.0,0.415,935000000.0,1459000000.0,6057000000,0.0,0.536,0.493,-16.0,1381000000,933000000.0,1.76,0.153,0.76,0,-81874000000,2394000000.0,2394000000.0,0.0,,,,,0.0,475000000.0,1.0,650046828,3234000000,3234000000.0,0.74,1986437000000,18671000000,466000000.0,0,614.235,
21,FMCC,ARQ,2016-03-31,2016-05-03,2016-03-31,2021-07-29,1307000000,1969100000000,,,,,0.309,0.0,22829000000,22829000000,0.0,-354000000.0,,1968.1,1955618000000,,,1955618000000,0,0.0,0,0.0,0.0,-508000000.0,-508000000.0,-1.131,-508000000.0,-508000000.0,-508000000.0,-0.11,-0.11,-0.11,1000000000,,1000000000,1933835575393,242.0,242.396,-4086000000.0,-1.263,1.0,449000000.0,1.0,0,0.0,3901889000000,,0,1911140000000,,,1968100000000,,,1046575393,563000000.0,0.0,0.0,-51560000000.0,0.0,-53301000000.0,57950000000.0,63075000000.0,-4086000000.0,0.0,-354000000.0,-354000000.0,-354000000.0,0.0,0.0,-0.788,957000000.0,-508000000.0,6047000000,0.0,1.047,0.19,-32.2,1571000000,0.0,1.61,0.084,0.418,0,-82867000000,449000000.0,449000000.0,0.0,,,,,0.0,448000000.0,1.0,650046828,3234000000,3234000000.0,0.139,1969100000000,18123000000,-154000000.0,0,608.874,
22,FMCC,ARQ,2015-12-31,2016-02-18,2015-12-31,2021-07-29,1153000000,1986050000000,,,,,0.909,0.0,20128000000,20128000000,0.0,2158000000.0,,674.527,1970427000000,,,1970427000000,0,0.0,0,0.0,0.0,3077000000.0,3077000000.0,0.73,3077000000.0,3077000000.0,3077000000.0,0.13,0.13,0.13,2940000000,,2940000000,1951189562968,210.0,210.394,4509000000.0,1.394,1.0,4216000000.0,1.0,0,0.0,3936349000000,,0,1932447000000,,,1983110000000,,,890562968,595000000.0,0.0,0.0,-19213000000.0,0.0,-19215000000.0,15301000000.0,18156000000.0,4509000000.0,0.0,2158000000.0,2158000000.0,2158000000.0,0.0,0.0,0.512,1139000000.0,3077000000.0,6183000000,0.0,0.303,0.14,-137.0,1725000000,1740000000.0,1.37,0.064,0.316,0,-80773000000,4216000000.0,4216000000.0,0.0,,,,,0.0,510000000.0,1.0,650045962,3235000000,3235000000.0,1.303,1986050000000,18205000000,919000000.0,0,613.926,
23,FMCC,ARQ,2015-09-30,2015-11-03,2015-09-30,2021-07-29,1670000000,1962147000000,,,,,0.402,0.0,58846000000,58846000000,0.0,-475000000.0,,1509.506,1947389000000,,,1947389000000,0,0.0,0,0.0,0.0,-669000000.0,-669000000.0,-1.556,-669000000.0,-669000000.0,-669000000.0,-0.15,-0.15,-0.15,1299000000,,1299000000,1889992602495,297.0,297.075,-2170000000.0,-0.671,1.0,430000000.0,1.0,0,0.0,3850690000000,,0,1867851000000,,,1960848000000,,,1449602495,-461000000.0,0.0,0.0,-40708000000.0,0.0,-44621000000.0,46330000000.0,45617000000.0,-2170000000.0,0.0,-475000000.0,-475000000.0,-475000000.0,0.0,0.0,-1.105,1099000000.0,-669000000.0,6135000000,0.0,1.116,0.326,-6.758,1795000000,0.0,2.23,0.134,0.669,0,-82931000000,430000000.0,430000000.0,0.0,,,,,0.0,465000000.0,1.0,650045962,3234000000,3234000000.0,0.133,1962147000000,17817000000,-194000000.0,0,606.724,
24,FMCC,ARQ,2015-06-30,2015-08-04,2015-06-30,2021-07-29,1696000000,1947462000000,,,,,1.767,0.0,61294000000,61294000000,0.0,4169000000.0,,339.883,1929069000000,,,1929069000000,0,0.0,0,0.0,0.0,6078000000.0,6078000000.0,0.825,6078000000.0,6078000000.0,6078000000.0,0.08,0.08,0.08,5713000000,,5713000000,1869270102943,186.0,185.664,234000000.0,0.072,1.0,7367000000.0,1.0,0,0.0,3815237000000,,0,1850371000000,,,1941749000000,,,1495102943,-4946000000.0,0.0,0.0,-71134000000.0,0.0,-71883000000.0,66703000000.0,79524000000.0,234000000.0,0.0,4169000000.0,4169000000.0,4169000000.0,0.0,0.0,0.566,1289000000.0,6078000000.0,6239000000,0.0,0.262,0.214,-5.75,1978000000,3913000000.0,2.3,0.105,0.524,0,-78543000000,7367000000.0,7367000000.0,0.0,,,,,0.0,501000000.0,1.0,650044758,3234000000,3234000000.0,2.278,1947462000000,19545000000,1909000000.0,0,602.184,
25,FMCC,ARQ,2015-03-31,2015-05-05,2015-03-31,2021-07-29,1952000000,1951603000000,,,,,0.787,0.0,66262000000,66262000000,0.0,524000000.0,,765.537,1935629000000,,,1935629000000,0,0.0,0,0.0,0.0,788000000.0,788000000.0,0.394,788000000.0,788000000.0,788000000.0,-0.07,-0.07,-0.07,2546000000,,2546000000,1871180624875,311.0,310.569,-3507000000.0,-1.084,1.0,1999000000.0,1.0,0,0.0,3820970000000,,0,1848911000000,,,1949057000000,,,1813624875,-521000000.0,0.0,0.0,-46775000000.0,0.0,-47626000000.0,50612000000.0,50721000000.0,-3507000000.0,0.0,524000000.0,524000000.0,524000000.0,0.0,0.0,0.262,1211000000.0,788000000.0,6135000000,0.0,0.712,0.432,-4.359,2294000000,746000000.0,2.79,0.19,0.945,0,-81966000000,1999000000.0,1999000000.0,0.0,,,,,0.0,451000000.0,1.0,650044758,3236000000,3236000000.0,0.618,1951603000000,19388000000,264000000.0,0,603.091,
26,FMCC,ARQ,2014-12-31,2015-02-19,2014-12-31,2021-07-29,1730000000,1945539000000,,,,,0.819,0.0,71366000000,71366000000,0.0,227000000.0,,732.889,1929542000000,,,1929542000000,0,0.0,0,0.0,0.0,165000000.0,165000000.0,0.167,165000000.0,165000000.0,165000000.0,-0.19,-0.19,-0.19,2651000000,,2651000000,1860080628624,169.0,169.067,-2429000000.0,-0.751,1.0,988000000.0,1.0,0,0.0,3803715000000,,0,1838389000000,,,1942888000000,,,1904628624,-5263000000.0,0.0,0.0,-22901000000.0,0.0,-25689000000.0,22855000000.0,23838000000.0,-2429000000.0,0.0,227000000.0,227000000.0,227000000.0,0.0,0.0,0.23,823000000.0,165000000.0,6325000000,0.0,0.718,0.248,-4.069,2558000000,851000000.0,2.93,0.135,0.673,0,-81639000000,988000000.0,988000000.0,0.0,,,,,0.0,488000000.0,1.0,650043899,3236000000,3236000000.0,0.305,1945539000000,19498000000,-62000000.0,0,601.217,
27,FMCC,ARQ,2014-09-30,2014-11-06,2014-09-30,2021-07-29,1706000000,1922784000000,,,,,1.603,0.0,52411000000,52411000000,0.0,2081000000.0,,369.764,1903551000000,,,1903551000000,0,0.0,0,0.0,0.0,3037000000.0,3037000000.0,0.788,3037000000.0,3037000000.0,3037000000.0,-0.22,-0.22,-0.22,5186000000,,5186000000,1852557088052,92.0,91.797,293000000.0,0.091,1.0,3853000000.0,1.0,0,0.0,3773924000000,,0,1835079000000,,,1917598000000,,,1417088052,11529000000.0,0.0,0.0,-48727000000.0,0.0,-50618000000.0,61854000000.0,63488000000.0,293000000.0,0.0,2081000000.0,2081000000.0,2081000000.0,0.0,0.0,0.54,816000000.0,3037000000.0,6217000000,0.0,0.273,0.088,-2.0,2911000000,2786000000.0,2.18,0.062,0.309,0,-79080000000,3853000000.0,3853000000.0,0.0,,,,,0.0,472000000.0,1.0,650040391,3236000000,3236000000.0,1.191,1922784000000,18481000000,956000000.0,0,594.185,
28,FMCC,ARQ,2014-06-30,2014-08-07,2014-06-30,2021-07-29,1001000000,1916618000000,,,,,1.326,0.0,51582000000,51582000000,0.0,1362000000.0,,445.764,1898675000000,,,1898675000000,0,0.0,0,0.0,0.0,2035000000.0,2035000000.0,0.75,2035000000.0,2035000000.0,2035000000.0,-0.16,-0.16,-0.16,4290000000,,4290000000,1849712662776,78.0,78.146,6804000000.0,2.103,1.0,2715000000.0,1.0,0,0.0,3763711000000,,0,1826947000000,,,1912328000000,,,2619662776,-5949000000.0,0.0,0.0,-44195000000.0,0.0,-48698000000.0,35945000000.0,33399000000.0,6804000000.0,0.0,1362000000.0,1362000000.0,1362000000.0,0.0,0.0,0.502,680000000.0,2035000000.0,6507000000,0.0,0.611,0.059,-4.741,3677000000,1890000000.0,4.03,0.1,0.5,0,-79271000000,2715000000.0,2715000000.0,0.0,,,,,0.0,453000000.0,1.0,650040391,3236000000,3236000000.0,0.839,1916618000000,19752000000,673000000.0,0,592.28,
29,FMCC,ARQ,2014-03-31,2014-05-08,2014-03-31,2021-07-29,473000000,1921538000000,,,,,2.131,0.0,48806000000,48806000000,0.0,4020000000.0,,277.524,1900325000000,,,1900325000000,0,0.0,0,0.0,0.0,5765000000.0,5765000000.0,0.882,5765000000.0,5765000000.0,5765000000.0,-0.15,-0.15,-0.15,6899000000,,6899000000,1854184165603,70.0,69.753,4217000000.0,1.303,1.0,6536000000.0,1.0,0,0.0,3773057000000,,0,1830655000000,,,1914639000000,,,2665165603,-670000000.0,0.0,0.0,-79066000000.0,0.0,-89501000000.0,84614000000.0,73235000000.0,4217000000.0,0.0,4020000000.0,4020000000.0,4020000000.0,0.0,0.0,0.615,771000000.0,5765000000.0,6340000000,0.0,0.386,0.055,-8.2,4339000000,4499000000.0,4.1,0.092,0.461,0,-76134000000,6536000000.0,6536000000.0,0.0,,,,,0.0,468000000.0,1.0,650040391,3237000000,3237000000.0,2.019,1921538000000,20710000000,1745000000.0,0,593.617,
30,FMCC,ARQ,2013-12-31,2014-02-27,2013-12-31,2021-07-29,-6000000,1966061000000,,,,,3.964,0.0,85929000000,85929000000,0.0,8613000000.0,,152.18,1940751000000,,,1940751000000,0,0.0,0,0.0,0.0,9344000000.0,9344000000.0,0.96,9344000000.0,9344000000.0,9344000000.0,-0.56,-0.56,-0.56,12835000000,,12835000000,1857818682247,73.0,73.249,9171000000.0,2.833,1.0,9734000000.0,1.0,0,0.0,3820883000000,,0,1838176000000,,,1953226000000,,,2996682247,1749000000.0,0.0,0.0,-46153000000.0,0.0,-76590000000.0,69168000000.0,64404000000.0,9171000000.0,0.0,8613000000.0,8613000000.0,8613000000.0,0.0,0.0,0.885,390000000.0,9344000000.0,6803000000,0.0,0.233,0.062,-4.229,4551000000,10435000000.0,4.61,0.109,0.544,0,-69719000000,9734000000.0,9734000000.0,0.0,,,,,0.0,474000000.0,1.0,650039533,3237600000,3237600000.0,3.007,1966061000000,22716000000,731000000.0,0,607.259,
31,FMCC,ARQ,2013-09-30,2013-11-07,2013-09-30,2021-07-29,-1228000000,1981785000000,,,,,10.327,0.0,56310000000,56310000000,0.0,30486000000.0,,58.271,1935577000000,,,1935577000000,0,0.0,0,0.0,0.0,6526000000.0,6526000000.0,0.919,6526000000.0,6526000000.0,6526000000.0,0.02,0.02,0.02,33436000000,,33436000000,1880742589740,97.0,97.292,2952000000.0,0.912,1.0,7103000000.0,1.0,0,0.0,3861052000000,,0,1882867000000,,,1948349000000,,,1475589740,-4335000000.0,0.0,0.0,-84150000000.0,0.0,-88508000000.0,81221000000.0,85910000000.0,2952000000.0,0.0,30486000000.0,30486000000.0,30486000000.0,0.0,0.0,4.292,577000000.0,6526000000.0,6504000000,0.0,0.044,0.033,-1.503,4368000000,30436000000.0,2.27,0.068,0.34,0,-47896000000,7103000000.0,7103000000.0,0.0,,,,,0.0,455000000.0,1.0,650039533,3237771000,3237771000.0,2.194,1981785000000,23930000000,-23960000000.0,0,612.083,
32,FMCC,ARQ,2013-06-30,2013-08-07,2013-06-30,2021-07-29,-1179000000,1967518000000,,,,,2.272,0.0,55082000000,55082000000,0.0,4988000000.0,,266.435,1945916000000,,,1945916000000,0,0.0,0,0.0,0.0,4947000000.0,4947000000.0,0.909,4947000000.0,4947000000.0,4947000000.0,0.19,0.19,0.19,7357000000,,7357000000,1891757056137,123.0,122.595,4449000000.0,1.374,1.0,5445000000.0,1.0,0,0.0,3858352000000,,0,1889111000000,,,1960161000000,,,923056137,-13866000000.0,0.0,0.0,-112039000000.0,0.0,-119015000000.0,100700000000.0,99918000000.0,4449000000.0,0.0,4988000000.0,4988000000.0,4988000000.0,0.0,0.0,0.916,498000000.0,4947000000.0,7151000000,0.0,0.125,0.054,-1.203,4051000000,4357000000.0,1.42,0.052,0.261,0,-74025000000,5445000000.0,5445000000.0,0.0,,,,,0.0,444000000.0,1.0,650039533,3237825000,3237825000.0,1.682,1967518000000,0,-41000000.0,0,607.667,
33,FMCC,ARQ,2013-03-31,2013-05-08,2013-03-31,2021-07-29,-548000000,1979386000000,,,,,3.078,0.0,68227000000,68227000000,0.0,4581000000.0,,197.514,1955849000000,,,1955849000000,0,0.0,0,0.0,0.0,4546000000.0,4546000000.0,0.879,4546000000.0,4546000000.0,4546000000.0,-0.74,-0.74,-0.74,9971000000,,9971000000,1888194034789,141.0,140.616,1960000000.0,0.605,1.0,5170000000.0,1.0,0,0.0,3867008000000,,0,1888102000000,,,1969415000000,,,572034789,19220000000.0,0.0,0.0,-117075000000.0,0.0,-122902000000.0,140162000000.0,127418000000.0,1960000000.0,0.0,4581000000.0,4581000000.0,4581000000.0,0.0,0.0,0.886,624000000.0,4546000000.0,6926000000,0.0,0.057,0.038,-0.88,4323000000,6971000000.0,0.88,0.037,0.182,0,-72042000000,5170000000.0,5170000000.0,0.0,,,,,0.0,432000000.0,1.0,650039533,3238997000,3238997000.0,1.596,1979386000000,0,-35000000.0,0,611.111,
34,FMCC,ARQ,2012-12-31,2013-02-28,2012-12-31,2021-07-29,-2938000000,1989856000000,,,,,2.725,0.0,60668000000,60668000000,0.0,4457000000.0,,224.428,1967042000000,,,1967042000000,0,0.0,0,0.0,0.0,3312000000.0,3312000000.0,0.849,3312000000.0,3312000000.0,3312000000.0,-0.98,-0.98,-0.98,8827000000,,8827000000,1906556010829,202.0,201.859,2293000000.0,0.708,1.0,3900000000.0,1.0,0,0.0,3896230000000,,0,1903392000000,,,1981029000000,,,182010829,730000000.0,0.0,0.0,-136769000000.0,0.0,-138580000000.0,137017000000.0,142850000000.0,2293000000.0,0.0,4457000000.0,4457000000.0,4457000000.0,0.0,0.0,1.143,588000000.0,3312000000.0,7710000000,0.0,0.021,0.017,-0.438,4378000000,7635000000.0,0.28,0.016,0.078,0,-70796000000,3900000000.0,3900000000.0,0.0,,,,,0.0,422000000.0,1.0,650038674,3239389000,3239389000.0,1.204,1989856000000,778000000,-1145000000.0,0,614.269,
35,FMCC,ARQ,2012-09-30,2012-11-06,2012-09-30,2021-07-29,-4209000000,2016503000000,,,,,1.515,0.0,62347000000,62347000000,0.0,2928000000.0,,409.944,1997668000000,,,1997668000000,0,0.0,0,0.0,0.0,2626000000.0,2626000000.0,0.847,2626000000.0,2626000000.0,2626000000.0,0.35,0.35,0.35,4907000000,,4907000000,1935496509078,288.0,288.278,-393000000.0,-0.121,1.0,3099000000.0,1.0,0,0.0,3951824000000,,0,1929200000000,,,2011596000000,,,175509078,-11399000000.0,0.0,0.0,-133838000000.0,0.0,-135649000000.0,124643000000.0,123162000000.0,-393000000.0,0.0,2928000000.0,2928000000.0,2928000000.0,0.0,0.0,0.945,473000000.0,2626000000.0,7528000000,0.0,0.036,0.025,27.0,4502000000,1809000000.0,0.27,0.02,0.099,0,-73445000000,3099000000.0,3099000000.0,0.0,,,,,0.0,401000000.0,1.0,650033623,3239477000,3239477000.0,0.957,2016503000000,1551000000,-302000000.0,0,622.478,
36,FMCC,ARQ,2012-06-30,2012-08-07,2012-06-30,2021-07-29,-6911000000,2066335000000,,,,,0.335,0.0,68280000000,68280000000,0.0,3020000000.0,,1901.703,2050356000000,,,2050356000000,0,0.0,0,0.0,0.0,2944000000.0,2944000000.0,0.846,2944000000.0,2944000000.0,2944000000.0,0.37,0.37,0.37,1086000000,,1086000000,1982264509751,-5083.0,-5082.73,5162000000.0,1.593,1.0,3480000000.0,1.0,0,0.0,4048411000000,,0,1971814000000,,,2065249000000,,,188509751,10613000000.0,0.0,0.0,-123529000000.0,0.0,-125325000000.0,130776000000.0,113226000000.0,5162000000.0,0.0,3020000000.0,3020000000.0,3020000000.0,0.0,0.0,0.868,536000000.0,2944000000.0,8322000000,0.0,0.174,-0.915,-0.132,4809000000,1808000000.0,0.29,0.095,0.474,0,-74564000000,3480000000.0,3480000000.0,0.0,,,,,0.0,401000000.0,1.0,650033623,3239711000,3239711000.0,1.074,2066335000000,3053000000,-76000000.0,0,637.815,
37,FMCC,ARQ,2012-03-31,2012-05-03,2012-03-31,2021-07-29,-6783000000,2114944000000,,,,,-0.006,0.0,60708000000,60708000000,0.0,577000000.0,,-117497.889,2100251000000,,,2100251000000,0,0.0,0,0.0,0.0,563000000.0,563000000.0,0.486,563000000.0,563000000.0,563000000.0,-0.38,-0.38,-0.38,-18000000,,-18000000,2039731509751,-358.0,-357.534,1404000000.0,0.433,1.0,1159000000.0,1.0,0,0.0,4154487000000,,0,2027272000000,,,2114962000000,,,188509751,-19873000000.0,0.0,0.0,-121576000000.0,0.0,-123238000000.0,101961000000.0,101688000000.0,1404000000.0,0.0,577000000.0,577000000.0,577000000.0,0.0,0.0,0.498,596000000.0,563000000.0,8129000000,0.0,-10.473,-0.035,-0.078,5454000000,1804000000.0,0.29,-0.057,-0.283,0,-75775000000,1159000000.0,1159000000.0,0.0,,,,,0.0,337000000.0,1.0,650033623,3241502000,3241502000.0,0.358,2114944000000,2929000000,-14000000.0,0,652.458,
38,FMCC,ARQ,2011-12-31,2012-03-09,2011-12-31,2021-07-29,-7995000000,2147216000000,,,,,-0.045,0.0,68549000000,68549000000,0.0,619000000.0,,-14707.959,2131983000000,,,2131983000000,0,0.0,0,0.0,0.0,581000000.0,581000000.0,0.512,581000000.0,581000000.0,581000000.0,-0.33,-0.33,-0.33,-146000000,,-146000000,2063648412046,-364.0,-364.216,922000000.0,0.284,1.0,1134000000.0,1.0,0,0.0,4210650000000,,0,2050866000000,,,2147362000000,,,214412046,10268000000.0,0.0,0.0,-105066000000.0,0.0,-100742000000.0,110088000000.0,112456000000.0,922000000.0,0.0,619000000.0,619000000.0,619000000.0,0.0,0.0,0.546,553000000.0,581000000.0,8898000000,0.0,-1.469,-0.041,-0.091,5680000000,1658000000.0,0.33,-0.067,-0.336,0,-74525000000,1134000000.0,1134000000.0,0.0,,,,,0.0,380000000.0,1.0,649733472,3243165000,3243165000.0,0.35,2147216000000,3546000000,-38000000.0,0,662.074,
39,FMCC,ARQ,2011-09-30,2011-11-03,2011-09-30,2021-07-29,-8882000000,2172336000000,,,,,-1.847,0.0,54465000000,54465000000,0.0,-4422000000.0,,-363.6,2162457000000,,,2162457000000,0,0.0,0,0.0,0.0,-4478000000.0,-4478000000.0,1.181,-4478000000.0,-4478000000.0,-4478000000.0,-1.86,-1.86,-1.86,-5991000000,,-5991000000,2108154430645,-329.0,-328.578,1604000000.0,0.494,1.0,-3791000000.0,1.0,0,0.0,4280328000000,,0,2089414000000,,,2178327000000,,,162430645,686000000.0,0.0,0.0,-82550000000.0,0.0,-82695000000.0,81777000000.0,105139000000.0,1604000000.0,0.0,-4422000000.0,-4422000000.0,-4422000000.0,0.0,0.0,1.166,687000000.0,-4478000000.0,8603000000,0.0,-0.027,-0.021,-0.065,5630000000,1618000000.0,0.25,-0.046,-0.23,0,-73489000000,-3791000000.0,-3791000000.0,0.0,,,,,0.0,381000000.0,1.0,649722580,3244496000,3244496000.0,-1.168,2172336000000,3909000000,-56000000.0,0,669.545,
40,FMCC,ARQ,2011-06-30,2011-08-08,2011-06-30,2021-07-29,-8928000000,2195795000000,,,,,-0.455,0.0,53430000000,53430000000,0.0,-2139000000.0,,-1486.653,2180123000000,,,2180123000000,0,0.0,0,0.0,0.0,-2371000000.0,-2371000000.0,1.299,-2371000000.0,-2371000000.0,-2371000000.0,-1.16,-1.16,-1.16,-1478000000,,-1478000000,2126874918770,-438.0,-437.629,3873000000.0,1.194,1.0,-1825000000.0,1.0,0,0.0,4322488000000,,0,2115663000000,,,2197273000000,,,181918770,-16810000000.0,0.0,0.0,-104332000000.0,1605000000.0,-105966000000.0,85283000000.0,81432000000.0,3873000000.0,0.0,-2139000000.0,-2139000000.0,-2139000000.0,0.0,0.0,1.172,546000000.0,-2371000000.0,9542000000,0.0,-0.123,-0.025,-0.087,5932000000,1617000000.0,0.28,-0.099,-0.496,0,-67449000000,-1825000000.0,-1825000000.0,0.0,,,,,0.0,384000000.0,1.0,649709893,3244967000,3244967000.0,-0.562,2195795000000,3866000000,-232000000.0,0,676.677,
41,FMCC,ARQ,2011-03-31,2011-05-04,2011-03-31,2021-07-29,-9967000000,2244916000000,,,,,0.381,0.0,78274000000,78274000000,0.0,676000000.0,,1813.807,2225998000000,,,2225998000000,0,0.0,0,0.0,0.0,602000000.0,602000000.0,0.463,602000000.0,602000000.0,602000000.0,-0.29,-0.29,-0.29,1237000000,,1237000000,2148003366022,-287.0,-286.859,3921000000.0,1.208,1.0,1299000000.0,1.0,0,0.0,4392640000000,,0,2139045000000,,,2243679000000,,,279366022,-2714000000.0,0.0,0.0,-102057000000.0,-1605000000.0,-103175000000.0,96540000000.0,94613000000.0,3921000000.0,0.0,676000000.0,676000000.0,676000000.0,0.0,0.0,0.52,697000000.0,602000000.0,9392000000,0.0,0.226,-0.025,-0.11,6376000000,1605000000.0,0.43,-0.062,-0.308,0,-63693000000,1299000000.0,1299000000.0,0.0,,,,,0.0,361000000.0,1.0,649688423,3246985000,3246985000.0,0.4,2244916000000,4498000000,-74000000.0,0,691.385,
42,FMCC,ARQ,2010-12-31,2011-02-24,2010-12-31,2021-07-29,-12031000000,2261780000000,,,,,-0.123,0.0,91647000000,91647000000,0.0,-113000000.0,,-5641.349,2242588000000,,,2242588000000,0,0.0,0,0.0,0.0,-169000000.0,-169000000.0,-0.214,-169000000.0,-169000000.0,-169000000.0,-0.53,-0.53,-0.53,-401000000,,-401000000,2151324017652,-145.0,-144.569,361000000.0,0.111,1.0,789000000.0,1.0,0,0.0,4412721000000,,0,2137934000000,,,2262181000000,,,383017652,9092000000.0,0.0,0.0,-131007000000.0,-5749000000.0,-132529000000.0,141260000000.0,143090000000.0,361000000.0,0.0,-113000000.0,-1716000000.0,-1716000000.0,0.0,0.0,-2.175,958000000.0,-169000000.0,10286000000,0.0,-0.955,-0.019,-0.097,7068000000,1603000000.0,0.59,-0.032,-0.16,0,-62733000000,789000000.0,789000000.0,0.0,,,,,0.0,388000000.0,1.0,649182461,3248217000,3248217000.0,0.243,2261780000000,5543000000,-56000000.0,0,696.314,
43,FMCC,ARQ,2010-09-30,2010-11-03,2010-09-30,2021-07-29,-13300000000,2288730000000,,,,,-0.018,0.0,79145000000,79145000000,0.0,-2511000000.0,,-39461.862,2269894000000,,,2269894000000,0,0.0,0,0.0,0.0,-2922000000.0,-2922000000.0,1.395,-2922000000.0,-2922000000.0,-2922000000.0,-1.25,-1.25,-1.25,-58000000,,-58000000,2190989191180,-101.0,-100.828,2837000000.0,0.873,1.0,-2094000000.0,1.0,0,0.0,4479479000000,,0,2174467000000,,,2288788000000,,,240191180,-21757000000.0,0.0,0.0,-136187000000.0,0.0,-136061000000.0,111467000000.0,110952000000.0,2837000000.0,0.0,-2511000000.0,-4069000000.0,-4069000000.0,0.0,0.0,1.943,828000000.0,-2922000000.0,10097000000,0.0,-4.141,-0.009,-0.045,7511000000,1558000000.0,0.37,-0.024,-0.12,0,-61017000000,-2094000000.0,-2094000000.0,0.0,,,,,0.0,376000000.0,1.0,649165351,3248794000,3248794000.0,-0.645,2288730000000,6134000000,-411000000.0,0,704.486,
44,FMCC,ARQ,2010-06-30,2010-08-09,2010-06-30,2021-07-29,-17247000000,2343576000000,,,,,-0.535,0.0,98540000000,98540000000,0.0,-4713000000.0,,-1349.433,2326345000000,,,2326345000000,0,0.0,0,0.0,0.0,-4999000000.0,-4999000000.0,1.106,-4999000000.0,-4999000000.0,-4999000000.0,-1.85,-1.85,-1.85,-1738000000,,-1738000000,2228064660053,-93.0,-92.956,4601000000.0,1.416,1.0,-4520000000.0,1.0,0,0.0,4571381000000,,0,2212667000000,,,2345314000000,,,259660053,-5768000000.0,23000000.0,0.0,-92907000000.0,1292000000.0,-83649000000.0,73280000000.0,70264000000.0,4601000000.0,0.0,-4713000000.0,-6009000000.0,-6009000000.0,0.0,0.0,1.329,479000000.0,-4999000000.0,11228000000,0.0,-0.149,-0.009,-0.045,6298000000,1296000000.0,0.4,-0.057,-0.286,0,-56945000000,-4520000000.0,-4520000000.0,0.0,,,,,0.0,387000000.0,1.0,649150132,3249198000,3249198000.0,-1.391,2343576000000,7926000000,-286000000.0,0,721.278,
45,FMCC,ARQ,2010-03-31,2010-05-05,2010-03-31,2021-07-29,-21530000000,2360210000000,,,,,-3.265,0.0,90724000000,90724000000,0.0,-6689000000.0,,-223.359,2351848000000,,,2351848000000,0,0.0,0,0.0,0.0,-6791000000.0,-6791000000.0,1.109,-6791000000.0,-6791000000.0,-6791000000.0,-2.45,-2.45,-2.45,-10614000000,,-10614000000,2262052222834,-123.0,-123.031,2062000000.0,0.634,1.0,-6125000000.0,1.0,0,0.0,4621334000000,,0,2236949000000,,,2370735000000,,,928222834,-9238000000.0,-23000000.0,0.0,-70568000000.0,-1292000000.0,-71893000000.0,60593000000.0,54895000000.0,2062000000.0,0.0,-6688000000.0,-7980000000.0,-7980000000.0,0.0,-1000000.0,1.303,667000000.0,-6792000000.0,10764000000,0.0,-0.087,-0.04,-0.199,5468000000,1292000000.0,1.43,0.125,0.624,0,-50933000000,-6125000000.0,-6125000000.0,0.0,,,,,0.0,395000000.0,1.0,649106877,3251295000,3251295000.0,-1.884,2360210000000,10044000000,-103000000.0,0,725.929,
46,FMCC,ARQ,2009-12-31,2010-03-04,2009-12-31,2021-07-29,-23648000000,841784000000,,,,,1.315,0.0,72210000000,72210000000,0.0,-7457000000.0,,195.748,780604000000,,,780604000000,0,0.0,0,0.0,0.0,-7018000000.0,-7018000000.0,-2.58,-7018000000.0,-7018000000.0,-7018000000.0,-2.69,-2.69,-2.69,4278000000,,4278000000,709185021132,-32.0,-31.684,-1101000000.0,-0.339,1.0,2720000000.0,1.0,0,0.0,1550178000000,,0,745463000000,,,837412000000,,,791021132,9063000000.0,0.0,0.0,-22961000000.0,-1292000000.0,-24353000000.0,34517000000.0,29571000000.0,-1101000000.0,0.0,-7458000000.0,-8750000000.0,-8750000000.0,0.0,1000000.0,-3.217,8725000000.0,-6005000000.0,0,0.0,0.185,-0.031,-0.155,4692000000,1292000000.0,1.22,0.055,0.277,6095000000,-33921000000,2720000000.0,2720000000.0,0.0,,,,,0.0,463000000.0,1.0,648377977,3252561000,3252561000.0,0.836,841784000000,11101000000,440000000.0,0,258.807,
47,FMCC,ARQ,2009-12-31,2010-02-24,2009-12-31,2021-07-29,-23648000000,841784000000,,,,,1.315,0.0,72210000000,72210000000,0.0,-7457000000.0,,195.748,780604000000,,,780604000000,0,0.0,0,0.0,0.0,-7018000000.0,-7018000000.0,-2.58,-7018000000.0,-7018000000.0,-7018000000.0,-2.69,-2.69,-2.69,4278000000,,4278000000,709185021132,-32.0,-31.684,-1101000000.0,-0.339,1.0,2720000000.0,1.0,0,0.0,1550178000000,,0,745463000000,,,837412000000,,,791021132,9063000000.0,0.0,0.0,-22961000000.0,-1292000000.0,-24353000000.0,34517000000.0,29571000000.0,-1101000000.0,0.0,-7458000000.0,-8750000000.0,-8750000000.0,0.0,1000000.0,-3.217,8725000000.0,-6005000000.0,0,0.0,0.185,-0.031,-0.155,4692000000,1292000000.0,1.22,0.055,0.277,6095000000,-33921000000,2720000000.0,2720000000.0,0.0,,,,,0.0,463000000.0,1.0,648377977,3252561000,3252561000.0,0.836,841784000000,11101000000,440000000.0,0,258.807,
48,FMCC,ARQ,2009-09-30,2009-11-06,2009-09-30,2021-07-29,-26355000000,866601000000,,,,,3.17,0.0,66868000000,66868000000,0.0,-5013000000.0,,83.037,803781000000,,,803781000000,0,0.0,0,0.0,0.0,-5161000000.0,-5161000000.0,-1.527,-5161000000.0,-5161000000.0,-5161000000.0,-1.94,-1.94,-1.94,10311000000,,10311000000,737710454514,-18.0,-18.358,3843000000.0,1.181,1.0,3380000000.0,1.0,0,0.0,1603514000000,,0,773710000000,,,856195000000,,,797454514,8958000000.0,0.0,0.0,-33559000000.0,-1291000000.0,-34927000000.0,40042000000.0,42194000000.0,3843000000.0,0.0,-5012000000.0,-6305000000.0,-6305000000.0,0.0,-1000000.0,-1.865,8011000000.0,-4631000000.0,0,0.0,0.077,-0.019,-0.138,4234000000,1293000000.0,1.23,-0.176,-0.881,6070000000,-25171000000,3380000000.0,3380000000.0,0.0,,,,,0.0,433000000.0,1.0,648337003,3253172000,3253172000.0,1.039,866601000000,12443000000,-149000000.0,0,266.386,
49,FMCC,ARQ,2009-06-30,2009-08-07,2009-06-30,2021-07-29,-34815000000,892290000000,,,,,2.501,0.0,56771000000,56771000000,0.0,767000000.0,,108.647,836978000000,,,836978000000,0,0.0,0,0.0,0.0,584000000.0,584000000.0,0.078,584000000.0,584000000.0,584000000.0,-0.11,-0.11,-0.11,8137000000,,8137000000,780686745814,-15.0,-14.914,3404000000.0,1.046,1.0,7470000000.0,1.0,0,0.0,1672497000000,,0,805081000000,,,884058000000,,,479745814,-7092000000.0,0.0,0.0,-72905000000.0,-1149000000.0,-68022000000.0,57526000000.0,59502000000.0,3404000000.0,0.0,768000000.0,-374000000.0,-374000000.0,0.0,-1000000.0,-0.05,5688000000.0,1782000000.0,0,0.0,0.059,-0.008,-0.028,3416000000,1142000000.0,0.74,-0.028,-0.139,6871000000,-18863000000,7470000000.0,7470000000.0,0.0,,,,,0.0,383000000.0,1.0,648305154,3253716000,3253716000.0,2.296,892290000000,16894000000,-184000000.0,0,274.237,
50,FMCC,ARQ,2009-03-31,2009-05-12,2009-03-31,2021-07-29,-28303000000,946950000000,,,,,-1.875,0.0,89149000000,89149000000,0.0,-9851000000.0,,-156.12,909511000000,,,909511000000,0,0.0,0,0.291,0.0,-10788000000.0,-10788000000.0,-13.992,-10788000000.0,-10788000000.0,-10788000000.0,-3.14,-3.14,-3.14,-6104000000,,-6104000000,820919469881,-15.0,,-4858000000.0,-1.492,1.0,771000000.0,1.0,0,0.0,1767312000000,,0,832016000000,,,952958000000,,,557469881,8428000000.0,0.0,0.0,67478000000.0,-373000000.0,97808000000.0,-84522000000.0,-84130000000.0,-4858000000.0,0.0,-9851000000.0,-10229000000.0,-10229000000.0,0.0,0.0,-13.267,9547000000.0,-8776000000.0,0,0.0,-0.091,-0.009,-0.031,2948000000,378000000.0,0.86,-0.024,-0.121,6047000000,-33477000000,771000000.0,771000000.0,0.0,,,,,0.0,372000000.0,1.0,648220792,3255718000,3255718000.0,0.237,946950000000,13282000000,-937000000.0,0,290.858,
51,FMCC,ARQ,2008-12-31,2009-03-11,2008-12-31,2021-07-29,-32357000000,850963000000,,,,,-20.933,0.0,56429000000,56429000000,0.0,-23852000000.0,,-28.688,843021000000,,,843021000000,0,0.0,0,1.19,0.0,-24819000000.0,-24819000000.0,1.536,-24819000000.0,-24819000000.0,-24819000000.0,-3.7,-3.7,-3.7,-30731000000,,-30731000000,786863893180,-18.0,-17.655,-2872000000.0,-1.956,1.0,-16163000000.0,1.0,0,0.0,1637555000000,,0,766797000000,,,881600000000,,,271893180,-4854000000.0,0.0,0.0,58817000000.0,-1008000000.0,72301000000.0,-74283000000.0,-74325000000.0,-2872000000.0,0.0,-23852000000.0,-24018000000.0,-24018000000.0,0.0,0.0,1.486,7445000000.0,-23608000000.0,0,0.0,-0.009,-0.005,-0.012,3255000000,166000000.0,0.42,-0.012,-0.028,6337000000,-23191000000,-16163000000.0,-16163000000.0,0.0,,,,,0.0,396000000.0,1.0,647364714,1468062000,1468062000.0,-11.01,850963000000,15351000000,-967000000.0,0,579.651,
52,FMCC,ARQ,2008-09-30,2008-11-14,2008-09-30,2021-07-29,-25634000000,804390000000,,,,,-10.6,0.0,68590000000,68590000000,0.0,-25295000000.0,,-59.303,783950000000,,,783950000000,0,0.0,0,1.119,0.0,-17324000000.0,-17324000000.0,1.836,-17324000000.0,-17324000000.0,-17324000000.0,-19.44,-19.44,-19.44,-13795000000,,-13795000000,715793596284,,,-3153000000.0,-2.423,1.0,-9438000000.0,1.0,0,0.0,1519750000000,,0,711585000000,,,818090000000,,,433596284,6627000000.0,0.0,0.0,-50099000000.0,0.0,-50302000000.0,60082000000.0,60612000000.0,-3153000000.0,0.0,-25295000000.0,-25301000000.0,-25301000000.0,0.0,0.0,2.681,6550000000.0,-15988000000.0,0,0.0,-0.031,,,3224000000,6000000.0,0.67,,,5298000000,833000000,-9438000000.0,-9438000000.0,0.0,,,,,0.0,308000000.0,1.0,647158633,1301430000,1301430000.0,-7.252,804390000000,11866000000,7971000000.0,0,618.082,
53,FMCC,ARQ,2008-06-30,2008-08-06,2008-06-30,2021-07-29,-24180000000,879043000000,,,,,20.016,,71687000000,71687000000,0.0,-821000000.0,,66.88,835812000000,,,835812000000,0,,0,0.193,0.25,-1852000000.0,,,,-1852000000.0,-1852000000.0,-1.63,-1.63,-1.63,12948000000,,12948000000,768324128395,,,,,1.0,1693000000.0,1.0,0,0.0,1643168000000,,0,776682000000,,,865964000000,,,4199128395,,,,,,,,,,,-821000000.0,-1053000000.0,-1053000000.0,0.0,0.0,-0.622,3420000000.0,-1727000000.0,0,-0.153,0.324,,,2580000000,232000000.0,6.49,,,6247000000,26128000000,1693000000.0,1693000000.0,0.0,,,,,,404000000.0,1.0,647015161,646868000,646868000.0,2.617,879043000000,18399000000,-1031000000.0,0,1358.922,
54,FMCC,ARQ,2007-12-31,2008-07-18,2007-12-31,2021-07-29,-11143000000,794368000000,,,,,40.995,,50237000000,50237000000,,,,28.718,738557000000,,,738557000000,0,,0,0.136,0.25,,,,,,,,,,26724000000,,26724000000,694259599178,-116.0,-116.155,,,1.0,,,0,,1482688000000,,0,720204000000,,,767468000000,,,5939599178,,,,,,,,,,,,,,,,,,,0,,0.222,-1.696,-1.709,1736000000,,9.18,1.804,1.817,5003000000,26909000000,,,,,,,,,,1.0,647015161,651881000,,,794368000000,10304000000,,0,1218.578,
0,FMCC,ART,2021-06-30,2021-07-29,2021-06-30,2021-07-29,186000000,2842142000000,2666375500000.0,,,0.008,6.927,0.0,11171000000,11171000000,0.0,11822000000.0,,125.87,2802755000000,,,2802755000000,0,0.0,0,0.0,0.0,14894000000.0,14894000000.0,0.702,14894000000.0,14894000000.0,14894000000.0,0.26,0.26,0.26,22402000000,17874250000.0,22402000000,2792325067890,187.0,187.48,16549000000.0,5.117,1.0,21227000000.0,1.0,0,0.0,5633726000000,5261069000000.0,0,2789871000000,,,2819740000000,,,741067890,3566000000.0,0.0,0.0,109418000000.0,0.0,109409000000.0,-122392000000.0,-122058000000.0,16549000000.0,0.0,11822000000.0,11822000000.0,11822000000.0,0.0,0.0,0.557,7755000000.0,13472000000.0,6122000000,0.0,0.033,0.063,4.385,0,10960000000.0,1.14,0.035,0.174,0,-60656000000,21227000000.0,21227000000.0,0.0,0.004,0.661,0.003,0.702,0.0,2637000000.0,1.0,650059553,3234000000,3234000000.0,6.564,2842142000000,6494000000,3072000000.0,0,878.832,
1,FMCC,ART,2021-03-31,2021-04-29,2021-03-31,2021-07-29,254000000,2741874000000,2539753750000.0,,,0.008,5.81,0.0,100979000000,100979000000,0.0,9920000000.0,,144.914,2704270000000,,,2704270000000,0,0.0,0,0.0,0.0,12492000000.0,12492000000.0,0.64,12492000000.0,12492000000.0,12492000000.0,0.19,0.19,0.19,18791000000,15134250000.0,18791000000,2604851142927,209.0,208.522,8498000000.0,2.628,1.0,19510000000.0,1.0,0,0.0,5345165000000,5011725250000.0,0,2594654000000,,,2723083000000,,,1560142927,76655000000.0,0.0,0.0,136790000000.0,0.0,136768000000.0,-68611000000.0,-68384000000.0,8498000000.0,0.0,9920000000.0,9920000000.0,9920000000.0,0.0,0.0,0.508,6995000000.0,12515000000.0,5954000000,0.0,0.083,0.157,12.632,0,9287000000.0,2.4,0.08,0.398,0,-64335000000,19510000000.0,19510000000.0,0.0,0.004,0.655,0.002,0.64,0.0,2587000000.0,1.0,650059553,3234000000,3234000000.0,6.033,2741874000000,6826000000,2572000000.0,0,847.827,
2,FMCC,ART,2020-12-31,2021-02-11,2020-12-31,2021-07-29,643000000,2627415000000,2414781250000.0,,,0.007,5.075,0.0,23889000000,23889000000,0.0,7326000000.0,,159.081,2592546000000,,,2592546000000,0,0.0,0,0.0,0.0,9229000000.0,9229000000.0,0.554,9229000000.0,9229000000.0,9229000000.0,0.01,0.01,0.01,16413000000,12812500000.0,16413000000,2569833607319,278.0,278.452,907000000.0,0.28,1.0,16659000000.0,1.0,0,0.0,5196072000000,4783882750000.0,0,2557675000000,,,2611002000000,,,1176607319,18700000000.0,0.0,0.0,101194000000.0,0.0,101148000000.0,-83355000000.0,-83334000000.0,907000000.0,0.0,7326000000.0,7326000000.0,7326000000.0,0.0,0.0,0.44,5978000000.0,10681000000.0,6210000000,0.0,0.072,0.161,181.0,0,7291000000.0,1.81,0.071,0.351,0,-67102000000,16659000000.0,16659000000.0,0.0,0.003,0.572,0.002,0.554,0.0,2535000000.0,1.0,650059292,3234000000,3234000000.0,5.151,2627415000000,6557000000,1903000000.0,0,812.435,
3,FMCC,ART,2020-09-30,2020-10-29,2020-09-30,2021-07-29,1034000000,2454071000000,2308833250000.0,,,0.007,4.295,0.0,8074000000,8074000000,0.0,7005000000.0,,175.666,2423316000000,,,2423316000000,0,0.0,0,0.0,0.0,8810000000.0,8810000000.0,0.561,8810000000.0,8810000000.0,8810000000.0,-0.07,-0.07,-0.07,13891000000,10989750000.0,13891000000,2416431608504,274.0,274.283,15028000000.0,4.647,1.0,15694000000.0,1.0,0,0.0,4869313000000,4579355250000.0,0,2400060000000,,,2440180000000,,,1189608504,-634000000.0,0.0,0.0,-2145000000.0,0.0,-2236000000.0,-13426000000.0,-13763000000.0,15028000000.0,0.0,7005000000.0,7005000000.0,7005000000.0,0.0,0.0,0.446,5365000000.0,10329000000.0,6020000000,0.0,0.086,0.17,-26.143,0,7217000000.0,1.83,0.076,0.377,0,-70015000000,15694000000.0,15694000000.0,0.0,0.003,0.637,0.002,0.561,0.0,2576000000.0,1.0,650059292,3234000000,3234000000.0,4.853,2454071000000,5886000000,1805000000.0,0,758.835,
4,FMCC,ART,2020-06-30,2020-07-30,2020-06-30,2021-07-29,1048000000,2335655000000,2237877000000.0,,,0.006,3.538,0.0,7605000000,7605000000,0.0,6251000000.0,,203.13,2308301000000,,,2308301000000,0,0.0,0,0.0,0.0,7839000000.0,7839000000.0,0.553,7839000000.0,7839000000.0,7839000000.0,-0.11,-0.11,-0.11,11442000000,9185500000.0,11442000000,2301983117398,294.0,293.658,7015000000.0,2.169,1.0,14187000000.0,1.0,0,0.0,4636351000000,4439726250000.0,0,2287601000000,,,2324213000000,,,1287117398,4178000000.0,0.0,0.0,-33413000000.0,0.0,-33530000000.0,30693000000.0,30178000000.0,7015000000.0,0.0,6251000000.0,6251000000.0,6251000000.0,0.0,0.0,0.441,5156000000.0,9031000000.0,6246000000,0.0,0.112,0.206,-18.0,0,6616000000.0,1.98,0.091,0.451,0,-72478000000,14187000000.0,14187000000.0,0.0,0.003,0.681,0.002,0.553,0.0,2555000000.0,1.0,650059292,3234000000,3234000000.0,4.387,2335655000000,5698000000,1588000000.0,0,722.219,
5,FMCC,ART,2020-03-31,2020-04-30,2020-03-31,2021-07-29,887000000,2241984000000,2185088250000.0,,,0.006,2.939,0.0,24324000000,24324000000,0.0,5980000000.0,,234.899,2216135000000,,,2216135000000,0,0.0,0,0.0,0.0,7502000000.0,7502000000.0,0.558,7502000000.0,7502000000.0,7502000000.0,-0.16,-0.16,-0.16,9504000000,7531500000.0,9504000000,2192870596224,292.0,292.305,10714000000.0,3.313,1.0,13447000000.0,1.0,0,0.0,4433795000000,4337240500000.0,0,2174629000000,,,2232480000000,,,1059596224,18085000000.0,0.0,0.0,-65577000000.0,0.0,-67396000000.0,74767000000.0,74068000000.0,10714000000.0,0.0,5980000000.0,5980000000.0,5980000000.0,0.0,0.0,0.445,5458000000.0,7989000000.0,6271000000,0.0,0.111,0.177,-10.188,0,6504000000.0,1.63,0.079,0.392,0,-74255000000,13447000000.0,13447000000.0,0.0,0.003,0.794,0.002,0.558,0.0,2573000000.0,1.0,650059033,3234000000,3234000000.0,4.158,2241984000000,4629000000,1522000000.0,0,693.254,
6,FMCC,ART,2019-12-31,2020-02-13,2019-12-31,2021-07-29,438000000,2203623000000,2147819000000.0,,,0.007,2.821,0.0,5189000000,5189000000,0.0,7214000000.0,,240.572,2179528000000,,,2179528000000,0,0.0,0,0.0,0.0,9049000000.0,9049000000.0,0.643,9049000000.0,9049000000.0,9049000000.0,-0.18,-0.18,-0.18,9122000000,6321750000.0,9122000000,2176432190086,241.0,240.516,12197000000.0,3.771,1.0,14078000000.0,1.0,0,0.0,4377962000000,4268862250000.0,0,2162869000000,,,2194501000000,,,2093190086,-2084000000.0,0.0,0.0,-59161000000.0,0.0,-62433000000.0,48152000000.0,47494000000.0,12197000000.0,0.0,7214000000.0,7214000000.0,7214000000.0,0.0,0.0,0.512,5775000000.0,8303000000.0,6559000000,0.0,0.229,0.29,-17.889,0,7787000000.0,3.22,0.149,0.74,0,-74188000000,14078000000.0,14078000000.0,0.0,0.003,1.141,0.002,0.643,0.0,2564000000.0,1.0,650059033,3234000000,3234000000.0,4.353,2203623000000,5918000000,1835000000.0,0,681.392,
7,FMCC,ART,2019-09-30,2019-10-30,2019-09-30,2021-07-29,582000000,2170246000000,2112678250000.0,,,0.006,2.064,0.0,8708000000,8708000000,0.0,5722000000.0,,324.179,2149259000000,,,2149259000000,0,0.0,0,0.0,0.0,7192000000.0,7192000000.0,0.562,7192000000.0,7192000000.0,7192000000.0,-0.33,-0.33,-0.33,6674000000,5160500000.0,6674000000,2142475174738,298.0,297.897,1183000000.0,0.366,1.0,12788000000.0,1.0,0,0.0,4310797000000,4199556000000.0,0,2123251000000,,,2163572000000,,,1924174738,1670000000.0,0.0,0.0,-60162000000.0,0.0,-65948000000.0,66435000000.0,65937000000.0,1183000000.0,0.0,5722000000.0,5722000000.0,5722000000.0,0.0,0.0,0.447,5596000000.0,7192000000.0,6688000000,0.0,0.288,0.336,-8.97,0,6818000000.0,2.96,0.15,0.749,0,-76780000000,12788000000.0,12788000000.0,0.0,0.003,1.109,0.002,0.562,0.0,2463000000.0,1.0,650059033,3234000000,3234000000.0,3.954,2170246000000,5784000000,1470000000.0,0,671.072,
8,FMCC,ART,2019-06-30,2019-07-31,2019-06-30,2021-07-29,443000000,2124500000000,2085981000000.0,,,0.007,1.492,0.0,3427000000,3427000000,0.0,6719000000.0,,439.22,2105335000000,,,2105335000000,0,0.0,0,0.0,0.0,8318000000.0,8318000000.0,0.608,8318000000.0,8318000000.0,8318000000.0,-0.24,-0.24,-0.24,4826000000,4881750000.0,4826000000,2103370632824,253.0,252.87,2790000000.0,0.863,1.0,13691000000.0,1.0,0,0.0,4226408000000,4146459000000.0,0,2088169000000,,,2119674000000,,,1462632824,-3325000000.0,0.0,0.0,-54541000000.0,0.0,-61881000000.0,55766000000.0,55208000000.0,2790000000.0,0.0,6719000000.0,6719000000.0,6719000000.0,0.0,0.0,0.491,5373000000.0,8318000000.0,6874000000,0.0,0.303,0.218,-9.375,0,7529000000.0,2.25,0.107,0.531,0,-78489000000,13691000000.0,13691000000.0,0.0,0.003,1.376,0.002,0.608,0.0,2412000000.0,1.0,650059033,3234000000,3234000000.0,4.233,2124500000000,6416000000,1599000000.0,0,656.926,
9,FMCC,ART,2019-03-31,2019-05-01,2019-03-31,2021-07-29,123000000,2092907000000,2065289000000.0,,,0.007,1.442,0.0,6239000000,6239000000,0.0,7716000000.0,,447.64,2073614000000,,,2073614000000,0,0.0,0,0.0,0.0,9565000000.0,9565000000.0,0.656,9565000000.0,9565000000.0,9565000000.0,0.14,0.14,0.14,4665000000,4821500000.0,4665000000,2068922140499,216.0,216.301,305000000.0,0.094,1.0,14570000000.0,1.0,0,0.0,4160282000000,4103892500000.0,0,2058864000000,,,2088242000000,,,1547140499,-2378000000.0,0.0,0.0,-62314000000.0,0.0,-67938000000.0,65255000000.0,59675000000.0,305000000.0,0.0,7716000000.0,7716000000.0,7716000000.0,0.0,0.0,0.53,5005000000.0,9565000000.0,6558000000,0.0,0.332,0.201,17.0,0,7288000000.0,2.38,0.106,0.528,0,-78330000000,14570000000.0,14570000000.0,0.0,0.004,1.6,0.002,0.656,0.0,2351000000.0,1.0,650059033,3234000000,3234000000.0,4.505,2092907000000,6819000000,1849000000.0,0,647.157,
10,FMCC,ART,2018-12-31,2019-02-14,2018-12-31,2021-07-29,-135000000,2063060000000,2047683000000.0,,,0.008,1.384,0.0,7273000000,7273000000,0.0,9235000000.0,,459.813,2044950000000,,,2044950000000,0,0.0,0,0.0,0.0,11474000000.0,11474000000.0,0.704,11474000000.0,11474000000.0,11474000000.0,1.12,1.12,1.12,4477000000,4192750000.0,4477000000,2039276144586,178.0,177.73,674000000.0,0.208,1.0,16301000000.0,1.0,0,0.0,4100737000000,4068490250000.0,0,2031195000000,,,2058583000000,,,1599144586,-2538000000.0,0.0,0.0,-119025000000.0,0.0,-122860000000.0,119648000000.0,118884000000.0,674000000.0,0.0,9235000000.0,9235000000.0,9235000000.0,0.0,0.0,0.567,4827000000.0,11474000000.0,6652000000,0.0,0.357,0.173,2.196,0,5623000000.0,2.46,0.098,0.488,0,-78260000000,16301000000.0,16301000000.0,0.0,0.005,2.203,0.003,0.704,0.0,2293000000.0,1.0,650058775,3234000000,3234000000.0,5.041,2063060000000,6888000000,2239000000.0,0,637.928,
11,FMCC,ART,2018-09-30,2018-10-31,2018-09-30,2021-07-29,-513000000,2063457000000,2044362000000.0,,,0.009,1.719,0.0,7038000000,7038000000,0.0,5214000000.0,,370.192,2041990000000,,,2041990000000,0,0.0,0,0.0,0.0,13903000000.0,13903000000.0,0.747,13903000000.0,13903000000.0,13903000000.0,0.33,0.33,0.33,5559000000,2995500000.0,5559000000,2035777574644,146.0,146.427,2495000000.0,0.771,1.0,18612000000.0,1.0,0,0.0,4098409000000,4061954750000.0,0,2027367000000,,,2057898000000,,,825574644,-4108000000.0,0.0,0.0,-118292000000.0,0.0,-121817000000.0,115214000000.0,119605000000.0,2495000000.0,0.0,5214000000.0,5214000000.0,5214000000.0,0.0,0.0,0.28,4709000000.0,13903000000.0,6418000000,0.0,0.149,0.158,3.848,0,4143000000.0,1.27,0.044,0.221,0,-76800000000,18612000000.0,18612000000.0,0.0,0.003,1.741,0.003,0.747,0.0,2205000000.0,1.0,650058775,3234000000,3234000000.0,5.755,2063457000000,7876000000,8689000000.0,0,638.051,
12,FMCC,ART,2018-06-30,2018-07-31,2018-06-30,2021-07-29,-366000000,2041732000000,2036161750000.0,,,0.011,1.418,0.0,6752000000,6752000000,0.0,7179000000.0,,444.307,2021162000000,,,2021162000000,0,0.0,0,0.0,0.0,17831000000.0,17831000000.0,0.796,17831000000.0,17831000000.0,17831000000.0,0.29,0.29,0.29,4585000000,2918250000.0,4585000000,2015398089338,113.0,113.028,7646000000.0,2.364,1.0,22397000000.0,1.0,0,0.0,4056142000000,4043444250000.0,0,2004721000000,,,2037147000000,,,988089338,-2877000000.0,0.0,0.0,-150258000000.0,0.0,-154184000000.0,143661000000.0,160254000000.0,7646000000.0,0.0,7179000000.0,7179000000.0,7179000000.0,0.0,0.0,0.321,4566000000.0,17831000000.0,6377000000,0.0,0.216,0.138,5.241,0,6234000000.0,1.52,0.044,0.219,0,-77922000000,22397000000.0,22397000000.0,0.0,0.004,2.46,0.004,0.796,0.0,2160000000.0,1.0,650058775,3234000000,3234000000.0,6.925,2041732000000,8299000000,10652000000.0,0,631.333,
13,FMCC,ART,2018-03-31,2018-05-01,2018-03-31,2021-07-29,-298000000,2022483000000,2031418000000.0,,,0.011,0.665,0.0,8617000000,8617000000,0.0,6340000000.0,,939.69,2004807000000,,,2004807000000,0,0.0,0,0.0,0.0,17187000000.0,17187000000.0,0.795,17187000000.0,17187000000.0,17187000000.0,-0.09,-0.09,-0.09,2150000000,2418500000.0,2150000000,1997080580522,116.0,116.197,10051000000.0,3.108,1.0,21616000000.0,1.0,0,0.0,4018673000000,4034607000000.0,0,1986134000000,,,2020333000000,,,890580522,-5025000000.0,0.0,0.0,-176627000000.0,0.0,-182789000000.0,167713000000.0,199738000000.0,10051000000.0,0.0,6340000000.0,6340000000.0,6340000000.0,0.0,0.0,0.293,4429000000.0,17187000000.0,6058000000,0.0,0.414,0.14,-15.222,0,6635000000.0,1.37,0.041,0.205,0,-80424000000,21616000000.0,21616000000.0,0.0,0.003,2.621,0.004,0.795,0.0,2115000000.0,1.0,650058775,3234000000,3234000000.0,6.684,2022483000000,8313000000,10847000000.0,0,625.381,
14,FMCC,ART,2017-12-31,2018-02-15,2017-12-31,2021-07-29,389000000,2049776000000,2033874250000.0,,,0.01,-0.096,0.0,9811000000,9811000000,0.0,5625000000.0,,-6570.795,2034630000000,,,2034630000000,0,0.0,0,0.0,0.0,16834000000.0,16834000000.0,0.797,16834000000.0,16834000000.0,16834000000.0,-1.0,-1.0,-1.0,-312000000,2589500000.0,-312000000,2025872088664,120.0,120.344,5462000000.0,1.689,1.0,21117000000.0,1.0,0,0.0,4074595000000,4039497750000.0,0,2011813000000,,,2050088000000,,,1053088664,-5521000000.0,0.0,0.0,-151479000000.0,0.0,-162427000000.0,151444000000.0,178575000000.0,5462000000.0,0.0,5625000000.0,5625000000.0,5625000000.0,0.0,0.0,0.266,4283000000.0,16834000000.0,6221000000,0.0,-3.375,0.187,-1.62,0,8869000000.0,1.62,0.05,0.248,0,-83261000000,21117000000.0,21117000000.0,0.0,0.003,2.172,0.004,0.797,0.0,2106000000.0,1.0,650054731,3234000000,3234000000.0,6.53,2049776000000,8107000000,11209000000.0,0,633.821,
15,FMCC,ART,2017-09-30,2017-10-31,2017-09-30,2021-07-29,780000000,2030656000000,2027274250000.0,,,0.012,1.623,0.0,15867000000,15867000000,0.0,13393000000.0,,385.792,2009578000000,,,2009578000000,0,0.0,0,0.0,0.0,20375000000.0,20375000000.0,0.829,20375000000.0,20375000000.0,20375000000.0,0.02,0.02,0.02,5250000000,3936250000.0,5250000000,1995719669119,98.0,97.949,5668000000.0,1.753,1.0,24568000000.0,1.0,0,0.0,4024367000000,4021639000000.0,0,1979947000000,,,2025406000000,,,2008669119,4243000000.0,0.0,0.0,-174984000000.0,0.0,-185994000000.0,184569000000.0,207176000000.0,5668000000.0,0.0,13393000000.0,13393000000.0,13393000000.0,0.0,0.0,0.545,4193000000.0,20375000000.0,5990000000,0.0,0.383,0.15,154.5,0,13345000000.0,3.09,0.082,0.407,0,-78092000000,24568000000.0,24568000000.0,0.0,0.007,3.402,0.005,0.829,0.0,2132000000.0,1.0,650054731,3234000000,3234000000.0,7.597,2030656000000,14576000000,6982000000.0,0,627.908,
16,FMCC,ART,2017-06-30,2017-08-01,2017-06-30,2021-07-29,801000000,2022757000000,2023425750000.0,,,0.01,0.8,0.0,11130000000,11130000000,0.0,11051000000.0,,781.195,2009166000000,,,2009166000000,0,0.0,0,0.0,0.0,16510000000.0,16510000000.0,0.8,16510000000.0,16510000000.0,16510000000.0,0.02,0.02,0.02,2586000000,3501250000.0,2586000000,1999661136828,121.0,121.118,2026000000.0,0.626,1.0,20631000000.0,1.0,0,0.0,4020793000000,4013555250000.0,0,1979683000000,,,2020171000000,,,1625136828,-1474000000.0,0.0,0.0,-161414000000.0,0.0,-171371000000.0,167871000000.0,190640000000.0,2026000000.0,0.0,11051000000.0,11051000000.0,11051000000.0,0.0,0.0,0.536,4121000000.0,16510000000.0,6090000000,0.0,0.628,0.147,125.0,0,11005000000.0,2.5,0.079,0.392,0,-80777000000,20631000000.0,20631000000.0,0.0,0.005,3.156,0.004,0.8,0.0,2106000000.0,1.0,650054731,3234000000,3234000000.0,6.379,2022757000000,14751000000,5459000000.0,0,625.466,
17,FMCC,ART,2017-03-31,2017-05-02,2017-03-31,2021-07-29,479000000,2032308000000,2014345750000.0,,,0.01,0.876,0.0,12516000000,12516000000,0.0,10380000000.0,,716.116,2018444000000,,,2018444000000,0,0.0,0,0.0,0.0,15468000000.0,15468000000.0,0.792,15468000000.0,15468000000.0,15468000000.0,0.14,0.14,0.14,2834000000,3388000000.0,2834000000,2007585639564,130.0,129.79,8999000000.0,2.783,1.0,19518000000.0,1.0,0,0.0,4038236000000,3991607250000.0,0,1988069000000,,,2029474000000,,,1657639564,4521000000.0,0.0,0.0,-143784000000.0,0.0,-151507000000.0,147029000000.0,165631000000.0,8999000000.0,0.0,10380000000.0,10380000000.0,10380000000.0,0.0,0.0,0.532,4050000000.0,15468000000.0,5897000000,0.0,0.585,0.16,18.214,0,9952000000.0,2.55,0.085,0.423,0,-80207000000,19518000000.0,19518000000.0,0.0,0.005,3.064,0.004,0.792,0.0,2068000000.0,1.0,650054731,3234000000,3234000000.0,6.035,2032308000000,15806000000,5088000000.0,0,628.419,
18,FMCC,ART,2016-12-31,2017-02-16,2016-12-31,2021-07-29,456000000,2023376000000,1998543750000.0,,,0.008,1.569,0.0,22220000000,22220000000,0.0,7815000000.0,,397.695,2002004000000,,,2002004000000,0,0.0,0,0.0,0.0,11639000000.0,11639000000.0,0.742,11639000000.0,11639000000.0,11639000000.0,0.03,0.03,0.03,5075000000,2929500000.0,5075000000,1982384215452,170.0,170.323,4859000000.0,1.502,1.0,15682000000.0,1.0,0,0.0,4003160000000,3957520500000.0,0,1966845000000,,,2018301000000,,,2600215452,6774000000.0,0.0,0.0,-162324000000.0,0.0,-167313000000.0,169228000000.0,193114000000.0,4859000000.0,0.0,7815000000.0,7815000000.0,7815000000.0,0.0,0.0,0.498,4043000000.0,11639000000.0,6015000000,0.0,0.512,0.333,133.333,0,7718000000.0,4.0,0.166,0.825,0,-77941000000,15682000000.0,15682000000.0,0.0,0.004,2.668,0.003,0.742,0.0,2005000000.0,1.0,650053863,3234000000,3234000000.0,4.849,2023376000000,15818000000,3824000000.0,0,625.657,
19,FMCC,ART,2016-09-30,2016-11-01,2016-09-30,2021-07-29,1428000000,2015262000000,1989212250000.0,,,0.006,1.085,0.0,23071000000,23071000000,0.0,5126000000.0,,573.149,1999841000000,,,1999841000000,0,0.0,0,0.0,0.0,7353000000.0,7353000000.0,0.647,7353000000.0,7353000000.0,7353000000.0,0.05,0.05,0.05,3510000000,2395750000.0,3510000000,1977810074925,269.0,268.98,9562000000.0,2.957,1.0,11369000000.0,1.0,0,0.0,3992032000000,3940817750000.0,0,1955001000000,,,2011752000000,,,1040074925,-1060000000.0,0.0,0.0,-128460000000.0,0.0,-131139000000.0,120517000000.0,146658000000.0,9562000000.0,0.0,5126000000.0,5126000000.0,5126000000.0,0.0,0.0,0.451,4016000000.0,7353000000.0,5890000000,0.0,0.296,0.203,32.0,1272000000,4983000000.0,1.6,0.091,0.455,0,-80478000000,11369000000.0,11369000000.0,0.0,0.003,2.14,0.002,0.647,0.0,1931000000.0,1.0,650046828,3234000000,3234000000.0,3.515,2015262000000,18730000000,2227000000.0,0,623.148,
20,FMCC,ART,2016-06-30,2016-08-02,2016-06-30,2021-07-29,1447000000,1986437000000,1975933500000.0,,,0.004,0.66,0.0,25539000000,25539000000,0.0,2322000000.0,,930.288,1972103000000,,,1972103000000,0,0.0,0,0.0,0.0,3359000000.0,3359000000.0,0.449,3359000000.0,3359000000.0,3359000000.0,-0.11,-0.11,-0.11,2133000000,1843000000.0,2133000000,1947708082417,580.0,579.848,6482000000.0,2.004,1.0,7489000000.0,1.0,0,0.0,3933001000000,3905482250000.0,0,1924322000000,,,1984304000000,,,1144082417,2679000000.0,0.0,0.0,-139250000000.0,0.0,-144909000000.0,141106000000.0,154400000000.0,6482000000.0,0.0,2322000000.0,2322000000.0,2322000000.0,0.0,0.0,0.31,4130000000.0,3359000000.0,6057000000,0.0,0.536,0.493,-16.0,1381000000,2673000000.0,1.76,0.153,0.76,0,-81874000000,7489000000.0,7489000000.0,0.0,0.001,1.26,0.001,0.449,0.0,1898000000.0,1.0,650046828,3234000000,3234000000.0,2.316,1986437000000,18671000000,1037000000.0,0,614.235,
21,FMCC,ART,2016-03-31,2016-05-03,2016-03-31,2021-07-29,1307000000,1969100000000,1966189750000.0,,,0.006,0.309,0.0,22829000000,22829000000,0.0,5498000000.0,,1968.1,1955618000000,,,1955618000000,0,0.0,0,0.0,0.0,7978000000.0,7978000000.0,0.64,7978000000.0,7978000000.0,7978000000.0,-0.05,-0.05,-0.05,1000000000,2738000000.0,1000000000,1933835575393,242.0,242.396,-1513000000.0,-0.468,1.0,12462000000.0,1.0,0,0.0,3901889000000,3876041250000.0,0,1911140000000,,,1968100000000,,,1046575393,-4249000000.0,0.0,0.0,-182615000000.0,0.0,-189020000000.0,186284000000.0,206372000000.0,-1513000000.0,0.0,5498000000.0,5498000000.0,5498000000.0,0.0,0.0,0.441,4484000000.0,7978000000.0,6047000000,0.0,1.047,0.19,-32.2,1571000000,5653000000.0,1.61,0.084,0.418,0,-82867000000,12462000000.0,12462000000.0,0.0,0.003,2.008,0.002,0.64,0.0,1924000000.0,1.0,650046828,3234000000,3234000000.0,3.853,1969100000000,18123000000,2480000000.0,0,608.874,
22,FMCC,ART,2015-12-31,2016-02-18,2015-12-31,2021-07-29,1153000000,1986050000000,1961815500000.0,,,0.007,0.909,0.0,20128000000,20128000000,0.0,6376000000.0,,674.527,1970427000000,,,1970427000000,0,0.0,0,0.0,0.0,9274000000.0,9274000000.0,0.662,9274000000.0,9274000000.0,9274000000.0,-0.01,-0.01,-0.01,2940000000,3124500000.0,2940000000,1951189562968,210.0,210.394,-934000000.0,-0.289,1.0,14012000000.0,1.0,0,0.0,3936349000000,3855811500000.0,0,1932447000000,,,1983110000000,,,890562968,-5333000000.0,0.0,0.0,-177830000000.0,0.0,-183345000000.0,178946000000.0,194018000000.0,-934000000.0,0.0,6376000000.0,6376000000.0,6376000000.0,0.0,0.0,0.455,4738000000.0,9274000000.0,6183000000,0.0,0.303,0.14,-137.0,1725000000,6399000000.0,1.37,0.064,0.316,0,-80773000000,14012000000.0,14012000000.0,0.0,0.003,2.041,0.002,0.662,0.0,1927000000.0,1.0,650045962,3235000000,3235000000.0,4.331,1986050000000,18205000000,2898000000.0,0,613.926,
23,FMCC,ART,2015-09-30,2015-11-03,2015-09-30,2021-07-29,1670000000,1962147000000,1951687750000.0,,,0.006,0.402,0.0,58846000000,58846000000,0.0,4445000000.0,,1509.506,1947389000000,,,1947389000000,0,0.0,0,0.0,0.0,6362000000.0,6362000000.0,0.59,6362000000.0,6362000000.0,6362000000.0,-0.33,-0.33,-0.33,1299000000,3052250000.0,1299000000,1889992602495,297.0,297.075,-7872000000.0,-2.434,1.0,10784000000.0,1.0,0,0.0,3850690000000,3822653000000.0,0,1867851000000,,,1960848000000,,,1449602495,-11191000000.0,0.0,0.0,-181518000000.0,0.0,-189819000000.0,186500000000.0,199700000000.0,-7872000000.0,0.0,4445000000.0,4445000000.0,4445000000.0,0.0,0.0,0.412,4422000000.0,6362000000.0,6135000000,0.0,1.116,0.326,-6.758,1795000000,5510000000.0,2.23,0.134,0.669,0,-82931000000,10784000000.0,10784000000.0,0.0,0.002,1.456,0.002,0.59,0.0,1905000000.0,1.0,650045962,3234000000,3234000000.0,3.335,1962147000000,17817000000,1917000000.0,0,606.724,
24,FMCC,ART,2015-06-30,2015-08-04,2015-06-30,2021-07-29,1696000000,1947462000000,1941847000000.0,,,0.007,1.767,0.0,61294000000,61294000000,0.0,7001000000.0,,339.883,1929069000000,,,1929069000000,0,0.0,0,0.0,0.0,10068000000.0,10068000000.0,0.709,10068000000.0,10068000000.0,10068000000.0,-0.4,-0.4,-0.4,5713000000,4024000000.0,5713000000,1869270102943,186.0,185.664,-5409000000.0,-1.673,1.0,14207000000.0,1.0,0,0.0,3815237000000,3803461500000.0,0,1850371000000,,,1941749000000,,,1495102943,799000000.0,0.0,0.0,-189537000000.0,0.0,-195816000000.0,202024000000.0,217571000000.0,-5409000000.0,0.0,7001000000.0,7001000000.0,7001000000.0,0.0,0.0,0.493,4139000000.0,10068000000.0,6239000000,0.0,0.262,0.214,-5.75,1978000000,8296000000.0,2.3,0.105,0.524,0,-78543000000,14207000000.0,14207000000.0,0.0,0.004,1.74,0.003,0.709,0.0,1912000000.0,1.0,650044758,3234000000,3234000000.0,4.393,1947462000000,19545000000,3067000000.0,0,602.184,
25,FMCC,ART,2015-03-31,2015-05-05,2015-03-31,2021-07-29,1952000000,1951603000000,1934136000000.0,,,0.005,0.787,0.0,66262000000,66262000000,0.0,4194000000.0,,765.537,1935629000000,,,1935629000000,0,0.0,0,0.0,0.0,6025000000.0,6025000000.0,0.631,6025000000.0,6025000000.0,6025000000.0,-0.64,-0.64,-0.64,2546000000,3668250000.0,2546000000,1871180624875,311.0,310.569,1161000000.0,0.359,1.0,9555000000.0,1.0,0,0.0,3820970000000,3790580000000.0,0,1848911000000,,,1949057000000,,,1813624875,-204000000.0,0.0,0.0,-162598000000.0,0.0,-172631000000.0,171266000000.0,171446000000.0,1161000000.0,0.0,4194000000.0,4194000000.0,4194000000.0,0.0,0.0,0.439,3530000000.0,6025000000.0,6135000000,0.0,0.712,0.432,-4.359,2294000000,6273000000.0,2.79,0.19,0.945,0,-81966000000,9555000000.0,9555000000.0,0.0,0.002,1.143,0.002,0.631,0.0,1864000000.0,1.0,650044758,3236000000,3236000000.0,2.953,1951603000000,19388000000,1831000000.0,0,603.091,
26,FMCC,ART,2014-12-31,2015-02-19,2014-12-31,2021-07-29,1730000000,1945539000000,1926619750000.0,,,0.007,0.819,0.0,71366000000,71366000000,0.0,7690000000.0,,732.889,1929542000000,,,1929542000000,0,0.0,0,0.0,0.0,11002000000.0,11002000000.0,0.781,11002000000.0,11002000000.0,11002000000.0,-0.72,-0.72,-0.72,2651000000,4756500000.0,2651000000,1860080628624,169.0,169.067,8885000000.0,2.746,1.0,14092000000.0,1.0,0,0.0,3803715000000,3778601750000.0,0,1838389000000,,,1942888000000,,,1904628624,-353000000.0,0.0,0.0,-194889000000.0,0.0,-214506000000.0,205268000000.0,193960000000.0,8885000000.0,0.0,7690000000.0,7690000000.0,7690000000.0,0.0,0.0,0.546,3090000000.0,11002000000.0,6325000000,0.0,0.718,0.248,-4.069,2558000000,10026000000.0,2.93,0.135,0.673,0,-81639000000,14092000000.0,14092000000.0,0.0,0.004,1.617,0.003,0.781,0.0,1881000000.0,1.0,650043899,3236000000,3236000000.0,4.355,1945539000000,19498000000,3312000000.0,0,601.217,
27,FMCC,ART,2014-09-30,2014-11-06,2014-09-30,2021-07-29,1706000000,1922784000000,1931750250000.0,,,0.012,1.603,0.0,52411000000,52411000000,0.0,16076000000.0,,369.764,1903551000000,,,1903551000000,0,0.0,0,0.0,0.0,20181000000.0,20181000000.0,0.884,20181000000.0,20181000000.0,20181000000.0,-1.09,-1.09,-1.09,5186000000,7302500000.0,5186000000,1852557088052,92.0,91.797,20485000000.0,6.33,1.0,22838000000.0,1.0,0,0.0,3773924000000,3782893750000.0,0,1835079000000,,,1917598000000,,,1417088052,6659000000.0,0.0,0.0,-218141000000.0,0.0,-265407000000.0,251581000000.0,234526000000.0,20485000000.0,0.0,16076000000.0,16076000000.0,16076000000.0,0.0,0.0,0.704,2657000000.0,20181000000.0,6217000000,0.0,0.273,0.088,-2.0,2911000000,19610000000.0,2.18,0.062,0.309,0,-79080000000,22838000000.0,22838000000.0,0.0,0.008,2.201,0.005,0.884,0.0,1867000000.0,1.0,650040391,3236000000,3236000000.0,7.057,1922784000000,18481000000,4105000000.0,0,594.185,
28,FMCC,ART,2014-06-30,2014-08-07,2014-06-30,2021-07-29,1001000000,1916618000000,1946500500000.0,,,0.013,1.326,0.0,51582000000,51582000000,0.0,44481000000.0,,445.764,1898675000000,,,1898675000000,0,0.0,0,0.0,0.0,23670000000.0,23670000000.0,0.907,23670000000.0,23670000000.0,23670000000.0,-0.85,-0.85,-0.85,4290000000,14365000000.0,4290000000,1849712662776,78.0,78.146,23144000000.0,7.152,1.0,26088000000.0,1.0,0,0.0,3763711000000,3804675750000.0,0,1826947000000,,,1912328000000,,,2619662776,-9205000000.0,0.0,0.0,-253564000000.0,0.0,-303297000000.0,270948000000.0,256948000000.0,23144000000.0,0.0,44481000000.0,44481000000.0,44481000000.0,0.0,0.0,1.705,2418000000.0,23670000000.0,6507000000,0.0,0.611,0.059,-4.741,3677000000,47260000000.0,4.03,0.1,0.5,0,-79271000000,26088000000.0,26088000000.0,0.0,0.023,3.096,0.006,0.907,0.0,1850000000.0,1.0,650040391,3236000000,3236000000.0,8.062,1916618000000,19752000000,-20811000000.0,0,592.28,
29,FMCC,ART,2014-03-31,2014-05-08,2014-03-31,2021-07-29,473000000,1921538000000,1959225500000.0,,,0.015,2.131,0.0,48806000000,48806000000,0.0,48107000000.0,,277.524,1900325000000,,,1900325000000,0,0.0,0,0.0,0.0,26582000000.0,26582000000.0,0.922,26582000000.0,26582000000.0,26582000000.0,-0.5,-0.5,-0.5,6899000000,15131750000.0,6899000000,1854184165603,70.0,69.753,20789000000.0,6.422,1.0,28818000000.0,1.0,0,0.0,3773057000000,3828336000000.0,0,1830655000000,,,1914639000000,,,2665165603,-17122000000.0,0.0,0.0,-321408000000.0,0.0,-373614000000.0,335703000000.0,323467000000.0,20789000000.0,0.0,48107000000.0,48107000000.0,48107000000.0,0.0,0.0,1.669,2236000000.0,26582000000.0,6340000000,0.0,0.386,0.055,-8.2,4339000000,49727000000.0,4.1,0.092,0.461,0,-76134000000,28818000000.0,28818000000.0,0.0,0.025,3.179,0.007,0.922,0.0,1841000000.0,1.0,650040391,3237000000,3237000000.0,8.903,1921538000000,20710000000,-21525000000.0,0,593.617,
30,FMCC,ART,2013-12-31,2014-02-27,2013-12-31,2021-07-29,-6000000,1966061000000,1973687500000.0,,,0.014,3.964,0.0,85929000000,85929000000,0.0,48668000000.0,,152.18,1940751000000,,,1940751000000,0,0.0,0,0.0,0.0,25363000000.0,25363000000.0,0.924,25363000000.0,25363000000.0,25363000000.0,-1.09,-1.09,-1.09,12835000000,15899750000.0,12835000000,1857818682247,73.0,73.249,18532000000.0,5.723,1.0,27452000000.0,1.0,0,0.0,3820883000000,3851823750000.0,0,1838176000000,,,1953226000000,,,2996682247,2768000000.0,0.0,0.0,-359417000000.0,0.0,-407015000000.0,391251000000.0,377650000000.0,18532000000.0,0.0,48668000000.0,48668000000.0,48668000000.0,0.0,0.0,1.773,2089000000.0,25363000000.0,6803000000,0.0,0.233,0.062,-4.229,4551000000,52199000000.0,4.61,0.109,0.544,0,-69719000000,27452000000.0,27452000000.0,0.0,0.025,3.061,0.007,0.924,0.0,1805000000.0,1.0,650039533,3238047000,3238047000.0,8.478,1966061000000,22716000000,-23305000000.0,0,607.175,
31,FMCC,ART,2013-09-30,2013-11-07,2013-09-30,2021-07-29,-1228000000,1981785000000,1979636250000.0,,,0.011,10.327,0.0,56310000000,56310000000,0.0,44512000000.0,,58.271,1935577000000,,,1935577000000,0,0.0,0,0.0,0.0,19331000000.0,19331000000.0,0.894,19331000000.0,19331000000.0,19331000000.0,-1.51,-1.51,-1.51,33436000000,14897750000.0,33436000000,1880742589740,97.0,97.292,11654000000.0,3.599,1.0,21618000000.0,1.0,0,0.0,3861052000000,3870660500000.0,0,1882867000000,,,1948349000000,,,1475589740,1749000000.0,0.0,0.0,-450033000000.0,0.0,-469005000000.0,459100000000.0,456096000000.0,11654000000.0,0.0,44512000000.0,44512000000.0,44512000000.0,0.0,0.0,2.059,2287000000.0,19331000000.0,6504000000,0.0,0.044,0.033,-1.503,4368000000,49399000000.0,2.27,0.068,0.34,0,-47896000000,21618000000.0,21618000000.0,0.0,0.022,2.988,0.005,0.894,0.0,1753000000.0,1.0,650039533,3237771000,3237771000.0,6.677,1981785000000,23930000000,-25181000000.0,0,612.083,
32,FMCC,ART,2013-06-30,2013-08-07,2013-06-30,2021-07-29,-1179000000,1967518000000,1988315750000.0,,,0.009,2.272,0.0,55082000000,55082000000,0.0,16954000000.0,,266.435,1945916000000,,,1945916000000,0,0.0,0,0.0,0.0,15431000000.0,15431000000.0,0.876,15431000000.0,15431000000.0,15431000000.0,-1.18,-1.18,-1.18,7357000000,7765500000.0,7357000000,1891757056137,123.0,122.595,8309000000.0,2.566,1.0,17614000000.0,1.0,0,0.0,3858352000000,3893353500000.0,0,1889111000000,,,1960161000000,,,923056137,-5315000000.0,0.0,0.0,-499721000000.0,0.0,-516146000000.0,502522000000.0,493348000000.0,8309000000.0,0.0,16954000000.0,16954000000.0,16954000000.0,0.0,0.0,0.963,2183000000.0,15431000000.0,7151000000,0.0,0.125,0.054,-1.203,4051000000,20772000000.0,1.42,0.052,0.261,0,-74025000000,17614000000.0,17614000000.0,0.0,0.009,2.183,0.004,0.876,0.0,1699000000.0,1.0,650039533,3237825000,3237825000.0,5.44,1967518000000,0,-1523000000.0,0,607.667,
33,FMCC,ART,2013-03-31,2013-05-08,2013-03-31,2021-07-29,-548000000,1979386000000,2013020000000.0,,,0.008,3.078,0.0,68227000000,68227000000,0.0,14986000000.0,,197.514,1955849000000,,,1955849000000,0,0.0,0,0.0,0.0,13428000000.0,13428000000.0,0.858,13428000000.0,13428000000.0,13428000000.0,-1.0,-1.0,-1.0,9971000000,6197750000.0,9971000000,1888194034789,141.0,140.616,9022000000.0,2.785,1.0,15649000000.0,1.0,0,0.0,3867008000000,3940868250000.0,0,1888102000000,,,1969415000000,,,572034789,19164000000.0,0.0,0.0,-511211000000.0,0.0,-522456000000.0,532598000000.0,506656000000.0,9022000000.0,0.0,14986000000.0,14986000000.0,14986000000.0,0.0,0.0,0.958,2221000000.0,13428000000.0,6926000000,0.0,0.057,0.038,-0.88,4323000000,18223000000.0,0.88,0.037,0.182,0,-72042000000,15649000000.0,15649000000.0,0.0,0.007,2.418,0.003,0.858,0.0,1656000000.0,1.0,650039533,3238997000,3238997000.0,4.831,1979386000000,0,-1558000000.0,0,611.111,
34,FMCC,ART,2012-12-31,2013-02-28,2012-12-31,2021-07-29,-2938000000,1989856000000,2046909500000.0,,,0.006,2.724,0.0,60668000000,60668000000,0.0,10982000000.0,,224.428,1967042000000,,,1967042000000,0,0.0,0,0.0,0.0,9445000000.0,9445000000.0,0.812,9445000000.0,9445000000.0,9445000000.0,-0.64,-0.64,-0.64,8827000000,3700500000.0,8827000000,1906556010829,202.0,201.859,8466000000.0,2.613,1.0,11638000000.0,1.0,0,0.0,3896230000000,4012738000000.0,0,1903392000000,,,1981029000000,,,182010829,-19929000000.0,0.0,0.0,-515712000000.0,0.0,-522792000000.0,494397000000.0,480926000000.0,8466000000.0,0.0,10982000000.0,10982000000.0,10982000000.0,0.0,0.0,0.944,2193000000.0,9445000000.0,7710000000,0.0,0.021,0.017,-0.438,4378000000,13056000000.0,0.28,0.016,0.078,0,-70796000000,11638000000.0,11638000000.0,0.0,0.005,2.968,0.002,0.812,0.0,1561000000.0,1.0,650038674,3240028000,3240028000.0,3.592,1989856000000,778000000,-1537000000.0,0,614.148,
35,FMCC,ART,2012-09-30,2012-11-06,2012-09-30,2021-07-29,-4209000000,2016503000000,2086249500000.0,,,0.004,1.515,0.0,62347000000,62347000000,0.0,7144000000.0,,409.944,1997668000000,,,1997668000000,0,0.0,0,0.0,0.0,6714000000.0,6714000000.0,0.757,6714000000.0,6714000000.0,6714000000.0,0.01,0.01,0.01,4907000000,1457250000.0,4907000000,1935496509078,288.0,288.278,7095000000.0,2.19,1.0,8872000000.0,1.0,0,0.0,3951824000000,4091343000000.0,0,1929200000000,,,2011596000000,,,175509078,-10391000000.0,0.0,0.0,-484009000000.0,0.0,-484954000000.0,467468000000.0,450532000000.0,7095000000.0,0.0,7144000000.0,7144000000.0,7144000000.0,0.0,0.0,0.805,2158000000.0,6714000000.0,7528000000,0.0,0.036,0.025,27.0,4502000000,7079000000.0,0.27,0.02,0.099,0,-73445000000,8872000000.0,8872000000.0,0.0,0.003,4.902,0.002,0.757,0.0,1519000000.0,1.0,650033623,3239477000,3239477000.0,2.739,2016503000000,1551000000,-430000000.0,0,622.478,
36,FMCC,ART,2012-06-30,2012-08-07,2012-06-30,2021-07-29,-6911000000,2066335000000,2125207750000.0,,,0.001,0.335,0.0,68280000000,68280000000,0.0,-206000000.0,,1901.703,2050356000000,,,2050356000000,0,0.0,0,0.0,0.0,-390000000.0,-390000000.0,-0.197,-390000000.0,-390000000.0,-390000000.0,-2.2,-2.2,-2.2,1086000000,-1267250000.0,1086000000,1982264509751,-5083.0,-5082.73,9092000000.0,2.806,1.0,1982000000.0,1.0,0,0.0,4048411000000,4173469000000.0,0,1971814000000,,,2065249000000,,,188509751,1694000000.0,0.0,0.0,-432721000000.0,0.0,-432000000000.0,424602000000.0,432509000000.0,9092000000.0,0.0,-206000000.0,-206000000.0,-206000000.0,0.0,0.0,-0.104,2372000000.0,-390000000.0,8322000000,0.0,0.174,-0.915,-0.132,4809000000,6888000000.0,0.29,0.095,0.474,0,-74564000000,1982000000.0,1982000000.0,0.0,0.0,0.163,0.0,-0.197,0.0,1499000000.0,1.0,650033623,3239711000,3239711000.0,0.612,2066335000000,3053000000,-184000000.0,0,637.815,
37,FMCC,ART,2012-03-31,2012-05-03,2012-03-31,2021-07-29,-6783000000,2114944000000,2157572750000.0,,,-0.002,-0.006,0.0,60708000000,60708000000,0.0,-5365000000.0,,-117497.889,2100251000000,,,2100251000000,0,0.0,0,0.0,0.0,-5705000000.0,-5705000000.0,1.717,-5705000000.0,-5705000000.0,-5705000000.0,-3.73,-3.73,-3.73,-18000000,-1908250000.0,-18000000,2039731509751,-358.0,-357.534,7803000000.0,2.407,1.0,-3323000000.0,1.0,0,0.0,4154487000000,4241988250000.0,0,2027272000000,,,2114962000000,,,188509751,-25729000000.0,0.0,0.0,-413524000000.0,1605000000.0,-412641000000.0,379109000000.0,400715000000.0,7803000000.0,0.0,-5365000000.0,-5365000000.0,-5365000000.0,0.0,0.0,1.615,2382000000.0,-5705000000.0,8129000000,0.0,-10.473,-0.035,-0.078,5454000000,6697000000.0,0.29,-0.057,-0.283,0,-75775000000,-3323000000.0,-3323000000.0,0.0,-0.002,2.811,-0.001,1.717,0.0,1482000000.0,1.0,650033623,3241502000,3241502000.0,-1.025,2114944000000,2929000000,-340000000.0,0,652.458,
38,FMCC,ART,2011-12-31,2012-03-09,2011-12-31,2021-07-29,-7995000000,2147216000000,2190065750000.0,,,-0.001,-0.045,0.0,68549000000,68549000000,0.0,-5266000000.0,,-14707.959,2131983000000,,,2131983000000,0,0.0,0,0.0,0.0,-5666000000.0,-5666000000.0,1.78,-5666000000.0,-5666000000.0,-5666000000.0,-3.63,-3.63,-3.63,-146000000,-1594500000.0,-146000000,2063648412046,-364.0,-364.216,10320000000.0,3.18,1.0,-3183000000.0,1.0,0,0.0,4210650000000,4301526500000.0,0,2050866000000,,,2147362000000,,,214412046,-8570000000.0,0.0,0.0,-394005000000.0,0.0,-392578000000.0,373688000000.0,393640000000.0,10320000000.0,0.0,-5266000000.0,-5266000000.0,-5266000000.0,0.0,0.0,1.654,2483000000.0,-5666000000.0,8898000000,0.0,-1.469,-0.041,-0.091,5680000000,6498000000.0,0.33,-0.067,-0.336,0,-74525000000,-3183000000.0,-3183000000.0,0.0,-0.002,3.303,-0.001,1.78,0.0,1506000000.0,1.0,649733472,3244896000,3244896000.0,-0.981,2147216000000,3546000000,-400000000.0,0,661.721,
39,FMCC,ART,2011-09-30,2011-11-03,2011-09-30,2021-07-29,-8882000000,2172336000000,2218706750000.0,,,-0.002,-1.847,0.0,54465000000,54465000000,0.0,-5998000000.0,,-363.6,2162457000000,,,2162457000000,0,0.0,0,0.0,0.0,-6416000000.0,-6416000000.0,1.819,-6416000000.0,-6416000000.0,-6416000000.0,-3.84,-3.84,-3.84,-5991000000,-1658250000.0,-5991000000,2108154430645,-329.0,-328.578,9759000000.0,3.008,1.0,-3528000000.0,1.0,0,0.0,4280328000000,4352044250000.0,0,2089414000000,,,2178327000000,,,162430645,-9746000000.0,0.0,0.0,-419946000000.0,-5749000000.0,-424365000000.0,404860000000.0,424274000000.0,9759000000.0,0.0,-5998000000.0,-7601000000.0,-7601000000.0,0.0,0.0,2.154,2888000000.0,-6416000000.0,8603000000,0.0,-0.027,-0.021,-0.065,5630000000,6443000000.0,0.25,-0.046,-0.23,0,-73489000000,-3528000000.0,-3528000000.0,0.0,-0.003,4.584,-0.001,1.819,0.0,1514000000.0,1.0,649722580,3244496000,3244496000.0,-1.087,2172336000000,3909000000,-418000000.0,0,669.545,
40,FMCC,ART,2011-06-30,2011-08-08,2011-06-30,2021-07-29,-8928000000,2195795000000,2247805250000.0,,,-0.001,-0.455,0.0,53430000000,53430000000,0.0,-4087000000.0,,-1486.653,2180123000000,,,2180123000000,0,0.0,0,0.0,0.0,-4860000000.0,-4860000000.0,2.654,-4860000000.0,-4860000000.0,-4860000000.0,-3.23,-3.23,-3.23,-1478000000,-175000000.0,-1478000000,2126874918770,-438.0,-437.629,10992000000.0,3.387,1.0,-1831000000.0,1.0,0,0.0,4322488000000,4401832000000.0,0,2115663000000,,,2197273000000,,,181918770,-32189000000.0,0.0,0.0,-473583000000.0,-5749000000.0,-477731000000.0,434550000000.0,430087000000.0,10992000000.0,0.0,-4087000000.0,-7248000000.0,-7248000000.0,0.0,0.0,3.958,3029000000.0,-4860000000.0,9542000000,0.0,-0.123,-0.025,-0.087,5932000000,6383000000.0,0.28,-0.099,-0.496,0,-67449000000,-1831000000.0,-1831000000.0,0.0,-0.003,41.417,-0.001,2.654,0.0,1509000000.0,1.0,649709893,3244967000,3244967000.0,-0.564,2195795000000,3866000000,-773000000.0,0,676.677,
41,FMCC,ART,2011-03-31,2011-05-04,2011-03-31,2021-07-29,-9967000000,2244916000000,2284750500000.0,,,-0.002,0.381,0.0,78274000000,78274000000,0.0,-6661000000.0,,1813.807,2225998000000,,,2225998000000,0,0.0,0,0.0,0.0,-7488000000.0,-7488000000.0,1.654,-7488000000.0,-7488000000.0,-7488000000.0,-3.92,-3.92,-3.92,1237000000,-240000000.0,1237000000,2148003366022,-287.0,-286.859,11720000000.0,3.61,1.0,-4526000000.0,1.0,0,0.0,4392640000000,4464055250000.0,0,2139045000000,,,2243679000000,,,279366022,-21147000000.0,23000000.0,0.0,-462158000000.0,-6062000000.0,-455414000000.0,422547000000.0,418919000000.0,11720000000.0,0.0,-6661000000.0,-11118000000.0,-11118000000.0,0.0,0.0,2.456,2962000000.0,-7488000000.0,9392000000,0.0,0.226,-0.025,-0.11,6376000000,6062000000.0,0.43,-0.062,-0.308,0,-63693000000,-4526000000.0,-4526000000.0,0.0,-0.005,46.325,-0.002,1.654,0.0,1512000000.0,1.0,649688423,3246985000,3246985000.0,-1.394,2244916000000,4498000000,-827000000.0,0,691.385,
42,FMCC,ART,2010-12-31,2011-02-24,2010-12-31,2021-07-29,-12031000000,2261780000000,2313574000000.0,,,-0.005,-0.123,0.0,91647000000,91647000000,0.0,-14026000000.0,,-5641.349,2242588000000,,,2242588000000,0,0.0,0,0.0,0.0,-14881000000.0,-14881000000.0,1.245,-14881000000.0,-14881000000.0,-14881000000.0,-6.09,-6.09,-6.09,-401000000,-3202750000.0,-401000000,2151324017652,-145.0,-144.569,9861000000.0,3.035,1.0,-11950000000.0,1.0,0,0.0,4412721000000,4521228750000.0,0,2137934000000,,,2262181000000,,,383017652,-27671000000.0,0.0,0.0,-430669000000.0,-5749000000.0,-424132000000.0,386600000000.0,379201000000.0,9861000000.0,0.0,-14025000000.0,-19774000000.0,-19774000000.0,0.0,-1000000.0,1.655,2932000000.0,-14882000000.0,10286000000,0.0,-0.955,-0.019,-0.097,7068000000,5749000000.0,0.59,-0.032,-0.16,0,-62733000000,-11950000000.0,-11950000000.0,0.0,-0.009,6.174,-0.003,1.245,0.0,1546000000.0,1.0,649182461,3249369000,3249369000.0,-3.678,2261780000000,5543000000,-856000000.0,0,696.067,
43,FMCC,ART,2010-09-30,2010-11-03,2010-09-30,2021-07-29,-13300000000,2288730000000,1958575000000.0,,,-0.005,-0.018,0.0,79145000000,79145000000,0.0,-21370000000.0,,-39461.862,2269894000000,,,2269894000000,0,0.0,0,0.0,0.0,-21730000000.0,-21730000000.0,2.169,-21730000000.0,-21730000000.0,-21730000000.0,-8.24,-8.24,-8.24,-58000000,-2033000000.0,-58000000,2190989191180,-101.0,-100.828,8399000000.0,2.585,1.0,-10019000000.0,1.0,0,0.0,4479479000000,3805593000000.0,0,2174467000000,,,2288788000000,,,240191180,-27700000000.0,0.0,0.0,-322623000000.0,-1292000000.0,-315956000000.0,279857000000.0,265682000000.0,8399000000.0,0.0,-21370000000.0,-26808000000.0,-26808000000.0,0.0,0.0,2.676,10699000000.0,-20718000000.0,10097000000,0.0,-4.141,-0.009,-0.045,7511000000,5438000000.0,0.37,-0.024,-0.12,0,-61017000000,-10019000000.0,-10019000000.0,0.0,-0.014,13.186,-0.006,2.169,0.0,1621000000.0,1.0,649165351,3248794000,3248794000.0,-3.084,2288730000000,6134000000,-360000000.0,0,704.486,
44,FMCC,ART,2010-06-30,2010-08-09,2010-06-30,2021-07-29,-17247000000,2343576000000,1603042750000.0,,,-0.003,-0.535,0.0,98540000000,98540000000,0.0,-23872000000.0,,-1349.433,2326345000000,,,2326345000000,0,0.0,0,0.0,0.0,-23969000000.0,-23969000000.0,5.274,-23969000000.0,-23969000000.0,-23969000000.0,-8.93,-8.93,-8.93,-1738000000,559250000.0,-1738000000,2228064660053,-93.0,-92.956,9405000000.0,2.895,1.0,-4545000000.0,1.0,0,0.0,4571381000000,3086601750000.0,0,2212667000000,,,2345314000000,,,259660053,3015000000.0,0.0,0.0,-219995000000.0,-2583000000.0,-214822000000.0,208432000000.0,196924000000.0,9405000000.0,0.0,-23871000000.0,-29044000000.0,-29044000000.0,0.0,-1000000.0,6.39,17882000000.0,-22427000000.0,11228000000,0.0,-0.149,-0.009,-0.045,6298000000,5173000000.0,0.4,-0.057,-0.286,0,-56945000000,-4545000000.0,-4545000000.0,0.0,-0.018,-51.934,-0.008,5.274,0.0,1678000000.0,1.0,649150132,3249198000,3249198000.0,-1.399,2343576000000,7926000000,-98000000.0,0,721.278,
45,FMCC,ART,2010-03-31,2010-05-05,2010-03-31,2021-07-29,-21530000000,2360210000000,1240221250000.0,,,0.006,-3.265,0.0,90724000000,90724000000,0.0,-18392000000.0,,-223.359,2351848000000,,,2351848000000,0,0.0,0,0.0,0.0,-18386000000.0,-18386000000.0,-2.47,-18386000000.0,-18386000000.0,-18386000000.0,-7.19,-7.19,-7.19,-10614000000,3028000000.0,-10614000000,2262052222834,-123.0,-123.031,8208000000.0,2.525,1.0,7445000000.0,1.0,0,0.0,4621334000000,2361880750000.0,0,2236949000000,,,2370735000000,,,928222834,1691000000.0,-23000000.0,0.0,-199993000000.0,-5024000000.0,-199195000000.0,192678000000.0,186162000000.0,8208000000.0,0.0,-18390000000.0,-23409000000.0,-23409000000.0,0.0,-2000000.0,-3.144,23091000000.0,-15646000000.0,10764000000,0.0,-0.087,-0.04,-0.199,5468000000,5019000000.0,1.43,0.125,0.624,0,-50933000000,7445000000.0,7445000000.0,0.0,-0.019,-7.731,-0.008,-2.47,0.0,1674000000.0,1.0,649106877,3251295000,3251295000.0,2.29,2360210000000,10044000000,4000000.0,0,725.929,
46,FMCC,ART,2009-12-31,2010-03-04,2009-12-31,2021-07-29,-23648000000,841784000000,886906250000.0,,,0.016,1.315,0.0,72210000000,72210000000,0.0,-21554000000.0,,195.748,780604000000,,,780604000000,0,0.0,0,0.0,0.0,-22383000000.0,-22383000000.0,-1.561,-22383000000.0,-22383000000.0,-22383000000.0,-7.89,-7.89,-7.89,4278000000,4155500000.0,4278000000,709185021132,-32.0,-31.684,1288000000.0,0.396,1.0,14341000000.0,1.0,0,0.0,1550178000000,1648375250000.0,0,745463000000,,,837412000000,,,791021132,19357000000.0,0.0,0.0,-61947000000.0,-4105000000.0,-29494000000.0,47563000000.0,47137000000.0,1288000000.0,0.0,-21553000000.0,-25658000000.0,-25658000000.0,0.0,-1000000.0,-1.789,31971000000.0,-17630000000.0,0,0.0,0.185,-0.031,-0.155,4692000000,4105000000.0,1.22,0.055,0.277,6095000000,-33921000000,14341000000.0,14341000000.0,0.0,-0.029,-6.174,-0.014,-1.561,0.0,1651000000.0,1.0,648377977,3253836000,3253836000.0,4.407,841784000000,11101000000,-830000000.0,0,258.705,
47,FMCC,ART,2009-12-31,2010-02-24,2009-12-31,2021-07-29,-23648000000,841784000000,886906250000.0,,,0.016,1.315,0.0,72210000000,72210000000,0.0,-21554000000.0,,195.748,780604000000,,,780604000000,0,0.0,0,0.0,0.0,-22383000000.0,-22383000000.0,-1.561,-22383000000.0,-22383000000.0,-22383000000.0,-7.89,-7.89,-7.89,4278000000,4155500000.0,4278000000,709185021132,-32.0,-31.684,1288000000.0,0.396,1.0,14341000000.0,1.0,0,0.0,1550178000000,1648375250000.0,0,745463000000,,,837412000000,,,791021132,19357000000.0,0.0,0.0,-61947000000.0,-4105000000.0,-29494000000.0,47563000000.0,47137000000.0,1288000000.0,0.0,-21553000000.0,-25658000000.0,-25658000000.0,0.0,-1000000.0,-1.789,31971000000.0,-17630000000.0,0,0.0,0.185,-0.031,-0.155,4692000000,4105000000.0,1.22,0.055,0.277,6095000000,-33921000000,14341000000.0,14341000000.0,0.0,-0.029,-6.174,-0.014,-1.561,0.0,1651000000.0,1.0,648377977,3253836000,3253836000.0,4.407,841784000000,11101000000,-830000000.0,0,258.705,
48,FMCC,ART,2009-09-30,2009-11-06,2009-09-30,2021-07-29,-26355000000,866601000000,889201000000.0,,,-0.005,3.17,0.0,66868000000,66868000000,0.0,-37949000000.0,,83.037,803781000000,,,803781000000,0,0.0,0,0.0,0.0,-40184000000.0,-40184000000.0,8.847,-40184000000.0,-40184000000.0,-40184000000.0,-8.89,-8.89,-8.89,10311000000,-4596750000.0,10311000000,737710454514,-18.0,-18.358,-483000000.0,-0.148,1.0,-4542000000.0,1.0,0,0.0,1603514000000,1670219500000.0,0,773710000000,,,856195000000,,,797454514,5440000000.0,0.0,0.0,19831000000.0,-3821000000.0,67160000000.0,-61237000000.0,-56759000000.0,-483000000.0,0.0,-37947000000.0,-40926000000.0,-40926000000.0,0.0,-2000000.0,9.011,30691000000.0,-35233000000.0,0,0.0,0.077,-0.019,-0.138,4234000000,2979000000.0,1.23,-0.176,-0.881,6070000000,-25171000000,-4542000000.0,-4542000000.0,0.0,-0.046,8.903,-0.024,8.847,0.0,1584000000.0,1.0,648337003,3253172000,3253172000.0,-1.396,866601000000,12443000000,-2237000000.0,0,266.386,
49,FMCC,ART,2009-06-30,2009-08-07,2009-06-30,2021-07-29,-34815000000,892290000000,873648250000.0,,,-0.02,2.501,0.0,56771000000,56771000000,0.0,-58231000000.0,,108.647,836978000000,,,836978000000,0,0.0,0,0.0,0.0,-52347000000.0,-52347000000.0,3.015,-52347000000.0,-52347000000.0,-52347000000.0,-26.39,-26.39,-26.39,8137000000,-10623250000.0,8137000000,780686745814,-15.0,-14.914,-7479000000.0,-2.299,1.0,-17360000000.0,1.0,0,0.0,1672497000000,1649278500000.0,0,805081000000,,,884058000000,,,479745814,3109000000.0,0.0,0.0,3291000000.0,-2530000000.0,51785000000.0,-41197000000.0,-38341000000.0,-7479000000.0,0.0,-58230000000.0,-59922000000.0,-59922000000.0,0.0,-1000000.0,3.452,29230000000.0,-46590000000.0,0,0.0,0.059,-0.008,-0.028,3416000000,1692000000.0,0.74,-0.028,-0.139,6871000000,-18863000000,-17360000000.0,-17360000000.0,0.0,-0.069,5.641,-0.032,3.015,0.0,1459000000.0,1.0,648305154,3253716000,3253716000.0,-5.335,892290000000,16894000000,5883000000.0,0,274.237,
50,FMCC,ART,2009-03-31,2009-05-12,2009-03-31,2021-07-29,-28303000000,946950000000,870336500000.0,,,-0.027,-1.875,,89149000000,89149000000,0.0,-59819000000.0,,-156.12,909511000000,,,909511000000,0,,0,0.291,0.25,-54783000000.0,,,,-54783000000.0,-54783000000.0,-27.91,-27.91,-27.91,-6104000000,-9420500000.0,-6104000000,820919469881,-15.0,,,,1.0,-23137000000.0,1.0,0,0.0,1767312000000,1641946250000.0,0,832016000000,,,952958000000,,,557469881,,,,,,,,,,,-59819000000.0,-60601000000.0,-60601000000.0,0.0,0.0,2.619,26962000000.0,-50099000000.0,0,-0.009,-0.091,-0.009,-0.031,2948000000,782000000.0,0.86,-0.024,-0.121,6047000000,-33477000000,-23137000000.0,-23137000000.0,0.0,-0.07,6.433,-0.033,2.368,,1480000000.0,1.0,648220792,3255718000,3255718000.0,-7.107,946950000000,13282000000,5036000000.0,0,290.858,
51,FMCC,ART,2008-12-31,2009-03-11,2008-12-31,2021-07-29,-32357000000,850963000000,822665500000.0,,,-0.027,-20.933,0.0,56429000000,56429000000,0.0,-50119000000.0,,-28.688,843021000000,,,843021000000,0,0.0,0,1.19,0.5,-44569000000.0,-44569000000.0,1.992,-44569000000.0,-44569000000.0,-44569000000.0,-34.6,-34.6,-34.6,-30731000000,-2003500000.0,-30731000000,786863893180,-18.0,-17.655,-10498000000.0,-7.151,1.0,-22379000000.0,1.0,0,0.0,1637555000000,1560121500000.0,0,766797000000,,,881600000000,,,271893180,36752000000.0,0.0,0.0,106351000000.0,-1008000000.0,118321000000.0,-71071000000.0,-70214000000.0,-10498000000.0,0.0,-50119000000.0,-50795000000.0,-50795000000.0,0.0,0.0,2.27,19449000000.0,-41828000000.0,0,-0.014,-0.009,-0.005,-0.012,3255000000,676000000.0,0.42,-0.012,-0.028,6337000000,-23191000000,-22379000000.0,-22379000000.0,0.0,-0.062,25.353,-0.029,1.992,0.0,1505000000.0,1.0,647364714,1468062000,1468062000.0,-15.244,850963000000,15351000000,5550000000.0,0,579.651,
52,FMCC,ART,2008-09-30,2008-11-14,2008-09-30,2021-07-29,-25634000000,804390000000,,,,,-10.6,,68590000000,68590000000,,,,-59.303,783950000000,,,783950000000,0,,0,1.119,0.75,,,,,,,,,,-13795000000,,-13795000000,715793596284,,,,,1.0,,,0,,1519750000000,,0,711585000000,,,818090000000,,,433596284,,,,,,,,,,,,,,,,,,,0,,-0.031,,,3224000000,,0.67,,,5298000000,833000000,,,,,,,,,,1.0,647158633,1301430000,,,804390000000,11866000000,,0,618.082,
53,FMCC,ART,2008-06-30,2008-08-06,2008-06-30,2021-07-29,-24180000000,879043000000,,,,,20.016,,71687000000,71687000000,,,,66.88,835812000000,,,835812000000,0,,0,0.193,1.25,,,,,,,,,,12948000000,,12948000000,768324128395,,,,,1.0,,,0,,1643168000000,,0,776682000000,,,865964000000,,,4199128395,,,,,,,,,,,,,,,,,,,0,,0.324,,,2580000000,,6.49,,,6247000000,26128000000,,,,,,,,,,1.0,647015161,646868000,,,879043000000,18399000000,,0,1358.922,
54,FMCC,ART,2007-12-31,2008-07-18,2007-12-31,2021-07-29,-11143000000,794368000000,,,,,40.995,0.0,50237000000,50237000000,0.0,-3094000000.0,,28.718,738557000000,,,738557000000,0,0.0,0,0.136,1.25,-5977000000.0,-5977000000.0,-1.815,-5977000000.0,-5977000000.0,-5977000000.0,-5.37,-5.37,-5.37,26724000000,,26724000000,694259599178,-116.0,-116.155,-7350000000.0,-11.275,1.0,3293000000.0,1.0,0,0.0,1482688000000,,0,720204000000,,,767468000000,,,5939599178,-2785000000.0,0.0,-986000000.0,-8944000000.0,0.0,-4982000000.0,9547000000.0,9547000000.0,-7350000000.0,0.0,-3094000000.0,-3503000000.0,-3503000000.0,0.0,0.0,-1.064,5425000000.0,-2132000000.0,0,-0.233,0.222,-1.696,-1.709,1736000000,409000000.0,9.18,1.804,1.817,5003000000,26909000000,3293000000.0,3293000000.0,0.0,,,,-1.815,0.0,1674000000.0,1.0,647015161,651881000,651881000.0,5.052,794368000000,10304000000,-2883000000.0,0,1218.578,
