None,ticker,dimension,calendardate,datekey,reportperiod,lastupdated,accoci,assets,assetsavg,assetsc,assetsnc,assetturnover,bvps,capex,cashneq,cashnequsd,cor,consolinc,currentratio,de,debt,debtc,debtnc,debtusd,deferredrev,depamor,deposits,divyield,dps,ebit,ebitda,ebitdamargin,ebitdausd,ebitusd,ebt,eps,epsdil,epsusd,equity,equityavg,equityusd,ev,evebit,evebitda,fcf,fcfps,fxusd,gp,grossmargin,intangibles,intexp,invcap,invcapavg,inventory,investments,investmentsc,investmentsnc,liabilities,liabilitiesc,liabilitiesnc,marketcap,ncf,ncfbus,ncfcommon,ncfdebt,ncfdiv,ncff,ncfi,ncfinv,ncfo,ncfx,netinc,netinccmn,netinccmnusd,netincdis,netincnci,netmargin,opex,opinc,payables,payoutratio,pb,pe,pe1,ppnenet,prefdivis,price,ps,ps1,receivables,retearn,revenue,revenueusd,rnd,roa,roe,roic,ros,sbcomp,sgna,sharefactor,sharesbas,shareswa,shareswadil,sps,tangibles,taxassets,taxexp,taxliabilities,tbvps,workingcapital
0,FMCC,MRY,2020-12-31,2020-12-31,2020-12-31,2021-07-29,643000000.0,2627415000000.0,2414781250000.0,,,0.007,5.075,0.0,23889000000.0,23889000000.0,0.0,7326000000.0,,159.081,2592546000000.0,,,2592546000000.0,0.0,0.0,0.0,0.0,0.0,9229000000.0,9229000000.0,0.554,9229000000.0,9229000000.0,9229000000.0,0.01,0.01,0.01,16413000000.0,12812500000.0,16413000000.0,2416756638150.0,262.0,261.865,907000000.0,0.28,1.0,16659000000.0,1.0,0.0,0.0,5196072000000.0,4783882750000.0,0.0,2557675000000.0,,,2611002000000.0,,,1514638150.0,18700000000.0,0.0,0.0,101194000000.0,0.0,101148000000.0,-83355000000.0,-83334000000.0,907000000.0,0.0,7326000000.0,7326000000.0,7326000000.0,0.0,0.0,0.44,5978000000.0,10681000000.0,6210000000.0,0.0,0.092,0.207,233.0,0.0,7291000000.0,2.33,0.091,0.452,0.0,-67102000000.0,16659000000.0,16659000000.0,0.0,0.003,0.572,0.002,0.554,0.0,2535000000.0,1.0,650059292.0,3234000000,3234000000.0,5.151,2627415000000.0,6557000000.0,1903000000.0,0.0,812.435,
1,FMCC,MRY,2019-12-31,2019-12-31,2019-12-31,2021-07-29,438000000.0,2193780000000.0,2145358250000.0,,,0.007,2.821,0.0,5189000000.0,5189000000.0,0.0,7214000000.0,,239.493,2169685000000.0,,,2169685000000.0,0.0,0.0,0.0,0.0,0.0,9049000000.0,9049000000.0,0.643,9049000000.0,9049000000.0,9049000000.0,-0.18,-0.18,-0.18,9122000000.0,6321750000.0,9122000000.0,2142501177099.0,237.0,236.767,12197000000.0,3.771,1.0,14078000000.0,1.0,0.0,0.0,4358276000000.0,4263940750000.0,0.0,2159874000000.0,,,2184658000000.0,,,1950177099.0,-2084000000.0,0.0,0.0,-59161000000.0,0.0,-62433000000.0,48152000000.0,47494000000.0,12197000000.0,0.0,7214000000.0,7214000000.0,7214000000.0,0.0,0.0,0.512,5775000000.0,8303000000.0,6559000000.0,0.0,0.214,0.27,-16.667,0.0,7787000000.0,3.0,0.139,0.689,0.0,-74188000000.0,14078000000.0,14078000000.0,0.0,0.003,1.141,0.002,0.643,0.0,2564000000.0,1.0,650059033.0,3234000000,3234000000.0,4.353,2193780000000.0,5918000000.0,1835000000.0,0.0,678.349,
2,FMCC,MRY,2018-12-31,2018-12-31,2018-12-31,2021-07-29,-135000000.0,2063060000000.0,2047683000000.0,,,0.008,1.384,0.0,7273000000.0,7273000000.0,0.0,9235000000.0,,459.813,2044950000000.0,,,2044950000000.0,0.0,0.0,0.0,0.0,0.0,11474000000.0,11474000000.0,0.737,11474000000.0,11474000000.0,11474000000.0,1.12,1.12,1.12,4477000000.0,4192750000.0,4477000000.0,2035641062302.0,177.0,177.413,674000000.0,0.208,1.0,15570000000.0,1.0,0.0,0.0,4100737000000.0,4068490250000.0,0.0,2031195000000.0,,,2058583000000.0,,,689062302.0,-2538000000.0,0.0,0.0,-119025000000.0,0.0,-122860000000.0,119648000000.0,118884000000.0,674000000.0,0.0,9235000000.0,9235000000.0,9235000000.0,0.0,0.0,0.593,4832000000.0,10738000000.0,6652000000.0,0.0,0.154,0.075,0.946,0.0,5623000000.0,1.06,0.044,0.22,0.0,-78260000000.0,15570000000.0,15570000000.0,0.0,0.005,2.203,0.003,0.737,0.0,2293000000.0,1.0,650058775.0,3234000000,3234000000.0,4.814,2063060000000.0,6888000000.0,2239000000.0,0.0,637.928,
3,FMCC,MRY,2017-12-31,2017-12-31,2017-12-31,2021-07-29,389000000.0,2049776000000.0,2033874250000.0,,,0.01,-0.096,0.0,9811000000.0,9811000000.0,0.0,5625000000.0,,-6570.795,2034630000000.0,,,2034630000000.0,0.0,0.0,0.0,0.0,0.0,16834000000.0,16834000000.0,0.799,16834000000.0,16834000000.0,16834000000.0,-1.0,-1.0,-1.0,-312000000.0,2589500000.0,-312000000.0,1995349137922.0,119.0,118.531,4224000000.0,1.306,1.0,21057000000.0,1.0,0.0,0.0,4074595000000.0,4039497750000.0,0.0,2011813000000.0,,,2050088000000.0,,,1638137922.0,-12409000000.0,0.0,0.0,-150241000000.0,0.0,-161189000000.0,144556000000.0,143123000000.0,4224000000.0,0.0,5625000000.0,5625000000.0,5625000000.0,0.0,0.0,0.267,4307000000.0,16750000000.0,6221000000.0,0.0,-5.25,0.291,-2.52,0.0,8869000000.0,2.52,0.078,0.387,0.0,-83261000000.0,21057000000.0,21057000000.0,0.0,0.003,2.172,0.004,0.799,0.0,2106000000.0,1.0,650054731.0,3234000000,3234000000.0,6.511,2049776000000.0,8107000000.0,11209000000.0,0.0,633.821,
4,FMCC,MRY,2016-12-31,2016-12-31,2016-12-31,2021-07-29,456000000.0,2023376000000.0,1998543750000.0,,,0.008,1.569,0.0,22220000000.0,22220000000.0,0.0,7815000000.0,,397.695,2002004000000.0,,,2002004000000.0,0.0,0.0,0.0,0.0,0.0,11639000000.0,11639000000.0,0.742,11639000000.0,11639000000.0,11639000000.0,0.03,0.03,0.03,5075000000.0,2929500000.0,5075000000.0,1979201175137.0,170.0,170.049,4395000000.0,1.359,1.0,15682000000.0,1.0,0.0,0.0,4003160000000.0,3957520500000.0,0.0,1966845000000.0,,,2018301000000.0,,,2431175137.0,2092000000.0,0.0,0.0,-161860000000.0,0.0,-166849000000.0,164546000000.0,162384000000.0,4395000000.0,0.0,7815000000.0,7815000000.0,7815000000.0,0.0,0.0,0.498,4043000000.0,11639000000.0,6015000000.0,0.0,0.479,0.311,124.667,0.0,7718000000.0,3.74,0.155,0.771,0.0,-77941000000.0,15682000000.0,15682000000.0,0.0,0.004,2.668,0.003,0.742,0.0,2005000000.0,1.0,650046828.0,3234000000,3234000000.0,4.849,2023376000000.0,15818000000.0,3824000000.0,0.0,625.657,
5,FMCC,MRY,2015-12-31,2015-12-31,2015-12-31,2021-07-29,1153000000.0,1985892000000.0,1961776000000.0,,,0.007,0.909,0.0,20128000000.0,20128000000.0,0.0,6376000000.0,,674.473,1970269000000.0,,,1970269000000.0,0.0,0.0,0.0,0.0,0.0,9274000000.0,9274000000.0,0.662,9274000000.0,9274000000.0,9274000000.0,-0.01,-0.01,-0.01,2940000000.0,3124500000.0,2940000000.0,1889596074458.0,204.0,203.752,-934000000.0,-0.289,1.0,14012000000.0,1.0,0.0,0.0,3936033000000.0,3855732500000.0,0.0,1932447000000.0,,,1982952000000.0,,,1053074458.0,-5333000000.0,0.0,0.0,-177830000000.0,0.0,-183345000000.0,178946000000.0,194018000000.0,-934000000.0,0.0,6376000000.0,6376000000.0,6376000000.0,0.0,0.0,0.455,4738000000.0,9274000000.0,6183000000.0,0.0,0.358,0.165,-162.0,0.0,6399000000.0,1.62,0.075,0.374,0.0,-80773000000.0,14012000000.0,14012000000.0,0.0,0.003,2.041,0.002,0.662,0.0,1927000000.0,1.0,650045962.0,3235000000,3235000000.0,4.331,1985892000000.0,18205000000.0,2898000000.0,0.0,613.877,
6,FMCC,MRY,2014-12-31,2014-12-31,2014-12-31,2021-07-29,1730000000.0,1945539000000.0,1926619750000.0,,,0.007,0.819,0.0,19463000000.0,19463000000.0,0.0,7690000000.0,,732.889,1929542000000.0,,,1929542000000.0,0.0,0.0,0.0,0.0,0.0,11002000000.0,11002000000.0,0.781,11002000000.0,11002000000.0,11002000000.0,-0.72,-0.72,-0.72,2651000000.0,4756500000.0,2651000000.0,1852479083205.0,168.0,168.377,8885000000.0,2.746,1.0,14092000000.0,1.0,0.0,0.0,3855618000000.0,3791577500000.0,0.0,1890292000000.0,,,1942888000000.0,,,1339083205.0,-353000000.0,0.0,0.0,-194889000000.0,0.0,-214506000000.0,205268000000.0,193960000000.0,8885000000.0,0.0,7690000000.0,7690000000.0,7690000000.0,0.0,0.0,0.546,3090000000.0,11002000000.0,6325000000.0,0.0,0.505,0.174,-2.861,2558000000.0,10026000000.0,2.06,0.095,0.473,0.0,-81639000000.0,14092000000.0,14092000000.0,0.0,0.004,1.617,0.003,0.781,0.0,1881000000.0,1.0,650040391.0,3236000000,3236000000.0,4.355,1945539000000.0,19498000000.0,3312000000.0,0.0,601.217,
7,FMCC,MRY,2013-12-31,2013-12-31,2013-12-31,2021-07-29,-6000000.0,1966061000000.0,1973687500000.0,,,0.014,3.964,0.0,85929000000.0,85929000000.0,0.0,48668000000.0,,152.18,1940751000000.0,,,1940751000000.0,0.0,0.0,0.0,0.0,0.0,25363000000.0,25363000000.0,0.924,25363000000.0,25363000000.0,25363000000.0,-1.09,-1.09,-1.09,12835000000.0,15899750000.0,12835000000.0,1881152114646.0,74.0,74.169,16552000000.0,5.112,1.0,27452000000.0,1.0,0.0,0.0,3820883000000.0,3851823750000.0,0.0,1838176000000.0,,,1953226000000.0,,,1885114646.0,2768000000.0,0.0,0.0,-357445000000.0,0.0,-405043000000.0,391259000000.0,377658000000.0,16552000000.0,0.0,48668000000.0,48668000000.0,48668000000.0,0.0,0.0,1.773,2089000000.0,25363000000.0,6803000000.0,0.0,0.147,0.039,-2.661,4551000000.0,52199000000.0,2.9,0.069,0.342,0.0,-69719000000.0,27452000000.0,27452000000.0,0.0,0.025,3.061,0.007,0.924,0.0,1805000000.0,1.0,650039533.0,3238000000,3238000000.0,8.478,1966061000000.0,22716000000.0,-23305000000.0,0.0,607.184,
8,FMCC,MRY,2012-12-31,2012-12-31,2012-12-31,2021-07-29,-2938000000.0,1989856000000.0,2046909500000.0,,,0.006,2.724,0.0,60668000000.0,60668000000.0,0.0,10982000000.0,,224.428,1967042000000.0,,,1967042000000.0,0.0,0.0,0.0,0.0,0.0,9445000000.0,9445000000.0,0.812,9445000000.0,9445000000.0,9445000000.0,-0.64,-0.64,-0.64,8827000000.0,3700500000.0,8827000000.0,1935490008742.0,205.0,204.922,5244000000.0,1.619,1.0,11638000000.0,1.0,0.0,0.0,3896230000000.0,4012738000000.0,0.0,1903392000000.0,,,1981029000000.0,,,169008742.0,-19929000000.0,0.0,0.0,-512495000000.0,0.0,-519575000000.0,494402000000.0,469666000000.0,5244000000.0,0.0,10982000000.0,10982000000.0,10982000000.0,0.0,0.0,0.944,2193000000.0,9445000000.0,7710000000.0,0.0,0.019,0.015,-0.406,4378000000.0,13056000000.0,0.26,0.015,0.072,0.0,-70796000000.0,11638000000.0,11638000000.0,0.0,0.005,2.968,0.002,0.812,0.0,1561000000.0,1.0,650033623.0,3240000000,3240000000.0,3.592,1989856000000.0,778000000.0,-1537000000.0,0.0,614.153,
9,FMCC,MRY,2011-12-31,2011-12-31,2011-12-31,2021-07-29,-7995000000.0,2147216000000.0,2190065750000.0,,,-0.001,-0.045,0.0,68549000000.0,68549000000.0,0.0,-5266000000.0,,-14707.959,2131983000000.0,,,2131983000000.0,0.0,0.0,0.0,0.0,0.0,-5666000000.0,-5666000000.0,1.78,-5666000000.0,-5666000000.0,-5666000000.0,-3.63,-3.63,-3.63,-146000000.0,-1594500000.0,-146000000.0,2108128441742.0,-372.0,-372.066,10320000000.0,3.18,1.0,-3183000000.0,1.0,0.0,0.0,4210650000000.0,4301526500000.0,0.0,2050866000000.0,,,2147362000000.0,,,136441742.0,-8570000000.0,0.0,0.0,-394005000000.0,0.0,-392578000000.0,373688000000.0,380975000000.0,10320000000.0,0.0,-5266000000.0,-5266000000.0,-5266000000.0,0.0,0.0,1.654,2483000000.0,-5666000000.0,8898000000.0,0.0,-0.935,-0.026,-0.058,5680000000.0,6498000000.0,0.21,-0.043,-0.214,0.0,-74525000000.0,-3183000000.0,-3183000000.0,0.0,-0.002,3.303,-0.001,1.78,0.0,1506000000.0,1.0,649722580.0,3244896000,3244896000.0,-0.981,2147216000000.0,3546000000.0,-400000000.0,0.0,661.721,
10,FMCC,MRY,2010-12-31,2010-12-31,2010-12-31,2021-07-29,-12031000000.0,2261780000000.0,2313574000000.0,,,-0.005,-0.123,0.0,91647000000.0,91647000000.0,0.0,-14026000000.0,,-5641.349,2242588000000.0,,,2242588000000.0,0.0,0.0,0.0,0.0,0.0,-14882000000.0,-14882000000.0,1.245,-14882000000.0,-14882000000.0,-14882000000.0,-6.09,-6.09,-6.09,-401000000.0,-3202750000.0,-401000000.0,2190943749605.0,-147.0,-147.221,10820000000.0,3.33,1.0,-11950000000.0,1.0,0.0,0.0,4412721000000.0,4521228750000.0,0.0,2137934000000.0,,,2262181000000.0,,,194749605.0,-27671000000.0,0.0,0.0,-430669000000.0,0.0,-424132000000.0,385641000000.0,378242000000.0,10820000000.0,0.0,-14026000000.0,-14026000000.0,-14026000000.0,0.0,0.0,1.174,2932000000.0,-14882000000.0,10286000000.0,0.0,-0.486,-0.014,-0.049,7068000000.0,5749000000.0,0.3,-0.016,-0.082,0.0,-62733000000.0,-11950000000.0,-11950000000.0,0.0,-0.006,4.379,-0.003,1.245,0.0,1597000000.0,1.0,649165351.0,3249369000,3249369000.0,-3.678,2261780000000.0,5543000000.0,-856000000.0,0.0,696.067,
11,FMCC,MRY,2009-12-31,2009-12-31,2009-12-31,2021-07-29,-23648000000.0,841784000000.0,886906250000.0,,,-0.017,1.315,0.0,72210000000.0,72210000000.0,0.0,-21554000000.0,,195.748,780604000000.0,,,780604000000.0,0.0,0.0,0.0,0.0,0.0,-22384000000.0,-22384000000.0,1.474,-22384000000.0,-22384000000.0,-22384000000.0,-7.89,-7.89,-7.89,4278000000.0,4155500000.0,4278000000.0,737866055394.0,-33.0,-32.964,1288000000.0,0.396,1.0,-15189000000.0,1.0,0.0,0.0,1550178000000.0,1648375250000.0,0.0,735019000000.0,,,837412000000.0,,,953055394.0,19357000000.0,0.0,0.0,-61947000000.0,0.0,-29494000000.0,47563000000.0,47137000000.0,1288000000.0,0.0,-21554000000.0,-21554000000.0,-21554000000.0,0.0,0.0,1.419,7195000000.0,-22384000000.0,5047000000.0,0.0,0.223,-0.044,-0.186,4692000000.0,4105000000.0,1.47,-0.063,-0.315,0.0,-33921000000.0,-15189000000.0,-15189000000.0,0.0,-0.024,-5.187,-0.014,1.474,0.0,1685000000.0,1.0,648337003.0,3253836000,3253836000.0,-4.668,841784000000.0,11101000000.0,-830000000.0,0.0,258.705,
12,FMCC,MRY,2008-12-31,2008-12-31,2008-12-31,2021-07-29,-32357000000.0,850963000000.0,822665500000.0,,,-0.047,-20.933,0.0,56429000000.0,56429000000.0,0.0,-50116000000.0,,-28.688,843021000000.0,,,843021000000.0,0.0,0.0,0.0,0.685,0.5,-44567000000.0,-44567000000.0,1.148,-44567000000.0,-44567000000.0,-44567000000.0,-34.6,-34.6,-34.6,-30731000000.0,-2003500000.0,-30731000000.0,715832425802.0,-16.0,-16.062,-10159000000.0,-6.92,1.0,-38811000000.0,1.0,0.0,0.0,1637555000000.0,1577624000000.0,0.0,766797000000.0,,,881597000000.0,,,472425802.0,36752000000.0,0.0,0.0,106351000000.0,-998000000.0,118331000000.0,-71420000000.0,-70563000000.0,-10159000000.0,0.0,-50119000000.0,-50795000000.0,-50795000000.0,0.0,3000000.0,1.309,5753000000.0,-44564000000.0,0.0,-0.014,-0.015,-0.009,-0.021,3255000000.0,676000000.0,0.73,-0.012,-0.028,6337000000.0,-23191000000.0,-38811000000.0,-38811000000.0,0.0,-0.062,25.353,-0.028,1.148,0.0,1505000000.0,1.0,647158633.0,1468062000,1468062000.0,-26.437,850963000000.0,15351000000.0,5552000000.0,0.0,579.651,
13,FMCC,MRY,2007-12-31,2007-12-31,2007-12-31,2021-07-29,-11143000000.0,794368000000.0,799639000000.0,,,0.004,40.995,0.0,15232000000.0,15232000000.0,0.0,-3102000000.0,,28.718,738557000000.0,,,738557000000.0,0.0,0.0,0.0,0.051,1.75,-5981000000.0,-5981000000.0,-2.118,-5981000000.0,-5981000000.0,-5981000000.0,-5.37,-5.37,-5.37,26724000000.0,26819000000.0,26724000000.0,,,,-7670000000.0,-11.766,1.0,2824000000.0,1.0,0.0,0.0,1517693000000.0,1493485500000.0,0.0,759873000000.0,,,767468000000.0,,,,-2785000000.0,0.0,-1000000000.0,-8936000000.0,-1539000000.0,-4960000000.0,9845000000.0,9941000000.0,-7670000000.0,0.0,-3094000000.0,-3503000000.0,-3503000000.0,0.0,-8000000.0,-1.24,4960000000.0,-2136000000.0,0.0,-0.326,,,-6.345,1736000000.0,409000000.0,34.07,,7.865,4927000000.0,26909000000.0,2824000000.0,2824000000.0,0.0,-0.004,-0.131,-0.004,-2.118,0.0,1674000000.0,1.0,,651881000,651881000.0,4.332,794368000000.0,10304000000.0,-2887000000.0,0.0,1218.578,
14,FMCC,MRY,2006-12-31,2006-12-31,2006-12-31,2021-07-29,-8451000000.0,804910000000.0,,,,,39.53,0.0,79973000000.0,79973000000.0,0.0,2327000000.0,,28.888,744341000000.0,,,744341000000.0,0.0,0.0,0.0,0.028,1.91,2282000000.0,2282000000.0,0.448,2282000000.0,2282000000.0,2282000000.0,3.01,3.0,3.01,26914000000.0,,26914000000.0,,,,9031000000.0,13.264,1.0,5091000000.0,1.0,0.0,0.0,1469278000000.0,,0.0,707987000000.0,,,777480000000.0,,,,891000000.0,0.0,-2000000000.0,931000000.0,-1579000000.0,-2990000000.0,-5150000000.0,-5150000000.0,9031000000.0,0.0,2327000000.0,2051000000.0,2051000000.0,0.0,0.0,0.403,2197000000.0,2894000000.0,0.0,0.635,,,22.558,743000000.0,276000000.0,67.9,,9.081,5073000000.0,31372000000.0,5091000000.0,5091000000.0,0.0,,,,0.448,0.0,1641000000.0,1.0,,680856000,682664000.0,7.477,804910000000.0,4346000000.0,-45000000.0,0.0,1182.203,
15,FMCC,MRY,2005-12-31,2005-12-31,2005-12-31,2021-07-29,,,,,,,,0.0,,,0.0,2113000000.0,,,,,,,,0.0,,0.023,1.52,2471000000.0,2471000000.0,0.439,2471000000.0,2471000000.0,2471000000.0,2.73,2.73,2.73,,,,,,,6142000000.0,8.881,1.0,5630000000.0,1.0,,0.0,,,,,,,,,,,-24785000000.0,0.0,59000000.0,30190000000.0,0.0,27433000000.0,-58360000000.0,-58360000000.0,6142000000.0,0.0,2113000000.0,1890000000.0,1890000000.0,0.0,0.0,0.336,2732000000.0,2898000000.0,,0.557,,,23.938,,223000000.0,65.35,,8.028,,,5630000000.0,5630000000.0,0.0,,,,0.439,0.0,1535000000.0,1.0,,691582000,693511000.0,8.141,,,358000000.0,,,
0,FMCC,MRQ,2021-06-30,2021-06-30,2021-06-30,2021-07-29,186000000.0,2842142000000.0,,,,,6.927,0.0,11171000000.0,11171000000.0,0.0,3679000000.0,,125.87,2802755000000.0,,,2802755000000.0,0.0,0.0,0.0,0.0,0.0,4637000000.0,4637000000.0,0.79,4637000000.0,4637000000.0,4637000000.0,0.02,0.02,0.02,22402000000.0,,22402000000.0,2604227085756.0,175.0,174.851,5688000000.0,1.759,1.0,5866000000.0,1.0,0.0,0.0,5633726000000.0,,0.0,2789871000000.0,,,2819740000000.0,,,936085756.0,-89808000000.0,0.0,0.0,-6465000000.0,0.0,-6467000000.0,-89029000000.0,-88954000000.0,5688000000.0,0.0,3679000000.0,3679000000.0,3679000000.0,0.0,0.0,0.627,1969000000.0,3897000000.0,6122000000.0,0.0,0.042,0.079,5.538,0.0,3611000000.0,1.44,0.044,0.219,0.0,-60656000000.0,5866000000.0,5866000000.0,0.0,,,,,0.0,651000000.0,1.0,650059553.0,3234000000,3234000000.0,1.814,2842142000000.0,6494000000.0,958000000.0,0.0,878.832,
1,FMCC,MRQ,2021-03-31,2021-03-31,2021-03-31,2021-07-29,254000000.0,2741874000000.0,,,,,5.81,0.0,100979000000.0,100979000000.0,0.0,2767000000.0,,144.914,2704270000000.0,,,2704270000000.0,0.0,0.0,0.0,0.0,0.0,3481000000.0,3481000000.0,0.66,3481000000.0,3481000000.0,3481000000.0,0.12,0.12,0.12,18791000000.0,,18791000000.0,2569989621549.0,206.0,205.731,10382000000.0,3.21,1.0,5273000000.0,1.0,0.0,0.0,5345165000000.0,,0.0,2594654000000.0,,,2723083000000.0,,,1332621549.0,77090000000.0,0.0,0.0,27723000000.0,0.0,27722000000.0,38986000000.0,39070000000.0,10382000000.0,0.0,2767000000.0,2767000000.0,2767000000.0,0.0,0.0,0.525,1988000000.0,3285000000.0,5954000000.0,0.0,0.071,0.134,10.789,0.0,2378000000.0,2.05,0.068,0.34,0.0,-64335000000.0,5273000000.0,5273000000.0,0.0,,,,,0.0,639000000.0,1.0,650059292.0,3234000000,3234000000.0,1.63,2741874000000.0,6826000000.0,714000000.0,0.0,847.827,
2,FMCC,MRQ,2020-12-31,2020-12-31,2020-12-31,2021-07-29,643000000.0,2627415000000.0,,,,,5.075,0.0,23889000000.0,23889000000.0,0.0,2913000000.0,,159.081,2592546000000.0,,,2592546000000.0,0.0,0.0,0.0,0.0,0.0,3669000000.0,3669000000.0,0.731,3669000000.0,3669000000.0,3669000000.0,0.12,0.12,0.12,16413000000.0,,16413000000.0,2416756638150.0,262.0,261.865,-5328000000.0,-1.647,1.0,5022000000.0,1.0,0.0,0.0,5196072000000.0,,0.0,2557675000000.0,,,2611002000000.0,,,1514638150.0,15815000000.0,0.0,0.0,74035000000.0,0.0,74034000000.0,-52891000000.0,-52724000000.0,-5328000000.0,0.0,2913000000.0,2913000000.0,2913000000.0,0.0,0.0,0.58,2166000000.0,2856000000.0,6210000000.0,0.0,0.092,0.207,233.0,0.0,2522000000.0,2.33,0.091,0.452,0.0,-67102000000.0,5022000000.0,5022000000.0,0.0,,,,,0.0,706000000.0,1.0,650059292.0,3234000000,3234000000.0,1.553,2627415000000.0,6557000000.0,756000000.0,0.0,812.435,
3,FMCC,MRQ,2020-09-30,2020-09-30,2020-09-30,2021-07-29,1034000000.0,2454071000000.0,,,,,4.295,0.0,8074000000.0,8074000000.0,0.0,2463000000.0,,175.666,2423316000000.0,,,2423316000000.0,0.0,0.0,0.0,0.0,0.0,3107000000.0,3107000000.0,0.613,3107000000.0,3107000000.0,3107000000.0,0.0,0.0,0.0,13891000000.0,,13891000000.0,2301937613248.0,261.0,261.287,5807000000.0,1.796,1.0,5066000000.0,1.0,0.0,0.0,4869313000000.0,,0.0,2400060000000.0,,,2440180000000.0,,,1241613248.0,469000000.0,0.0,0.0,14125000000.0,0.0,14120000000.0,-19458000000.0,-19450000000.0,5807000000.0,0.0,2463000000.0,2463000000.0,2463000000.0,0.0,0.0,0.486,1632000000.0,3434000000.0,6020000000.0,,0.089,0.177,-27.286,0.0,2449000000.0,1.91,0.077,0.381,0.0,-70015000000.0,5066000000.0,5066000000.0,0.0,,,,,0.0,641000000.0,1.0,650059292.0,3234000000,3234000000.0,1.566,2454071000000.0,5886000000.0,644000000.0,0.0,758.835,
4,FMCC,MRQ,2020-06-30,2020-06-30,2020-06-30,2021-07-29,1048000000.0,2335655000000.0,,,,,3.538,0.0,7605000000.0,7605000000.0,0.0,1777000000.0,,203.13,2308301000000.0,,,2308301000000.0,0.0,0.0,0.0,0.0,0.0,2235000000.0,2235000000.0,0.539,2235000000.0,2235000000.0,2235000000.0,-0.05,-0.05,-0.05,11442000000.0,,11442000000.0,2193234629282.0,280.0,279.785,-2363000000.0,-0.731,1.0,4149000000.0,1.0,0.0,0.0,4636351000000.0,,0.0,2287601000000.0,,,2324213000000.0,,,1423629282.0,-16719000000.0,0.0,0.0,20907000000.0,0.0,20892000000.0,-35248000000.0,-35280000000.0,-2363000000.0,0.0,1777000000.0,1777000000.0,1777000000.0,0.0,0.0,0.428,1209000000.0,2940000000.0,6246000000.0,0.0,0.124,0.228,-19.909,0.0,1938000000.0,2.19,0.098,0.488,0.0,-72478000000.0,4149000000.0,4149000000.0,0.0,,,,,0.0,601000000.0,1.0,650059033.0,3234000000,3234000000.0,1.283,2335655000000.0,5698000000.0,458000000.0,0.0,722.219,
5,FMCC,MRQ,2020-03-31,2020-03-31,2020-03-31,2021-07-29,887000000.0,2241984000000.0,,,,,2.939,0.0,24324000000.0,24324000000.0,0.0,173000000.0,,234.899,2216135000000.0,,,2216135000000.0,0.0,0.0,0.0,0.0,0.0,218000000.0,218000000.0,0.09,218000000.0,218000000.0,218000000.0,-0.06,-0.06,-0.06,9504000000.0,,9504000000.0,2175247782528.0,290.0,289.956,2791000000.0,0.863,1.0,2422000000.0,1.0,0.0,0.0,4433795000000.0,,0.0,2174629000000.0,,,2232480000000.0,,,908782528.0,19135000000.0,0.0,0.0,-7873000000.0,0.0,-7898000000.0,24242000000.0,24120000000.0,2791000000.0,0.0,173000000.0,173000000.0,173000000.0,0.0,0.0,0.071,971000000.0,1451000000.0,6271000000.0,0.0,0.096,0.152,-8.738,0.0,382000000.0,1.398,0.067,0.333,0.0,-74255000000.0,2422000000.0,2422000000.0,0.0,,,,,0.0,587000000.0,1.0,650059033.0,3234000000,3234000000.0,0.749,2241984000000.0,4629000000.0,45000000.0,0.0,693.254,
6,FMCC,MRQ,2019-12-31,2019-12-31,2019-12-31,2021-07-29,438000000.0,2193780000000.0,,,,,2.821,0.0,5189000000.0,5189000000.0,0.0,2592000000.0,,239.493,2169685000000.0,,,2169685000000.0,0.0,0.0,0.0,0.0,0.0,3250000000.0,3250000000.0,0.711,3250000000.0,3250000000.0,3250000000.0,0.04,0.04,0.04,9122000000.0,,9122000000.0,2142501177099.0,237.0,236.767,8793000000.0,2.719,1.0,4574000000.0,1.0,0.0,0.0,4358276000000.0,,0.0,2159874000000.0,,,2184658000000.0,,,1950177099.0,-3519000000.0,0.0,0.0,-29304000000.0,0.0,-29350000000.0,17038000000.0,16847000000.0,8793000000.0,0.0,2592000000.0,2592000000.0,2592000000.0,0.0,0.0,0.567,1596000000.0,2978000000.0,6559000000.0,0.0,0.214,0.27,-16.667,0.0,2448000000.0,3.0,0.139,0.689,0.0,-74188000000.0,4574000000.0,4574000000.0,0.0,,,,,0.0,747000000.0,1.0,650059033.0,3234000000,3234000000.0,1.414,2193780000000.0,5918000000.0,658000000.0,0.0,678.349,
7,FMCC,MRQ,2019-09-30,2019-09-30,2019-09-30,2021-07-29,582000000.0,2170246000000.0,,,,,2.064,0.0,8708000000.0,8708000000.0,0.0,1709000000.0,,324.179,2149259000000.0,,,2149259000000.0,0.0,0.0,0.0,0.0,0.0,2136000000.0,2136000000.0,0.632,2136000000.0,2136000000.0,2136000000.0,-0.04,-0.04,-0.04,6674000000.0,,6674000000.0,2104241711928.0,293.0,292.581,-2206000000.0,-0.682,1.0,3379000000.0,1.0,0.0,0.0,4310797000000.0,,0.0,2123251000000.0,,,2163572000000.0,,,2333711928.0,5281000000.0,0.0,0.0,-17143000000.0,0.0,-17174000000.0,24661000000.0,24491000000.0,-2206000000.0,0.0,1709000000.0,1709000000.0,1709000000.0,0.0,0.0,0.506,1422000000.0,1957000000.0,6688000000.0,0.0,0.35,0.408,-10.879,0.0,1848000000.0,3.59,0.202,1.006,0.0,-76780000000.0,3379000000.0,3379000000.0,0.0,,,,,0.0,620000000.0,1.0,650059033.0,3234000000,3234000000.0,1.045,2170246000000.0,5784000000.0,427000000.0,0.0,671.072,
8,FMCC,MRQ,2019-06-30,2019-06-30,2019-06-30,2021-07-29,443000000.0,2124500000000.0,,,,,1.492,0.0,3427000000.0,3427000000.0,0.0,1506000000.0,,439.22,2105335000000.0,,,2105335000000.0,0.0,0.0,0.0,0.0,0.0,1898000000.0,1898000000.0,0.591,1898000000.0,1898000000.0,1898000000.0,-0.1,-0.1,-0.1,4826000000.0,,4826000000.0,2069065153486.0,249.0,248.746,1336000000.0,0.413,1.0,3212000000.0,1.0,0.0,0.0,4226408000000.0,,0.0,2088169000000.0,,,2119674000000.0,,,1690153486.0,-2812000000.0,0.0,0.0,-11257000000.0,0.0,-12974000000.0,8826000000.0,8610000000.0,1336000000.0,0.0,1506000000.0,1506000000.0,1506000000.0,0.0,0.0,0.469,1474000000.0,1738000000.0,6874000000.0,0.0,0.35,0.252,-10.833,0.0,1826000000.0,2.6,0.134,0.666,0.0,-78489000000.0,3212000000.0,3212000000.0,0.0,,,,,0.0,619000000.0,1.0,650059033.0,3234000000,3234000000.0,0.993,2124500000000.0,6416000000.0,392000000.0,0.0,656.926,
9,FMCC,MRQ,2019-03-31,2019-03-31,2019-03-31,2021-07-29,123000000.0,2092907000000.0,,,,,1.442,0.0,6239000000.0,6239000000.0,0.0,1407000000.0,,447.64,2073614000000.0,,,2073614000000.0,0.0,0.0,0.0,0.0,0.0,1765000000.0,1765000000.0,0.606,1765000000.0,1765000000.0,1765000000.0,-0.08,-0.08,-0.08,4665000000.0,,4665000000.0,2039425658105.0,213.0,213.218,4274000000.0,1.322,1.0,2913000000.0,1.0,0.0,0.0,4160282000000.0,,0.0,2058864000000.0,,,2088242000000.0,,,1748658105.0,-1034000000.0,0.0,0.0,-1457000000.0,0.0,-2935000000.0,-2373000000.0,-2454000000.0,4274000000.0,0.0,1407000000.0,1407000000.0,1407000000.0,0.0,0.0,0.483,1283000000.0,1630000000.0,6558000000.0,0.0,0.375,0.227,19.214,0.0,1665000000.0,2.69,0.128,0.635,0.0,-78330000000.0,2913000000.0,2913000000.0,0.0,,,,,0.0,578000000.0,1.0,650058775.0,3234000000,3234000000.0,0.901,2092907000000.0,6819000000.0,358000000.0,0.0,647.157,
10,FMCC,MRQ,2018-12-31,2018-12-31,2018-12-31,2021-07-29,-135000000.0,2063060000000.0,,,,,1.384,0.0,7273000000.0,7273000000.0,0.0,1100000000.0,,459.813,2044950000000.0,,,2044950000000.0,0.0,0.0,0.0,0.0,0.0,1393000000.0,1393000000.0,0.684,1393000000.0,1393000000.0,1393000000.0,-0.11,-0.11,-0.11,4477000000.0,,4477000000.0,2035641062302.0,177.0,177.413,-2221000000.0,-0.687,1.0,2036000000.0,1.0,0.0,0.0,4100737000000.0,,0.0,2031195000000.0,,,2058583000000.0,,,689062302.0,235000000.0,0.0,0.0,-30305000000.0,0.0,-32865000000.0,35321000000.0,35290000000.0,-2221000000.0,0.0,1100000000.0,1100000000.0,1100000000.0,0.0,0.0,0.54,1379000000.0,657000000.0,6652000000.0,0.0,0.154,0.075,0.946,0.0,1479000000.0,1.06,0.044,0.22,0.0,-78260000000.0,2036000000.0,2036000000.0,0.0,,,,,0.0,646000000.0,1.0,650058775.0,3234000000,3234000000.0,0.63,2063060000000.0,6888000000.0,293000000.0,0.0,637.928,
11,FMCC,MRQ,2018-09-30,2018-09-30,2018-09-30,2021-07-29,-513000000.0,2063457000000.0,,,,,1.719,0.0,7038000000.0,7038000000.0,0.0,2706000000.0,,370.192,2041990000000.0,,,2041990000000.0,0.0,0.0,0.0,0.0,0.0,3262000000.0,3262000000.0,0.731,3262000000.0,3262000000.0,3262000000.0,0.05,0.05,0.05,5559000000.0,,5559000000.0,2015320082285.0,145.0,144.956,-599000000.0,-0.185,1.0,4462000000.0,1.0,0.0,0.0,4098409000000.0,,0.0,2027367000000.0,,,2057898000000.0,,,910082285.0,286000000.0,0.0,0.0,-11522000000.0,0.0,-13107000000.0,13992000000.0,13762000000.0,-599000000.0,0.0,2706000000.0,2706000000.0,2706000000.0,0.0,0.0,0.606,1200000000.0,3262000000.0,6418000000.0,0.0,0.164,0.175,4.242,0.0,2559000000.0,1.4,0.049,0.244,0.0,-76800000000.0,4462000000.0,4462000000.0,0.0,,,,,0.0,569000000.0,1.0,650058775.0,3234000000,3234000000.0,1.38,2063457000000.0,7876000000.0,556000000.0,0.0,638.051,
12,FMCC,MRQ,2018-06-30,2018-06-30,2018-06-30,2021-07-29,-366000000.0,2041732000000.0,,,,,1.418,0.0,6752000000.0,6752000000.0,0.0,2503000000.0,,444.307,2021162000000.0,,,2021162000000.0,0.0,0.0,0.0,0.0,0.0,3145000000.0,3145000000.0,0.733,3145000000.0,3145000000.0,3145000000.0,0.28,0.28,0.28,4585000000.0,,4585000000.0,1997223593452.0,112.0,112.009,-1149000000.0,-0.355,1.0,4288000000.0,1.0,0.0,0.0,4056142000000.0,,0.0,2004721000000.0,,,2037147000000.0,,,1033593452.0,-1865000000.0,0.0,0.0,-19030000000.0,0.0,-19031000000.0,18315000000.0,18021000000.0,-1149000000.0,0.0,2503000000.0,2503000000.0,2503000000.0,0.0,0.0,0.584,1143000000.0,3145000000.0,6377000000.0,0.0,0.225,0.144,5.483,0.0,1585000000.0,1.59,0.046,0.23,0.0,-77922000000.0,4288000000.0,4288000000.0,0.0,,,,,0.0,558000000.0,1.0,650058775.0,3234000000,3234000000.0,1.326,2041732000000.0,8299000000.0,642000000.0,0.0,631.333,
13,FMCC,MRQ,2018-03-31,2018-03-31,2018-03-31,2021-07-29,-298000000.0,2022483000000.0,,,,,0.665,0.0,8617000000.0,8617000000.0,0.0,2926000000.0,,939.69,2004807000000.0,,,2004807000000.0,0.0,0.0,0.0,0.0,0.0,3674000000.0,3674000000.0,0.768,3674000000.0,3674000000.0,3674000000.0,0.9,0.9,0.9,2150000000.0,,2150000000.0,2025696573887.0,118.0,117.862,4643000000.0,1.436,1.0,4784000000.0,1.0,0.0,0.0,4018673000000.0,,0.0,1986134000000.0,,,2020333000000.0,,,877573887.0,-1194000000.0,0.0,0.0,-58168000000.0,0.0,-57857000000.0,52020000000.0,51811000000.0,4643000000.0,0.0,2926000000.0,2926000000.0,2926000000.0,0.0,0.0,0.612,1110000000.0,3674000000.0,6058000000.0,0.0,0.408,0.138,-15.0,0.0,0.0,1.35,0.041,0.203,0.0,-80424000000.0,4784000000.0,4784000000.0,0.0,,,,,0.0,520000000.0,1.0,650054731.0,3234000000,3234000000.0,1.479,2022483000000.0,8313000000.0,748000000.0,0.0,625.381,
14,FMCC,MRQ,2017-12-31,2017-12-31,2017-12-31,2021-07-29,389000000.0,2049776000000.0,,,,,-0.096,0.0,9811000000.0,9811000000.0,0.0,-2921000000.0,,-6570.795,2034630000000.0,,,2034630000000.0,0.0,0.0,0.0,0.0,0.0,3822000000.0,3822000000.0,0.762,3822000000.0,3822000000.0,3822000000.0,-0.9,-0.9,-0.9,-312000000.0,,-312000000.0,1995349137922.0,119.0,118.531,-533000000.0,-0.165,1.0,5018000000.0,1.0,0.0,0.0,4074595000000.0,,0.0,2011813000000.0,,,2050088000000.0,,,1638137922.0,-6056000000.0,0.0,0.0,-29439000000.0,0.0,-31689000000.0,26166000000.0,25942000000.0,-533000000.0,0.0,-2921000000.0,-2921000000.0,-2921000000.0,0.0,0.0,-0.582,1280000000.0,3738000000.0,6221000000.0,0.0,-5.25,0.291,-2.52,0.0,-1000000.0,2.52,0.078,0.387,0.0,-83261000000.0,5018000000.0,5018000000.0,0.0,,,,,0.0,558000000.0,1.0,650054731.0,3234000000,3234000000.0,1.552,2049776000000.0,8107000000.0,6743000000.0,0.0,633.821,
15,FMCC,MRQ,2017-09-30,2017-09-30,2017-09-30,2021-07-29,780000000.0,2030656000000.0,,,,,1.623,0.0,15867000000.0,15867000000.0,0.0,4671000000.0,,385.792,2009578000000.0,,,2009578000000.0,0.0,0.0,0.0,0.0,0.0,7190000000.0,7190000000.0,0.872,7190000000.0,7190000000.0,7190000000.0,0.01,0.01,0.01,5250000000.0,,5250000000.0,1999908157625.0,98.0,98.155,4458000000.0,1.378,1.0,8247000000.0,1.0,0.0,0.0,4024367000000.0,,0.0,1979947000000.0,,,2025406000000.0,,,1872157625.0,4737000000.0,0.0,0.0,-43394000000.0,0.0,-45380000000.0,45659000000.0,45279000000.0,4458000000.0,0.0,4671000000.0,4671000000.0,4671000000.0,0.0,0.0,0.566,1057000000.0,7190000000.0,5990000000.0,0.0,0.357,0.14,144.0,0.0,4650000000.0,2.88,0.076,0.379,0.0,-78092000000.0,8247000000.0,8247000000.0,0.0,,,,,0.0,524000000.0,1.0,650054731.0,3234000000,3234000000.0,2.55,2030656000000.0,14576000000.0,2519000000.0,0.0,627.908,
16,FMCC,MRQ,2017-06-30,2017-06-30,2017-06-30,2021-07-29,801000000.0,2022757000000.0,,,,,0.8,0.0,11130000000.0,11130000000.0,0.0,1664000000.0,,781.195,2009166000000.0,,,2009166000000.0,0.0,0.0,0.0,0.0,0.0,2501000000.0,2501000000.0,0.713,2501000000.0,2501000000.0,2501000000.0,-0.1,-0.1,-0.1,2586000000.0,,2586000000.0,2007377622050.0,122.0,121.586,316000000.0,0.098,1.0,3507000000.0,1.0,0.0,0.0,4020793000000.0,,0.0,1979683000000.0,,,2020171000000.0,,,1449622050.0,-1386000000.0,0.0,0.0,-44459000000.0,0.0,-46696000000.0,44994000000.0,36310000000.0,316000000.0,0.0,1664000000.0,1664000000.0,1664000000.0,0.0,0.0,0.474,1006000000.0,2501000000.0,6090000000.0,0.0,0.561,0.131,111.5,0.0,1986000000.0,2.23,0.07,0.35,0.0,-80777000000.0,3507000000.0,3507000000.0,0.0,,,,,0.0,513000000.0,1.0,650054731.0,3234000000,3234000000.0,1.084,2022757000000.0,14751000000.0,837000000.0,0.0,625.466,
17,FMCC,MRQ,2017-03-31,2017-03-31,2017-03-31,2021-07-29,479000000.0,2032308000000.0,,,,,0.876,0.0,12516000000.0,12516000000.0,0.0,2211000000.0,,716.116,2018444000000.0,,,2018444000000.0,0.0,0.0,0.0,0.0,0.0,3321000000.0,3321000000.0,0.775,3321000000.0,3321000000.0,3321000000.0,-0.01,-0.01,-0.01,2834000000.0,,2834000000.0,1981396133580.0,128.0,128.096,-17000000.0,-0.005,1.0,4285000000.0,1.0,0.0,0.0,4038236000000.0,,0.0,1988069000000.0,,,2029474000000.0,,,1612133580.0,-9704000000.0,0.0,0.0,-32949000000.0,0.0,-37424000000.0,27737000000.0,35592000000.0,-17000000.0,0.0,2211000000.0,2211000000.0,2211000000.0,0.0,0.0,0.516,964000000.0,3321000000.0,5897000000.0,0.0,0.569,0.155,17.714,0.0,2234000000.0,2.48,0.083,0.411,0.0,-80207000000.0,4285000000.0,4285000000.0,0.0,,,,,0.0,511000000.0,1.0,650053863.0,3234000000,3234000000.0,1.325,2032308000000.0,15806000000.0,1110000000.0,0.0,628.419,
18,FMCC,MRQ,2016-12-31,2016-12-31,2016-12-31,2021-07-29,456000000.0,2023376000000.0,,,,,1.569,0.0,22220000000.0,22220000000.0,0.0,4847000000.0,,397.695,2002004000000.0,,,2002004000000.0,0.0,0.0,0.0,0.0,0.0,7363000000.0,7363000000.0,0.863,7363000000.0,7363000000.0,7363000000.0,0.12,0.12,0.12,5075000000.0,,5075000000.0,1979201175137.0,170.0,170.049,-658000000.0,-0.203,1.0,8529000000.0,1.0,0.0,0.0,4003160000000.0,,0.0,1966845000000.0,,,2018301000000.0,,,2431175137.0,3747000000.0,0.0,0.0,-52613000000.0,0.0,-54925000000.0,59330000000.0,33882000000.0,-658000000.0,0.0,4847000000.0,4847000000.0,4847000000.0,0.0,0.0,0.568,1166000000.0,7363000000.0,6015000000.0,0.0,0.479,0.311,124.667,0.0,4475000000.0,3.74,0.155,0.771,0.0,-77941000000.0,8529000000.0,8529000000.0,0.0,,,,,0.0,584000000.0,1.0,650046828.0,3234000000,3234000000.0,2.637,2023376000000.0,15818000000.0,2516000000.0,0.0,625.657,
19,FMCC,MRQ,2016-09-30,2016-09-30,2016-09-30,2021-07-29,1428000000.0,2015262000000.0,,,,,1.085,0.0,23071000000.0,23071000000.0,0.0,2329000000.0,,573.149,1999841000000.0,,,1999841000000.0,0.0,0.0,0.0,0.0,0.0,3325000000.0,3325000000.0,0.771,3325000000.0,3325000000.0,3325000000.0,0.01,0.01,0.01,3510000000.0,,3510000000.0,1947584573520.0,265.0,264.869,910000000.0,0.281,1.0,4310000000.0,1.0,0.0,0.0,3992032000000.0,,0.0,1955001000000.0,,,2011752000000.0,,,1020573520.0,-4200000000.0,0.0,0.0,-29918000000.0,0.0,-30851000000.0,25741000000.0,37875000000.0,910000000.0,0.0,2329000000.0,2329000000.0,2329000000.0,0.0,0.0,0.54,985000000.0,3325000000.0,5890000000.0,0.0,0.291,0.199,31.4,1272000000.0,2310000000.0,1.57,0.09,0.447,0.0,-80478000000.0,4310000000.0,4310000000.0,0.0,,,,,0.0,498000000.0,1.0,650046828.0,3234000000,3234000000.0,1.333,2015262000000.0,18730000000.0,996000000.0,0.0,623.148,
20,FMCC,MRQ,2016-06-30,2016-06-30,2016-06-30,2021-07-29,1447000000.0,1986437000000.0,,,,,0.66,0.0,25539000000.0,25539000000.0,0.0,993000000.0,,930.288,1972103000000.0,,,1972103000000.0,0.0,0.0,0.0,0.0,0.0,1459000000.0,1459000000.0,0.609,1459000000.0,1459000000.0,1459000000.0,0.02,0.02,0.02,2133000000.0,,2133000000.0,1933991586632.0,576.0,575.764,8229000000.0,2.545,1.0,2394000000.0,1.0,0.0,0.0,3933001000000.0,,0.0,1924322000000.0,,,1984304000000.0,,,1202586632.0,1982000000.0,0.0,0.0,-27769000000.0,0.0,-27772000000.0,21525000000.0,27552000000.0,8229000000.0,0.0,993000000.0,993000000.0,993000000.0,0.0,0.0,0.415,935000000.0,1459000000.0,6057000000.0,0.0,0.564,0.518,-16.818,1381000000.0,933000000.0,1.85,0.161,0.799,0.0,-81874000000.0,2394000000.0,2394000000.0,0.0,,,,,0.0,475000000.0,1.0,650046828.0,3234000000,3234000000.0,0.74,1986437000000.0,18671000000.0,466000000.0,0.0,614.235,
21,FMCC,MRQ,2016-03-31,2016-03-31,2016-03-31,2021-07-29,1307000000.0,1969100000000.0,,,,,0.309,0.0,22829000000.0,22829000000.0,0.0,-354000000.0,,1968.1,1955618000000.0,,,1955618000000.0,0.0,0.0,0.0,0.0,0.0,-508000000.0,-508000000.0,-1.131,-508000000.0,-508000000.0,-508000000.0,-0.11,-0.11,-0.11,1000000000.0,,1000000000.0,1951170061589.0,245.0,244.569,-4086000000.0,-1.263,1.0,449000000.0,1.0,0.0,0.0,3901889000000.0,,0.0,1911140000000.0,,,1968100000000.0,,,871061589.0,563000000.0,0.0,0.0,-51560000000.0,0.0,-53301000000.0,57950000000.0,63075000000.0,-4086000000.0,0.0,-354000000.0,-354000000.0,-354000000.0,0.0,0.0,-0.788,957000000.0,-508000000.0,6047000000.0,0.0,0.871,0.158,-26.8,1571000000.0,0.0,1.34,0.07,0.348,0.0,-82867000000.0,449000000.0,449000000.0,0.0,,,,,0.0,448000000.0,1.0,650045962.0,3234000000,3234000000.0,0.139,1969100000000.0,18123000000.0,-154000000.0,0.0,608.874,
22,FMCC,MRQ,2015-12-31,2015-12-31,2015-12-31,2021-07-29,1153000000.0,1985892000000.0,,,,,0.909,0.0,20128000000.0,20128000000.0,0.0,2158000000.0,,674.473,1970269000000.0,,,1970269000000.0,0.0,0.0,0.0,0.0,0.0,3077000000.0,3077000000.0,0.73,3077000000.0,3077000000.0,3077000000.0,0.13,0.13,0.13,2940000000.0,,2940000000.0,1889596074458.0,204.0,203.752,4509000000.0,1.394,1.0,4216000000.0,1.0,0.0,0.0,3936033000000.0,,0.0,1932447000000.0,,,1982952000000.0,,,1053074458.0,595000000.0,0.0,0.0,-19213000000.0,0.0,-19215000000.0,15301000000.0,18156000000.0,4509000000.0,0.0,2158000000.0,2158000000.0,2158000000.0,0.0,0.0,0.512,1139000000.0,3077000000.0,6183000000.0,0.0,0.358,0.165,-162.0,0.0,1740000000.0,1.62,0.075,0.374,0.0,-80773000000.0,4216000000.0,4216000000.0,0.0,,,,,0.0,510000000.0,1.0,650045962.0,3235000000,3235000000.0,1.303,1985892000000.0,18205000000.0,919000000.0,0.0,613.877,
23,FMCC,MRQ,2015-09-30,2015-09-30,2015-09-30,2021-07-29,1670000000.0,1962147000000.0,,,,,0.402,0.0,58846000000.0,58846000000.0,0.0,-475000000.0,,1509.506,1947389000000.0,,,1947389000000.0,0.0,0.0,0.0,0.0,0.0,-669000000.0,-669000000.0,-1.556,-669000000.0,-669000000.0,-669000000.0,-0.15,-0.15,-0.15,1299000000.0,,1299000000.0,1869205098468.0,294.0,293.808,-2170000000.0,-0.671,1.0,430000000.0,1.0,0.0,0.0,3850690000000.0,,0.0,1867851000000.0,,,1960848000000.0,,,1430098468.0,-461000000.0,0.0,0.0,-40708000000.0,0.0,-44621000000.0,46330000000.0,45617000000.0,-2170000000.0,0.0,-475000000.0,-475000000.0,-475000000.0,0.0,0.0,-1.105,1099000000.0,-669000000.0,6135000000.0,0.0,1.101,0.322,-6.667,1795000000.0,0.0,2.2,0.133,0.66,0.0,-82931000000.0,430000000.0,430000000.0,0.0,,,,,0.0,465000000.0,1.0,650044758.0,3234000000,3234000000.0,0.133,1962147000000.0,17817000000.0,-194000000.0,0.0,606.724,
24,FMCC,MRQ,2015-06-30,2015-06-30,2015-06-30,2021-07-29,1696000000.0,1947462000000.0,,,,,1.767,0.0,61294000000.0,61294000000.0,0.0,4169000000.0,,339.883,1929069000000.0,,,1929069000000.0,0.0,0.0,0.0,0.0,0.0,6078000000.0,6078000000.0,0.825,6078000000.0,6078000000.0,6078000000.0,0.08,0.08,0.08,5713000000.0,,5713000000.0,1870803598915.0,186.0,185.817,234000000.0,0.072,1.0,7367000000.0,1.0,0.0,0.0,3815237000000.0,,0.0,1850371000000.0,,,1941749000000.0,,,1436598915.0,-4946000000.0,0.0,0.0,-71134000000.0,0.0,-71883000000.0,66703000000.0,79524000000.0,234000000.0,0.0,4169000000.0,4169000000.0,4169000000.0,0.0,0.0,0.566,1289000000.0,6078000000.0,6239000000.0,0.0,0.251,0.205,-5.525,1978000000.0,3913000000.0,2.21,0.101,0.503,0.0,-78543000000.0,7367000000.0,7367000000.0,0.0,,,,,0.0,501000000.0,1.0,650044758.0,3234000000,3234000000.0,2.278,1947462000000.0,19545000000.0,1909000000.0,0.0,602.184,
25,FMCC,MRQ,2015-03-31,2015-03-31,2015-03-31,2021-07-29,1952000000.0,1951603000000.0,,,,,0.787,0.0,66262000000.0,66262000000.0,0.0,524000000.0,,765.537,1935629000000.0,,,1935629000000.0,0.0,0.0,0.0,0.0,0.0,788000000.0,788000000.0,0.394,788000000.0,788000000.0,788000000.0,-0.07,-0.07,-0.07,2546000000.0,,2546000000.0,1859658100090.0,309.0,308.657,-3507000000.0,-1.084,1.0,1999000000.0,1.0,0.0,0.0,3820970000000.0,,0.0,1848911000000.0,,,1949057000000.0,,,1482100090.0,-521000000.0,0.0,0.0,-46775000000.0,0.0,-47626000000.0,50612000000.0,50721000000.0,-3507000000.0,0.0,524000000.0,524000000.0,524000000.0,0.0,0.0,0.262,1211000000.0,788000000.0,6135000000.0,0.0,0.582,0.353,-3.562,2294000000.0,746000000.0,2.28,0.155,0.772,0.0,-81966000000.0,1999000000.0,1999000000.0,0.0,,,,,0.0,451000000.0,1.0,650043899.0,3236000000,3236000000.0,0.618,1951603000000.0,19388000000.0,264000000.0,0.0,603.091,
26,FMCC,MRQ,2014-12-31,2014-12-31,2014-12-31,2021-07-29,1730000000.0,1945539000000.0,,,,,0.819,0.0,19463000000.0,19463000000.0,0.0,227000000.0,,732.889,1929542000000.0,,,1929542000000.0,0.0,0.0,0.0,0.0,0.0,165000000.0,165000000.0,0.167,165000000.0,165000000.0,165000000.0,-0.19,-0.19,-0.19,2651000000.0,,2651000000.0,1852479083205.0,168.0,168.377,-2429000000.0,-0.751,1.0,988000000.0,1.0,0.0,0.0,3855618000000.0,,0.0,1890292000000.0,,,1942888000000.0,,,1339083205.0,-5263000000.0,0.0,0.0,-22901000000.0,0.0,-25689000000.0,22855000000.0,23838000000.0,-2429000000.0,0.0,227000000.0,227000000.0,227000000.0,0.0,0.0,0.23,823000000.0,165000000.0,6325000000.0,0.0,0.505,0.174,-2.861,2558000000.0,851000000.0,2.06,0.095,0.473,0.0,-81639000000.0,988000000.0,988000000.0,0.0,,,,,0.0,488000000.0,1.0,650040391.0,3236000000,3236000000.0,0.305,1945539000000.0,19498000000.0,-62000000.0,0.0,601.217,
27,FMCC,MRQ,2014-09-30,2014-09-30,2014-09-30,2021-07-29,1706000000.0,1922784000000.0,,,,,1.603,0.0,52411000000.0,52411000000.0,0.0,2081000000.0,,369.764,1903551000000.0,,,1903551000000.0,0.0,0.0,0.0,0.0,0.0,3037000000.0,3037000000.0,0.788,3037000000.0,3037000000.0,3037000000.0,-0.22,-0.22,-0.22,5186000000.0,,5186000000.0,1848809106632.0,92.0,91.611,293000000.0,0.091,1.0,3853000000.0,1.0,0.0,0.0,3773924000000.0,,0.0,1835079000000.0,,,1917598000000.0,,,1716106632.0,11529000000.0,0.0,0.0,-48727000000.0,0.0,-50618000000.0,61854000000.0,63488000000.0,293000000.0,0.0,2081000000.0,2081000000.0,2081000000.0,0.0,0.0,0.54,816000000.0,3037000000.0,6217000000.0,0.0,0.331,0.107,-2.422,2911000000.0,2786000000.0,2.64,0.075,0.374,0.0,-79080000000.0,3853000000.0,3853000000.0,0.0,,,,,0.0,472000000.0,1.0,650040391.0,3236000000,3236000000.0,1.191,1922784000000.0,18481000000.0,956000000.0,0.0,594.185,
28,FMCC,MRQ,2014-06-30,2014-06-30,2014-06-30,2021-07-29,1001000000.0,1916618000000.0,,,,,1.326,0.0,51582000000.0,51582000000.0,0.0,1362000000.0,,445.764,1898675000000.0,,,1898675000000.0,0.0,0.0,0.0,0.0,0.0,2035000000.0,2035000000.0,0.75,2035000000.0,2035000000.0,2035000000.0,-0.16,-0.16,-0.16,4290000000.0,,4290000000.0,1854028155909.0,78.0,78.328,6804000000.0,2.103,1.0,2715000000.0,1.0,0.0,0.0,3763711000000.0,,0.0,1826947000000.0,,,1912328000000.0,,,2509155909.0,-5949000000.0,0.0,0.0,-44195000000.0,0.0,-48698000000.0,35945000000.0,33399000000.0,6804000000.0,0.0,1362000000.0,1362000000.0,1362000000.0,0.0,0.0,0.502,680000000.0,2035000000.0,6507000000.0,0.0,0.585,0.056,-4.541,3677000000.0,1890000000.0,3.86,0.096,0.479,0.0,-79271000000.0,2715000000.0,2715000000.0,0.0,,,,,0.0,453000000.0,1.0,650040391.0,3236000000,3236000000.0,0.839,1916618000000.0,19752000000.0,673000000.0,0.0,592.28,
29,FMCC,MRQ,2014-03-31,2014-03-31,2014-03-31,2021-07-29,473000000.0,1921538000000.0,,,,,2.131,0.0,48806000000.0,48806000000.0,0.0,4020000000.0,,277.524,1900325000000.0,,,1900325000000.0,0.0,0.0,0.0,0.0,0.0,5765000000.0,5765000000.0,0.882,5765000000.0,5765000000.0,5765000000.0,-0.15,-0.15,-0.15,6899000000.0,,6899000000.0,1857331152597.0,70.0,69.872,4217000000.0,1.303,1.0,6536000000.0,1.0,0.0,0.0,3773057000000.0,,0.0,1830655000000.0,,,1914639000000.0,,,2509152597.0,-670000000.0,0.0,0.0,-79066000000.0,0.0,-89501000000.0,84614000000.0,73235000000.0,4217000000.0,0.0,4020000000.0,4020000000.0,4020000000.0,0.0,0.0,0.615,771000000.0,5765000000.0,6340000000.0,0.0,0.364,0.052,-7.72,4339000000.0,4499000000.0,3.86,0.087,0.434,0.0,-76134000000.0,6536000000.0,6536000000.0,0.0,,,,,0.0,468000000.0,1.0,650039533.0,3237000000,3237000000.0,2.019,1921538000000.0,20710000000.0,1745000000.0,0.0,593.617,
30,FMCC,MRQ,2013-12-31,2013-12-31,2013-12-31,2021-07-29,-6000000.0,1966061000000.0,,,,,3.964,0.0,85929000000.0,85929000000.0,0.0,8613000000.0,,152.18,1940751000000.0,,,1940751000000.0,0.0,0.0,0.0,0.0,0.0,9344000000.0,9344000000.0,0.96,9344000000.0,9344000000.0,9344000000.0,-0.56,-0.56,-0.56,12835000000.0,,12835000000.0,1881152114646.0,74.0,74.169,8298000000.0,2.563,1.0,9734000000.0,1.0,0.0,0.0,3820883000000.0,,0.0,1838176000000.0,,,1953226000000.0,,,1885114646.0,1749000000.0,0.0,0.0,-45288000000.0,0.0,-75725000000.0,69176000000.0,72643000000.0,8298000000.0,0.0,8613000000.0,8613000000.0,8613000000.0,0.0,0.0,0.885,390000000.0,9344000000.0,6803000000.0,0.0,0.147,0.039,-2.661,4551000000.0,10435000000.0,2.9,0.069,0.342,0.0,-69719000000.0,9734000000.0,9734000000.0,0.0,,,,,0.0,474000000.0,1.0,650039533.0,3238000000,3238000000.0,3.006,1966061000000.0,22716000000.0,731000000.0,0.0,607.184,
31,FMCC,MRQ,2013-09-30,2013-09-30,2013-09-30,2021-07-29,-1228000000.0,1981785000000.0,,,,,10.326,0.0,56310000000.0,56310000000.0,0.0,30486000000.0,,58.271,1935577000000.0,,,1935577000000.0,0.0,0.0,0.0,0.0,0.0,6526000000.0,6526000000.0,0.919,6526000000.0,6526000000.0,6526000000.0,0.02,0.02,0.02,33436000000.0,,33436000000.0,1891653049812.0,98.0,97.856,2484000000.0,0.767,1.0,7103000000.0,1.0,0.0,0.0,3861052000000.0,,0.0,1882867000000.0,,,1948349000000.0,,,819049812.0,-4335000000.0,0.0,0.0,-83682000000.0,0.0,-88040000000.0,81221000000.0,82431000000.0,2484000000.0,0.0,30486000000.0,30486000000.0,30486000000.0,0.0,0.0,4.292,577000000.0,6526000000.0,6504000000.0,0.0,0.024,0.018,-0.834,4368000000.0,30436000000.0,1.26,0.038,0.189,0.0,-47896000000.0,7103000000.0,7103000000.0,0.0,,,,,0.0,455000000.0,1.0,650039533.0,3238000000,3238000000.0,2.194,1981785000000.0,23930000000.0,-23960000000.0,0.0,612.04,
32,FMCC,MRQ,2013-06-30,2013-06-30,2013-06-30,2021-07-29,-1179000000.0,1967518000000.0,,,,,2.272,0.0,55082000000.0,55082000000.0,0.0,4988000000.0,,266.435,1945916000000.0,,,1945916000000.0,0.0,0.0,0.0,0.0,0.0,4947000000.0,4947000000.0,0.909,4947000000.0,4947000000.0,4947000000.0,0.19,0.19,0.19,7357000000.0,,7357000000.0,1888499553370.0,122.0,122.383,4662000000.0,1.44,1.0,5445000000.0,1.0,0.0,0.0,3858352000000.0,,0.0,1889111000000.0,,,1960161000000.0,,,877553370.0,-13866000000.0,0.0,0.0,-112252000000.0,0.0,-119228000000.0,100700000000.0,97483000000.0,4662000000.0,0.0,4988000000.0,4988000000.0,4988000000.0,0.0,0.0,0.916,498000000.0,4947000000.0,7151000000.0,0.0,0.119,0.052,-1.144,4051000000.0,4357000000.0,1.35,0.05,0.248,0.0,-74025000000.0,5445000000.0,5445000000.0,0.0,,,,,0.0,444000000.0,1.0,650039533.0,3238000000,3238000000.0,1.682,1967518000000.0,0.0,-41000000.0,0.0,607.634,
33,FMCC,MRQ,2013-03-31,2013-03-31,2013-03-31,2021-07-29,-548000000.0,1979386000000.0,,,,,3.078,0.0,68227000000.0,68227000000.0,0.0,4581000000.0,,197.514,1955849000000.0,,,1955849000000.0,0.0,0.0,0.0,0.0,0.0,4546000000.0,4546000000.0,0.879,4546000000.0,4546000000.0,4546000000.0,-0.74,-0.74,-0.74,9971000000.0,,9971000000.0,1906816026298.0,142.0,142.003,1108000000.0,0.342,1.0,5170000000.0,1.0,0.0,0.0,3867008000000.0,,0.0,1888102000000.0,,,1969415000000.0,,,442026298.0,19220000000.0,0.0,0.0,-116223000000.0,0.0,-122050000000.0,140162000000.0,125101000000.0,1108000000.0,0.0,4581000000.0,4581000000.0,4581000000.0,0.0,0.0,0.886,624000000.0,4546000000.0,6926000000.0,0.0,0.044,0.029,-0.68,4323000000.0,6971000000.0,0.68,0.028,0.141,0.0,-72042000000.0,5170000000.0,5170000000.0,0.0,,,,,0.0,432000000.0,1.0,650038674.0,3239000000,3239000000.0,1.596,1979386000000.0,0.0,-35000000.0,0.0,611.11,
34,FMCC,MRQ,2012-12-31,2012-12-31,2012-12-31,2021-07-29,-2938000000.0,1989856000000.0,,,,,2.725,0.0,60668000000.0,60668000000.0,0.0,4457000000.0,,224.428,1967042000000.0,,,1967042000000.0,0.0,0.0,0.0,0.0,0.0,3312000000.0,3312000000.0,0.849,3312000000.0,3312000000.0,3312000000.0,-0.98,-0.98,-0.98,8827000000.0,,8827000000.0,1935490008742.0,205.0,204.922,-929000000.0,-0.287,1.0,3900000000.0,1.0,0.0,0.0,3896230000000.0,,0.0,1903392000000.0,,,1981029000000.0,,,169008742.0,730000000.0,0.0,0.0,-133552000000.0,0.0,-135363000000.0,137022000000.0,131590000000.0,-929000000.0,0.0,4457000000.0,4457000000.0,4457000000.0,0.0,0.0,1.143,588000000.0,3312000000.0,7710000000.0,0.0,0.019,0.015,-0.406,4378000000.0,7635000000.0,0.26,0.015,0.072,0.0,-70796000000.0,3900000000.0,3900000000.0,0.0,,,,,0.0,422000000.0,1.0,650033623.0,3239277000,3239277000.0,1.204,1989856000000.0,778000000.0,-1145000000.0,0.0,614.29,
35,FMCC,MRQ,2012-09-30,2012-09-30,2012-09-30,2021-07-29,-4209000000.0,2016503000000.0,,,,,1.515,0.0,62347000000.0,62347000000.0,0.0,2928000000.0,,409.944,1997668000000.0,,,1997668000000.0,0.0,0.0,0.0,0.0,0.0,2626000000.0,2626000000.0,0.847,2626000000.0,2626000000.0,2626000000.0,0.35,0.35,0.35,4907000000.0,,4907000000.0,1982245008742.0,295.0,295.241,-393000000.0,-0.121,1.0,3099000000.0,1.0,0.0,0.0,3951824000000.0,,0.0,1929200000000.0,,,2011596000000.0,,,169008742.0,-11399000000.0,0.0,0.0,-133838000000.0,0.0,-135649000000.0,124643000000.0,123162000000.0,-393000000.0,0.0,2928000000.0,2928000000.0,2928000000.0,0.0,0.0,0.945,473000000.0,2626000000.0,7528000000.0,0.0,0.034,0.024,26.0,4502000000.0,1809000000.0,0.26,0.019,0.095,0.0,-73445000000.0,3099000000.0,3099000000.0,0.0,,,,,0.0,401000000.0,1.0,650033623.0,3239477000,3239477000.0,0.957,2016503000000.0,1551000000.0,-302000000.0,0.0,622.478,
36,FMCC,MRQ,2012-06-30,2012-06-30,2012-06-30,2021-07-29,-6911000000.0,2066335000000.0,,,,,0.335,0.0,68280000000.0,68280000000.0,0.0,3020000000.0,,1901.703,2050356000000.0,,,2050356000000.0,0.0,0.0,0.0,0.0,0.0,2944000000.0,2944000000.0,0.846,2944000000.0,2944000000.0,2944000000.0,0.37,0.37,0.37,1086000000.0,,1086000000.0,2039705508406.0,-5230.0,-5230.014,5162000000.0,1.593,1.0,3480000000.0,1.0,0.0,0.0,4048411000000.0,,0.0,1971814000000.0,,,2065249000000.0,,,162508406.0,10613000000.0,0.0,0.0,-123529000000.0,0.0,-125325000000.0,130776000000.0,113226000000.0,5162000000.0,0.0,3020000000.0,3020000000.0,3020000000.0,0.0,0.0,0.868,536000000.0,2944000000.0,8322000000.0,0.0,0.15,-0.789,-0.114,4809000000.0,1808000000.0,0.25,0.082,0.409,0.0,-74564000000.0,3480000000.0,3480000000.0,0.0,,,,,0.0,401000000.0,1.0,650033623.0,3239711000,3239711000.0,1.074,2066335000000.0,3053000000.0,-76000000.0,0.0,637.815,
37,FMCC,MRQ,2012-03-31,2012-03-31,2012-03-31,2021-07-29,-6783000000.0,2114944000000.0,,,,,-0.006,0.0,60708000000.0,60708000000.0,0.0,577000000.0,,-117497.889,2100251000000.0,,,2100251000000.0,0.0,0.0,0.0,0.0,0.0,563000000.0,563000000.0,0.486,563000000.0,563000000.0,563000000.0,-0.38,-0.38,-0.38,-18000000.0,,-18000000.0,2063628920042.0,-362.0,-361.723,1404000000.0,0.433,1.0,1159000000.0,1.0,0.0,0.0,4154487000000.0,,0.0,2027272000000.0,,,2114962000000.0,,,194920042.0,-19873000000.0,0.0,0.0,-121576000000.0,0.0,-123238000000.0,101961000000.0,101688000000.0,1404000000.0,0.0,577000000.0,577000000.0,577000000.0,0.0,0.0,0.498,596000000.0,563000000.0,8129000000.0,0.0,-10.829,-0.036,-0.08,5454000000.0,1804000000.0,0.3,-0.059,-0.293,0.0,-75775000000.0,1159000000.0,1159000000.0,0.0,,,,,0.0,337000000.0,1.0,649733472.0,3241502000,3241502000.0,0.358,2114944000000.0,2929000000.0,-14000000.0,0.0,652.458,
38,FMCC,MRQ,2011-12-31,2011-12-31,2011-12-31,2021-07-29,-7995000000.0,2147216000000.0,,,,,-0.045,0.0,68549000000.0,68549000000.0,0.0,619000000.0,,-14707.959,2131983000000.0,,,2131983000000.0,0.0,0.0,0.0,0.0,0.0,581000000.0,581000000.0,0.512,581000000.0,581000000.0,581000000.0,-0.33,-0.33,-0.33,-146000000.0,,-146000000.0,2108128441742.0,-372.0,-372.066,922000000.0,0.284,1.0,1134000000.0,1.0,0.0,0.0,4210650000000.0,,0.0,2050866000000.0,,,2147362000000.0,,,136441742.0,10268000000.0,0.0,0.0,-105066000000.0,0.0,-100742000000.0,110088000000.0,99791000000.0,922000000.0,0.0,619000000.0,619000000.0,619000000.0,0.0,0.0,0.546,553000000.0,581000000.0,8898000000.0,0.0,-0.935,-0.026,-0.058,5680000000.0,1658000000.0,0.21,-0.043,-0.214,0.0,-74525000000.0,1134000000.0,1134000000.0,0.0,,,,,0.0,380000000.0,1.0,649722580.0,3243165000,3243165000.0,0.35,2147216000000.0,3546000000.0,-38000000.0,0.0,662.074,
39,FMCC,MRQ,2011-09-30,2011-09-30,2011-09-30,2021-07-29,-8882000000.0,2172336000000.0,,,,,-1.847,0.0,54465000000.0,54465000000.0,0.0,-4422000000.0,,-363.6,2162457000000.0,,,2162457000000.0,0.0,0.0,0.0,0.0,0.0,-4478000000.0,-4478000000.0,1.181,-4478000000.0,-4478000000.0,-4478000000.0,-1.86,-1.86,-1.86,-5991000000.0,,-5991000000.0,2126848930374.0,-331.0,-331.491,1017000000.0,0.313,1.0,-3791000000.0,1.0,0.0,0.0,4280328000000.0,,0.0,2089414000000.0,,,2178327000000.0,,,155930374.0,686000000.0,0.0,0.0,-82550000000.0,0.0,-82695000000.0,82364000000.0,105726000000.0,1017000000.0,0.0,-4422000000.0,-4422000000.0,-4422000000.0,0.0,0.0,1.166,687000000.0,-4478000000.0,8603000000.0,0.0,-0.026,-0.026,-0.062,5630000000.0,1618000000.0,0.24,-0.044,-0.221,0.0,-73489000000.0,-3791000000.0,-3791000000.0,0.0,,,,,0.0,381000000.0,1.0,649709893.0,3244496000,3244496000.0,-1.168,2172336000000.0,3909000000.0,-56000000.0,0.0,669.545,
40,FMCC,MRQ,2011-06-30,2011-06-30,2011-06-30,2021-07-29,-8928000000.0,2195795000000.0,,,,,-0.455,0.0,53430000000.0,53430000000.0,0.0,-2139000000.0,,-1486.653,2180123000000.0,,,2180123000000.0,0.0,0.0,0.0,0.0,0.0,-2371000000.0,-2371000000.0,1.299,-2371000000.0,-2371000000.0,-2371000000.0,-1.16,-1.16,-1.16,-1478000000.0,,-1478000000.0,2147951390948.0,-442.0,-441.965,4167000000.0,1.284,1.0,-1825000000.0,1.0,0.0,0.0,4322488000000.0,,0.0,2115663000000.0,,,2197273000000.0,,,227390948.0,-16810000000.0,0.0,0.0,-104332000000.0,0.0,-105966000000.0,84989000000.0,81138000000.0,4167000000.0,0.0,-2139000000.0,-2139000000.0,-2139000000.0,0.0,0.0,1.172,546000000.0,-2371000000.0,9542000000.0,0.0,-0.154,-0.056,-0.108,5932000000.0,1617000000.0,0.35,-0.124,-0.62,0.0,-67449000000.0,-1825000000.0,-1825000000.0,0.0,,,,,0.0,384000000.0,1.0,649688423.0,3244967000,3244967000.0,-0.562,2195795000000.0,3866000000.0,-232000000.0,0.0,676.677,
41,FMCC,MRQ,2011-03-31,2011-03-31,2011-03-31,2021-07-29,-9967000000.0,2244916000000.0,,,,,0.381,0.0,78274000000.0,78274000000.0,0.0,676000000.0,,1813.807,2225998000000.0,,,2225998000000.0,0.0,0.0,0.0,0.0,0.0,602000000.0,602000000.0,0.463,602000000.0,602000000.0,602000000.0,-0.29,-0.29,-0.29,1237000000.0,,1237000000.0,2151194181160.0,-287.0,-287.286,4214000000.0,1.298,1.0,1299000000.0,1.0,0.0,0.0,4392640000000.0,,0.0,2139045000000.0,,,2243679000000.0,,,253181160.0,-2714000000.0,0.0,0.0,-102057000000.0,0.0,-103175000000.0,96247000000.0,94320000000.0,4214000000.0,0.0,676000000.0,676000000.0,676000000.0,0.0,0.0,0.52,697000000.0,602000000.0,9392000000.0,0.0,0.205,-0.038,-0.099,6376000000.0,1605000000.0,0.39,-0.056,-0.28,0.0,-63693000000.0,1299000000.0,1299000000.0,0.0,,,,,0.0,361000000.0,1.0,649182461.0,3246985000,3246985000.0,0.4,2244916000000.0,4498000000.0,-74000000.0,0.0,691.385,
42,FMCC,MRQ,2010-12-31,2010-12-31,2010-12-31,2021-07-29,-12031000000.0,2261780000000.0,,,,,-0.123,0.0,91647000000.0,91647000000.0,0.0,-113000000.0,,-5641.349,2242588000000.0,,,2242588000000.0,0.0,0.0,0.0,0.0,0.0,-169000000.0,-169000000.0,-0.214,-169000000.0,-169000000.0,-169000000.0,-0.53,-0.53,-0.53,-401000000.0,,-401000000.0,2190943749605.0,-147.0,-147.221,442000000.0,0.136,1.0,789000000.0,1.0,0.0,0.0,4412721000000.0,,0.0,2137934000000.0,,,2262181000000.0,,,194749605.0,9092000000.0,0.0,0.0,-131007000000.0,0.0,-132529000000.0,141179000000.0,143009000000.0,442000000.0,0.0,-113000000.0,-113000000.0,-113000000.0,0.0,0.0,-0.143,958000000.0,-169000000.0,10286000000.0,0.0,-0.486,-0.014,-0.049,7068000000.0,1603000000.0,0.3,-0.016,-0.082,0.0,-62733000000.0,789000000.0,789000000.0,0.0,,,,,0.0,400000000.0,1.0,649165351.0,3248217000,3248217000.0,0.243,2261780000000.0,5543000000.0,-56000000.0,0.0,696.314,
43,FMCC,MRQ,2010-09-30,2010-09-30,2010-09-30,2021-07-29,-13300000000.0,2288730000000.0,,,,,-0.018,0.0,79145000000.0,79145000000.0,0.0,-2511000000.0,,-39461.862,2269894000000.0,,,2269894000000.0,0.0,0.0,0.0,0.0,0.0,-2922000000.0,-2922000000.0,1.395,-2922000000.0,-2922000000.0,-2922000000.0,-1.25,-1.25,-1.25,-58000000.0,,-58000000.0,2227999745040.0,-107.0,-107.394,3715000000.0,1.144,1.0,-2094000000.0,1.0,0.0,0.0,4479479000000.0,,0.0,2174467000000.0,,,2288788000000.0,,,194745040.0,-21757000000.0,0.0,0.0,-136187000000.0,0.0,-136061000000.0,110589000000.0,110074000000.0,3715000000.0,0.0,-2511000000.0,-2511000000.0,-2511000000.0,0.0,0.0,1.199,828000000.0,-2922000000.0,10097000000.0,0.0,-3.358,-0.011,-0.038,7511000000.0,1558000000.0,0.3,-0.011,-0.057,0.0,-61017000000.0,-2094000000.0,-2094000000.0,0.0,,,,,0.0,388000000.0,1.0,649150132.0,3248794000,3248794000.0,-0.645,2288730000000.0,6134000000.0,-411000000.0,0.0,704.486,
44,FMCC,MRQ,2010-06-30,2010-06-30,2010-06-30,2021-07-29,-17247000000.0,2343576000000.0,,,,,-0.535,0.0,98540000000.0,98540000000.0,0.0,-4713000000.0,,-1349.433,2326345000000.0,,,2326345000000.0,0.0,0.0,0.0,0.0,0.0,-4999000000.0,-4999000000.0,1.106,-4999000000.0,-4999000000.0,-4999000000.0,-1.85,-1.85,-1.85,-1738000000.0,,-1738000000.0,2261390133820.0,-97.0,-96.719,4601000000.0,1.416,1.0,-4520000000.0,1.0,0.0,0.0,4571381000000.0,,0.0,2212667000000.0,,,2345314000000.0,,,266133820.0,-5768000000.0,0.0,0.0,-92907000000.0,1292000000.0,-83649000000.0,73280000000.0,70287000000.0,4601000000.0,0.0,-4713000000.0,-4713000000.0,-4713000000.0,0.0,0.0,1.043,479000000.0,-4999000000.0,11228000000.0,0.0,-0.153,-0.012,-0.047,6298000000.0,1296000000.0,0.41,-0.014,-0.068,0.0,-56945000000.0,-4520000000.0,-4520000000.0,0.0,,,,,0.0,404000000.0,1.0,649106877.0,3249198000,3249198000.0,-1.391,2343576000000.0,7926000000.0,-286000000.0,0.0,721.278,
45,FMCC,MRQ,2010-03-31,2010-03-31,2010-03-31,2021-07-29,-21530000000.0,2360210000000.0,,,,,-3.265,0.0,90724000000.0,90724000000.0,0.0,-6689000000.0,,-223.359,2351848000000.0,,,2351848000000.0,0.0,0.0,0.0,0.0,0.0,-6792000000.0,-6792000000.0,1.109,-6792000000.0,-6792000000.0,-6792000000.0,-2.45,-2.45,-2.45,-10614000000.0,,-10614000000.0,709217440031.0,-39.0,-38.831,2062000000.0,0.634,1.0,-6125000000.0,1.0,0.0,0.0,4621334000000.0,,0.0,2236949000000.0,,,2370735000000.0,,,823440031.0,-9238000000.0,0.0,0.0,-70568000000.0,-1292000000.0,-71893000000.0,60593000000.0,54872000000.0,2062000000.0,0.0,-6689000000.0,-6689000000.0,-6689000000.0,0.0,0.0,1.092,667000000.0,-6792000000.0,10764000000.0,0.0,-0.078,-0.046,-0.177,5468000000.0,1292000000.0,1.27,-0.063,-0.314,0.0,-50933000000.0,-6125000000.0,-6125000000.0,0.0,,,,,0.0,405000000.0,1.0,648377977.0,3251295000,3251295000.0,-1.884,2360210000000.0,10044000000.0,-103000000.0,0.0,725.929,
46,FMCC,MRQ,2009-12-31,2009-12-31,2009-12-31,2021-07-29,-23648000000.0,841784000000.0,,,,,1.315,0.0,72210000000.0,72210000000.0,0.0,-6471000000.0,,195.748,780604000000.0,,,780604000000.0,0.0,0.0,0.0,0.0,0.0,-6033000000.0,-6033000000.0,1.417,-6033000000.0,-6033000000.0,-6033000000.0,-2.39,-2.39,-2.39,4278000000.0,,4278000000.0,737866055394.0,-33.0,-32.964,-688000000.0,-0.212,1.0,-4257000000.0,1.0,0.0,0.0,1550178000000.0,,0.0,735019000000.0,,,837412000000.0,,,953055394.0,9063000000.0,0.0,0.0,-22961000000.0,0.0,-24353000000.0,34104000000.0,32933000000.0,-688000000.0,0.0,-6473000000.0,-3660000000.0,-3660000000.0,0.0,2000000.0,0.86,1774000000.0,-6031000000.0,5047000000.0,0.0,0.223,-0.044,-0.186,4692000000.0,1292000000.0,1.47,-0.063,-0.315,0.0,-33921000000.0,-4257000000.0,-4257000000.0,0.0,,,,,0.0,497000000.0,1.0,648337003.0,3252561000,3252561000.0,-1.309,841784000000.0,11101000000.0,440000000.0,0.0,258.807,
47,FMCC,MRQ,2009-09-30,2009-09-30,2009-09-30,2021-07-29,-26355000000.0,866601000000.0,,,,,3.17,0.0,66868000000.0,66868000000.0,0.0,-5409000000.0,,83.037,803781000000.0,,,803781000000.0,0.0,0.0,0.0,0.0,0.0,-5557000000.0,-5557000000.0,1.21,-5557000000.0,-5557000000.0,-5557000000.0,-2.06,-2.06,-2.06,10311000000.0,,10311000000.0,781373949277.0,-19.0,-18.98,3834000000.0,1.179,1.0,-4593000000.0,1.0,0.0,0.0,1603514000000.0,,0.0,773710000000.0,,,856195000000.0,,,1166949277.0,8958000000.0,0.0,0.0,-33560000000.0,0.0,-34931000000.0,40055000000.0,40144000000.0,3834000000.0,0.0,-5408000000.0,-6701000000.0,-6701000000.0,0.0,-1000000.0,1.459,965000000.0,-5558000000.0,0.0,0.0,0.113,-0.028,-0.196,4234000000.0,1293000000.0,1.8,-0.027,-0.136,6070000000.0,-25171000000.0,-4593000000.0,-4593000000.0,0.0,,,,,0.0,433000000.0,1.0,648305154.0,3253172000,3253172000.0,-1.412,866601000000.0,12443000000.0,-149000000.0,0.0,266.386,
48,FMCC,MRQ,2009-06-30,2009-06-30,2009-06-30,2021-07-29,-34815000000.0,892290000000.0,,,,,2.501,0.0,56771000000.0,56771000000.0,0.0,301000000.0,,108.647,836978000000.0,,,836978000000.0,0.0,0.0,0.0,0.0,0.0,118000000.0,118000000.0,0.065,118000000.0,118000000.0,118000000.0,-0.26,-0.26,-0.26,8137000000.0,,8137000000.0,820763896891.0,-16.0,-15.505,2851000000.0,0.876,1.0,1805000000.0,1.0,0.0,0.0,1672497000000.0,,0.0,805081000000.0,,,884058000000.0,,,401896891.0,-7092000000.0,0.0,0.0,-72905000000.0,370000000.0,-68022000000.0,58079000000.0,58343000000.0,2851000000.0,0.0,302000000.0,-840000000.0,-840000000.0,0.0,-1000000.0,-0.465,1688000000.0,117000000.0,0.0,0.0,0.049,-0.007,-0.023,3416000000.0,1142000000.0,0.62,-0.008,-0.042,6871000000.0,-18863000000.0,1805000000.0,1805000000.0,0.0,,,,,0.0,383000000.0,1.0,648220792.0,3253716000,3253716000.0,0.555,892290000000.0,16894000000.0,-184000000.0,0.0,274.237,
49,FMCC,MRQ,2009-03-31,2009-03-31,2009-03-31,2021-07-29,-28303000000.0,946950000000.0,,,,,-1.875,0.0,89149000000.0,89149000000.0,0.0,-9975000000.0,,-156.12,909511000000.0,,,909511000000.0,0.0,0.0,0.0,0.329,0.0,-10912000000.0,-10912000000.0,1.34,-10912000000.0,-10912000000.0,-10912000000.0,-3.18,-3.18,-3.18,-6104000000.0,,-6104000000.0,787083997183.0,-14.0,-14.335,-4709000000.0,-1.446,1.0,-8144000000.0,1.0,0.0,0.0,1767312000000.0,,0.0,832016000000.0,,,952958000000.0,,,491997183.0,8428000000.0,0.0,0.0,67479000000.0,-370000000.0,97812000000.0,-84675000000.0,-84283000000.0,-4709000000.0,0.0,-9975000000.0,-10353000000.0,-10353000000.0,0.0,0.0,1.271,2768000000.0,-10912000000.0,0.0,0.0,-0.081,-0.008,-0.027,2948000000.0,378000000.0,0.76,-0.01,-0.051,6047000000.0,-33477000000.0,-8144000000.0,-8144000000.0,0.0,,,,,0.0,372000000.0,1.0,647364714.0,3255718000,3255718000.0,-2.501,946950000000.0,13282000000.0,-937000000.0,0.0,290.858,
50,FMCC,MRQ,2008-12-31,2008-12-31,2008-12-31,2021-07-29,-32357000000.0,850963000000.0,,,,,-20.933,0.0,56429000000.0,56429000000.0,0.0,-23853000000.0,,-28.688,843021000000.0,,,843021000000.0,0.0,0.0,0.0,0.685,0.0,-24818000000.0,-24818000000.0,0.77,-24818000000.0,-24818000000.0,-24818000000.0,-3.7,-3.7,-3.7,-30731000000.0,,-30731000000.0,715832425802.0,-16.0,-16.062,-1999000000.0,-1.362,1.0,-32249000000.0,1.0,0.0,0.0,1637555000000.0,,0.0,766797000000.0,,,881597000000.0,,,472425802.0,-4854000000.0,0.0,0.0,58823000000.0,-172000000.0,72310000000.0,-75165000000.0,-77004000000.0,-1999000000.0,0.0,-23852000000.0,-24018000000.0,-24018000000.0,0.0,-1000000.0,0.745,-5925000000.0,-26324000000.0,0.0,0.0,-0.015,-0.009,-0.021,3255000000.0,166000000.0,0.73,-0.012,-0.028,6337000000.0,-23191000000.0,-32249000000.0,-32249000000.0,0.0,,,,,0.0,396000000.0,1.0,647158633.0,1468062000,1468062000.0,-21.967,850963000000.0,15351000000.0,-966000000.0,0.0,579.651,
51,FMCC,MRQ,2008-09-30,2008-09-30,2008-09-30,2021-07-29,-25634000000.0,804390000000.0,,,,,-10.6,0.0,68590000000.0,68590000000.0,0.0,-25295000000.0,,-59.303,783950000000.0,,,783950000000.0,0.0,0.0,0.0,0.439,0.0,-17325000000.0,-17325000000.0,1.812,-17325000000.0,-17325000000.0,-17325000000.0,-19.44,-19.44,-19.44,-13795000000.0,,-13795000000.0,765231395925.0,-32.0,-32.111,-4201000000.0,-3.228,1.0,-9559000000.0,1.0,0.0,0.0,1519750000000.0,,0.0,711585000000.0,,,818090000000.0,,,1106395925.0,6627000000.0,0.0,0.0,-50082000000.0,6000000.0,-50277000000.0,61105000000.0,62820000000.0,-4201000000.0,0.0,-25295000000.0,-25301000000.0,-25301000000.0,0.0,0.0,2.647,6432000000.0,-15991000000.0,0.0,0.0,-0.08,-0.038,-0.067,3224000000.0,6000000.0,1.71,-0.145,-0.291,5298000000.0,833000000.0,-9559000000.0,-9559000000.0,0.0,,,,,0.0,308000000.0,1.0,647015161.0,1301430000,1301430000.0,-7.345,804390000000.0,11866000000.0,7970000000.0,0.0,618.082,
52,FMCC,MRQ,2008-06-30,2008-06-30,2008-06-30,2021-07-29,-24180000000.0,879043000000.0,,,,,20.016,0.0,71687000000.0,71687000000.0,0.0,-819000000.0,,66.88,835812000000.0,,,835812000000.0,0.0,0.0,0.0,0.076,0.25,-1851000000.0,-1851000000.0,-1.168,-1851000000.0,-1851000000.0,-1851000000.0,-1.63,-1.63,-1.63,12948000000.0,,12948000000.0,,,,2014000000.0,3.113,1.0,1585000000.0,1.0,0.0,0.0,1643168000000.0,,0.0,776682000000.0,,,865964000000.0,,,10611048640.0,35207000000.0,0.0,0.0,77614000000.0,-396000000.0,76970000000.0,-43777000000.0,-43134000000.0,2014000000.0,0.0,-821000000.0,-1053000000.0,-1053000000.0,0.0,2000000.0,-0.664,3314000000.0,-1729000000.0,0.0,-0.153,0.82,-1.971,-1.976,2580000000.0,232000000.0,16.4,3.81,3.809,6247000000.0,26128000000.0,1585000000.0,1585000000.0,0.0,,,,,0.0,404000000.0,1.0,647015161.0,646868000,646868000.0,2.45,879043000000.0,18399000000.0,-1030000000.0,0.0,1358.922,
53,FMCC,MRQ,2008-03-31,2008-03-31,2008-03-31,2021-07-29,,,,,,,,0.0,,,0.0,-149000000.0,,,,,,,,0.0,,0.059,0.25,-573000000.0,-573000000.0,-0.406,-573000000.0,-573000000.0,-573000000.0,-0.66,-0.66,-0.66,,,,,,,-5973000000.0,-9.241,1.0,1412000000.0,1.0,,0.0,,,,,,,,,,16382423877.0,-228000000.0,0.0,0.0,19996000000.0,-436000000.0,19328000000.0,-13583000000.0,-13245000000.0,-5973000000.0,0.0,-151000000.0,-424000000.0,-424000000.0,0.0,2000000.0,-0.3,1932000000.0,-520000000.0,,-0.379,,-4.429,-4.442,,273000000.0,25.32,4.625,4.62,,,1412000000.0,1412000000.0,0.0,,,,,0.0,397000000.0,1.0,647015161.0,646338000,646338000.0,2.185,,,-422000000.0,,,
54,FMCC,MRQ,2007-12-31,2007-12-31,2007-12-31,2021-07-29,-11143000000.0,794368000000.0,,,,,41.365,0.0,15232000000.0,15232000000.0,0.0,-2460000000.0,,28.718,738557000000.0,,,738557000000.0,0.0,0.0,0.0,0.051,0.25,-4082000000.0,-4082000000.0,3.745,-4082000000.0,-4082000000.0,-4082000000.0,-3.94,-3.94,-3.94,26724000000.0,,26724000000.0,,,,-6956000000.0,-10.767,1.0,-1090000000.0,1.0,0.0,0.0,1517693000000.0,,0.0,759873000000.0,,,767468000000.0,,,,-3653000000.0,0.0,-1000000000.0,10927000000.0,-1539000000.0,16253000000.0,-12950000000.0,-12854000000.0,-6956000000.0,0.0,-2452000000.0,-2565000000.0,-2565000000.0,0.0,-8000000.0,2.353,1017000000.0,-2107000000.0,0.0,-0.063,,,-6.345,1736000000.0,113000000.0,34.07,,7.865,4927000000.0,26909000000.0,-1090000000.0,-1090000000.0,0.0,,,,,0.0,401000000.0,1.0,,646049000,646049000.0,-1.687,794368000000.0,10304000000.0,-1630000000.0,0.0,1229.579,
55,FMCC,MRQ,2007-09-30,2007-09-30,2007-09-30,2021-07-29,,,,,,,,0.0,,,0.0,-1238000000.0,,,,,,,,0.0,,0.034,0.5,-2192000000.0,-2192000000.0,-2.497,-2192000000.0,-2192000000.0,-2192000000.0,-2.07,-2.07,-2.07,,,,,,,-3020000000.0,-4.665,1.0,878000000.0,1.0,,0.0,,,,,,,,,,,419000000.0,0.0,0.0,-26089000000.0,0.0,-26030000000.0,29469000000.0,29469000000.0,-3020000000.0,0.0,-1238000000.0,-1342000000.0,-1342000000.0,0.0,0.0,-1.528,2025000000.0,-1147000000.0,,-0.242,,,,,104000000.0,59.01,,,,,878000000.0,878000000.0,0.0,,,,,0.0,428000000.0,1.0,,647377000,647377000.0,1.356,,,-954000000.0,,,
56,FMCC,MRQ,2007-06-30,2007-06-30,2007-06-30,2021-07-29,,,,,,,,,,,0.0,729000000.0,,,,,,,,,,0.032,0.5,823000000.0,,,,823000000.0,823000000.0,0.97,0.96,0.97,,,,,,,,,1.0,2342000000.0,1.0,,0.0,,,,,,,,,,,,,,,,,,,,,729000000.0,632000000.0,632000000.0,0.0,0.0,0.27,1096000000.0,1246000000.0,,0.515,,,,,97000000.0,60.7,,,,,2342000000.0,2342000000.0,0.0,,,,,,442000000.0,1.0,,652877000,655784000.0,3.587,,,94000000.0,,,
57,FMCC,MRQ,2006-12-31,2006-12-31,2006-12-31,2021-07-29,-8451000000.0,804910000000.0,,,,,39.53,,79973000000.0,79973000000.0,,,,28.888,744341000000.0,,,744341000000.0,0.0,,0.0,0.028,0.5,,,,,,,,,,26914000000.0,,26914000000.0,,,,,,1.0,,,0.0,,1469278000000.0,,0.0,707987000000.0,,,777480000000.0,,,,,,,,,,,,,,,,,,,,,,0.0,,,,22.558,743000000.0,,67.9,,9.081,5073000000.0,31372000000.0,,,,,,,,,,1.0,,680856000,,,804910000000.0,4346000000.0,,0.0,1182.203,
0,FMCC,MRT,2021-06-30,2021-06-30,2021-06-30,2021-07-29,186000000.0,2842142000000.0,2666375500000.0,,,0.008,6.927,0.0,11171000000.0,11171000000.0,0.0,11822000000.0,,125.87,2802755000000.0,,,2802755000000.0,0.0,0.0,0.0,0.0,0.0,14894000000.0,14894000000.0,0.702,14894000000.0,14894000000.0,14894000000.0,0.26,0.26,0.26,22402000000.0,17874250000.0,22402000000.0,2604227085756.0,175.0,174.851,16549000000.0,5.117,1.0,21227000000.0,1.0,0.0,0.0,5633726000000.0,5261069000000.0,0.0,2789871000000.0,,,2819740000000.0,,,936085756.0,3566000000.0,0.0,0.0,109418000000.0,0.0,109409000000.0,-122392000000.0,-122058000000.0,16549000000.0,0.0,11822000000.0,11822000000.0,11822000000.0,0.0,0.0,0.557,7755000000.0,13472000000.0,6122000000.0,0.0,0.042,0.079,5.538,0.0,10960000000.0,1.44,0.044,0.219,0.0,-60656000000.0,21227000000.0,21227000000.0,0.0,0.004,0.661,0.003,0.702,0.0,2637000000.0,1.0,650059553.0,3234000000,3234000000.0,6.564,2842142000000.0,6494000000.0,3072000000.0,0.0,878.832,
1,FMCC,MRT,2021-03-31,2021-03-31,2021-03-31,2021-07-29,254000000.0,2741874000000.0,2539753750000.0,,,0.008,5.81,0.0,100979000000.0,100979000000.0,0.0,9920000000.0,,144.914,2704270000000.0,,,2704270000000.0,0.0,0.0,0.0,0.0,0.0,12492000000.0,12492000000.0,0.64,12492000000.0,12492000000.0,12492000000.0,0.19,0.19,0.19,18791000000.0,15134250000.0,18791000000.0,2569989621549.0,206.0,205.731,8498000000.0,2.628,1.0,19510000000.0,1.0,0.0,0.0,5345165000000.0,5011725250000.0,0.0,2594654000000.0,,,2723083000000.0,,,1332621549.0,76655000000.0,0.0,0.0,136790000000.0,0.0,136768000000.0,-68611000000.0,-68384000000.0,8498000000.0,0.0,9920000000.0,9920000000.0,9920000000.0,0.0,0.0,0.508,6995000000.0,12515000000.0,5954000000.0,0.0,0.071,0.134,10.789,0.0,9287000000.0,2.05,0.068,0.34,0.0,-64335000000.0,19510000000.0,19510000000.0,0.0,0.004,0.655,0.002,0.64,0.0,2587000000.0,1.0,650059292.0,3234000000,3234000000.0,6.033,2741874000000.0,6826000000.0,2572000000.0,0.0,847.827,
2,FMCC,MRT,2020-12-31,2020-12-31,2020-12-31,2021-07-29,643000000.0,2627415000000.0,2414781250000.0,,,0.007,5.075,0.0,23889000000.0,23889000000.0,0.0,7326000000.0,,159.081,2592546000000.0,,,2592546000000.0,0.0,0.0,0.0,0.0,0.0,9229000000.0,9229000000.0,0.554,9229000000.0,9229000000.0,9229000000.0,0.01,0.01,0.01,16413000000.0,12812500000.0,16413000000.0,2416756638150.0,262.0,261.865,907000000.0,0.28,1.0,16659000000.0,1.0,0.0,0.0,5196072000000.0,4783882750000.0,0.0,2557675000000.0,,,2611002000000.0,,,1514638150.0,18700000000.0,0.0,0.0,101194000000.0,0.0,101148000000.0,-83355000000.0,-83334000000.0,907000000.0,0.0,7326000000.0,7326000000.0,7326000000.0,0.0,0.0,0.44,5978000000.0,10681000000.0,6210000000.0,0.0,0.092,0.207,233.0,0.0,7291000000.0,2.33,0.091,0.452,0.0,-67102000000.0,16659000000.0,16659000000.0,0.0,0.003,0.572,0.002,0.554,0.0,2535000000.0,1.0,650059292.0,3234000000,3234000000.0,5.151,2627415000000.0,6557000000.0,1903000000.0,0.0,812.435,
3,FMCC,MRT,2020-09-30,2020-09-30,2020-09-30,2021-07-29,1034000000.0,2454071000000.0,2306372500000.0,,,0.007,4.295,0.0,8074000000.0,8074000000.0,0.0,7005000000.0,,175.666,2423316000000.0,,,2423316000000.0,0.0,0.0,0.0,0.0,0.0,8810000000.0,8810000000.0,0.543,8810000000.0,8810000000.0,8810000000.0,-0.07,-0.07,-0.07,13891000000.0,10989750000.0,13891000000.0,2301937613248.0,261.0,261.287,15028000000.0,4.647,1.0,16211000000.0,1.0,0.0,0.0,4869313000000.0,4574433750000.0,0.0,2400060000000.0,,,2440180000000.0,,,1241613248.0,-634000000.0,0.0,0.0,-2145000000.0,0.0,-2236000000.0,-13426000000.0,-13763000000.0,15028000000.0,0.0,7005000000.0,7005000000.0,7005000000.0,0.0,0.0,0.432,5408000000.0,10803000000.0,6020000000.0,0.0,0.089,0.177,-27.286,0.0,7217000000.0,1.91,0.077,0.381,0.0,-70015000000.0,16211000000.0,16211000000.0,0.0,0.003,0.637,0.002,0.543,0.0,2576000000.0,1.0,650059292.0,3234000000,3234000000.0,5.013,2454071000000.0,5886000000.0,1805000000.0,0.0,758.835,
4,FMCC,MRT,2020-06-30,2020-06-30,2020-06-30,2021-07-29,1048000000.0,2335655000000.0,2235416250000.0,,,0.006,3.538,0.0,7605000000.0,7605000000.0,0.0,6251000000.0,,203.13,2308301000000.0,,,2308301000000.0,0.0,0.0,0.0,0.0,0.0,7839000000.0,7839000000.0,0.54,7839000000.0,7839000000.0,7839000000.0,-0.11,-0.11,-0.11,11442000000.0,9185500000.0,11442000000.0,2193234629282.0,280.0,279.785,7015000000.0,2.169,1.0,14524000000.0,1.0,0.0,0.0,4636351000000.0,4434804750000.0,0.0,2287601000000.0,,,2324213000000.0,,,1423629282.0,4178000000.0,0.0,0.0,-33413000000.0,0.0,-33530000000.0,30693000000.0,30178000000.0,7015000000.0,0.0,6251000000.0,6251000000.0,6251000000.0,0.0,0.0,0.43,5198000000.0,9326000000.0,6246000000.0,0.0,0.124,0.228,-19.909,0.0,6616000000.0,2.19,0.098,0.488,0.0,-72478000000.0,14524000000.0,14524000000.0,0.0,0.003,0.681,0.002,0.54,0.0,2555000000.0,1.0,650059033.0,3234000000,3234000000.0,4.491,2335655000000.0,5698000000.0,1588000000.0,0.0,722.219,
5,FMCC,MRT,2020-03-31,2020-03-31,2020-03-31,2021-07-29,887000000.0,2241984000000.0,2182627500000.0,,,0.006,2.939,0.0,24324000000.0,24324000000.0,0.0,5980000000.0,,234.899,2216135000000.0,,,2216135000000.0,0.0,0.0,0.0,0.0,0.0,7502000000.0,7502000000.0,0.552,7502000000.0,7502000000.0,7502000000.0,-0.16,-0.16,-0.16,9504000000.0,7531500000.0,9504000000.0,2175247782528.0,290.0,289.956,10714000000.0,3.313,1.0,13587000000.0,1.0,0.0,0.0,4433795000000.0,4332319000000.0,0.0,2174629000000.0,,,2232480000000.0,,,908782528.0,18085000000.0,0.0,0.0,-65577000000.0,0.0,-67396000000.0,74767000000.0,74068000000.0,10714000000.0,0.0,5980000000.0,5980000000.0,5980000000.0,0.0,0.0,0.44,5463000000.0,8124000000.0,6271000000.0,0.0,0.096,0.152,-8.738,0.0,6504000000.0,1.398,0.067,0.333,0.0,-74255000000.0,13587000000.0,13587000000.0,0.0,0.003,0.794,0.002,0.552,0.0,2573000000.0,1.0,650059033.0,3234000000,3234000000.0,4.201,2241984000000.0,4629000000.0,1522000000.0,0.0,693.254,
6,FMCC,MRT,2019-12-31,2019-12-31,2019-12-31,2021-07-29,438000000.0,2193780000000.0,2145358250000.0,,,0.007,2.821,0.0,5189000000.0,5189000000.0,0.0,7214000000.0,,239.493,2169685000000.0,,,2169685000000.0,0.0,0.0,0.0,0.0,0.0,9049000000.0,9049000000.0,0.643,9049000000.0,9049000000.0,9049000000.0,-0.18,-0.18,-0.18,9122000000.0,6321750000.0,9122000000.0,2142501177099.0,237.0,236.767,12197000000.0,3.771,1.0,14078000000.0,1.0,0.0,0.0,4358276000000.0,4263940750000.0,0.0,2159874000000.0,,,2184658000000.0,,,1950177099.0,-2084000000.0,0.0,0.0,-59161000000.0,0.0,-62433000000.0,48152000000.0,47494000000.0,12197000000.0,0.0,7214000000.0,7214000000.0,7214000000.0,0.0,0.0,0.512,5775000000.0,8303000000.0,6559000000.0,0.0,0.214,0.27,-16.667,0.0,7787000000.0,3.0,0.139,0.689,0.0,-74188000000.0,14078000000.0,14078000000.0,0.0,0.003,1.141,0.002,0.643,0.0,2564000000.0,1.0,650059033.0,3234000000,3234000000.0,4.353,2193780000000.0,5918000000.0,1835000000.0,0.0,678.349,
7,FMCC,MRT,2019-09-30,2019-09-30,2019-09-30,2021-07-29,582000000.0,2170246000000.0,2112678250000.0,,,0.005,2.064,0.0,8708000000.0,8708000000.0,0.0,5722000000.0,,324.179,2149259000000.0,,,2149259000000.0,0.0,0.0,0.0,0.0,0.0,7192000000.0,7192000000.0,0.623,7192000000.0,7192000000.0,7192000000.0,-0.33,-0.33,-0.33,6674000000.0,5160500000.0,6674000000.0,2104241711928.0,293.0,292.581,1183000000.0,0.366,1.0,11540000000.0,1.0,0.0,0.0,4310797000000.0,4199556000000.0,0.0,2123251000000.0,,,2163572000000.0,,,2333711928.0,1670000000.0,0.0,0.0,-60162000000.0,0.0,-65948000000.0,66435000000.0,65937000000.0,1183000000.0,0.0,5722000000.0,5722000000.0,5722000000.0,0.0,0.0,0.496,5558000000.0,5982000000.0,6688000000.0,0.0,0.35,0.408,-10.879,0.0,6818000000.0,3.59,0.202,1.006,0.0,-76780000000.0,11540000000.0,11540000000.0,0.0,0.003,1.109,0.002,0.623,0.0,2463000000.0,1.0,650059033.0,3234000000,3234000000.0,3.568,2170246000000.0,5784000000.0,1470000000.0,0.0,671.072,
8,FMCC,MRT,2019-06-30,2019-06-30,2019-06-30,2021-07-29,443000000.0,2124500000000.0,2085981000000.0,,,0.006,1.492,0.0,3427000000.0,3427000000.0,0.0,6719000000.0,,439.22,2105335000000.0,,,2105335000000.0,0.0,0.0,0.0,0.0,0.0,8318000000.0,8318000000.0,0.659,8318000000.0,8318000000.0,8318000000.0,-0.24,-0.24,-0.24,4826000000.0,4881750000.0,4826000000.0,2069065153486.0,249.0,248.746,2790000000.0,0.863,1.0,12623000000.0,1.0,0.0,0.0,4226408000000.0,4146459000000.0,0.0,2088169000000.0,,,2119674000000.0,,,1690153486.0,-3325000000.0,0.0,0.0,-54541000000.0,0.0,-61881000000.0,55766000000.0,55208000000.0,2790000000.0,0.0,6719000000.0,6719000000.0,6719000000.0,0.0,0.0,0.532,5336000000.0,7287000000.0,6874000000.0,0.0,0.35,0.252,-10.833,0.0,7529000000.0,2.6,0.134,0.666,0.0,-78489000000.0,12623000000.0,12623000000.0,0.0,0.003,1.376,0.002,0.659,0.0,2412000000.0,1.0,650059033.0,3234000000,3234000000.0,3.903,2124500000000.0,6416000000.0,1599000000.0,0.0,656.926,
9,FMCC,MRT,2019-03-31,2019-03-31,2019-03-31,2021-07-29,123000000.0,2092907000000.0,2065289000000.0,,,0.007,1.442,0.0,6239000000.0,6239000000.0,0.0,7716000000.0,,447.64,2073614000000.0,,,2073614000000.0,0.0,0.0,0.0,0.0,0.0,9565000000.0,9565000000.0,0.698,9565000000.0,9565000000.0,9565000000.0,0.14,0.14,0.14,4665000000.0,4821500000.0,4665000000.0,2039425658105.0,213.0,213.218,305000000.0,0.094,1.0,13699000000.0,1.0,0.0,0.0,4160282000000.0,4103892500000.0,0.0,2058864000000.0,,,2088242000000.0,,,1748658105.0,-2378000000.0,0.0,0.0,-62314000000.0,0.0,-67938000000.0,65255000000.0,64619000000.0,305000000.0,0.0,7716000000.0,7716000000.0,7716000000.0,0.0,0.0,0.563,5005000000.0,8694000000.0,6558000000.0,0.0,0.375,0.227,19.214,0.0,7288000000.0,2.69,0.128,0.635,0.0,-78330000000.0,13699000000.0,13699000000.0,0.0,0.004,1.6,0.002,0.698,0.0,2351000000.0,1.0,650058775.0,3234000000,3234000000.0,4.236,2092907000000.0,6819000000.0,1849000000.0,0.0,647.157,
10,FMCC,MRT,2018-12-31,2018-12-31,2018-12-31,2021-07-29,-135000000.0,2063060000000.0,2047683000000.0,,,0.008,1.384,0.0,7273000000.0,7273000000.0,0.0,9235000000.0,,459.813,2044950000000.0,,,2044950000000.0,0.0,0.0,0.0,0.0,0.0,11474000000.0,11474000000.0,0.737,11474000000.0,11474000000.0,11474000000.0,1.12,1.12,1.12,4477000000.0,4192750000.0,4477000000.0,2035641062302.0,177.0,177.413,674000000.0,0.208,1.0,15570000000.0,1.0,0.0,0.0,4100737000000.0,4068490250000.0,0.0,2031195000000.0,,,2058583000000.0,,,689062302.0,-2538000000.0,0.0,0.0,-119025000000.0,0.0,-122860000000.0,119648000000.0,118884000000.0,674000000.0,0.0,9235000000.0,9235000000.0,9235000000.0,0.0,0.0,0.593,4832000000.0,10738000000.0,6652000000.0,0.0,0.154,0.075,0.946,0.0,5623000000.0,1.06,0.044,0.22,0.0,-78260000000.0,15570000000.0,15570000000.0,0.0,0.005,2.203,0.003,0.737,0.0,2293000000.0,1.0,650058775.0,3234000000,3234000000.0,4.814,2063060000000.0,6888000000.0,2239000000.0,0.0,637.928,
11,FMCC,MRT,2018-09-30,2018-09-30,2018-09-30,2021-07-29,-513000000.0,2063457000000.0,2044362000000.0,,,0.009,1.719,0.0,7038000000.0,7038000000.0,0.0,5214000000.0,,370.192,2041990000000.0,,,2041990000000.0,0.0,0.0,0.0,0.0,0.0,13903000000.0,13903000000.0,0.749,13903000000.0,13903000000.0,13903000000.0,0.33,0.33,0.33,5559000000.0,2995500000.0,5559000000.0,2015320082285.0,145.0,144.956,2362000000.0,0.73,1.0,18552000000.0,1.0,0.0,0.0,4098409000000.0,4061954750000.0,0.0,2027367000000.0,,,2057898000000.0,,,910082285.0,-8829000000.0,0.0,0.0,-118159000000.0,0.0,-121684000000.0,110493000000.0,109536000000.0,2362000000.0,0.0,5214000000.0,5214000000.0,5214000000.0,0.0,0.0,0.281,4733000000.0,13819000000.0,6418000000.0,0.0,0.164,0.175,4.242,0.0,4143000000.0,1.4,0.049,0.244,0.0,-76800000000.0,18552000000.0,18552000000.0,0.0,0.003,1.741,0.003,0.749,0.0,2205000000.0,1.0,650058775.0,3234000000,3234000000.0,5.737,2063457000000.0,7876000000.0,8689000000.0,0.0,638.051,
12,FMCC,MRT,2018-06-30,2018-06-30,2018-06-30,2021-07-29,-366000000.0,2041732000000.0,2036161750000.0,,,0.011,1.418,0.0,6752000000.0,6752000000.0,0.0,7179000000.0,,444.307,2021162000000.0,,,2021162000000.0,0.0,0.0,0.0,0.0,0.0,17831000000.0,17831000000.0,0.798,17831000000.0,17831000000.0,17831000000.0,0.29,0.29,0.29,4585000000.0,2918250000.0,4585000000.0,1997223593452.0,112.0,112.009,7419000000.0,2.294,1.0,22337000000.0,1.0,0.0,0.0,4056142000000.0,4043444250000.0,0.0,2004721000000.0,,,2037147000000.0,,,1033593452.0,-4378000000.0,0.0,0.0,-150031000000.0,0.0,-153957000000.0,142160000000.0,141053000000.0,7419000000.0,0.0,7179000000.0,7179000000.0,7179000000.0,0.0,0.0,0.321,4590000000.0,17747000000.0,6377000000.0,0.0,0.225,0.144,5.483,0.0,6234000000.0,1.59,0.046,0.23,0.0,-77922000000.0,22337000000.0,22337000000.0,0.0,0.004,2.46,0.004,0.798,0.0,2160000000.0,1.0,650058775.0,3234000000,3234000000.0,6.907,2041732000000.0,8299000000.0,10652000000.0,0.0,631.333,
13,FMCC,MRT,2018-03-31,2018-03-31,2018-03-31,2021-07-29,-298000000.0,2022483000000.0,2031418000000.0,,,0.011,0.665,0.0,8617000000.0,8617000000.0,0.0,6340000000.0,,939.69,2004807000000.0,,,2004807000000.0,0.0,0.0,0.0,0.0,0.0,17187000000.0,17187000000.0,0.797,17187000000.0,17187000000.0,17187000000.0,-0.09,-0.09,-0.09,2150000000.0,2418500000.0,2150000000.0,2025696573887.0,118.0,117.862,8884000000.0,2.747,1.0,21556000000.0,1.0,0.0,0.0,4018673000000.0,4034607000000.0,0.0,1986134000000.0,,,2020333000000.0,,,877573887.0,-3899000000.0,0.0,0.0,-175460000000.0,0.0,-181622000000.0,168839000000.0,159342000000.0,8884000000.0,0.0,6340000000.0,6340000000.0,6340000000.0,0.0,0.0,0.294,4453000000.0,17103000000.0,6058000000.0,0.0,0.408,0.138,-15.0,0.0,6635000000.0,1.35,0.041,0.203,0.0,-80424000000.0,21556000000.0,21556000000.0,0.0,0.003,2.621,0.004,0.797,0.0,2115000000.0,1.0,650054731.0,3234000000,3234000000.0,6.665,2022483000000.0,8313000000.0,10847000000.0,0.0,625.381,
14,FMCC,MRT,2017-12-31,2017-12-31,2017-12-31,2021-07-29,389000000.0,2049776000000.0,2033874250000.0,,,0.01,-0.096,0.0,9811000000.0,9811000000.0,0.0,5625000000.0,,-6570.795,2034630000000.0,,,2034630000000.0,0.0,0.0,0.0,0.0,0.0,16834000000.0,16834000000.0,0.799,16834000000.0,16834000000.0,16834000000.0,-1.0,-1.0,-1.0,-312000000.0,2589500000.0,-312000000.0,1995349137922.0,119.0,118.531,4224000000.0,1.306,1.0,21057000000.0,1.0,0.0,0.0,4074595000000.0,4039497750000.0,0.0,2011813000000.0,,,2050088000000.0,,,1638137922.0,-12409000000.0,0.0,0.0,-150241000000.0,0.0,-161189000000.0,144556000000.0,143123000000.0,4224000000.0,0.0,5625000000.0,5625000000.0,5625000000.0,0.0,0.0,0.267,4307000000.0,16750000000.0,6221000000.0,0.0,-5.25,0.291,-2.52,0.0,8869000000.0,2.52,0.078,0.387,0.0,-83261000000.0,21057000000.0,21057000000.0,0.0,0.003,2.172,0.004,0.799,0.0,2106000000.0,1.0,650054731.0,3234000000,3234000000.0,6.511,2049776000000.0,8107000000.0,11209000000.0,0.0,633.821,
15,FMCC,MRT,2017-09-30,2017-09-30,2017-09-30,2021-07-29,780000000.0,2030656000000.0,2027274250000.0,,,0.012,1.623,0.0,15867000000.0,15867000000.0,0.0,13393000000.0,,385.792,2009578000000.0,,,2009578000000.0,0.0,0.0,0.0,0.0,0.0,20375000000.0,20375000000.0,0.829,20375000000.0,20375000000.0,20375000000.0,0.02,0.02,0.02,5250000000.0,3936250000.0,5250000000.0,1999908157625.0,98.0,98.155,4099000000.0,1.267,1.0,24568000000.0,1.0,0.0,0.0,4024367000000.0,4021639000000.0,0.0,1979947000000.0,,,2025406000000.0,,,1872157625.0,-2606000000.0,0.0,0.0,-173415000000.0,0.0,-184425000000.0,177720000000.0,151063000000.0,4099000000.0,0.0,13393000000.0,13393000000.0,13393000000.0,0.0,0.0,0.545,4193000000.0,20375000000.0,5990000000.0,0.0,0.357,0.14,144.0,0.0,13345000000.0,2.88,0.076,0.379,0.0,-78092000000.0,24568000000.0,24568000000.0,0.0,0.007,3.402,0.005,0.829,0.0,2132000000.0,1.0,650054731.0,3234000000,3234000000.0,7.597,2030656000000.0,14576000000.0,6982000000.0,0.0,627.908,
16,FMCC,MRT,2017-06-30,2017-06-30,2017-06-30,2021-07-29,801000000.0,2022757000000.0,2023425750000.0,,,0.01,0.8,0.0,11130000000.0,11130000000.0,0.0,11051000000.0,,781.195,2009166000000.0,,,2009166000000.0,0.0,0.0,0.0,0.0,0.0,16510000000.0,16510000000.0,0.8,16510000000.0,16510000000.0,16510000000.0,0.02,0.02,0.02,2586000000.0,3501250000.0,2586000000.0,2007377622050.0,122.0,121.586,551000000.0,0.17,1.0,20631000000.0,1.0,0.0,0.0,4020793000000.0,4013555250000.0,0.0,1979683000000.0,,,2020171000000.0,,,1449622050.0,-11543000000.0,0.0,0.0,-159939000000.0,0.0,-169896000000.0,157802000000.0,143659000000.0,551000000.0,0.0,11051000000.0,11051000000.0,11051000000.0,0.0,0.0,0.536,4121000000.0,16510000000.0,6090000000.0,0.0,0.561,0.131,111.5,0.0,11005000000.0,2.23,0.07,0.35,0.0,-80777000000.0,20631000000.0,20631000000.0,0.0,0.005,3.156,0.004,0.8,0.0,2106000000.0,1.0,650054731.0,3234000000,3234000000.0,6.379,2022757000000.0,14751000000.0,5459000000.0,0.0,625.466,
17,FMCC,MRT,2017-03-31,2017-03-31,2017-03-31,2021-07-29,479000000.0,2032308000000.0,2014345750000.0,,,0.01,0.876,0.0,12516000000.0,12516000000.0,0.0,10380000000.0,,716.116,2018444000000.0,,,2018444000000.0,0.0,0.0,0.0,0.0,0.0,15468000000.0,15468000000.0,0.792,15468000000.0,15468000000.0,15468000000.0,0.14,0.14,0.14,2834000000.0,3388000000.0,2834000000.0,1981396133580.0,128.0,128.096,8464000000.0,2.617,1.0,19518000000.0,1.0,0.0,0.0,4038236000000.0,3991607250000.0,0.0,1988069000000.0,,,2029474000000.0,,,1612133580.0,-8175000000.0,0.0,0.0,-143249000000.0,0.0,-150972000000.0,134333000000.0,134901000000.0,8464000000.0,0.0,10380000000.0,10380000000.0,10380000000.0,0.0,0.0,0.532,4050000000.0,15468000000.0,5897000000.0,0.0,0.569,0.155,17.714,0.0,9952000000.0,2.48,0.083,0.411,0.0,-80207000000.0,19518000000.0,19518000000.0,0.0,0.005,3.064,0.004,0.792,0.0,2068000000.0,1.0,650053863.0,3234000000,3234000000.0,6.035,2032308000000.0,15806000000.0,5088000000.0,0.0,628.419,
18,FMCC,MRT,2016-12-31,2016-12-31,2016-12-31,2021-07-29,456000000.0,2023376000000.0,1998543750000.0,,,0.008,1.569,0.0,22220000000.0,22220000000.0,0.0,7815000000.0,,397.695,2002004000000.0,,,2002004000000.0,0.0,0.0,0.0,0.0,0.0,11639000000.0,11639000000.0,0.742,11639000000.0,11639000000.0,11639000000.0,0.03,0.03,0.03,5075000000.0,2929500000.0,5075000000.0,1979201175137.0,170.0,170.049,4395000000.0,1.359,1.0,15682000000.0,1.0,0.0,0.0,4003160000000.0,3957520500000.0,0.0,1966845000000.0,,,2018301000000.0,,,2431175137.0,2092000000.0,0.0,0.0,-161860000000.0,0.0,-166849000000.0,164546000000.0,162384000000.0,4395000000.0,0.0,7815000000.0,7815000000.0,7815000000.0,0.0,0.0,0.498,4043000000.0,11639000000.0,6015000000.0,0.0,0.479,0.311,124.667,0.0,7718000000.0,3.74,0.155,0.771,0.0,-77941000000.0,15682000000.0,15682000000.0,0.0,0.004,2.668,0.003,0.742,0.0,2005000000.0,1.0,650046828.0,3234000000,3234000000.0,4.849,2023376000000.0,15818000000.0,3824000000.0,0.0,625.657,
19,FMCC,MRT,2016-09-30,2016-09-30,2016-09-30,2021-07-29,1428000000.0,2015262000000.0,1989172750000.0,,,0.006,1.085,0.0,23071000000.0,23071000000.0,0.0,5126000000.0,,573.149,1999841000000.0,,,1999841000000.0,0.0,0.0,0.0,0.0,0.0,7353000000.0,7353000000.0,0.647,7353000000.0,7353000000.0,7353000000.0,0.05,0.05,0.05,3510000000.0,2395750000.0,3510000000.0,1947584573520.0,265.0,264.869,9562000000.0,2.957,1.0,11369000000.0,1.0,0.0,0.0,3992032000000.0,3940738750000.0,0.0,1955001000000.0,,,2011752000000.0,,,1020573520.0,-1060000000.0,0.0,0.0,-128460000000.0,0.0,-131139000000.0,120517000000.0,146658000000.0,9562000000.0,0.0,5126000000.0,5126000000.0,5126000000.0,0.0,0.0,0.451,4016000000.0,7353000000.0,5890000000.0,0.0,0.291,0.199,31.4,1272000000.0,4983000000.0,1.57,0.09,0.447,0.0,-80478000000.0,11369000000.0,11369000000.0,0.0,0.003,2.14,0.002,0.647,0.0,1931000000.0,1.0,650046828.0,3234000000,3234000000.0,3.515,2015262000000.0,18730000000.0,2227000000.0,0.0,623.148,
20,FMCC,MRT,2016-06-30,2016-06-30,2016-06-30,2021-07-29,1447000000.0,1986437000000.0,1975894000000.0,,,0.004,0.66,0.0,25539000000.0,25539000000.0,0.0,2322000000.0,,930.288,1972103000000.0,,,1972103000000.0,0.0,0.0,0.0,0.0,0.0,3359000000.0,3359000000.0,0.449,3359000000.0,3359000000.0,3359000000.0,-0.11,-0.11,-0.11,2133000000.0,1843000000.0,2133000000.0,1933991586632.0,576.0,575.764,6482000000.0,2.004,1.0,7489000000.0,1.0,0.0,0.0,3933001000000.0,3905403250000.0,0.0,1924322000000.0,,,1984304000000.0,,,1202586632.0,2679000000.0,0.0,0.0,-139250000000.0,0.0,-144909000000.0,141106000000.0,154400000000.0,6482000000.0,0.0,2322000000.0,2322000000.0,2322000000.0,0.0,0.0,0.31,4130000000.0,3359000000.0,6057000000.0,0.0,0.564,0.518,-16.818,1381000000.0,2673000000.0,1.85,0.161,0.799,0.0,-81874000000.0,7489000000.0,7489000000.0,0.0,0.001,1.26,0.001,0.449,0.0,1898000000.0,1.0,650046828.0,3234000000,3234000000.0,2.316,1986437000000.0,18671000000.0,1037000000.0,0.0,614.235,
21,FMCC,MRT,2016-03-31,2016-03-31,2016-03-31,2021-07-29,1307000000.0,1969100000000.0,1966150250000.0,,,0.006,0.309,0.0,22829000000.0,22829000000.0,0.0,5498000000.0,,1968.1,1955618000000.0,,,1955618000000.0,0.0,0.0,0.0,0.0,0.0,7978000000.0,7978000000.0,0.64,7978000000.0,7978000000.0,7978000000.0,-0.05,-0.05,-0.05,1000000000.0,2738000000.0,1000000000.0,1951170061589.0,245.0,244.569,-1513000000.0,-0.468,1.0,12462000000.0,1.0,0.0,0.0,3901889000000.0,3875962250000.0,0.0,1911140000000.0,,,1968100000000.0,,,871061589.0,-4249000000.0,0.0,0.0,-182615000000.0,0.0,-189020000000.0,186284000000.0,206372000000.0,-1513000000.0,0.0,5498000000.0,5498000000.0,5498000000.0,0.0,0.0,0.441,4484000000.0,7978000000.0,6047000000.0,0.0,0.871,0.158,-26.8,1571000000.0,5653000000.0,1.34,0.07,0.348,0.0,-82867000000.0,12462000000.0,12462000000.0,0.0,0.003,2.008,0.002,0.64,0.0,1924000000.0,1.0,650045962.0,3234000000,3234000000.0,3.853,1969100000000.0,18123000000.0,2480000000.0,0.0,608.874,
22,FMCC,MRT,2015-12-31,2015-12-31,2015-12-31,2021-07-29,1153000000.0,1985892000000.0,1961776000000.0,,,0.007,0.909,0.0,20128000000.0,20128000000.0,0.0,6376000000.0,,674.473,1970269000000.0,,,1970269000000.0,0.0,0.0,0.0,0.0,0.0,9274000000.0,9274000000.0,0.662,9274000000.0,9274000000.0,9274000000.0,-0.01,-0.01,-0.01,2940000000.0,3124500000.0,2940000000.0,1889596074458.0,204.0,203.752,-934000000.0,-0.289,1.0,14012000000.0,1.0,0.0,0.0,3936033000000.0,3855732500000.0,0.0,1932447000000.0,,,1982952000000.0,,,1053074458.0,-5333000000.0,0.0,0.0,-177830000000.0,0.0,-183345000000.0,178946000000.0,194018000000.0,-934000000.0,0.0,6376000000.0,6376000000.0,6376000000.0,0.0,0.0,0.455,4738000000.0,9274000000.0,6183000000.0,0.0,0.358,0.165,-162.0,0.0,6399000000.0,1.62,0.075,0.374,0.0,-80773000000.0,14012000000.0,14012000000.0,0.0,0.003,2.041,0.002,0.662,0.0,1927000000.0,1.0,650045962.0,3235000000,3235000000.0,4.331,1985892000000.0,18205000000.0,2898000000.0,0.0,613.877,
23,FMCC,MRT,2015-09-30,2015-09-30,2015-09-30,2021-07-29,1670000000.0,1962147000000.0,1951687750000.0,,,0.006,0.402,0.0,58846000000.0,58846000000.0,0.0,4445000000.0,,1509.506,1947389000000.0,,,1947389000000.0,0.0,0.0,0.0,0.0,0.0,6362000000.0,6362000000.0,0.59,6362000000.0,6362000000.0,6362000000.0,-0.33,-0.33,-0.33,1299000000.0,3052250000.0,1299000000.0,1869205098468.0,294.0,293.808,-7872000000.0,-2.434,1.0,10784000000.0,1.0,0.0,0.0,3850690000000.0,3835628750000.0,0.0,1867851000000.0,,,1960848000000.0,,,1430098468.0,-11191000000.0,0.0,0.0,-181518000000.0,0.0,-189819000000.0,186500000000.0,199700000000.0,-7872000000.0,0.0,4445000000.0,4445000000.0,4445000000.0,0.0,0.0,0.412,4422000000.0,6362000000.0,6135000000.0,0.0,1.101,0.322,-6.667,1795000000.0,5510000000.0,2.2,0.133,0.66,0.0,-82931000000.0,10784000000.0,10784000000.0,0.0,0.002,1.456,0.002,0.59,0.0,1905000000.0,1.0,650044758.0,3234000000,3234000000.0,3.335,1962147000000.0,17817000000.0,1917000000.0,0.0,606.724,
24,FMCC,MRT,2015-06-30,2015-06-30,2015-06-30,2021-07-29,1696000000.0,1947462000000.0,1941847000000.0,,,0.007,1.767,0.0,61294000000.0,61294000000.0,0.0,7001000000.0,,339.883,1929069000000.0,,,1929069000000.0,0.0,0.0,0.0,0.0,0.0,10068000000.0,10068000000.0,0.709,10068000000.0,10068000000.0,10068000000.0,-0.4,-0.4,-0.4,5713000000.0,4024000000.0,5713000000.0,1870803598915.0,186.0,185.817,-5409000000.0,-1.673,1.0,14207000000.0,1.0,0.0,0.0,3815237000000.0,3816437250000.0,0.0,1850371000000.0,,,1941749000000.0,,,1436598915.0,799000000.0,0.0,0.0,-189537000000.0,0.0,-195816000000.0,202024000000.0,217571000000.0,-5409000000.0,0.0,7001000000.0,7001000000.0,7001000000.0,0.0,0.0,0.493,4139000000.0,10068000000.0,6239000000.0,0.0,0.251,0.205,-5.525,1978000000.0,8296000000.0,2.21,0.101,0.503,0.0,-78543000000.0,14207000000.0,14207000000.0,0.0,0.004,1.74,0.003,0.709,0.0,1912000000.0,1.0,650044758.0,3234000000,3234000000.0,4.393,1947462000000.0,19545000000.0,3067000000.0,0.0,602.184,
25,FMCC,MRT,2015-03-31,2015-03-31,2015-03-31,2021-07-29,1952000000.0,1951603000000.0,1934136000000.0,,,0.005,0.787,0.0,66262000000.0,66262000000.0,0.0,4194000000.0,,765.537,1935629000000.0,,,1935629000000.0,0.0,0.0,0.0,0.0,0.0,6025000000.0,6025000000.0,0.631,6025000000.0,6025000000.0,6025000000.0,-0.64,-0.64,-0.64,2546000000.0,3668250000.0,2546000000.0,1859658100090.0,309.0,308.657,1161000000.0,0.359,1.0,9555000000.0,1.0,0.0,0.0,3820970000000.0,3803555750000.0,0.0,1848911000000.0,,,1949057000000.0,,,1482100090.0,-204000000.0,0.0,0.0,-162598000000.0,0.0,-172631000000.0,171266000000.0,171446000000.0,1161000000.0,0.0,4194000000.0,4194000000.0,4194000000.0,0.0,0.0,0.439,3530000000.0,6025000000.0,6135000000.0,0.0,0.582,0.353,-3.562,2294000000.0,6273000000.0,2.28,0.155,0.772,0.0,-81966000000.0,9555000000.0,9555000000.0,0.0,0.002,1.143,0.002,0.631,0.0,1864000000.0,1.0,650043899.0,3236000000,3236000000.0,2.953,1951603000000.0,19388000000.0,1831000000.0,0.0,603.091,
26,FMCC,MRT,2014-12-31,2014-12-31,2014-12-31,2021-07-29,1730000000.0,1945539000000.0,1926619750000.0,,,0.007,0.819,0.0,19463000000.0,19463000000.0,0.0,7690000000.0,,732.889,1929542000000.0,,,1929542000000.0,0.0,0.0,0.0,0.0,0.0,11002000000.0,11002000000.0,0.781,11002000000.0,11002000000.0,11002000000.0,-0.72,-0.72,-0.72,2651000000.0,4756500000.0,2651000000.0,1852479083205.0,168.0,168.377,8885000000.0,2.746,1.0,14092000000.0,1.0,0.0,0.0,3855618000000.0,3791577500000.0,0.0,1890292000000.0,,,1942888000000.0,,,1339083205.0,-353000000.0,0.0,0.0,-194889000000.0,0.0,-214506000000.0,205268000000.0,193960000000.0,8885000000.0,0.0,7690000000.0,7690000000.0,7690000000.0,0.0,0.0,0.546,3090000000.0,11002000000.0,6325000000.0,0.0,0.505,0.174,-2.861,2558000000.0,10026000000.0,2.06,0.095,0.473,0.0,-81639000000.0,14092000000.0,14092000000.0,0.0,0.004,1.617,0.003,0.781,0.0,1881000000.0,1.0,650040391.0,3236000000,3236000000.0,4.355,1945539000000.0,19498000000.0,3312000000.0,0.0,601.217,
27,FMCC,MRT,2014-09-30,2014-09-30,2014-09-30,2021-07-29,1706000000.0,1922784000000.0,1931750250000.0,,,0.012,1.603,0.0,52411000000.0,52411000000.0,0.0,16076000000.0,,369.764,1903551000000.0,,,1903551000000.0,0.0,0.0,0.0,0.0,0.0,20181000000.0,20181000000.0,0.884,20181000000.0,20181000000.0,20181000000.0,-1.09,-1.09,-1.09,5186000000.0,7302500000.0,5186000000.0,1848809106632.0,92.0,91.611,19612000000.0,6.061,1.0,22838000000.0,1.0,0.0,0.0,3773924000000.0,3782893750000.0,0.0,1835079000000.0,,,1917598000000.0,,,1716106632.0,6659000000.0,0.0,0.0,-217276000000.0,0.0,-264542000000.0,251589000000.0,242765000000.0,19612000000.0,0.0,16076000000.0,16076000000.0,16076000000.0,0.0,0.0,0.704,2657000000.0,20181000000.0,6217000000.0,0.0,0.331,0.107,-2.422,2911000000.0,19610000000.0,2.64,0.075,0.374,0.0,-79080000000.0,22838000000.0,22838000000.0,0.0,0.008,2.201,0.005,0.884,0.0,1867000000.0,1.0,650040391.0,3236000000,3236000000.0,7.057,1922784000000.0,18481000000.0,4105000000.0,0.0,594.185,
28,FMCC,MRT,2014-06-30,2014-06-30,2014-06-30,2021-07-29,1001000000.0,1916618000000.0,1946500500000.0,,,0.013,1.326,0.0,51582000000.0,51582000000.0,0.0,44481000000.0,,445.764,1898675000000.0,,,1898675000000.0,0.0,0.0,0.0,0.0,0.0,23670000000.0,23670000000.0,0.907,23670000000.0,23670000000.0,23670000000.0,-0.85,-0.85,-0.85,4290000000.0,14365000000.0,4290000000.0,1854028155909.0,78.0,78.328,21803000000.0,6.738,1.0,26088000000.0,1.0,0.0,0.0,3763711000000.0,3804675750000.0,0.0,1826947000000.0,,,1912328000000.0,,,2509155909.0,-9205000000.0,0.0,0.0,-252231000000.0,0.0,-301964000000.0,270956000000.0,261708000000.0,21803000000.0,0.0,44481000000.0,44481000000.0,44481000000.0,0.0,0.0,1.705,2418000000.0,23670000000.0,6507000000.0,0.0,0.585,0.056,-4.541,3677000000.0,47260000000.0,3.86,0.096,0.479,0.0,-79271000000.0,26088000000.0,26088000000.0,0.0,0.023,3.096,0.006,0.907,0.0,1850000000.0,1.0,650040391.0,3236000000,3236000000.0,8.062,1916618000000.0,19752000000.0,-20811000000.0,0.0,592.28,
29,FMCC,MRT,2014-03-31,2014-03-31,2014-03-31,2021-07-29,473000000.0,1921538000000.0,1959225500000.0,,,0.015,2.131,0.0,48806000000.0,48806000000.0,0.0,48107000000.0,,277.524,1900325000000.0,,,1900325000000.0,0.0,0.0,0.0,0.0,0.0,26582000000.0,26582000000.0,0.922,26582000000.0,26582000000.0,26582000000.0,-0.5,-0.5,-0.5,6899000000.0,15131750000.0,6899000000.0,1857331152597.0,70.0,69.872,19661000000.0,6.074,1.0,28818000000.0,1.0,0.0,0.0,3773057000000.0,3828336000000.0,0.0,1830655000000.0,,,1914639000000.0,,,2509152597.0,-17122000000.0,0.0,0.0,-320288000000.0,0.0,-372494000000.0,335711000000.0,325792000000.0,19661000000.0,0.0,48107000000.0,48107000000.0,48107000000.0,0.0,0.0,1.669,2236000000.0,26582000000.0,6340000000.0,0.0,0.364,0.052,-7.72,4339000000.0,49727000000.0,3.86,0.087,0.434,0.0,-76134000000.0,28818000000.0,28818000000.0,0.0,0.025,3.179,0.007,0.922,0.0,1841000000.0,1.0,650039533.0,3237000000,3237000000.0,8.903,1921538000000.0,20710000000.0,-21525000000.0,0.0,593.617,
30,FMCC,MRT,2013-12-31,2013-12-31,2013-12-31,2021-07-29,-6000000.0,1966061000000.0,1973687500000.0,,,0.014,3.964,0.0,85929000000.0,85929000000.0,0.0,48668000000.0,,152.18,1940751000000.0,,,1940751000000.0,0.0,0.0,0.0,0.0,0.0,25363000000.0,25363000000.0,0.924,25363000000.0,25363000000.0,25363000000.0,-1.09,-1.09,-1.09,12835000000.0,15899750000.0,12835000000.0,1881152114646.0,74.0,74.169,16552000000.0,5.112,1.0,27452000000.0,1.0,0.0,0.0,3820883000000.0,3851823750000.0,0.0,1838176000000.0,,,1953226000000.0,,,1885114646.0,2768000000.0,0.0,0.0,-357445000000.0,0.0,-405043000000.0,391259000000.0,377658000000.0,16552000000.0,0.0,48668000000.0,48668000000.0,48668000000.0,0.0,0.0,1.773,2089000000.0,25363000000.0,6803000000.0,0.0,0.147,0.039,-2.661,4551000000.0,52199000000.0,2.9,0.069,0.342,0.0,-69719000000.0,27452000000.0,27452000000.0,0.0,0.025,3.061,0.007,0.924,0.0,1805000000.0,1.0,650039533.0,3238000000,3238000000.0,8.478,1966061000000.0,22716000000.0,-23305000000.0,0.0,607.184,
31,FMCC,MRT,2013-09-30,2013-09-30,2013-09-30,2021-07-29,-1228000000.0,1981785000000.0,1979636250000.0,,,0.011,10.326,0.0,56310000000.0,56310000000.0,0.0,44512000000.0,,58.271,1935577000000.0,,,1935577000000.0,0.0,0.0,0.0,0.0,0.0,19331000000.0,19331000000.0,0.894,19331000000.0,19331000000.0,19331000000.0,-1.51,-1.51,-1.51,33436000000.0,14897750000.0,33436000000.0,1891653049812.0,98.0,97.856,7325000000.0,2.262,1.0,21618000000.0,1.0,0.0,0.0,3861052000000.0,3870660500000.0,0.0,1882867000000.0,,,1948349000000.0,,,819049812.0,1749000000.0,0.0,0.0,-445709000000.0,0.0,-464681000000.0,459105000000.0,436605000000.0,7325000000.0,0.0,44512000000.0,44512000000.0,44512000000.0,0.0,0.0,2.059,2287000000.0,19331000000.0,6504000000.0,0.0,0.024,0.018,-0.834,4368000000.0,49399000000.0,1.26,0.038,0.189,0.0,-47896000000.0,21618000000.0,21618000000.0,0.0,0.022,2.988,0.005,0.894,0.0,1753000000.0,1.0,650039533.0,3238000000,3238000000.0,6.676,1981785000000.0,23930000000.0,-25181000000.0,0.0,612.04,
32,FMCC,MRT,2013-06-30,2013-06-30,2013-06-30,2021-07-29,-1179000000.0,1967518000000.0,1988315750000.0,,,0.009,2.272,0.0,55082000000.0,55082000000.0,0.0,16954000000.0,,266.435,1945916000000.0,,,1945916000000.0,0.0,0.0,0.0,0.0,0.0,15431000000.0,15431000000.0,0.876,15431000000.0,15431000000.0,15431000000.0,-1.18,-1.18,-1.18,7357000000.0,7765500000.0,7357000000.0,1888499553370.0,122.0,122.383,4448000000.0,1.374,1.0,17614000000.0,1.0,0.0,0.0,3858352000000.0,3893353500000.0,0.0,1889111000000.0,,,1960161000000.0,,,877553370.0,-5315000000.0,0.0,0.0,-495865000000.0,0.0,-512290000000.0,502527000000.0,477336000000.0,4448000000.0,0.0,16954000000.0,16954000000.0,16954000000.0,0.0,0.0,0.963,2183000000.0,15431000000.0,7151000000.0,0.0,0.119,0.052,-1.144,4051000000.0,20772000000.0,1.35,0.05,0.248,0.0,-74025000000.0,17614000000.0,17614000000.0,0.0,0.009,2.183,0.004,0.876,0.0,1699000000.0,1.0,650039533.0,3238000000,3238000000.0,5.44,1967518000000.0,0.0,-1523000000.0,0.0,607.634,
33,FMCC,MRT,2013-03-31,2013-03-31,2013-03-31,2021-07-29,-548000000.0,1979386000000.0,2013020000000.0,,,0.008,3.078,0.0,68227000000.0,68227000000.0,0.0,14986000000.0,,197.514,1955849000000.0,,,1955849000000.0,0.0,0.0,0.0,0.0,0.0,13428000000.0,13428000000.0,0.858,13428000000.0,13428000000.0,13428000000.0,-1.0,-1.0,-1.0,9971000000.0,6197750000.0,9971000000.0,1906816026298.0,142.0,142.003,4948000000.0,1.528,1.0,15649000000.0,1.0,0.0,0.0,3867008000000.0,3940868250000.0,0.0,1888102000000.0,,,1969415000000.0,,,442026298.0,19164000000.0,0.0,0.0,-507142000000.0,0.0,-518387000000.0,532603000000.0,493079000000.0,4948000000.0,0.0,14986000000.0,14986000000.0,14986000000.0,0.0,0.0,0.958,2221000000.0,13428000000.0,6926000000.0,0.0,0.044,0.029,-0.68,4323000000.0,18223000000.0,0.68,0.028,0.141,0.0,-72042000000.0,15649000000.0,15649000000.0,0.0,0.007,2.418,0.003,0.858,0.0,1656000000.0,1.0,650038674.0,3239000000,3239000000.0,4.831,1979386000000.0,0.0,-1558000000.0,0.0,611.11,
34,FMCC,MRT,2012-12-31,2012-12-31,2012-12-31,2021-07-29,-2938000000.0,1989856000000.0,2046909500000.0,,,0.006,2.724,0.0,60668000000.0,60668000000.0,0.0,10982000000.0,,224.428,1967042000000.0,,,1967042000000.0,0.0,0.0,0.0,0.0,0.0,9445000000.0,9445000000.0,0.812,9445000000.0,9445000000.0,9445000000.0,-0.64,-0.64,-0.64,8827000000.0,3700500000.0,8827000000.0,1935490008742.0,205.0,204.922,5244000000.0,1.619,1.0,11638000000.0,1.0,0.0,0.0,3896230000000.0,4012738000000.0,0.0,1903392000000.0,,,1981029000000.0,,,169008742.0,-19929000000.0,0.0,0.0,-512495000000.0,0.0,-519575000000.0,494402000000.0,469666000000.0,5244000000.0,0.0,10982000000.0,10982000000.0,10982000000.0,0.0,0.0,0.944,2193000000.0,9445000000.0,7710000000.0,0.0,0.019,0.015,-0.406,4378000000.0,13056000000.0,0.26,0.015,0.072,0.0,-70796000000.0,11638000000.0,11638000000.0,0.0,0.005,2.968,0.002,0.812,0.0,1561000000.0,1.0,650033623.0,3240000000,3240000000.0,3.592,1989856000000.0,778000000.0,-1537000000.0,0.0,614.153,
35,FMCC,MRT,2012-09-30,2012-09-30,2012-09-30,2021-07-29,-4209000000.0,2016503000000.0,2086249500000.0,,,0.004,1.515,0.0,62347000000.0,62347000000.0,0.0,7144000000.0,,409.944,1997668000000.0,,,1997668000000.0,0.0,0.0,0.0,0.0,0.0,6714000000.0,6714000000.0,0.757,6714000000.0,6714000000.0,6714000000.0,0.01,0.01,0.01,4907000000.0,1457250000.0,4907000000.0,1982245008742.0,295.0,295.241,7095000000.0,2.19,1.0,8872000000.0,1.0,0.0,0.0,3951824000000.0,4091343000000.0,0.0,1929200000000.0,,,2011596000000.0,,,169008742.0,-10391000000.0,0.0,0.0,-484009000000.0,0.0,-484954000000.0,467468000000.0,437867000000.0,7095000000.0,0.0,7144000000.0,7144000000.0,7144000000.0,0.0,0.0,0.805,2158000000.0,6714000000.0,7528000000.0,0.0,0.034,0.024,26.0,4502000000.0,7079000000.0,0.26,0.019,0.095,0.0,-73445000000.0,8872000000.0,8872000000.0,0.0,0.003,4.902,0.002,0.757,0.0,1519000000.0,1.0,650033623.0,3239477000,3239477000.0,2.739,2016503000000.0,1551000000.0,-430000000.0,0.0,622.478,
36,FMCC,MRT,2012-06-30,2012-06-30,2012-06-30,2021-07-29,-6911000000.0,2066335000000.0,2125207750000.0,,,0.001,0.335,0.0,68280000000.0,68280000000.0,0.0,-206000000.0,,1901.703,2050356000000.0,,,2050356000000.0,0.0,0.0,0.0,0.0,0.0,-390000000.0,-390000000.0,-0.197,-390000000.0,-390000000.0,-390000000.0,-2.2,-2.2,-2.2,1086000000.0,-1267250000.0,1086000000.0,2039705508406.0,-5230.0,-5230.014,8505000000.0,2.625,1.0,1982000000.0,1.0,0.0,0.0,4048411000000.0,4173469000000.0,0.0,1971814000000.0,,,2065249000000.0,,,162508406.0,1694000000.0,0.0,0.0,-432721000000.0,0.0,-432000000000.0,425189000000.0,420431000000.0,8505000000.0,0.0,-206000000.0,-206000000.0,-206000000.0,0.0,0.0,-0.104,2372000000.0,-390000000.0,8322000000.0,0.0,0.15,-0.789,-0.114,4809000000.0,6888000000.0,0.25,0.082,0.409,0.0,-74564000000.0,1982000000.0,1982000000.0,0.0,0.0,0.163,0.0,-0.197,0.0,1499000000.0,1.0,650033623.0,3239711000,3239711000.0,0.612,2066335000000.0,3053000000.0,-184000000.0,0.0,637.815,
37,FMCC,MRT,2012-03-31,2012-03-31,2012-03-31,2021-07-29,-6783000000.0,2114944000000.0,2157572750000.0,,,-0.002,-0.006,0.0,60708000000.0,60708000000.0,0.0,-5365000000.0,,-117497.889,2100251000000.0,,,2100251000000.0,0.0,0.0,0.0,0.0,0.0,-5705000000.0,-5705000000.0,1.717,-5705000000.0,-5705000000.0,-5705000000.0,-3.73,-3.73,-3.73,-18000000.0,-1908250000.0,-18000000.0,2063628920042.0,-362.0,-361.723,7510000000.0,2.317,1.0,-3323000000.0,1.0,0.0,0.0,4154487000000.0,4241988250000.0,0.0,2027272000000.0,,,2114962000000.0,,,194920042.0,-25729000000.0,0.0,0.0,-413524000000.0,0.0,-412641000000.0,379402000000.0,388343000000.0,7510000000.0,0.0,-5365000000.0,-5365000000.0,-5365000000.0,0.0,0.0,1.615,2382000000.0,-5705000000.0,8129000000.0,0.0,-10.829,-0.036,-0.08,5454000000.0,6697000000.0,0.3,-0.059,-0.293,0.0,-75775000000.0,-3323000000.0,-3323000000.0,0.0,-0.002,2.811,-0.001,1.717,0.0,1482000000.0,1.0,649733472.0,3241502000,3241502000.0,-1.025,2114944000000.0,2929000000.0,-340000000.0,0.0,652.458,
38,FMCC,MRT,2011-12-31,2011-12-31,2011-12-31,2021-07-29,-7995000000.0,2147216000000.0,2190065750000.0,,,-0.001,-0.045,0.0,68549000000.0,68549000000.0,0.0,-5266000000.0,,-14707.959,2131983000000.0,,,2131983000000.0,0.0,0.0,0.0,0.0,0.0,-5666000000.0,-5666000000.0,1.78,-5666000000.0,-5666000000.0,-5666000000.0,-3.63,-3.63,-3.63,-146000000.0,-1594500000.0,-146000000.0,2108128441742.0,-372.0,-372.066,10320000000.0,3.18,1.0,-3183000000.0,1.0,0.0,0.0,4210650000000.0,4301526500000.0,0.0,2050866000000.0,,,2147362000000.0,,,136441742.0,-8570000000.0,0.0,0.0,-394005000000.0,0.0,-392578000000.0,373688000000.0,380975000000.0,10320000000.0,0.0,-5266000000.0,-5266000000.0,-5266000000.0,0.0,0.0,1.654,2483000000.0,-5666000000.0,8898000000.0,0.0,-0.935,-0.026,-0.058,5680000000.0,6498000000.0,0.21,-0.043,-0.214,0.0,-74525000000.0,-3183000000.0,-3183000000.0,0.0,-0.002,3.303,-0.001,1.78,0.0,1506000000.0,1.0,649722580.0,3244896000,3244896000.0,-0.981,2147216000000.0,3546000000.0,-400000000.0,0.0,661.721,
39,FMCC,MRT,2011-09-30,2011-09-30,2011-09-30,2021-07-29,-8882000000.0,2172336000000.0,2218706750000.0,,,-0.002,-1.847,0.0,54465000000.0,54465000000.0,0.0,-5998000000.0,,-363.6,2162457000000.0,,,2162457000000.0,0.0,0.0,0.0,0.0,0.0,-6416000000.0,-6416000000.0,1.819,-6416000000.0,-6416000000.0,-6416000000.0,-3.84,-3.84,-3.84,-5991000000.0,-1658250000.0,-5991000000.0,2126848930374.0,-331.0,-331.491,9840000000.0,3.033,1.0,-3528000000.0,1.0,0.0,0.0,4280328000000.0,4352044250000.0,0.0,2089414000000.0,,,2178327000000.0,,,155930374.0,-9746000000.0,0.0,0.0,-419946000000.0,0.0,-424365000000.0,404779000000.0,424193000000.0,9840000000.0,0.0,-5998000000.0,-5998000000.0,-5998000000.0,0.0,0.0,1.7,2888000000.0,-6416000000.0,8603000000.0,0.0,-0.026,-0.026,-0.062,5630000000.0,6443000000.0,0.24,-0.044,-0.221,0.0,-73489000000.0,-3528000000.0,-3528000000.0,0.0,-0.003,3.617,-0.001,1.819,0.0,1526000000.0,1.0,649709893.0,3244496000,3244496000.0,-1.087,2172336000000.0,3909000000.0,-418000000.0,0.0,669.545,
40,FMCC,MRT,2011-06-30,2011-06-30,2011-06-30,2021-07-29,-8928000000.0,2195795000000.0,2247805250000.0,,,-0.001,-0.455,0.0,53430000000.0,53430000000.0,0.0,-4087000000.0,,-1486.653,2180123000000.0,,,2180123000000.0,0.0,0.0,0.0,0.0,0.0,-4860000000.0,-4860000000.0,2.654,-4860000000.0,-4860000000.0,-4860000000.0,-3.23,-3.23,-3.23,-1478000000.0,-175000000.0,-1478000000.0,2147951390948.0,-442.0,-441.965,12538000000.0,3.864,1.0,-1831000000.0,1.0,0.0,0.0,4322488000000.0,4401832000000.0,0.0,2115663000000.0,,,2197273000000.0,,,227390948.0,-32189000000.0,0.0,0.0,-473583000000.0,0.0,-477731000000.0,433004000000.0,428541000000.0,12538000000.0,0.0,-4087000000.0,-4087000000.0,-4087000000.0,0.0,0.0,2.232,3029000000.0,-4860000000.0,9542000000.0,0.0,-0.154,-0.056,-0.108,5932000000.0,6383000000.0,0.35,-0.124,-0.62,0.0,-67449000000.0,-1831000000.0,-1831000000.0,0.0,-0.002,23.354,-0.001,2.654,0.0,1533000000.0,1.0,649688423.0,3244967000,3244967000.0,-0.564,2195795000000.0,3866000000.0,-773000000.0,0.0,676.677,
41,FMCC,MRT,2011-03-31,2011-03-31,2011-03-31,2021-07-29,-9967000000.0,2244916000000.0,2284750500000.0,,,-0.002,0.381,0.0,78274000000.0,78274000000.0,0.0,-6661000000.0,,1813.807,2225998000000.0,,,2225998000000.0,0.0,0.0,0.0,0.0,0.0,-7488000000.0,-7488000000.0,1.654,-7488000000.0,-7488000000.0,-7488000000.0,-3.92,-3.92,-3.92,1237000000.0,-240000000.0,1237000000.0,2151194181160.0,-287.0,-287.286,12972000000.0,3.995,1.0,-4526000000.0,1.0,0.0,0.0,4392640000000.0,4464055250000.0,0.0,2139045000000.0,,,2243679000000.0,,,253181160.0,-21147000000.0,0.0,0.0,-462158000000.0,1292000000.0,-455414000000.0,421295000000.0,417690000000.0,12972000000.0,0.0,-6661000000.0,-6661000000.0,-6661000000.0,0.0,0.0,1.472,2962000000.0,-7488000000.0,9392000000.0,0.0,0.205,-0.038,-0.099,6376000000.0,6062000000.0,0.39,-0.056,-0.28,0.0,-63693000000.0,-4526000000.0,-4526000000.0,0.0,-0.003,27.754,-0.002,1.654,0.0,1553000000.0,1.0,649182461.0,3246985000,3246985000.0,-1.394,2244916000000.0,4498000000.0,-827000000.0,0.0,691.385,
42,FMCC,MRT,2010-12-31,2010-12-31,2010-12-31,2021-07-29,-12031000000.0,2261780000000.0,2313574000000.0,,,-0.005,-0.123,0.0,91647000000.0,91647000000.0,0.0,-14026000000.0,,-5641.349,2242588000000.0,,,2242588000000.0,0.0,0.0,0.0,0.0,0.0,-14882000000.0,-14882000000.0,1.245,-14882000000.0,-14882000000.0,-14882000000.0,-6.09,-6.09,-6.09,-401000000.0,-3202750000.0,-401000000.0,2190943749605.0,-147.0,-147.221,10820000000.0,3.33,1.0,-11950000000.0,1.0,0.0,0.0,4412721000000.0,4521228750000.0,0.0,2137934000000.0,,,2262181000000.0,,,194749605.0,-27671000000.0,0.0,0.0,-430669000000.0,0.0,-424132000000.0,385641000000.0,378242000000.0,10820000000.0,0.0,-14026000000.0,-14026000000.0,-14026000000.0,0.0,0.0,1.174,2932000000.0,-14882000000.0,10286000000.0,0.0,-0.486,-0.014,-0.049,7068000000.0,5749000000.0,0.3,-0.016,-0.082,0.0,-62733000000.0,-11950000000.0,-11950000000.0,0.0,-0.006,4.379,-0.003,1.245,0.0,1597000000.0,1.0,649165351.0,3249369000,3249369000.0,-3.678,2261780000000.0,5543000000.0,-856000000.0,0.0,696.067,
43,FMCC,MRT,2010-09-30,2010-09-30,2010-09-30,2021-07-29,-13300000000.0,2288730000000.0,1958575000000.0,,,-0.009,-0.018,0.0,79145000000.0,79145000000.0,0.0,-20384000000.0,,-39461.862,2269894000000.0,,,2269894000000.0,0.0,0.0,0.0,0.0,0.0,-20746000000.0,-20746000000.0,1.221,-20746000000.0,-20746000000.0,-20746000000.0,-7.94,-7.94,-7.94,-58000000.0,-2033000000.0,-58000000.0,2227999745040.0,-107.0,-107.394,9690000000.0,2.983,1.0,-16996000000.0,1.0,0.0,0.0,4479479000000.0,3805593000000.0,0.0,2174467000000.0,,,2288788000000.0,,,194745040.0,-27700000000.0,0.0,0.0,-322623000000.0,0.0,-315956000000.0,278566000000.0,268166000000.0,9690000000.0,0.0,-20386000000.0,-17573000000.0,-17573000000.0,0.0,2000000.0,1.034,3748000000.0,-20744000000.0,10097000000.0,0.0,-3.358,-0.011,-0.038,7511000000.0,5438000000.0,0.3,-0.011,-0.057,0.0,-61017000000.0,-16996000000.0,-16996000000.0,0.0,-0.009,8.644,-0.005,1.221,0.0,1694000000.0,1.0,649150132.0,3248794000,3248794000.0,-5.231,2288730000000.0,6134000000.0,-360000000.0,0.0,704.486,
44,FMCC,MRT,2010-06-30,2010-06-30,2010-06-30,2021-07-29,-17247000000.0,2343576000000.0,1603042750000.0,,,-0.012,-0.535,0.0,98540000000.0,98540000000.0,0.0,-23282000000.0,,-1349.433,2326345000000.0,,,2326345000000.0,0.0,0.0,0.0,0.0,0.0,-23381000000.0,-23381000000.0,1.199,-23381000000.0,-23381000000.0,-23381000000.0,-8.75,-8.75,-8.75,-1738000000.0,559250000.0,-1738000000.0,2261390133820.0,-97.0,-96.719,9809000000.0,3.019,1.0,-19495000000.0,1.0,0.0,0.0,4571381000000.0,3086601750000.0,0.0,2212667000000.0,,,2345314000000.0,,,266133820.0,3015000000.0,0.0,0.0,-219996000000.0,0.0,-214826000000.0,208032000000.0,198236000000.0,9809000000.0,0.0,-23283000000.0,-21763000000.0,-21763000000.0,0.0,1000000.0,1.116,3885000000.0,-23380000000.0,11228000000.0,0.0,-0.153,-0.012,-0.047,6298000000.0,5173000000.0,0.41,-0.014,-0.068,0.0,-56945000000.0,-19495000000.0,-19495000000.0,0.0,-0.014,-38.915,-0.008,1.199,0.0,1739000000.0,1.0,649106877.0,3249198000,3249198000.0,-6.0,2343576000000.0,7926000000.0,-98000000.0,0.0,721.278,
45,FMCC,MRT,2010-03-31,2010-03-31,2010-03-31,2021-07-29,-21530000000.0,2360210000000.0,1240221250000.0,,,-0.011,-3.265,0.0,90724000000.0,90724000000.0,0.0,-18268000000.0,,-223.359,2351848000000.0,,,2351848000000.0,0.0,0.0,0.0,0.0,0.0,-18264000000.0,-18264000000.0,1.387,-18264000000.0,-18264000000.0,-18264000000.0,-7.16,-7.16,-7.16,-10614000000.0,3028000000.0,-10614000000.0,709217440031.0,-39.0,-38.831,8059000000.0,2.479,1.0,-13170000000.0,1.0,0.0,0.0,4621334000000.0,2361880750000.0,0.0,2236949000000.0,,,2370735000000.0,,,823440031.0,1691000000.0,0.0,0.0,-199994000000.0,-922000000.0,-199199000000.0,192831000000.0,186292000000.0,8059000000.0,0.0,-18268000000.0,-17890000000.0,-17890000000.0,0.0,0.0,1.358,5094000000.0,-18264000000.0,10764000000.0,0.0,-0.078,-0.046,-0.177,5468000000.0,5019000000.0,1.27,-0.063,-0.314,0.0,-50933000000.0,-13170000000.0,-13170000000.0,0.0,-0.014,-5.908,-0.008,1.387,0.0,1718000000.0,1.0,648377977.0,3251295000,3251295000.0,-4.051,2360210000000.0,10044000000.0,4000000.0,0.0,725.929,
46,FMCC,MRT,2009-12-31,2009-12-31,2009-12-31,2021-07-29,-23648000000.0,841784000000.0,886906250000.0,,,-0.017,1.315,0.0,72210000000.0,72210000000.0,0.0,-21554000000.0,,195.748,780604000000.0,,,780604000000.0,0.0,0.0,0.0,0.0,0.0,-22384000000.0,-22384000000.0,1.474,-22384000000.0,-22384000000.0,-22384000000.0,-7.89,-7.89,-7.89,4278000000.0,4155500000.0,4278000000.0,737866055394.0,-33.0,-32.964,1288000000.0,0.396,1.0,-15189000000.0,1.0,0.0,0.0,1550178000000.0,1648375250000.0,0.0,735019000000.0,,,837412000000.0,,,953055394.0,19357000000.0,0.0,0.0,-61947000000.0,0.0,-29494000000.0,47563000000.0,47137000000.0,1288000000.0,0.0,-21554000000.0,-21554000000.0,-21554000000.0,0.0,0.0,1.419,7195000000.0,-22384000000.0,5047000000.0,0.0,0.223,-0.044,-0.186,4692000000.0,4105000000.0,1.47,-0.063,-0.315,0.0,-33921000000.0,-15189000000.0,-15189000000.0,0.0,-0.024,-5.187,-0.014,1.474,0.0,1685000000.0,1.0,648337003.0,3253836000,3253836000.0,-4.668,841784000000.0,11101000000.0,-830000000.0,0.0,258.705,
47,FMCC,MRT,2009-09-30,2009-09-30,2009-09-30,2021-07-29,-26355000000.0,866601000000.0,889201000000.0,,,-0.049,3.17,0.0,66868000000.0,66868000000.0,0.0,-38936000000.0,,83.037,803781000000.0,,,803781000000.0,0.0,0.0,0.0,0.0,0.0,-41169000000.0,-41169000000.0,0.953,-41169000000.0,-41169000000.0,-41169000000.0,-9.2,-9.2,-9.2,10311000000.0,-4596750000.0,10311000000.0,781373949277.0,-19.0,-18.98,-23000000.0,-0.007,1.0,-43181000000.0,1.0,0.0,0.0,1603514000000.0,1670219500000.0,0.0,773710000000.0,,,856195000000.0,,,1166949277.0,5440000000.0,0.0,0.0,19837000000.0,-172000000.0,67169000000.0,-61706000000.0,-62800000000.0,-23000000.0,0.0,-38933000000.0,-41912000000.0,-41912000000.0,0.0,-3000000.0,0.971,-504000000.0,-42677000000.0,0.0,0.0,0.113,-0.028,-0.196,4234000000.0,2979000000.0,1.8,-0.027,-0.136,6070000000.0,-25171000000.0,-43181000000.0,-43181000000.0,0.0,-0.047,9.118,-0.025,0.953,0.0,1584000000.0,1.0,648305154.0,3253172000,3253172000.0,-13.274,866601000000.0,12443000000.0,-2236000000.0,0.0,266.386,
48,FMCC,MRT,2009-06-30,2009-06-30,2009-06-30,2021-07-29,-34815000000.0,892290000000.0,873648250000.0,,,-0.055,2.501,0.0,56771000000.0,56771000000.0,0.0,-58822000000.0,,108.647,836978000000.0,,,836978000000.0,0.0,0.0,0.0,0.0,0.0,-52937000000.0,-52937000000.0,1.099,-52937000000.0,-52937000000.0,-52937000000.0,-26.58,-26.58,-26.58,8137000000.0,-10623250000.0,8137000000.0,820763896891.0,-16.0,-15.505,-8058000000.0,-2.477,1.0,-48147000000.0,1.0,0.0,0.0,1672497000000.0,1649278500000.0,0.0,805081000000.0,,,884058000000.0,,,401896891.0,3109000000.0,0.0,0.0,3315000000.0,-166000000.0,51823000000.0,-40656000000.0,-40124000000.0,-8058000000.0,0.0,-58820000000.0,-60512000000.0,-60512000000.0,0.0,-2000000.0,1.257,4963000000.0,-53110000000.0,0.0,0.0,0.049,-0.007,-0.023,3416000000.0,1692000000.0,0.62,-0.008,-0.042,6871000000.0,-18863000000.0,-48147000000.0,-48147000000.0,0.0,-0.069,5.696,-0.032,1.099,0.0,1459000000.0,1.0,648220792.0,3253716000,3253716000.0,-14.798,892290000000.0,16894000000.0,5883000000.0,0.0,274.237,
49,FMCC,MRT,2009-03-31,2009-03-31,2009-03-31,2021-07-29,-28303000000.0,946950000000.0,870336500000.0,,,-0.056,-1.875,0.0,89149000000.0,89149000000.0,0.0,-59942000000.0,,-156.12,909511000000.0,,,909511000000.0,0.0,0.0,0.0,0.329,0.25,-54906000000.0,-54906000000.0,1.135,-54906000000.0,-54906000000.0,-54906000000.0,-27.95,-27.95,-27.95,-6104000000.0,-9420500000.0,-6104000000.0,787083997183.0,-14.0,-14.335,-8895000000.0,-2.732,1.0,-48367000000.0,1.0,0.0,0.0,1767312000000.0,1641946250000.0,0.0,832016000000.0,,,952958000000.0,,,491997183.0,45408000000.0,0.0,0.0,153834000000.0,-932000000.0,196815000000.0,-142512000000.0,-141601000000.0,-8895000000.0,0.0,-59943000000.0,-60725000000.0,-60725000000.0,0.0,1000000.0,1.256,6589000000.0,-54956000000.0,0.0,-0.009,-0.081,-0.008,-0.027,2948000000.0,782000000.0,0.76,-0.01,-0.051,6047000000.0,-33477000000.0,-48367000000.0,-48367000000.0,0.0,-0.07,6.446,-0.033,1.135,0.0,1480000000.0,1.0,647364714.0,3255718000,3255718000.0,-14.856,946950000000.0,13282000000.0,5037000000.0,0.0,290.858,
50,FMCC,MRT,2008-12-31,2008-12-31,2008-12-31,2021-07-29,-32357000000.0,850963000000.0,822665500000.0,,,-0.047,-20.933,0.0,56429000000.0,56429000000.0,0.0,-50116000000.0,,-28.688,843021000000.0,,,843021000000.0,0.0,0.0,0.0,0.685,0.5,-44567000000.0,-44567000000.0,1.148,-44567000000.0,-44567000000.0,-44567000000.0,-34.6,-34.6,-34.6,-30731000000.0,-2003500000.0,-30731000000.0,715832425802.0,-16.0,-16.062,-10159000000.0,-6.92,1.0,-38811000000.0,1.0,0.0,0.0,1637555000000.0,1577624000000.0,0.0,766797000000.0,,,881597000000.0,,,472425802.0,36752000000.0,0.0,0.0,106351000000.0,-998000000.0,118331000000.0,-71420000000.0,-70563000000.0,-10159000000.0,0.0,-50119000000.0,-50795000000.0,-50795000000.0,0.0,3000000.0,1.309,5753000000.0,-44564000000.0,0.0,-0.014,-0.015,-0.009,-0.021,3255000000.0,676000000.0,0.73,-0.012,-0.028,6337000000.0,-23191000000.0,-38811000000.0,-38811000000.0,0.0,-0.062,25.353,-0.028,1.148,0.0,1505000000.0,1.0,647158633.0,1468062000,1468062000.0,-26.437,850963000000.0,15351000000.0,5552000000.0,0.0,579.651,
51,FMCC,MRT,2008-09-30,2008-09-30,2008-09-30,2021-07-29,-25634000000.0,804390000000.0,,,,,-10.6,0.0,68590000000.0,68590000000.0,0.0,-28723000000.0,,-59.303,783950000000.0,,,783950000000.0,0.0,0.0,0.0,0.439,0.75,-23831000000.0,-23831000000.0,3.114,-23831000000.0,-23831000000.0,-23831000000.0,-25.67,-25.67,-25.67,-13795000000.0,,-13795000000.0,765231395925.0,-32.0,-32.111,-15116000000.0,-11.615,1.0,-7652000000.0,1.0,0.0,0.0,1519750000000.0,,0.0,711585000000.0,,,818090000000.0,,,1106395925.0,37953000000.0,0.0,-1000000000.0,58455000000.0,-2365000000.0,62274000000.0,-9205000000.0,-6413000000.0,-15116000000.0,0.0,-28719000000.0,-29343000000.0,-29343000000.0,0.0,-4000000.0,3.835,12695000000.0,-20347000000.0,0.0,-0.029,-0.08,-0.038,-0.067,3224000000.0,624000000.0,1.71,-0.145,-0.291,5298000000.0,833000000.0,-7652000000.0,-7652000000.0,0.0,,,,3.114,0.0,1510000000.0,1.0,647015161.0,1301430000,1301430000.0,-5.88,804390000000.0,11866000000.0,4888000000.0,0.0,618.082,
52,FMCC,MRT,2008-06-30,2008-06-30,2008-06-30,2021-07-29,-24180000000.0,879043000000.0,,,,,20.016,0.0,71687000000.0,71687000000.0,0.0,-4666000000.0,,66.88,835812000000.0,,,835812000000.0,0.0,0.0,0.0,0.076,1.25,-8698000000.0,-8698000000.0,-3.123,-8698000000.0,-8698000000.0,-8698000000.0,-8.3,-8.3,-8.3,12948000000.0,,12948000000.0,,,,-13935000000.0,-21.542,1.0,2785000000.0,1.0,0.0,0.0,1643168000000.0,,0.0,776682000000.0,,,865964000000.0,,,10611048640.0,31745000000.0,0.0,-1000000000.0,82448000000.0,-2371000000.0,86521000000.0,-40841000000.0,-39764000000.0,-13935000000.0,0.0,-4662000000.0,-5384000000.0,-5384000000.0,0.0,-4000000.0,-1.933,8288000000.0,-5503000000.0,0.0,-0.151,0.82,-1.971,-1.976,2580000000.0,722000000.0,16.4,3.81,3.809,6247000000.0,26128000000.0,2785000000.0,2785000000.0,0.0,,,,-3.123,0.0,1630000000.0,1.0,647015161.0,646868000,646868000.0,4.305,879043000000.0,18399000000.0,-4036000000.0,0.0,1358.922,
53,FMCC,MRT,2008-03-31,2008-03-31,2008-03-31,2021-07-29,,,,,,,,,,,0.0,-3118000000.0,,,,,,,,,,0.059,1.5,-6024000000.0,,,,-6024000000.0,-6024000000.0,-5.7,-5.71,-5.7,,,,,,,,,1.0,3542000000.0,1.0,,0.0,,,,,,,,,,16382423877.0,,,,,,,,,,,-3112000000.0,-3699000000.0,-3699000000.0,0.0,-6000000.0,-1.044,6070000000.0,-2528000000.0,,-0.263,,-4.429,-4.442,,587000000.0,25.32,4.625,4.62,,,3542000000.0,3542000000.0,0.0,,,,-1.701,,1668000000.0,1.0,647015161.0,646338000,646338000.0,5.48,,,-2912000000.0,,,
54,FMCC,MRT,2007-12-31,2007-12-31,2007-12-31,2021-07-29,-11143000000.0,794368000000.0,799639000000.0,,,0.004,40.995,0.0,15232000000.0,15232000000.0,0.0,-3102000000.0,,28.718,738557000000.0,,,738557000000.0,0.0,0.0,0.0,0.051,1.75,-5981000000.0,-5981000000.0,-2.118,-5981000000.0,-5981000000.0,-5981000000.0,-5.37,-5.37,-5.37,26724000000.0,26819000000.0,26724000000.0,,,,-7670000000.0,-11.766,1.0,2824000000.0,1.0,0.0,0.0,1517693000000.0,1493485500000.0,0.0,759873000000.0,,,767468000000.0,,,,-2785000000.0,0.0,-1000000000.0,-8936000000.0,-1539000000.0,-4960000000.0,9845000000.0,9941000000.0,-7670000000.0,0.0,-3094000000.0,-3503000000.0,-3503000000.0,0.0,-8000000.0,-1.24,4960000000.0,-2136000000.0,0.0,-0.326,,,-6.345,1736000000.0,409000000.0,34.07,,7.865,4927000000.0,26909000000.0,2824000000.0,2824000000.0,0.0,-0.004,-0.131,-0.004,-2.118,0.0,1674000000.0,1.0,,651881000,651881000.0,4.332,794368000000.0,10304000000.0,-2887000000.0,0.0,1218.578,
55,FMCC,MRT,2007-09-30,2007-09-30,2007-09-30,2021-07-29,,,,,,,,,,,,,,,,,,,,,,0.034,2.0,,,,,,,,,,,,,,,,,,1.0,,,,,,,,,,,,,,,,,,,,,,,,,,,,,,,,,,,,,,,,59.01,,,,,,,,,,,,,,1.0,,647377000,,,,,,,,
56,FMCC,MRT,2007-06-30,2007-06-30,2007-06-30,2021-07-29,,,,,,,,,,,,,,,,,,,,,,0.032,1.97,,,,,,,,,,,,,,,,,,1.0,,,,,,,,,,,,,,,,,,,,,,,,,,,,,,,,,,,,,,,,60.7,,,,,,,,,,,,,,1.0,,652877000,,,,,,,,
57,FMCC,MRT,2006-12-31,2006-12-31,2006-12-31,2021-07-29,-8451000000.0,804910000000.0,,,,,39.53,0.0,79973000000.0,79973000000.0,0.0,2327000000.0,,28.888,744341000000.0,,,744341000000.0,0.0,0.0,0.0,0.028,1.91,2282000000.0,2282000000.0,0.448,2282000000.0,2282000000.0,2282000000.0,3.01,3.0,3.01,26914000000.0,,26914000000.0,,,,9031000000.0,13.264,1.0,5091000000.0,1.0,0.0,0.0,1469278000000.0,,0.0,707987000000.0,,,777480000000.0,,,,891000000.0,0.0,-2000000000.0,931000000.0,-1579000000.0,-2990000000.0,-5150000000.0,-5150000000.0,9031000000.0,0.0,2327000000.0,2051000000.0,2051000000.0,0.0,0.0,0.403,2197000000.0,2894000000.0,0.0,0.635,,,22.558,743000000.0,276000000.0,67.9,,9.081,5073000000.0,31372000000.0,5091000000.0,5091000000.0,0.0,,,,0.448,0.0,1641000000.0,1.0,,680856000,682664000.0,7.477,804910000000.0,4346000000.0,-45000000.0,0.0,1182.203,
58,FMCC,MRT,2005-12-31,2005-12-31,2005-12-31,2021-07-29,,,,,,,,0.0,,,0.0,2113000000.0,,,,,,,,0.0,,0.023,1.52,2471000000.0,2471000000.0,0.439,2471000000.0,2471000000.0,2471000000.0,2.73,2.73,2.73,,,,,,,6142000000.0,8.881,1.0,5630000000.0,1.0,,0.0,,,,,,,,,,,-24785000000.0,0.0,59000000.0,30190000000.0,0.0,27433000000.0,-58360000000.0,-58360000000.0,6142000000.0,0.0,2113000000.0,1890000000.0,1890000000.0,0.0,0.0,0.336,2732000000.0,2898000000.0,,0.557,,,23.938,,223000000.0,65.35,,8.028,,,5630000000.0,5630000000.0,0.0,,,,0.439,0.0,1535000000.0,1.0,,691582000,693511000.0,8.141,,,358000000.0,,,
