None,ticker,dimension,calendardate,datekey,reportperiod,lastupdated,accoci,assets,assetsavg,assetsc,assetsnc,assetturnover,bvps,capex,cashneq,cashnequsd,cor,consolinc,currentratio,de,debt,debtc,debtnc,debtusd,deferredrev,depamor,deposits,divyield,dps,ebit,ebitda,ebitdamargin,ebitdausd,ebitusd,ebt,eps,epsdil,epsusd,equity,equityavg,equityusd,ev,evebit,evebitda,fcf,fcfps,fxusd,gp,grossmargin,intangibles,intexp,invcap,invcapavg,inventory,investments,investmentsc,investmentsnc,liabilities,liabilitiesc,liabilitiesnc,marketcap,ncf,ncfbus,ncfcommon,ncfdebt,ncfdiv,ncff,ncfi,ncfinv,ncfo,ncfx,netinc,netinccmn,netinccmnusd,netincdis,netincnci,netmargin,opex,opinc,payables,payoutratio,pb,pe,pe1,ppnenet,prefdivis,price,ps,ps1,receivables,retearn,revenue,revenueusd,rnd,roa,roe,roic,ros,sbcomp,sgna,sharefactor,sharesbas,shareswa,shareswadil,sps,tangibles,taxassets,taxexp,taxliabilities,tbvps,workingcapital
0,EIX,MRY,2020-12-31,2020-12-31,2020-12-31,2021-07-29,-69000000.0,69372000000.0,67408000000.0,5061000000.0,64311000000.0,0.201,37.662,-5326000000.0,87000000.0,87000000.0,8541000000.0,871000000.0,0.492,3.803,24147000000.0,3642000000.0,20505000000.0,24147000000.0,0.0,2029000000.0,243000000.0,0.041,2.575,1468000000.0,3497000000.0,0.258,3497000000.0,1468000000.0,566000000.0,1.98,1.98,1.98,14048000000.0,15654750000.0,14048000000.0,43463243952.0,30.0,12.429,-4063000000.0,-10.893,1.0,5037000000.0,0.371,0.0,902000000.0,83155000000.0,79914000000.0,405000000.0,4886000000.0,0.0,4886000000.0,53423000000.0,10277000000.0,43146000000.0,23778243952.0,19000000.0,0.0,912000000.0,4146000000.0,-928000000.0,3727000000.0,-4971000000.0,329000000.0,1263000000.0,0.0,871000000.0,739000000.0,739000000.0,0.0,0.0,0.054,3820000000.0,1217000000.0,1980000000.0,1.301,1.693,32.176,31.727,48927000000.0,132000000.0,62.82,1.751,1.726,2434000000.0,8155000000.0,13578000000.0,13578000000.0,0.0,0.011,0.047,0.018,0.108,0.0,0.0,1.0,378513912.0,373000000,374000000.0,36.402,69372000000.0,68000000.0,-305000000.0,5368000000.0,185.984,-5216000000.0
1,EIX,MRY,2019-12-31,2019-12-31,2019-12-31,2021-07-29,-39000000.0,64273000000.0,61481250000.0,3530000000.0,60743000000.0,0.201,45.829,-4866000000.0,24000000.0,24000000.0,7857000000.0,1405000000.0,0.698,2.981,16450000000.0,708000000.0,15742000000.0,16450000000.0,0.0,1803000000.0,302000000.0,0.033,2.475,1968000000.0,3771000000.0,0.305,3771000000.0,1968000000.0,1127000000.0,3.78,3.77,3.78,15582000000.0,13688750000.0,15582000000.0,42865111590.0,22.0,11.367,-5173000000.0,-15.215,1.0,4490000000.0,0.364,0.0,841000000.0,75640000000.0,72914000000.0,364000000.0,4608000000.0,0.0,4608000000.0,46446000000.0,5059000000.0,41387000000.0,27042111590.0,-82000000.0,0.0,2391000000.0,3442000000.0,-810000000.0,4903000000.0,-4678000000.0,106000000.0,-307000000.0,0.0,1405000000.0,1284000000.0,1284000000.0,0.0,0.0,0.104,2715000000.0,1775000000.0,1779000000.0,0.655,1.735,21.061,19.95,44970000000.0,121000000.0,75.41,2.19,2.077,2980000000.0,9514000000.0,12347000000.0,12347000000.0,0.0,0.021,0.094,0.027,0.159,0.0,0.0,1.0,358601135.0,340000000,341000000.0,36.315,64273000000.0,148000000.0,-278000000.0,6451000000.0,189.038,-1529000000.0
2,EIX,MRY,2018-12-31,2018-12-31,2018-12-31,2021-07-29,-23000000.0,56574000000.0,53725000000.0,3325000000.0,53249000000.0,0.236,35.399,-4506000000.0,21000000.0,21000000.0,8203000000.0,-316000000.0,0.646,3.708,13691000000.0,799000000.0,12892000000.0,13691000000.0,0.0,1940000000.0,299000000.0,0.043,2.428,-307000000.0,1633000000.0,0.129,1633000000.0,-307000000.0,-1041000000.0,-1.3,-1.3,-1.3,11540000000.0,11777750000.0,11540000000.0,33236302165.0,-108.0,20.353,-1329000000.0,-4.077,1.0,4454000000.0,0.352,0.0,734000000.0,65098000000.0,63053000000.0,282000000.0,4336000000.0,171000000.0,4165000000.0,42789000000.0,5146000000.0,37643000000.0,18496302165.0,-980000000.0,0.0,0.0,972000000.0,-788000000.0,82000000.0,-4239000000.0,109000000.0,3177000000.0,0.0,-302000000.0,-423000000.0,-423000000.0,-34000000.0,-14000000.0,-0.033,5006000000.0,-552000000.0,1519000000.0,-1.868,1.603,-43.726,-43.669,41344000000.0,121000000.0,56.77,1.461,1.462,2193000000.0,8715000000.0,12657000000.0,12657000000.0,0.0,-0.008,-0.036,-0.005,-0.024,0.0,0.0,1.0,325811206.0,326000000,326000000.0,38.825,56574000000.0,312000000.0,-739000000.0,5898000000.0,173.54,-1821000000.0
3,EIX,MRY,2017-12-31,2017-12-31,2017-12-31,2021-07-29,-43000000.0,52580000000.0,52556500000.0,3729000000.0,48851000000.0,0.234,35.801,-3844000000.0,1091000000.0,1091000000.0,7717000000.0,668000000.0,0.528,3.315,14516000000.0,2874000000.0,11642000000.0,14516000000.0,0.0,2115000000.0,281000000.0,0.035,2.234,1609000000.0,3724000000.0,0.302,3724000000.0,1609000000.0,970000000.0,1.73,1.72,1.73,11671000000.0,12153250000.0,11671000000.0,33616300667.0,21.0,9.027,-247000000.0,-0.758,1.0,4603000000.0,0.374,0.0,639000000.0,58937000000.0,60042500000.0,242000000.0,4618000000.0,105000000.0,4513000000.0,38695000000.0,7068000000.0,31627000000.0,20604300667.0,1018000000.0,0.0,215000000.0,2032000000.0,-707000000.0,1007000000.0,-3586000000.0,197000000.0,3597000000.0,0.0,689000000.0,565000000.0,565000000.0,0.0,-21000000.0,0.046,3147000000.0,1456000000.0,1503000000.0,1.291,1.765,36.468,36.555,39050000000.0,124000000.0,63.24,1.672,1.673,929000000.0,9188000000.0,12320000000.0,12320000000.0,0.0,0.011,0.046,0.027,0.131,0.0,0.0,1.0,325811206.0,326000000,328000000.0,37.791,52580000000.0,224000000.0,281000000.0,4590000000.0,161.288,-3339000000.0
4,EIX,MRY,2016-12-31,2016-12-31,2016-12-31,2021-07-29,-53000000.0,51319000000.0,51133000000.0,2123000000.0,49196000000.0,0.232,36.798,-3749000000.0,96000000.0,96000000.0,7425000000.0,1425000000.0,0.359,3.095,12463000000.0,2288000000.0,10175000000.0,12463000000.0,0.0,2098000000.0,269000000.0,0.028,1.983,2192000000.0,4290000000.0,0.361,4290000000.0,2192000000.0,1611000000.0,4.02,3.97,4.02,11996000000.0,11701500000.0,11996000000.0,35416148720.0,16.0,8.256,-495000000.0,-1.518,1.0,4444000000.0,0.374,0.0,581000000.0,57774000000.0,58054500000.0,239000000.0,4398000000.0,73000000.0,4325000000.0,37127000000.0,5912000000.0,31215000000.0,23455148720.0,-54000000.0,0.0,135000000.0,788000000.0,-626000000.0,95000000.0,-3403000000.0,179000000.0,3254000000.0,0.0,1434000000.0,1311000000.0,1311000000.0,0.0,-9000000.0,0.11,2382000000.0,2062000000.0,1342000000.0,0.493,1.955,17.891,17.908,37000000000.0,123000000.0,71.99,1.976,1.977,1084000000.0,9544000000.0,11869000000.0,11869000000.0,0.0,0.026,0.112,0.038,0.185,0.0,0.0,1.0,325811206.0,326000000,330000000.0,36.408,51319000000.0,1000000.0,177000000.0,8377000000.0,157.42,-3789000000.0
5,EIX,MRY,2015-12-31,2015-12-31,2015-12-31,2021-07-29,-56000000.0,50229000000.0,50429250000.0,2654000000.0,47575000000.0,0.229,34.871,-4225000000.0,161000000.0,161000000.0,7256000000.0,1117000000.0,0.539,3.24,11873000000.0,990000000.0,10883000000.0,11873000000.0,0.0,2005000000.0,242000000.0,0.029,1.731,2174000000.0,4179000000.0,0.363,4179000000.0,2174000000.0,1619000000.0,3.13,3.1,3.13,11368000000.0,11545500000.0,11368000000.0,30285281507.0,14.0,7.247,284000000.0,0.871,1.0,4268000000.0,0.37,0.0,555000000.0,57014000000.0,57304500000.0,267000000.0,4697000000.0,79000000.0,4618000000.0,36835000000.0,4927000000.0,31908000000.0,19291281507.0,29000000.0,0.0,128000000.0,86000000.0,-544000000.0,-588000000.0,-3892000000.0,374000000.0,4509000000.0,0.0,1133000000.0,1020000000.0,1020000000.0,0.0,-16000000.0,0.089,2260000000.0,2008000000.0,1310000000.0,0.553,1.697,18.913,18.917,35085000000.0,113000000.0,59.21,1.674,1.675,1336000000.0,8940000000.0,11524000000.0,11524000000.0,0.0,0.02,0.088,0.038,0.189,0.0,0.0,1.0,325811206.0,326000000,329000000.0,35.35,50229000000.0,0.0,486000000.0,7552000000.0,154.077,-2273000000.0
6,EIX,MRY,2014-12-31,2014-12-31,2014-12-31,2021-07-29,-58000000.0,49734000000.0,48865250000.0,3567000000.0,46167000000.0,0.274,33.62,-3906000000.0,132000000.0,132000000.0,8742000000.0,1721000000.0,0.651,3.353,12029000000.0,1795000000.0,10234000000.0,12029000000.0,0.0,1815000000.0,221000000.0,0.023,1.482,2727000000.0,4542000000.0,0.339,4542000000.0,2727000000.0,2167000000.0,4.95,4.89,4.95,10960000000.0,10514000000.0,10960000000.0,33378117769.0,12.0,7.349,-658000000.0,-2.018,1.0,4671000000.0,0.348,0.0,560000000.0,56152000000.0,55130250000.0,281000000.0,5327000000.0,102000000.0,5225000000.0,36746000000.0,5479000000.0,31267000000.0,21334117769.0,-14000000.0,0.0,0.0,966000000.0,-463000000.0,645000000.0,-3907000000.0,-44000000.0,3248000000.0,0.0,1724000000.0,1612000000.0,1612000000.0,0.0,-3000000.0,0.12,2199000000.0,2472000000.0,1580000000.0,0.299,1.947,13.235,13.228,32981000000.0,112000000.0,65.48,1.591,1.591,1422000000.0,8573000000.0,13413000000.0,13413000000.0,0.0,0.033,0.153,0.049,0.203,0.0,0.0,1.0,325811206.0,326000000,329000000.0,41.144,49734000000.0,0.0,443000000.0,6942000000.0,152.558,-1912000000.0
7,EIX,MRY,2013-12-31,2013-12-31,2013-12-31,2021-07-29,-11000000.0,46050000000.0,45732500000.0,3075000000.0,42975000000.0,0.275,31.727,-3599000000.0,54000000.0,54000000.0,8364000000.0,1015000000.0,0.699,3.279,10197000000.0,775000000.0,9422000000.0,10197000000.0,0.0,1696000000.0,201000000.0,0.03,1.368,1801000000.0,3497000000.0,0.278,3497000000.0,1801000000.0,1257000000.0,2.81,2.78,2.81,10343000000.0,9735500000.0,10343000000.0,25636058838.0,14.0,7.331,-632000000.0,-1.939,1.0,4217000000.0,0.335,0.0,544000000.0,51795000000.0,51234750000.0,256000000.0,5007000000.0,122000000.0,4885000000.0,33912000000.0,4398000000.0,29514000000.0,15085058838.0,-24000000.0,0.0,0.0,1183000000.0,-440000000.0,581000000.0,-3572000000.0,-98000000.0,2967000000.0,0.0,1015000000.0,915000000.0,915000000.0,0.0,0.0,0.073,2502000000.0,1715000000.0,1373000000.0,0.487,1.458,16.486,16.477,30451000000.0,100000000.0,46.3,1.199,1.2,1409000000.0,7594000000.0,12581000000.0,12581000000.0,0.0,0.02,0.094,0.035,0.143,0.0,0.0,1.0,325811206.0,326000000,329000000.0,38.592,46050000000.0,303000000.0,242000000.0,7937000000.0,141.258,-1323000000.0
8,EIX,MRY,2012-12-31,2012-12-31,2012-12-31,2021-07-29,-87000000.0,44394000000.0,48427750000.0,2672000000.0,41722000000.0,0.245,28.933,-4149000000.0,170000000.0,170000000.0,7747000000.0,-92000000.0,0.714,3.52,9406000000.0,175000000.0,9231000000.0,9406000000.0,0.0,1634000000.0,193000000.0,0.029,1.312,696000000.0,2330000000.0,0.196,2330000000.0,696000000.0,175000000.0,-0.56,-0.56,-0.56,9432000000.0,9847500000.0,9432000000.0,28229408399.0,41.0,12.116,-815000000.0,-2.5,1.0,4115000000.0,0.347,0.0,521000000.0,49886000000.0,56666750000.0,340000000.0,4448000000.0,129000000.0,4319000000.0,33203000000.0,3744000000.0,29459000000.0,14723408399.0,-1299000000.0,0.0,0.0,121000000.0,-424000000.0,650000000.0,-5283000000.0,-215000000.0,3334000000.0,0.0,-92000000.0,-183000000.0,-183000000.0,0.0,0.0,-0.015,1830000000.0,2285000000.0,1423000000.0,-2.343,1.561,-80.456,-80.696,30273000000.0,91000000.0,45.19,1.241,1.242,1312000000.0,7146000000.0,11862000000.0,11862000000.0,0.0,-0.004,-0.019,0.012,0.059,0.0,0.0,1.0,325811206.0,326000000,330000000.0,36.387,44394000000.0,0.0,267000000.0,6356000000.0,136.178,-1072000000.0
9,EIX,MRY,2011-12-31,2011-12-31,2011-12-31,2021-07-29,-139000000.0,48039000000.0,47236750000.0,4484000000.0,43555000000.0,0.224,30.844,-4122000000.0,169000000.0,169000000.0,7074000000.0,22000000.0,1.031,3.675,9263000000.0,429000000.0,8834000000.0,9263000000.0,0.0,1427000000.0,199000000.0,0.031,1.285,1075000000.0,2502000000.0,0.236,2502000000.0,1075000000.0,590000000.0,-0.11,-0.11,-0.11,10055000000.0,10618000000.0,10055000000.0,25710583928.0,24.0,10.276,-216000000.0,-0.663,1.0,3514000000.0,0.332,0.0,485000000.0,52785000000.0,54555250000.0,350000000.0,3940000000.0,65000000.0,3875000000.0,36953000000.0,4348000000.0,32605000000.0,13488583928.0,80000000.0,0.0,0.0,1197000000.0,-417000000.0,1107000000.0,-4933000000.0,-167000000.0,3906000000.0,0.0,22000000.0,-37000000.0,-37000000.0,0.0,0.0,-0.003,1453000000.0,2061000000.0,1321000000.0,-11.682,1.341,-364.556,-376.364,27644000000.0,59000000.0,41.4,1.274,1.275,1287000000.0,7834000000.0,10588000000.0,10588000000.0,0.0,-0.001,-0.003,0.02,0.102,0.0,0.0,1.0,325811206.0,326000000,329000000.0,32.479,48039000000.0,88000000.0,568000000.0,5287000000.0,147.359,136000000.0
10,EIX,MRY,2010-12-31,2010-12-31,2010-12-31,2021-07-29,-76000000.0,45530000000.0,44127000000.0,4422000000.0,41108000000.0,0.227,32.463,-3780000000.0,1391000000.0,1391000000.0,6901000000.0,1308000000.0,1.119,3.216,12534000000.0,163000000.0,12371000000.0,12534000000.0,0.0,1380000000.0,217000000.0,0.033,1.265,2083000000.0,3463000000.0,0.346,3463000000.0,2083000000.0,1643000000.0,3.84,3.82,3.84,10583000000.0,10367000000.0,10583000000.0,22810312552.0,11.0,6.587,-303000000.0,-0.929,1.0,3095000000.0,0.31,0.0,440000000.0,52721000000.0,50949250000.0,568000000.0,4832000000.0,133000000.0,4699000000.0,34036000000.0,3952000000.0,30084000000.0,12576312552.0,-284000000.0,-74000000.0,0.0,1102000000.0,-411000000.0,1053000000.0,-4814000000.0,-219000000.0,3477000000.0,0.0,1308000000.0,1256000000.0,1256000000.0,0.0,0.0,0.126,1276000000.0,1819000000.0,1362000000.0,0.329,1.188,10.013,10.052,30184000000.0,52000000.0,38.6,1.258,1.259,1373000000.0,8328000000.0,9996000000.0,9996000000.0,0.0,0.028,0.121,0.041,0.208,24000000.0,0.0,1.0,325811206.0,326000000,329000000.0,30.663,45530000000.0,390000000.0,335000000.0,5799000000.0,139.663,470000000.0
11,EIX,MRY,2009-12-31,2009-12-31,2009-12-31,2021-07-29,37000000.0,41444000000.0,42631500000.0,4430000000.0,37014000000.0,0.29,30.187,-3282000000.0,1742000000.0,1742000000.0,8655000000.0,945000000.0,1.17,3.093,10899000000.0,462000000.0,10437000000.0,10899000000.0,0.0,1538000000.0,238000000.0,0.036,1.245,1534000000.0,3072000000.0,0.249,3072000000.0,1534000000.0,802000000.0,2.59,2.58,2.59,9841000000.0,9755500000.0,9841000000.0,20407713745.0,13.0,6.643,-237000000.0,-0.727,1.0,3706000000.0,0.3,0.0,732000000.0,46814000000.0,47196250000.0,533000000.0,4232000000.0,357000000.0,3875000000.0,30438000000.0,3787000000.0,26651000000.0,11331713745.0,-2243000000.0,-11000000.0,0.0,-2407000000.0,-404000000.0,-2929000000.0,-2359000000.0,-199000000.0,3045000000.0,0.0,900000000.0,849000000.0,849000000.0,0.0,45000000.0,0.069,2308000000.0,1398000000.0,1347000000.0,0.481,1.151,13.347,13.429,27113000000.0,51000000.0,34.78,0.917,0.917,1364000000.0,7500000000.0,12361000000.0,12361000000.0,0.0,0.02,0.087,0.033,0.124,22000000.0,0.0,1.0,325811206.0,326000000,327000000.0,37.917,41444000000.0,33000000.0,-98000000.0,4622000000.0,127.129,643000000.0
12,EIX,MRY,2008-12-31,2008-12-31,2008-12-31,2021-07-29,167000000.0,44615000000.0,40809250000.0,7353000000.0,37262000000.0,0.346,29.193,-2711000000.0,3919000000.0,3919000000.0,10280000000.0,1348000000.0,1.098,3.563,13491000000.0,2541000000.0,10950000000.0,13491000000.0,0.0,1419000000.0,228000000.0,0.038,1.225,2562000000.0,3981000000.0,0.282,3981000000.0,2562000000.0,1862000000.0,3.69,3.68,3.69,9517000000.0,8936750000.0,9517000000.0,19800055937.0,8.0,4.974,-450000000.0,-1.38,1.0,3832000000.0,0.272,0.0,700000000.0,47490000000.0,44426750000.0,553000000.0,5887000000.0,334000000.0,5553000000.0,33906000000.0,6697000000.0,27209000000.0,10465055937.0,2475000000.0,46000000.0,0.0,3747000000.0,-397000000.0,3159000000.0,-2945000000.0,67000000.0,2261000000.0,0.0,1266000000.0,1215000000.0,1215000000.0,0.0,82000000.0,0.086,1269000000.0,2563000000.0,1031000000.0,0.332,1.1,8.613,8.705,24343000000.0,51000000.0,32.12,0.742,0.742,1334000000.0,7078000000.0,14112000000.0,14112000000.0,0.0,0.03,0.136,0.058,0.182,34000000.0,0.0,1.0,325811206.0,326000000,329000000.0,43.288,44615000000.0,104000000.0,596000000.0,6416000000.0,136.856,656000000.0
13,EIX,MRY,2007-12-31,2007-12-31,2007-12-31,2021-07-29,-92000000.0,37523000000.0,37241250000.0,4244000000.0,33279000000.0,0.346,25.902,-2824000000.0,1444000000.0,1444000000.0,9175000000.0,1305000000.0,0.997,3.3,9746000000.0,730000000.0,9016000000.0,9746000000.0,0.0,1292000000.0,219000000.0,0.022,1.175,2342000000.0,3634000000.0,0.282,3634000000.0,2342000000.0,1590000000.0,3.33,3.31,3.33,8444000000.0,8217000000.0,8444000000.0,25416544064.0,11.0,6.994,420000000.0,1.288,1.0,3693000000.0,0.287,0.0,752000000.0,41569000000.0,41120500000.0,432000000.0,6579000000.0,190000000.0,6389000000.0,27869000000.0,4256000000.0,23613000000.0,17388544064.0,-354000000.0,9000000.0,0.0,-68000000.0,-378000000.0,-928000000.0,-2670000000.0,344000000.0,3244000000.0,0.0,1098000000.0,1098000000.0,1098000000.0,0.0,207000000.0,0.085,1184000000.0,2509000000.0,979000000.0,0.353,2.059,15.837,16.027,22309000000.0,0.0,53.37,1.351,1.352,1403000000.0,6311000000.0,12868000000.0,12868000000.0,0.0,0.029,0.134,0.057,0.182,37000000.0,0.0,1.0,325811206.0,326000000,331000000.0,39.472,37523000000.0,167000000.0,492000000.0,5359000000.0,115.101,-12000000.0
14,EIX,MRY,2006-12-31,2006-12-31,2006-12-31,2021-07-29,78000000.0,36261000000.0,35588500000.0,5482000000.0,30779000000.0,0.342,23.647,-2447000000.0,1854000000.0,1854000000.0,8577000000.0,1181000000.0,1.274,3.55,9729000000.0,628000000.0,9101000000.0,9729000000.0,0.0,1204000000.0,198000000.0,0.024,1.1,2569000000.0,3773000000.0,0.31,3773000000.0,2569000000.0,1763000000.0,3.58,3.57,3.58,7709000000.0,7307500000.0,7709000000.0,22130893649.0,9.0,5.866,1121000000.0,3.439,1.0,3592000000.0,0.295,0.0,806000000.0,39833000000.0,39012750000.0,392000000.0,7186000000.0,886000000.0,6300000000.0,27366000000.0,4303000000.0,23063000000.0,14817893649.0,-98000000.0,7000000.0,-107000000.0,-124000000.0,-352000000.0,-703000000.0,-2963000000.0,-486000000.0,3568000000.0,0.0,1181000000.0,1181000000.0,1181000000.0,-97000000.0,0.0,0.097,1103000000.0,2489000000.0,926000000.0,0.307,1.922,12.547,12.704,20269000000.0,0.0,45.48,1.218,1.218,1317000000.0,5551000000.0,12169000000.0,12169000000.0,0.0,0.033,0.162,0.066,0.211,47000000.0,0.0,1.0,325811206.0,326000000,330000000.0,37.328,36261000000.0,203000000.0,582000000.0,5574000000.0,111.23,1179000000.0
15,EIX,MRY,2005-12-31,2005-12-31,2005-12-31,2021-07-29,-226000000.0,34791000000.0,34324750000.0,5959000000.0,28832000000.0,0.345,20.291,-1858000000.0,1953000000.0,1953000000.0,8041000000.0,1137000000.0,1.202,4.105,9835000000.0,1002000000.0,8833000000.0,9835000000.0,0.0,1168000000.0,183000000.0,0.023,1.02,2388000000.0,3556000000.0,0.3,3556000000.0,2388000000.0,1594000000.0,3.47,3.45,3.47,6615000000.0,6325500000.0,6615000000.0,21441626694.0,9.0,6.03,389000000.0,1.193,1.0,3811000000.0,0.322,0.0,794000000.0,37714000000.0,36971250000.0,341000000.0,6659000000.0,527000000.0,6132000000.0,27156000000.0,4959000000.0,22197000000.0,14208626694.0,-794000000.0,105000000.0,-107000000.0,-1080000000.0,-326000000.0,-1244000000.0,-1799000000.0,-163000000.0,2247000000.0,-1000000.0,1137000000.0,1137000000.0,1137000000.0,-30000000.0,0.0,0.096,1498000000.0,2313000000.0,961000000.0,0.294,2.148,12.497,12.568,18588000000.0,0.0,43.61,1.199,1.2,1511000000.0,4798000000.0,11852000000.0,11852000000.0,0.0,0.033,0.18,0.065,0.201,48000000.0,0.0,1.0,325811206.0,326000000,332000000.0,36.356,34791000000.0,218000000.0,457000000.0,5648000000.0,106.721,1000000000.0
16,EIX,MRY,2004-12-31,2004-12-31,2004-12-31,2021-07-29,-4000000.0,33269000000.0,34764500000.0,5515000000.0,27754000000.0,0.293,18.555,-1900000000.0,2761000000.0,2761000000.0,7289000000.0,916000000.0,1.366,4.427,10807000000.0,1129000000.0,9678000000.0,10807000000.0,0.0,1120000000.0,168000000.0,0.032,1.022,1809000000.0,2929000000.0,0.287,2929000000.0,1809000000.0,824000000.0,2.81,2.77,2.81,6049000000.0,5524750000.0,6049000000.0,19915732928.0,11.0,6.799,-781000000.0,-2.396,1.0,2910000000.0,0.285,0.0,985000000.0,37278000000.0,39976750000.0,304000000.0,6075000000.0,0.0,6075000000.0,26778000000.0,4037000000.0,22741000000.0,10435732928.0,510000000.0,2781000000.0,-61000000.0,-788000000.0,-261000000.0,-1402000000.0,698000000.0,-229000000.0,1119000000.0,50000000.0,916000000.0,916000000.0,916000000.0,-690000000.0,0.0,0.09,1810000000.0,1100000000.0,749000000.0,0.364,1.725,11.393,11.399,17397000000.0,0.0,32.03,1.023,1.024,1166000000.0,4078000000.0,10199000000.0,10199000000.0,0.0,0.026,0.166,0.045,0.177,0.0,0.0,1.0,325811206.0,326000000,331000000.0,31.285,33269000000.0,288000000.0,-92000000.0,5597000000.0,102.052,1478000000.0
17,EIX,MRY,2003-12-31,2003-12-31,2003-12-31,2021-07-29,-53000000.0,38267000000.0,36066250000.0,4550000000.0,33717000000.0,0.298,16.512,-1191000000.0,2273000000.0,2273000000.0,6601000000.0,821000000.0,0.796,5.989,11542000000.0,2322000000.0,9220000000.0,11542000000.0,0.0,1155000000.0,152000000.0,0.0,0.0,1965000000.0,3120000000.0,0.291,3120000000.0,1965000000.0,945000000.0,2.52,2.5,2.52,5383000000.0,4927000000.0,5383000000.0,17309039748.0,9.0,5.548,2061000000.0,6.322,1.0,4131000000.0,0.385,0.0,1020000000.0,41818000000.0,39909250000.0,305000000.0,5892000000.0,0.0,5892000000.0,32238000000.0,5718000000.0,26520000000.0,7145039748.0,-289000000.0,109000000.0,-19000000.0,-2088000000.0,0.0,-1960000000.0,-1586000000.0,-106000000.0,3252000000.0,5000000.0,821000000.0,821000000.0,821000000.0,-175000000.0,0.0,0.077,2676000000.0,1455000000.0,548000000.0,0.0,1.327,8.703,8.702,15893000000.0,0.0,21.93,0.666,0.666,1119000000.0,3466000000.0,10732000000.0,10732000000.0,0.0,0.023,0.167,0.049,0.183,0.0,0.0,1.0,325811206.0,326000000,329000000.0,32.92,38267000000.0,563000000.0,124000000.0,5978000000.0,117.383,-1168000000.0
18,EIX,MRY,2002-12-31,2002-12-31,2002-12-31,2021-07-29,-247000000.0,33607000000.0,33873750000.0,5659000000.0,27948000000.0,0.309,13.61,-1531000000.0,2933000000.0,2933000000.0,5682000000.0,1077000000.0,0.857,6.172,14417000000.0,2839000000.0,11578000000.0,14417000000.0,0.0,1041000000.0,0.0,0.0,0.0,2533000000.0,3574000000.0,0.342,3574000000.0,2533000000.0,1407000000.0,3.31,3.28,3.31,4437000000.0,4102000000.0,4437000000.0,16087862791.0,6.0,4.501,480000000.0,1.472,1.0,4769000000.0,0.456,661000000.0,1126000000.0,37826000000.0,40248500000.0,343000000.0,6790000000.0,0.0,6790000000.0,27387000000.0,6604000000.0,20783000000.0,3860862791.0,-1586000000.0,41000000.0,-7000000.0,-2318000000.0,0.0,-2487000000.0,-1225000000.0,0.0,2011000000.0,15000000.0,1077000000.0,1077000000.0,1077000000.0,-22000000.0,0.0,0.103,2643000000.0,2126000000.0,786000000.0,0.0,0.87,3.585,3.58,19048000000.0,0.0,11.85,0.369,0.37,1548000000.0,2711000000.0,10451000000.0,10451000000.0,0.0,0.032,0.263,0.063,0.242,0.0,0.0,1.0,325811206.0,326000000,328000000.0,32.058,32946000000.0,527000000.0,330000000.0,7121000000.0,101.061,-945000000.0
19,EIX,MRY,2001-12-31,2001-12-31,2001-12-31,2021-07-29,-328000000.0,36774000000.0,36874500000.0,7500000000.0,29274000000.0,0.3,10.037,99000000.0,3991000000.0,3991000000.0,7927000000.0,1035000000.0,0.761,10.239,16618000000.0,3944000000.0,12674000000.0,16618000000.0,0.0,1065000000.0,0.0,0.0,0.0,4264000000.0,5329000000.0,0.482,5329000000.0,4264000000.0,2682000000.0,3.18,3.17,3.18,3272000000.0,1813000000.0,3272000000.0,20236749211.0,5.0,3.797,3073000000.0,9.426,1.0,3135000000.0,0.283,633000000.0,1582000000.0,38911000000.0,38656500000.0,327000000.0,7140000000.0,0.0,7140000000.0,33502000000.0,9857000000.0,23645000000.0,4919749211.0,2081000000.0,-122000000.0,0.0,-298000000.0,0.0,-1557000000.0,701000000.0,68000000.0,2974000000.0,-37000000.0,1035000000.0,1035000000.0,1035000000.0,1367000000.0,0.0,0.094,-1947000000.0,5082000000.0,3414000000.0,0.0,1.504,4.753,4.748,14427000000.0,0.0,15.1,0.445,0.445,1710000000.0,1634000000.0,11062000000.0,11062000000.0,0.0,0.028,0.571,0.11,0.385,0.0,0.0,1.0,325811206.0,326000000,326000000.0,33.933,36141000000.0,1092000000.0,1647000000.0,6722000000.0,110.862,-2357000000.0
20,EIX,MRY,2000-12-31,2000-12-31,2000-12-31,2021-07-29,-139000000.0,35100000000.0,36602201500.0,4965000000.0,30135000000.0,0.285,7.267,254000000.0,1604000000.0,1604000000.0,8310000000.0,-1943000000.0,0.541,13.504,16970000000.0,4820000000.0,12150000000.0,16970000000.0,0.0,1952000000.0,0.0,0.071,1.11,-1705000000.0,247000000.0,0.024,247000000.0,-1705000000.0,-2962000000.0,-5.84,-5.84,-5.84,2420000000.0,4257645500.0,2420000000.0,20840955150.0,-12.0,84.376,1658000000.0,4.979,1.0,2114000000.0,0.203,291000000.0,1257000000.0,40992000000.0,43884552000.0,256000000.0,7643000000.0,0.0,7643000000.0,32680000000.0,9183000000.0,23497000000.0,5092429150.0,1465000000.0,-289000000.0,-386000000.0,1408000000.0,-371000000.0,758000000.0,-665000000.0,-197000000.0,1404000000.0,-32000000.0,-1943000000.0,-1943000000.0,-1943000000.0,4000000.0,0.0,-0.186,4189000000.0,-2075000000.0,1199000000.0,-0.19,2.104,-2.621,-2.676,15117000000.0,0.0,15.63,0.489,0.499,1355000000.0,599000000.0,10424000000.0,10424000000.0,0.0,-0.053,-0.456,-0.039,-0.164,0.0,0.0,1.0,325811206.0,333000000,333000000.0,31.303,34809000000.0,1339000000.0,-1019000000.0,5286000000.0,104.532,-4218000000.0
21,EIX,MRY,1999-12-31,1999-12-31,1999-12-31,2021-07-29,42000000.0,36229000000.0,30774916250.0,2670000000.0,33559000000.0,0.298,14.974,-6962000000.0,508000000.0,508000000.0,6287000000.0,623000000.0,0.39,5.952,16906000000.0,3515000000.0,13391000000.0,16906000000.0,300000000.0,1826000000.0,0.0,0.031,0.81,1812000000.0,3638000000.0,0.396,3638000000.0,1812000000.0,971000000.0,1.79,1.79,1.79,5211000000.0,4070656750.0,5211000000.0,21698244106.0,12.0,5.964,-4925000000.0,-14.152,1.0,2889000000.0,0.315,0.0,841000000.0,45785000000.0,37318296250.0,440000000.0,7079000000.0,0.0,7079000000.0,31018000000.0,6842000000.0,24176000000.0,9093354106.0,-76000000.0,-853000000.0,-92000000.0,6058000000.0,-373000000.0,7921000000.0,-10031000000.0,-15000000.0,2037000000.0,-3000000.0,623000000.0,623000000.0,623000000.0,58000000.0,0.0,0.068,1072000000.0,1817000000.0,625000000.0,0.453,1.745,14.596,14.631,19683000000.0,0.0,26.19,0.991,0.993,1378000000.0,3079000000.0,9176000000.0,9176000000.0,0.0,0.02,0.153,0.049,0.197,0.0,0.0,1.0,347207106.0,348000000,349000000.0,26.368,36229000000.0,191000000.0,348000000.0,6389000000.0,104.106,-4172000000.0
22,EIX,MRY,1998-12-31,1998-12-31,1998-12-31,2021-07-29,84000000.0,24698000000.0,24797973000.0,2767000000.0,21931000000.0,0.357,14.203,-6000000.0,584000000.0,584000000.0,6296000000.0,668000000.0,0.646,3.844,9493000000.0,1485000000.0,8008000000.0,9493000000.0,1442000000.0,1758000000.0,0.0,0.037,1.04,1840000000.0,3598000000.0,0.406,3598000000.0,1840000000.0,1130000000.0,1.86,1.84,1.86,5099000000.0,3529995500.0,5099000000.0,18145906532.0,10.0,5.043,1426000000.0,3.972,1.0,2564000000.0,0.289,0.0,710000000.0,29321000000.0,29227173500.0,167000000.0,6049000000.0,0.0,6049000000.0,19599000000.0,4286000000.0,15313000000.0,9833504532.0,-1323000000.0,-401000000.0,-714000000.0,-579000000.0,-374000000.0,-1724000000.0,-1028000000.0,-426000000.0,1432000000.0,-3000000.0,668000000.0,668000000.0,668000000.0,0.0,0.0,0.075,780000000.0,1784000000.0,490000000.0,0.559,1.929,14.721,14.989,10326000000.0,0.0,27.88,1.11,1.13,1316000000.0,2906000000.0,8860000000.0,8860000000.0,0.0,0.027,0.189,0.063,0.208,0.0,0.0,1.0,352708197.0,359000000,364000000.0,24.68,24698000000.0,1738000000.0,462000000.0,5492000000.0,68.797,-1519000000.0
23,EIX,MRY,1997-12-31,1997-12-31,1997-12-31,2021-07-29,90000000.0,25101000000.0,24830000000.0,3597000000.0,21504000000.0,0.372,13.818,-783000000.0,1907000000.0,1907000000.0,6119000000.0,700000000.0,0.965,3.542,10069000000.0,1198000000.0,8871000000.0,10069000000.0,1285000000.0,1450000000.0,0.0,0.037,1.0,1898000000.0,3348000000.0,0.363,3348000000.0,1898000000.0,1199000000.0,1.75,1.73,1.75,5527000000.0,5962000000.0,5527000000.0,,,,1351000000.0,3.377,1.0,3116000000.0,0.337,0.0,699000000.0,29535000000.0,29111500000.0,191000000.0,4393000000.0,0.0,4393000000.0,19574000000.0,3728000000.0,15846000000.0,10031203899.0,1010000000.0,-131000000.0,-1173000000.0,1808000000.0,-408000000.0,113000000.0,-1237000000.0,-327000000.0,2134000000.0,0.0,700000000.0,700000000.0,700000000.0,0.0,0.0,0.076,1081000000.0,2035000000.0,441000000.0,0.571,1.815,14.33,15.537,14117000000.0,0.0,27.19,1.086,1.178,1077000000.0,3176000000.0,9235000000.0,9235000000.0,0.0,0.028,0.117,0.065,0.206,0.0,0.0,1.0,368929897.0,400000000,405000000.0,23.087,25101000000.0,123000000.0,499000000.0,5013000000.0,62.752,-131000000.0
24,EIX,MRY,1996-12-31,1996-12-31,1996-12-31,2021-07-29,97000000.0,24559000000.0,,2572000000.0,21987000000.0,,14.638,-744000000.0,897000000.0,897000000.0,3805000000.0,717000000.0,0.748,2.839,8464000000.0,989000000.0,7475000000.0,8464000000.0,1059000000.0,1269000000.0,0.0,0.063,1.25,1974000000.0,3243000000.0,0.38,3243000000.0,1974000000.0,1280000000.0,1.64,1.63,1.64,6397000000.0,,6397000000.0,,,,1453000000.0,3.325,1.0,4740000000.0,0.555,0.0,694000000.0,28688000000.0,,226000000.0,3546000000.0,0.0,3546000000.0,18162000000.0,3438000000.0,14724000000.0,,390000000.0,-336000000.0,-344000000.0,-262000000.0,-440000000.0,-587000000.0,-1220000000.0,3000000.0,2197000000.0,0.0,717000000.0,717000000.0,717000000.0,0.0,0.0,0.084,2699000000.0,2041000000.0,438000000.0,0.762,,,12.122,15273000000.0,0.0,19.88,,1.017,1095000000.0,3753000000.0,8545000000.0,8545000000.0,0.0,,,,0.231,0.0,0.0,1.0,,437000000,439000000.0,19.554,24559000000.0,1981000000.0,563000000.0,5185000000.0,56.199,-866000000.0
25,EIX,MRY,1995-12-31,1995-12-31,1995-12-31,2021-07-29,,,,,,,,-1984000000.0,,,3635000000.0,739000000.0,,,,,,,,1087000000.0,,0.043,0.75,1887000000.0,2974000000.0,0.354,2974000000.0,1887000000.0,1267000000.0,1.66,1.65,1.66,,,,,,,134000000.0,0.3,1.0,4770000000.0,0.568,,620000000.0,,,,,,,,,,,-27000000.0,-45000000.0,-70000000.0,490000000.0,-447000000.0,-8000000.0,-2137000000.0,0.0,2118000000.0,0.0,739000000.0,739000000.0,739000000.0,0.0,0.0,0.088,2865000000.0,1905000000.0,,0.452,,,10.62,,0.0,17.63,,0.936,,,8405000000.0,8405000000.0,0.0,,,,0.225,0.0,0.0,1.0,,446000000,446000000.0,18.845,,,528000000.0,,,
0,EIX,MRQ,2021-06-30,2021-06-30,2021-06-30,2021-07-29,-65000000.0,71162000000.0,,4921000000.0,66241000000.0,,40.558,-1235000000.0,84000000.0,84000000.0,2037000000.0,361000000.0,0.63,3.494,27174000000.0,3452000000.0,23722000000.0,27174000000.0,0.0,548000000.0,207000000.0,0.045,0.0,661000000.0,1209000000.0,0.365,1209000000.0,661000000.0,429000000.0,0.84,0.84,0.84,15412000000.0,,15412000000.0,46215108224.0,28.0,12.229,-2681000000.0,-7.055,1.0,1278000000.0,0.386,0.0,232000000.0,90437000000.0,,406000000.0,4965000000.0,0.0,4965000000.0,53849000000.0,7815000000.0,46034000000.0,21939108224.0,-305000000.0,0.0,10000000.0,2526000000.0,-247000000.0,2271000000.0,-1130000000.0,75000000.0,-1446000000.0,0.0,361000000.0,318000000.0,318000000.0,0.0,0.0,0.096,693000000.0,585000000.0,1797000000.0,0.0,1.424,26.919,26.645,50036000000.0,43000000.0,57.82,1.559,1.561,2252000000.0,8229000000.0,3315000000.0,3315000000.0,0.0,,,,,0.0,0.0,1.0,379438053.0,380000000,380000000.0,8.724,71162000000.0,0.0,68000000.0,5614000000.0,187.268,-2894000000.0
1,EIX,MRQ,2021-03-31,2021-03-31,2021-03-31,2021-07-29,-67000000.0,70505000000.0,,5328000000.0,65177000000.0,,40.427,-1358000000.0,389000000.0,389000000.0,1857000000.0,290000000.0,0.561,3.477,24665000000.0,3644000000.0,21021000000.0,24665000000.0,0.0,542000000.0,225000000.0,0.044,0.662,471000000.0,1013000000.0,0.342,1013000000.0,471000000.0,254000000.0,0.68,0.68,0.68,15322000000.0,,15322000000.0,43052003021.0,27.0,11.779,-1286000000.0,-3.393,1.0,1103000000.0,0.373,0.0,217000000.0,85284000000.0,,416000000.0,4822000000.0,0.0,4822000000.0,53282000000.0,9497000000.0,43785000000.0,22226003021.0,301000000.0,0.0,15000000.0,531000000.0,-247000000.0,1511000000.0,-1282000000.0,52000000.0,72000000.0,0.0,290000000.0,259000000.0,259000000.0,0.0,0.0,0.087,704000000.0,399000000.0,1602000000.0,0.974,1.451,27.271,26.881,49355000000.0,31000000.0,58.6,1.617,1.615,2444000000.0,8163000000.0,2960000000.0,2960000000.0,0.0,,,,,0.0,0.0,1.0,379283328.0,379000000,380000000.0,7.81,70505000000.0,0.0,-36000000.0,5474000000.0,186.029,-4169000000.0
2,EIX,MRQ,2020-12-31,2020-12-31,2020-12-31,2021-07-29,-69000000.0,69372000000.0,,5061000000.0,64311000000.0,,37.066,-1515000000.0,87000000.0,87000000.0,1843000000.0,552000000.0,0.492,3.803,24147000000.0,3642000000.0,20505000000.0,24147000000.0,0.0,517000000.0,243000000.0,0.041,0.662,828000000.0,1345000000.0,0.426,1345000000.0,828000000.0,602000000.0,1.41,1.41,1.41,14048000000.0,,14048000000.0,43463243952.0,30.0,12.429,-1323000000.0,-3.491,1.0,1314000000.0,0.416,0.0,226000000.0,83155000000.0,,405000000.0,4886000000.0,0.0,4886000000.0,53423000000.0,10277000000.0,43146000000.0,23778243952.0,-5000000.0,0.0,2000000.0,1316000000.0,-237000000.0,1080000000.0,-1277000000.0,206000000.0,192000000.0,0.0,552000000.0,526000000.0,526000000.0,0.0,0.0,0.167,520000000.0,794000000.0,1980000000.0,0.47,1.693,32.176,31.727,48927000000.0,26000000.0,62.82,1.751,1.726,2434000000.0,8155000000.0,3157000000.0,3157000000.0,0.0,,,,,0.0,0.0,1.0,378513912.0,379000000,380000000.0,8.33,69372000000.0,68000000.0,50000000.0,5368000000.0,183.04,-5216000000.0
3,EIX,MRQ,2020-09-30,2020-09-30,2020-09-30,2021-07-29,-35000000.0,68453000000.0,,5798000000.0,62655000000.0,,42.947,-1297000000.0,30000000.0,30000000.0,3065000000.0,-242000000.0,0.698,3.097,19715000000.0,2990000000.0,16725000000.0,19715000000.0,0.0,507000000.0,259000000.0,0.05,1.275,-295000000.0,212000000.0,0.046,212000000.0,-295000000.0,-517000000.0,-0.76,-0.76,-0.76,16234000000.0,,16234000000.0,37253755081.0,38.0,12.552,-851000000.0,-2.251,1.0,1579000000.0,0.34,0.0,222000000.0,79833000000.0,,387000000.0,4716000000.0,0.0,4716000000.0,50274000000.0,8305000000.0,41969000000.0,19228755081.0,-432000000.0,0.0,12000000.0,993000000.0,-237000000.0,424000000.0,-1302000000.0,61000000.0,446000000.0,0.0,-242000000.0,-288000000.0,-288000000.0,0.0,0.0,-0.062,1958000000.0,-379000000.0,1690000000.0,-1.678,1.184,54.013,54.085,47573000000.0,46000000.0,50.84,1.436,1.435,3301000000.0,9043000000.0,4644000000.0,4644000000.0,0.0,,,,,0.0,0.0,1.0,378220989.0,378000000,378000000.0,12.286,68453000000.0,90000000.0,-275000000.0,6600000000.0,181.093,-2507000000.0
4,EIX,MRQ,2020-06-30,2020-06-30,2020-06-30,2021-07-29,-36000000.0,66736000000.0,,4528000000.0,62208000000.0,,44.096,-1246000000.0,254000000.0,254000000.0,1830000000.0,348000000.0,0.808,2.9,18279000000.0,1568000000.0,16711000000.0,18279000000.0,0.0,504000000.0,281000000.0,0.046,0.0,581000000.0,1085000000.0,0.363,1085000000.0,581000000.0,352000000.0,0.85,0.85,0.85,16536000000.0,,16536000000.0,37339980368.0,19.0,9.504,-936000000.0,-2.496,1.0,1157000000.0,0.387,0.0,229000000.0,79160000000.0,,382000000.0,4631000000.0,0.0,4631000000.0,47955000000.0,5601000000.0,42354000000.0,19744980368.0,-812000000.0,0.0,810000000.0,-567000000.0,-228000000.0,-8000000.0,-1114000000.0,76000000.0,310000000.0,0.0,348000000.0,318000000.0,318000000.0,0.0,0.0,0.106,657000000.0,500000000.0,1657000000.0,0.0,1.194,17.709,17.748,46216000000.0,30000000.0,54.31,1.581,1.631,2364000000.0,9575000000.0,2987000000.0,2987000000.0,0.0,,,,,0.0,0.0,1.0,363560677.0,375000000,376000000.0,7.965,66736000000.0,122000000.0,4000000.0,6708000000.0,177.963,-1073000000.0
5,EIX,MRQ,2020-03-31,2020-03-31,2020-03-31,2021-07-29,-37000000.0,65071000000.0,,4037000000.0,61034000000.0,,43.529,-1268000000.0,451000000.0,451000000.0,1809000000.0,213000000.0,0.783,2.976,18046000000.0,1449000000.0,16597000000.0,18046000000.0,0.0,501000000.0,298000000.0,0.046,0.637,354000000.0,855000000.0,0.306,855000000.0,354000000.0,129000000.0,0.5,0.5,0.5,15801000000.0,,15801000000.0,36291214409.0,19.0,9.709,-953000000.0,-2.625,1.0,981000000.0,0.352,0.0,225000000.0,77508000000.0,,363000000.0,4373000000.0,51000000.0,4322000000.0,47025000000.0,5158000000.0,41867000000.0,19865214409.0,1268000000.0,0.0,74000000.0,2404000000.0,-226000000.0,2231000000.0,-1278000000.0,-14000000.0,315000000.0,0.0,213000000.0,183000000.0,183000000.0,0.0,0.0,0.066,679000000.0,302000000.0,1454000000.0,1.274,1.257,16.707,16.067,45494000000.0,30000000.0,54.79,1.613,1.615,1997000000.0,9463000000.0,2790000000.0,2790000000.0,0.0,,,,,0.0,0.0,1.0,362570075.0,363000000,364000000.0,7.686,65071000000.0,158000000.0,-84000000.0,6559000000.0,179.259,-1121000000.0
6,EIX,MRQ,2019-12-31,2019-12-31,2019-12-31,2021-07-29,-39000000.0,64273000000.0,,3530000000.0,60743000000.0,,43.163,-1373000000.0,24000000.0,24000000.0,1758000000.0,173000000.0,0.698,2.981,16450000000.0,708000000.0,15742000000.0,16450000000.0,0.0,487000000.0,302000000.0,0.033,0.637,329000000.0,816000000.0,0.275,816000000.0,329000000.0,107000000.0,0.35,0.35,0.35,15582000000.0,,15582000000.0,42865111590.0,22.0,11.367,-863000000.0,-2.391,1.0,1212000000.0,0.408,0.0,222000000.0,75640000000.0,,364000000.0,4608000000.0,0.0,4608000000.0,46446000000.0,5059000000.0,41387000000.0,27042111590.0,-478000000.0,0.0,175000000.0,343000000.0,-216000000.0,345000000.0,-1333000000.0,-8000000.0,510000000.0,0.0,173000000.0,143000000.0,143000000.0,0.0,0.0,0.048,925000000.0,287000000.0,1779000000.0,1.82,1.735,21.061,19.95,44970000000.0,30000000.0,75.41,2.19,2.077,2980000000.0,9514000000.0,2970000000.0,2970000000.0,0.0,,,,,0.0,0.0,1.0,358601135.0,361000000,362000000.0,8.227,64273000000.0,148000000.0,-66000000.0,6451000000.0,178.042,-1529000000.0
7,EIX,MRQ,2019-09-30,2019-09-30,2019-09-30,2021-07-29,-25000000.0,63622000000.0,,4179000000.0,59443000000.0,,44.38,-1258000000.0,86000000.0,86000000.0,2482000000.0,502000000.0,0.966,2.986,15909000000.0,169000000.0,15740000000.0,15909000000.0,0.0,479000000.0,302000000.0,0.032,1.225,694000000.0,1173000000.0,0.314,1173000000.0,694000000.0,480000000.0,1.36,1.35,1.36,15400000000.0,,15400000000.0,39522681157.0,-114.0,31.12,-2673000000.0,-7.703,1.0,1259000000.0,0.337,0.0,214000000.0,75119000000.0,,348000000.0,4602000000.0,49000000.0,4553000000.0,45977000000.0,4326000000.0,41651000000.0,24572681157.0,283000000.0,0.0,2191000000.0,967000000.0,-195000000.0,2907000000.0,-1209000000.0,42000000.0,-1415000000.0,0.0,502000000.0,471000000.0,471000000.0,0.0,0.0,0.126,623000000.0,636000000.0,1663000000.0,0.901,1.596,-85.027,-76.959,43932000000.0,31000000.0,75.42,1.984,2.113,1725000000.0,9520000000.0,3741000000.0,3741000000.0,0.0,,,,,0.0,0.0,1.0,325811206.0,347000000,349000000.0,10.781,63622000000.0,131000000.0,-22000000.0,6360000000.0,183.349,-147000000.0
8,EIX,MRQ,2019-06-30,2019-06-30,2019-06-30,2021-07-29,-26000000.0,59237000000.0,,3761000000.0,55476000000.0,,40.635,-1161000000.0,26000000.0,26000000.0,1730000000.0,422000000.0,0.939,3.302,14976000000.0,399000000.0,14577000000.0,14976000000.0,0.0,339000000.0,302000000.0,0.027,0.0,555000000.0,894000000.0,0.318,894000000.0,555000000.0,344000000.0,1.2,1.2,1.2,13247000000.0,,13247000000.0,39261933396.0,-174.0,26.582,-773000000.0,-2.371,1.0,1082000000.0,0.385,0.0,211000000.0,70180000000.0,,331000000.0,4543000000.0,55000000.0,4488000000.0,43745000000.0,4007000000.0,39738000000.0,21962933396.0,-120000000.0,0.0,3000000.0,873000000.0,-199000000.0,642000000.0,-1150000000.0,-1000000.0,388000000.0,0.0,422000000.0,392000000.0,392000000.0,0.0,0.0,0.139,582000000.0,500000000.0,1577000000.0,0.0,1.658,-88.919,-87.545,43148000000.0,30000000.0,67.41,1.701,1.702,1342000000.0,9219000000.0,2812000000.0,2812000000.0,0.0,,,,,0.0,0.0,1.0,325811206.0,326000000,327000000.0,8.626,59237000000.0,211000000.0,-78000000.0,6184000000.0,181.709,-246000000.0
9,EIX,MRQ,2019-03-31,2019-03-31,2019-03-31,2021-07-29,-58000000.0,58793000000.0,,3999000000.0,54794000000.0,,32.288,-1074000000.0,328000000.0,328000000.0,1887000000.0,308000000.0,0.744,4.377,17627000000.0,1168000000.0,16459000000.0,17627000000.0,0.0,498000000.0,303000000.0,0.039,0.613,390000000.0,888000000.0,0.314,888000000.0,390000000.0,196000000.0,0.85,0.85,0.85,10526000000.0,,10526000000.0,35461229876.0,-117.0,21.427,-864000000.0,-2.65,1.0,937000000.0,0.332,0.0,194000000.0,70717000000.0,,312000000.0,4468000000.0,101000000.0,4367000000.0,46074000000.0,5375000000.0,40699000000.0,20174229876.0,233000000.0,0.0,22000000.0,1259000000.0,-200000000.0,1009000000.0,-986000000.0,73000000.0,210000000.0,0.0,308000000.0,278000000.0,278000000.0,0.0,0.0,0.098,585000000.0,352000000.0,1366000000.0,0.721,1.917,-55.576,-55.286,42697000000.0,30000000.0,61.92,1.562,1.563,1175000000.0,8034000000.0,2824000000.0,2824000000.0,0.0,,,,,0.0,0.0,1.0,325811206.0,326000000,327000000.0,8.663,58793000000.0,192000000.0,-112000000.0,4789000000.0,180.347,-1376000000.0
10,EIX,MRQ,2018-12-31,2018-12-31,2018-12-31,2021-07-29,-23000000.0,56574000000.0,,3325000000.0,53249000000.0,,35.399,-1265000000.0,21000000.0,21000000.0,1791000000.0,-1400000000.0,0.646,3.708,13691000000.0,799000000.0,12892000000.0,13691000000.0,0.0,301000000.0,299000000.0,0.043,0.613,-1986000000.0,-1685000000.0,-0.56,-1685000000.0,-1986000000.0,-2182000000.0,-4.39,-4.38,-4.39,11540000000.0,,11540000000.0,33236302165.0,-108.0,20.353,-359000000.0,-1.101,1.0,1218000000.0,0.405,0.0,196000000.0,65098000000.0,,282000000.0,4336000000.0,171000000.0,4165000000.0,42789000000.0,5146000000.0,37643000000.0,18496302165.0,73000000.0,-78000000.0,-20000000.0,617000000.0,-197000000.0,393000000.0,-1226000000.0,23000000.0,906000000.0,0.0,-1400000000.0,-1430000000.0,-1430000000.0,-34000000.0,0.0,-0.475,3259000000.0,-2041000000.0,1519000000.0,-0.14,1.603,-43.726,-43.669,41344000000.0,30000000.0,56.77,1.461,1.462,2193000000.0,8715000000.0,3009000000.0,3009000000.0,0.0,,,,,0.0,0.0,1.0,325811206.0,326000000,323000000.0,9.23,56574000000.0,312000000.0,-782000000.0,5898000000.0,173.54,-1821000000.0
11,EIX,MRQ,2018-09-30,2018-09-30,2018-09-30,2021-07-29,-42000000.0,53563000000.0,,3383000000.0,50180000000.0,,37.104,-1082000000.0,71000000.0,71000000.0,2980000000.0,544000000.0,0.717,3.247,14811000000.0,182000000.0,14629000000.0,14811000000.0,0.0,565000000.0,297000000.0,0.036,0.605,815000000.0,1380000000.0,0.323,1380000000.0,815000000.0,627000000.0,1.57,1.57,1.57,12096000000.0,,12096000000.0,36575902422.0,22.0,9.483,-28000000.0,-0.086,1.0,1289000000.0,0.302,0.0,188000000.0,63584000000.0,,261000000.0,4466000000.0,77000000.0,4389000000.0,39274000000.0,4719000000.0,34555000000.0,22050902422.0,-28000000.0,0.0,11000000.0,182000000.0,-197000000.0,-57000000.0,-1025000000.0,13000000.0,1054000000.0,0.0,544000000.0,513000000.0,513000000.0,0.0,0.0,0.12,550000000.0,739000000.0,1288000000.0,0.385,1.823,47.729,48.0,40412000000.0,31000000.0,67.68,1.714,1.715,1549000000.0,9597000000.0,4269000000.0,4269000000.0,0.0,,,,,0.0,0.0,1.0,325811206.0,326000000,327000000.0,13.095,53563000000.0,167000000.0,83000000.0,5145000000.0,164.304,-1336000000.0
12,EIX,MRQ,2018-06-30,2018-06-30,2018-06-30,2021-07-29,-44000000.0,52820000000.0,,3257000000.0,49563000000.0,,36.132,-1022000000.0,99000000.0,99000000.0,1831000000.0,298000000.0,0.662,3.298,14624000000.0,779000000.0,13845000000.0,14624000000.0,0.0,595000000.0,291000000.0,0.037,0.605,477000000.0,1072000000.0,0.381,1072000000.0,477000000.0,297000000.0,0.85,0.84,0.85,11779000000.0,,11779000000.0,34425075004.0,23.0,9.523,-664000000.0,-2.037,1.0,984000000.0,0.35,0.0,180000000.0,62423000000.0,,252000000.0,4463000000.0,85000000.0,4378000000.0,38848000000.0,4922000000.0,33926000000.0,20614075004.0,1000000.0,78000000.0,7000000.0,692000000.0,-197000000.0,491000000.0,-891000000.0,49000000.0,358000000.0,0.0,306000000.0,276000000.0,276000000.0,0.0,-8000000.0,0.098,564000000.0,420000000.0,1255000000.0,0.712,1.75,49.198,49.43,39831000000.0,30000000.0,63.27,1.68,1.681,1420000000.0,9286000000.0,2815000000.0,2815000000.0,0.0,,,,,0.0,0.0,1.0,325811206.0,326000000,327000000.0,8.635,52820000000.0,132000000.0,-9000000.0,4800000000.0,162.025,-1665000000.0
13,EIX,MRQ,2018-03-31,2018-03-31,2018-03-31,2021-07-29,-46000000.0,51943000000.0,,2992000000.0,48951000000.0,,35.877,-1137000000.0,105000000.0,105000000.0,1601000000.0,242000000.0,0.644,3.254,13916000000.0,549000000.0,13367000000.0,13916000000.0,0.0,479000000.0,287000000.0,0.036,0.605,387000000.0,866000000.0,0.338,866000000.0,387000000.0,217000000.0,0.67,0.67,0.67,11696000000.0,,11696000000.0,34166141374.0,23.0,9.584,-278000000.0,-0.853,1.0,963000000.0,0.376,0.0,170000000.0,61107000000.0,,247000000.0,4507000000.0,92000000.0,4415000000.0,38054000000.0,4647000000.0,33407000000.0,20741141374.0,-1026000000.0,0.0,2000000.0,-519000000.0,-197000000.0,-745000000.0,-1097000000.0,24000000.0,859000000.0,0.0,248000000.0,218000000.0,218000000.0,0.0,-6000000.0,0.085,633000000.0,330000000.0,1033000000.0,0.903,1.773,49.266,49.734,39235000000.0,30000000.0,63.66,1.67,1.671,1139000000.0,9211000000.0,2564000000.0,2564000000.0,0.0,,,,,0.0,0.0,1.0,325811206.0,326000000,327000000.0,7.865,51943000000.0,132000000.0,-31000000.0,4777000000.0,159.334,-1655000000.0
14,EIX,MRQ,2017-12-31,2017-12-31,2017-12-31,2021-07-29,-43000000.0,52580000000.0,,3729000000.0,48851000000.0,,35.801,-1170000000.0,1091000000.0,1091000000.0,1944000000.0,-534000000.0,0.528,3.315,14516000000.0,2874000000.0,11642000000.0,14516000000.0,0.0,524000000.0,281000000.0,0.035,0.605,15000000.0,539000000.0,0.167,539000000.0,15000000.0,-151000000.0,-1.68,-1.66,-1.68,11671000000.0,,11671000000.0,33616300667.0,21.0,9.027,-271000000.0,-0.831,1.0,1276000000.0,0.396,0.0,166000000.0,58937000000.0,,242000000.0,4618000000.0,105000000.0,4513000000.0,38695000000.0,7068000000.0,31627000000.0,20604300667.0,999000000.0,0.0,14000000.0,1379000000.0,-177000000.0,1183000000.0,-1083000000.0,80000000.0,899000000.0,0.0,-515000000.0,-545000000.0,-545000000.0,0.0,-19000000.0,-0.169,1314000000.0,-38000000.0,1503000000.0,-0.36,1.765,36.468,36.555,39050000000.0,30000000.0,63.24,1.672,1.673,929000000.0,9188000000.0,3220000000.0,3220000000.0,0.0,,,,,0.0,0.0,1.0,325811206.0,326000000,325000000.0,9.877,52580000000.0,224000000.0,364000000.0,4590000000.0,161.288,-3339000000.0
15,EIX,MRQ,2017-09-30,2017-09-30,2017-09-30,2021-07-29,-48000000.0,53592000000.0,,2758000000.0,50834000000.0,,38.086,-915000000.0,117000000.0,117000000.0,2504000000.0,501000000.0,0.51,3.139,13129000000.0,1491000000.0,11638000000.0,13129000000.0,0.0,543000000.0,276000000.0,0.028,0.543,595000000.0,1138000000.0,0.31,1138000000.0,595000000.0,433000000.0,1.44,1.43,1.44,12416000000.0,,12416000000.0,36346850767.0,17.0,8.455,345000000.0,1.058,1.0,1168000000.0,0.318,0.0,162000000.0,61195000000.0,,229000000.0,4523000000.0,36000000.0,4487000000.0,38969000000.0,5409000000.0,33560000000.0,25142850767.0,20000000.0,0.0,16000000.0,314000000.0,-176000000.0,-399000000.0,-841000000.0,44000000.0,1260000000.0,0.0,502000000.0,470000000.0,470000000.0,0.0,-1000000.0,0.128,615000000.0,553000000.0,1104000000.0,0.377,2.025,17.472,17.499,37961000000.0,32000000.0,77.17,2.098,2.099,1457000000.0,9944000000.0,3672000000.0,3672000000.0,0.0,,,,,0.0,0.0,1.0,325811206.0,326000000,328000000.0,11.264,53592000000.0,179000000.0,-69000000.0,9231000000.0,164.393,-2651000000.0
16,EIX,MRQ,2017-06-30,2017-06-30,2017-06-30,2021-07-29,-18000000.0,52314000000.0,,2453000000.0,49861000000.0,,38.267,-815000000.0,39000000.0,39000000.0,1881000000.0,309000000.0,0.683,2.975,11243000000.0,398000000.0,10845000000.0,11243000000.0,0.0,528000000.0,275000000.0,0.027,0.543,494000000.0,1022000000.0,0.345,1022000000.0,494000000.0,335000000.0,0.85,0.85,0.85,12475000000.0,,12475000000.0,38263178197.0,17.0,8.637,-261000000.0,-0.801,1.0,1084000000.0,0.366,0.0,159000000.0,59926000000.0,,232000000.0,4502000000.0,58000000.0,4444000000.0,37119000000.0,3592000000.0,33527000000.0,25475178197.0,-56000000.0,0.0,11000000.0,-132000000.0,-177000000.0,111000000.0,-721000000.0,74000000.0,554000000.0,0.0,309000000.0,278000000.0,278000000.0,0.0,0.0,0.094,614000000.0,470000000.0,1103000000.0,0.639,2.042,18.327,18.354,37341000000.0,31000000.0,78.19,2.109,2.11,1215000000.0,9674000000.0,2965000000.0,2965000000.0,0.0,,,,,0.0,0.0,1.0,325811206.0,326000000,329000000.0,9.095,52314000000.0,0.0,26000000.0,10499000000.0,160.472,-1139000000.0
17,EIX,MRQ,2017-03-31,2017-03-31,2017-03-31,2021-07-29,-49000000.0,51740000000.0,,2046000000.0,49694000000.0,,36.966,-944000000.0,150000000.0,150000000.0,1388000000.0,392000000.0,0.463,3.111,12938000000.0,1276000000.0,11662000000.0,12938000000.0,0.0,520000000.0,272000000.0,0.026,0.543,505000000.0,1025000000.0,0.416,1025000000.0,505000000.0,353000000.0,1.11,1.1,1.11,12051000000.0,,12051000000.0,38304830110.0,17.0,8.83,-60000000.0,-0.184,1.0,1075000000.0,0.436,0.0,152000000.0,60112000000.0,,237000000.0,4510000000.0,69000000.0,4441000000.0,37491000000.0,4416000000.0,33075000000.0,25937830110.0,55000000.0,0.0,174000000.0,471000000.0,-177000000.0,112000000.0,-941000000.0,-1000000.0,884000000.0,0.0,393000000.0,362000000.0,362000000.0,0.0,-1000000.0,0.147,604000000.0,471000000.0,844000000.0,0.489,2.152,18.633,18.644,37168000000.0,31000000.0,79.61,2.181,2.183,954000000.0,9590000000.0,2463000000.0,2463000000.0,0.0,,,,,0.0,0.0,1.0,325811206.0,326000000,329000000.0,7.555,51740000000.0,0.0,-40000000.0,8609000000.0,158.712,-2370000000.0
18,EIX,MRQ,2016-12-31,2016-12-31,2016-12-31,2021-07-29,-53000000.0,51319000000.0,,2123000000.0,49196000000.0,,36.798,-976000000.0,96000000.0,96000000.0,1759000000.0,360000000.0,0.359,3.095,12463000000.0,2288000000.0,10175000000.0,12463000000.0,0.0,523000000.0,269000000.0,0.028,0.543,591000000.0,1114000000.0,0.386,1114000000.0,591000000.0,441000000.0,1.01,0.99,1.01,11996000000.0,,11996000000.0,35416148720.0,16.0,8.256,-224000000.0,-0.687,1.0,1125000000.0,0.39,0.0,150000000.0,57774000000.0,,239000000.0,4398000000.0,73000000.0,4325000000.0,37127000000.0,5912000000.0,31215000000.0,23455148720.0,23000000.0,0.0,33000000.0,414000000.0,-157000000.0,197000000.0,-926000000.0,20000000.0,752000000.0,0.0,360000000.0,329000000.0,329000000.0,-1000000.0,0.0,0.114,588000000.0,537000000.0,1342000000.0,0.538,1.955,17.891,17.908,37000000000.0,31000000.0,71.99,1.976,1.977,1084000000.0,9544000000.0,2884000000.0,2884000000.0,0.0,,,,,0.0,0.0,1.0,325811206.0,326000000,330000000.0,8.847,51319000000.0,1000000.0,81000000.0,8377000000.0,157.42,-3789000000.0
19,EIX,MRQ,2016-09-30,2016-09-30,2016-09-30,2021-07-29,-51000000.0,51557000000.0,,2605000000.0,48952000000.0,,36.239,-945000000.0,84000000.0,84000000.0,2459000000.0,451000000.0,0.488,3.179,12045000000.0,1638000000.0,10407000000.0,12045000000.0,0.0,550000000.0,264000000.0,0.027,0.48,719000000.0,1269000000.0,0.337,1269000000.0,719000000.0,572000000.0,1.29,1.27,1.29,11814000000.0,,11814000000.0,35769859634.0,18.0,8.847,125000000.0,0.383,1.0,1308000000.0,0.347,0.0,147000000.0,58176000000.0,,310000000.0,4579000000.0,60000000.0,4519000000.0,37552000000.0,5342000000.0,32210000000.0,23539859634.0,-27000000.0,0.0,102000000.0,-88000000.0,-156000000.0,-301000000.0,-796000000.0,15000000.0,1070000000.0,0.0,452000000.0,421000000.0,421000000.0,0.0,-1000000.0,0.112,613000000.0,695000000.0,1180000000.0,0.372,1.993,26.069,26.083,36231000000.0,31000000.0,72.25,2.079,2.08,1569000000.0,9362000000.0,3767000000.0,3767000000.0,0.0,,,,,0.0,0.0,1.0,325811206.0,326000000,330000000.0,11.555,51557000000.0,0.0,120000000.0,8307000000.0,158.15,-2737000000.0
20,EIX,MRQ,2016-06-30,2016-06-30,2016-06-30,2021-07-29,-53000000.0,51197000000.0,,2659000000.0,48538000000.0,,35.451,-877000000.0,111000000.0,111000000.0,1785000000.0,308000000.0,0.516,3.24,12341000000.0,1496000000.0,10845000000.0,12341000000.0,0.0,526000000.0,257000000.0,0.024,0.48,404000000.0,930000000.0,0.335,930000000.0,404000000.0,260000000.0,0.86,0.85,0.86,11557000000.0,,11557000000.0,37069756370.0,19.0,9.335,-300000000.0,-0.92,1.0,992000000.0,0.357,0.0,144000000.0,58278000000.0,,308000000.0,4681000000.0,65000000.0,4616000000.0,37449000000.0,5149000000.0,32300000000.0,25305756370.0,-26000000.0,0.0,0.0,437000000.0,-157000000.0,244000000.0,-847000000.0,38000000.0,577000000.0,0.0,311000000.0,280000000.0,280000000.0,2000000.0,-3000000.0,0.101,611000000.0,381000000.0,1166000000.0,0.558,2.19,28.024,28.04,35777000000.0,31000000.0,77.67,2.235,2.237,1483000000.0,9111000000.0,2777000000.0,2777000000.0,0.0,,,,,0.0,0.0,1.0,325811206.0,326000000,330000000.0,8.518,51197000000.0,0.0,-51000000.0,7966000000.0,157.046,-2490000000.0
21,EIX,MRQ,2016-03-31,2016-03-31,2016-03-31,2021-07-29,-54000000.0,50459000000.0,,2427000000.0,48032000000.0,,35.089,-951000000.0,137000000.0,137000000.0,1423000000.0,306000000.0,0.573,3.219,11901000000.0,658000000.0,11243000000.0,11901000000.0,0.0,499000000.0,253000000.0,0.025,0.48,479000000.0,978000000.0,0.401,978000000.0,479000000.0,339000000.0,0.86,0.85,0.86,11439000000.0,,11439000000.0,35215567599.0,17.0,8.602,-96000000.0,-0.294,1.0,1017000000.0,0.417,0.0,140000000.0,57990000000.0,,268000000.0,4641000000.0,65000000.0,4576000000.0,36824000000.0,4233000000.0,32591000000.0,23422567599.0,-24000000.0,0.0,0.0,25000000.0,-156000000.0,-45000000.0,-834000000.0,106000000.0,855000000.0,0.0,311000000.0,281000000.0,281000000.0,-1000000.0,-5000000.0,0.115,569000000.0,448000000.0,938000000.0,0.558,2.048,23.376,23.417,35464000000.0,30000000.0,71.89,2.045,2.046,1161000000.0,9002000000.0,2440000000.0,2440000000.0,0.0,,,,,0.0,0.0,1.0,325811206.0,326000000,329000000.0,7.485,50459000000.0,0.0,28000000.0,7838000000.0,154.782,-1806000000.0
22,EIX,MRQ,2015-12-31,2015-12-31,2015-12-31,2021-07-29,-56000000.0,50229000000.0,,2654000000.0,47575000000.0,,34.871,-1091000000.0,161000000.0,161000000.0,1449000000.0,-55000000.0,0.539,3.24,11873000000.0,990000000.0,10883000000.0,11873000000.0,0.0,490000000.0,242000000.0,0.029,0.48,376000000.0,866000000.0,0.37,866000000.0,376000000.0,241000000.0,-0.24,-0.24,-0.24,11368000000.0,,11368000000.0,30285281507.0,14.0,7.247,585000000.0,1.794,1.0,892000000.0,0.381,0.0,135000000.0,57014000000.0,,267000000.0,4697000000.0,79000000.0,4618000000.0,36835000000.0,4927000000.0,31908000000.0,19291281507.0,27000000.0,0.0,128000000.0,-456000000.0,-136000000.0,-614000000.0,-1035000000.0,132000000.0,1676000000.0,0.0,-50000000.0,-79000000.0,-79000000.0,43000000.0,-5000000.0,-0.034,554000000.0,338000000.0,1310000000.0,-2.0,1.697,18.913,18.917,35085000000.0,29000000.0,59.21,1.674,1.675,1336000000.0,8940000000.0,2341000000.0,2341000000.0,0.0,,,,,0.0,0.0,1.0,325811206.0,326000000,329000000.0,7.181,50229000000.0,0.0,291000000.0,7552000000.0,154.077,-2273000000.0
23,EIX,MRQ,2015-09-30,2015-09-30,2015-09-30,2021-07-29,-25000000.0,50822000000.0,,3504000000.0,47318000000.0,,36.362,-937000000.0,38000000.0,38000000.0,2565000000.0,448000000.0,0.781,3.113,11032000000.0,496000000.0,10536000000.0,11032000000.0,0.0,528000000.0,235000000.0,0.026,0.417,669000000.0,1197000000.0,0.318,1197000000.0,669000000.0,531000000.0,1.29,1.28,1.29,11854000000.0,,11854000000.0,32000912762.0,13.0,7.019,128000000.0,0.393,1.0,1198000000.0,0.318,0.0,138000000.0,57330000000.0,,254000000.0,4822000000.0,81000000.0,4741000000.0,36898000000.0,4486000000.0,32412000000.0,20548912762.0,-5000000.0,0.0,0.0,-277000000.0,-136000000.0,-447000000.0,-623000000.0,290000000.0,1065000000.0,0.0,449000000.0,421000000.0,421000000.0,-43000000.0,-1000000.0,0.112,590000000.0,608000000.0,1334000000.0,0.323,1.734,13.528,13.534,34137000000.0,28000000.0,63.07,1.671,1.672,2210000000.0,9057000000.0,3763000000.0,3763000000.0,0.0,,,,,0.0,0.0,1.0,325811206.0,326000000,328000000.0,11.543,50822000000.0,0.0,82000000.0,9090000000.0,155.896,-982000000.0
24,EIX,MRQ,2015-06-30,2015-06-30,2015-06-30,2021-07-29,-26000000.0,50693000000.0,,3514000000.0,47179000000.0,,35.577,-929000000.0,53000000.0,53000000.0,1821000000.0,406000000.0,0.818,3.192,11505000000.0,851000000.0,10654000000.0,11505000000.0,0.0,502000000.0,234000000.0,0.029,0.417,551000000.0,1053000000.0,0.362,1053000000.0,551000000.0,413000000.0,1.16,1.15,1.16,11598000000.0,,11598000000.0,29192586829.0,11.0,6.239,-125000000.0,-0.383,1.0,1087000000.0,0.374,0.0,138000000.0,57849000000.0,,261000000.0,5276000000.0,79000000.0,5197000000.0,37025000000.0,4296000000.0,32729000000.0,18108586829.0,24000000.0,0.0,0.0,306000000.0,-136000000.0,160000000.0,-940000000.0,-12000000.0,804000000.0,0.0,407000000.0,379000000.0,379000000.0,0.0,-1000000.0,0.13,563000000.0,524000000.0,1286000000.0,0.359,1.561,11.476,11.483,33664000000.0,28000000.0,55.58,1.405,1.406,1598000000.0,8826000000.0,2908000000.0,2908000000.0,0.0,,,,,0.0,0.0,1.0,325811206.0,326000000,328000000.0,8.92,50693000000.0,0.0,6000000.0,8951000000.0,155.5,-782000000.0
25,EIX,MRQ,2015-03-31,2015-03-31,2015-03-31,2021-07-29,-27000000.0,49973000000.0,,3332000000.0,46641000000.0,,34.853,-1268000000.0,36000000.0,36000000.0,1422000000.0,318000000.0,0.826,3.216,11120000000.0,597000000.0,10523000000.0,11120000000.0,0.0,485000000.0,228000000.0,0.025,0.417,576000000.0,1061000000.0,0.422,1061000000.0,576000000.0,433000000.0,0.92,0.91,0.92,11362000000.0,,11362000000.0,30906426039.0,10.0,6.376,-304000000.0,-0.933,1.0,1090000000.0,0.434,0.0,143000000.0,57025000000.0,,282000000.0,5366000000.0,94000000.0,5272000000.0,36541000000.0,4032000000.0,32509000000.0,20353426039.0,-17000000.0,0.0,0.0,513000000.0,-136000000.0,313000000.0,-1294000000.0,-36000000.0,964000000.0,0.0,327000000.0,299000000.0,299000000.0,0.0,-9000000.0,0.119,552000000.0,538000000.0,1211000000.0,0.453,1.791,11.731,11.742,33318000000.0,28000000.0,62.47,1.566,1.567,1368000000.0,8590000000.0,2512000000.0,2512000000.0,0.0,,,,,0.0,0.0,1.0,325811206.0,326000000,329000000.0,7.706,49973000000.0,0.0,106000000.0,8801000000.0,153.291,-700000000.0
26,EIX,MRQ,2014-12-31,2014-12-31,2014-12-31,2021-07-29,-58000000.0,49734000000.0,,3567000000.0,46167000000.0,,33.62,-1050000000.0,132000000.0,132000000.0,1934000000.0,445000000.0,0.651,3.353,12029000000.0,1795000000.0,10234000000.0,12029000000.0,0.0,503000000.0,221000000.0,0.023,0.417,745000000.0,1248000000.0,0.401,1248000000.0,745000000.0,607000000.0,1.29,1.27,1.29,10960000000.0,,10960000000.0,33378117769.0,12.0,7.349,171000000.0,0.525,1.0,1181000000.0,0.379,0.0,138000000.0,56152000000.0,,281000000.0,5327000000.0,102000000.0,5225000000.0,36746000000.0,5479000000.0,31267000000.0,21334117769.0,-10000000.0,0.0,0.0,-162000000.0,-116000000.0,-260000000.0,-971000000.0,61000000.0,1221000000.0,0.0,448000000.0,420000000.0,420000000.0,0.0,-3000000.0,0.135,488000000.0,693000000.0,1580000000.0,0.323,1.947,13.235,13.228,32981000000.0,28000000.0,65.48,1.591,1.591,1422000000.0,8573000000.0,3115000000.0,3115000000.0,0.0,,,,,0.0,0.0,1.0,325811206.0,326000000,329000000.0,9.555,49734000000.0,0.0,159000000.0,6942000000.0,152.558,-1912000000.0
27,EIX,MRQ,2014-09-30,2014-09-30,2014-09-30,2021-07-29,-23000000.0,49475000000.0,,4498000000.0,44977000000.0,,32.933,-1000000000.0,142000000.0,142000000.0,2984000000.0,508000000.0,0.769,3.42,12186000000.0,2053000000.0,10133000000.0,12186000000.0,0.0,448000000.0,214000000.0,0.025,0.355,869000000.0,1317000000.0,0.302,1317000000.0,869000000.0,728000000.0,1.47,1.46,1.47,10736000000.0,,10736000000.0,30108362640.0,12.0,6.997,419000000.0,1.285,1.0,1372000000.0,0.315,0.0,141000000.0,55670000000.0,,275000000.0,5293000000.0,103000000.0,5190000000.0,36717000000.0,5849000000.0,30868000000.0,18219362640.0,-48000000.0,0.0,0.0,-307000000.0,-116000000.0,-463000000.0,-1004000000.0,-17000000.0,1419000000.0,0.0,508000000.0,480000000.0,480000000.0,0.0,0.0,0.11,498000000.0,874000000.0,1455000000.0,0.241,1.697,12.203,12.21,32021000000.0,28000000.0,55.92,1.376,1.377,2216000000.0,8314000000.0,4356000000.0,4356000000.0,0.0,,,,,0.0,0.0,1.0,325811206.0,326000000,329000000.0,13.362,49475000000.0,125000000.0,220000000.0,6953000000.0,151.764,-1351000000.0
28,EIX,MRQ,2014-06-30,2014-06-30,2014-06-30,2021-07-29,-13000000.0,48864000000.0,,4551000000.0,44313000000.0,,31.844,-916000000.0,190000000.0,190000000.0,1954000000.0,566000000.0,0.788,3.512,12079000000.0,2153000000.0,9926000000.0,12079000000.0,0.0,432000000.0,209000000.0,0.024,0.355,789000000.0,1221000000.0,0.405,1221000000.0,789000000.0,650000000.0,1.64,1.63,1.64,10381000000.0,,10381000000.0,29820889181.0,12.0,7.177,-873000000.0,-2.678,1.0,1062000000.0,0.352,0.0,139000000.0,54980000000.0,,277000000.0,5252000000.0,93000000.0,5159000000.0,36461000000.0,5773000000.0,30688000000.0,18932889181.0,41000000.0,0.0,0.0,1037000000.0,-115000000.0,888000000.0,-890000000.0,13000000.0,43000000.0,0.0,566000000.0,536000000.0,536000000.0,-184000000.0,0.0,0.178,487000000.0,575000000.0,1306000000.0,0.216,1.824,13.048,13.058,31364000000.0,30000000.0,58.11,1.474,1.475,1904000000.0,7960000000.0,3016000000.0,3016000000.0,0.0,,,,,0.0,0.0,1.0,325811206.0,326000000,329000000.0,9.252,48864000000.0,389000000.0,84000000.0,6836000000.0,149.89,-1222000000.0
29,EIX,MRQ,2014-03-31,2014-03-31,2014-03-31,2021-07-29,-11000000.0,47388000000.0,,3520000000.0,43868000000.0,,30.61,-940000000.0,149000000.0,149000000.0,1869000000.0,202000000.0,0.772,3.546,11037000000.0,1212000000.0,9825000000.0,11037000000.0,0.0,432000000.0,204000000.0,0.024,0.355,324000000.0,756000000.0,0.258,756000000.0,324000000.0,183000000.0,0.54,0.54,0.54,9979000000.0,,9979000000.0,28933172372.0,18.0,8.733,-375000000.0,-1.15,1.0,1057000000.0,0.361,0.0,141000000.0,53719000000.0,,268000000.0,5159000000.0,112000000.0,5047000000.0,35386000000.0,4557000000.0,30829000000.0,18444172372.0,3000000.0,0.0,0.0,398000000.0,-116000000.0,480000000.0,-1042000000.0,-101000000.0,565000000.0,0.0,202000000.0,176000000.0,176000000.0,0.0,0.0,0.06,726000000.0,331000000.0,1116000000.0,0.657,1.848,22.465,22.464,30817000000.0,26000000.0,56.61,1.433,1.433,1301000000.0,7573000000.0,2926000000.0,2926000000.0,0.0,,,,,0.0,0.0,1.0,325811206.0,326000000,329000000.0,8.975,47388000000.0,369000000.0,-19000000.0,7860000000.0,145.362,-1037000000.0
30,EIX,MRQ,2013-12-31,2013-12-31,2013-12-31,2021-07-29,-11000000.0,46050000000.0,,3075000000.0,42975000000.0,,31.727,-838000000.0,54000000.0,54000000.0,1737000000.0,326000000.0,0.699,3.279,10197000000.0,775000000.0,9422000000.0,10197000000.0,0.0,472000000.0,201000000.0,0.03,0.355,537000000.0,1009000000.0,0.343,1009000000.0,537000000.0,395000000.0,0.93,0.91,0.93,10343000000.0,,10343000000.0,25636058838.0,14.0,7.331,59000000.0,0.181,1.0,1206000000.0,0.41,0.0,142000000.0,51795000000.0,,256000000.0,5007000000.0,122000000.0,4885000000.0,33912000000.0,4398000000.0,29514000000.0,15085058838.0,-464000000.0,0.0,0.0,-557000000.0,-110000000.0,-694000000.0,-667000000.0,2000000.0,897000000.0,0.0,326000000.0,301000000.0,301000000.0,0.0,0.0,0.102,703000000.0,503000000.0,1373000000.0,0.382,1.458,16.486,16.477,30451000000.0,25000000.0,46.3,1.199,1.2,1409000000.0,7594000000.0,2943000000.0,2943000000.0,0.0,,,,,0.0,0.0,1.0,325811206.0,326000000,329000000.0,9.028,46050000000.0,303000000.0,69000000.0,7937000000.0,141.258,-1323000000.0
31,EIX,MRQ,2013-09-30,2013-09-30,2013-09-30,2021-07-29,-79000000.0,46698000000.0,,3603000000.0,43095000000.0,,29.721,-927000000.0,610000000.0,610000000.0,2779000000.0,463000000.0,0.669,3.639,11161000000.0,1929000000.0,9232000000.0,11161000000.0,0.0,392000000.0,199000000.0,0.029,0.338,777000000.0,1169000000.0,0.295,1169000000.0,777000000.0,640000000.0,1.34,1.34,1.34,9689000000.0,,9689000000.0,25341864148.0,35.0,10.568,-118000000.0,-0.362,1.0,1181000000.0,0.298,0.0,137000000.0,51860000000.0,,272000000.0,4787000000.0,47000000.0,4740000000.0,35256000000.0,5389000000.0,29867000000.0,15006864148.0,462000000.0,0.0,0.0,672000000.0,-110000000.0,529000000.0,-876000000.0,72000000.0,809000000.0,0.0,463000000.0,438000000.0,438000000.0,0.0,0.0,0.111,392000000.0,789000000.0,1240000000.0,0.252,1.549,200.092,200.261,29809000000.0,25000000.0,46.06,1.182,1.183,1972000000.0,7371000000.0,3960000000.0,3960000000.0,0.0,,,,,0.0,0.0,1.0,325811206.0,326000000,328000000.0,12.147,46698000000.0,27000000.0,177000000.0,6914000000.0,143.245,-1786000000.0
32,EIX,MRQ,2013-06-30,2013-06-30,2013-06-30,2021-07-29,-82000000.0,45027000000.0,,3022000000.0,42005000000.0,,28.696,-855000000.0,148000000.0,148000000.0,2124000000.0,-70000000.0,0.618,3.626,10483000000.0,1653000000.0,8830000000.0,10483000000.0,0.0,418000000.0,199000000.0,0.028,0.338,-39000000.0,379000000.0,0.124,379000000.0,-39000000.0,-172000000.0,-0.29,-0.29,-0.29,9355000000.0,,9355000000.0,25625067681.0,49.0,11.637,-100000000.0,-0.307,1.0,922000000.0,0.303,0.0,133000000.0,50474000000.0,,267000000.0,4541000000.0,91000000.0,4450000000.0,33919000000.0,4888000000.0,29031000000.0,15691067681.0,33000000.0,0.0,0.0,430000000.0,-110000000.0,293000000.0,-1015000000.0,-141000000.0,755000000.0,0.0,-70000000.0,-94000000.0,-94000000.0,0.0,0.0,-0.031,993000000.0,-71000000.0,1288000000.0,-1.166,1.677,-90.7,-90.868,29376000000.0,24000000.0,48.16,1.258,1.259,1556000000.0,7049000000.0,3046000000.0,3046000000.0,0.0,,,,,0.0,0.0,1.0,325811206.0,326000000,326000000.0,9.344,45027000000.0,27000000.0,-102000000.0,6518000000.0,138.12,-1866000000.0
33,EIX,MRQ,2013-03-31,2013-03-31,2013-03-31,2021-07-29,-87000000.0,45155000000.0,,2670000000.0,42485000000.0,,29.31,-979000000.0,115000000.0,115000000.0,1726000000.0,298000000.0,0.624,3.542,10049000000.0,1220000000.0,8829000000.0,10049000000.0,0.0,414000000.0,196000000.0,0.026,0.338,527000000.0,941000000.0,0.358,941000000.0,527000000.0,396000000.0,0.83,0.82,0.83,9555000000.0,,9555000000.0,25630819886.0,29.0,10.036,-473000000.0,-1.451,1.0,906000000.0,0.344,0.0,131000000.0,50810000000.0,,351000000.0,4639000000.0,111000000.0,4528000000.0,33846000000.0,4279000000.0,29567000000.0,16394819886.0,-55000000.0,0.0,0.0,638000000.0,-110000000.0,453000000.0,-1014000000.0,-31000000.0,506000000.0,0.0,298000000.0,271000000.0,271000000.0,0.0,0.0,0.103,414000000.0,492000000.0,1100000000.0,0.407,1.716,-3278.964,-5032.0,30745000000.0,27000000.0,50.32,1.357,1.358,1200000000.0,7262000000.0,2632000000.0,2632000000.0,0.0,,,,,0.0,0.0,1.0,325811206.0,326000000,329000000.0,8.074,45155000000.0,26000000.0,98000000.0,6700000000.0,138.512,-1609000000.0
34,EIX,MRQ,2012-12-31,2012-12-31,2012-12-31,2021-07-29,-87000000.0,44394000000.0,,2672000000.0,41722000000.0,,28.933,-1151000000.0,170000000.0,170000000.0,1587000000.0,-515000000.0,0.714,3.52,9406000000.0,175000000.0,9231000000.0,9406000000.0,0.0,447000000.0,193000000.0,0.029,0.338,-538000000.0,-91000000.0,-0.03,-91000000.0,-538000000.0,-669000000.0,-1.65,-1.65,-1.65,9432000000.0,,9432000000.0,28229408399.0,41.0,12.116,25000000.0,0.077,1.0,1473000000.0,0.481,0.0,131000000.0,49886000000.0,,340000000.0,4448000000.0,129000000.0,4319000000.0,33203000000.0,3744000000.0,29459000000.0,14723408399.0,-965000000.0,0.0,0.0,-235000000.0,-106000000.0,-374000000.0,-1767000000.0,-51000000.0,1176000000.0,0.0,-515000000.0,-540000000.0,-540000000.0,0.0,0.0,-0.176,708000000.0,765000000.0,1423000000.0,-0.205,1.561,-80.456,-80.696,30273000000.0,25000000.0,45.19,1.241,1.242,1312000000.0,7146000000.0,3060000000.0,3060000000.0,0.0,,,,,-24000000.0,0.0,1.0,325811206.0,326000000,336000000.0,9.387,44394000000.0,0.0,-154000000.0,6356000000.0,136.178,-1072000000.0
35,EIX,MRQ,2012-09-30,2012-09-30,2012-09-30,2021-07-29,-168000000.0,50545000000.0,,4494000000.0,46051000000.0,,30.745,-873000000.0,1196000000.0,1196000000.0,2688000000.0,215000000.0,1.051,3.844,14702000000.0,994000000.0,13708000000.0,14702000000.0,0.0,399000000.0,193000000.0,0.028,0.325,574000000.0,973000000.0,0.261,973000000.0,574000000.0,443000000.0,0.58,0.58,0.58,10023000000.0,,10023000000.0,28151314002.0,57.0,16.339,125000000.0,0.383,1.0,1046000000.0,0.28,0.0,131000000.0,59777000000.0,,508000000.0,4923000000.0,76000000.0,4847000000.0,38525000000.0,4274000000.0,34251000000.0,14886314002.0,-40000000.0,0.0,0.0,89000000.0,-106000000.0,-2000000.0,-1036000000.0,-39000000.0,998000000.0,0.0,215000000.0,190000000.0,190000000.0,0.0,0.0,0.051,333000000.0,713000000.0,1257000000.0,0.56,1.485,-30.884,-30.872,33858000000.0,25000000.0,45.69,1.481,1.482,1954000000.0,7806000000.0,3734000000.0,3734000000.0,0.0,,,,,8000000.0,0.0,1.0,325811206.0,326000000,329000000.0,11.454,50545000000.0,267000000.0,228000000.0,5958000000.0,155.046,220000000.0
36,EIX,MRQ,2012-06-30,2012-06-30,2012-06-30,2021-07-29,-156000000.0,49388000000.0,,4438000000.0,44950000000.0,,30.506,-936000000.0,1285000000.0,1285000000.0,1834000000.0,98000000.0,1.051,3.765,14550000000.0,892000000.0,13658000000.0,14550000000.0,0.0,400000000.0,195000000.0,0.028,0.325,331000000.0,731000000.0,0.276,731000000.0,331000000.0,197000000.0,0.23,0.22,0.23,9945000000.0,,9945000000.0,27917477717.0,35.0,13.403,-453000000.0,-1.39,1.0,819000000.0,0.309,0.0,134000000.0,58430000000.0,,567000000.0,4762000000.0,91000000.0,4671000000.0,37443000000.0,4223000000.0,33220000000.0,15052477717.0,-308000000.0,0.0,0.0,-36000000.0,-106000000.0,241000000.0,-1032000000.0,-43000000.0,483000000.0,0.0,97000000.0,74000000.0,74000000.0,0.0,1000000.0,0.028,399000000.0,420000000.0,1140000000.0,1.413,1.514,-61.189,-61.6,33243000000.0,23000000.0,46.2,1.484,1.485,1590000000.0,7730000000.0,2653000000.0,2653000000.0,0.0,,,,,8000000.0,0.0,1.0,325811206.0,326000000,334000000.0,8.138,49388000000.0,91000000.0,100000000.0,5583000000.0,151.497,215000000.0
37,EIX,MRQ,2012-03-31,2012-03-31,2012-03-31,2021-07-29,-118000000.0,49384000000.0,,4715000000.0,44669000000.0,,30.644,-1189000000.0,1670000000.0,1670000000.0,1638000000.0,112000000.0,1.283,3.781,14535000000.0,404000000.0,14131000000.0,14535000000.0,0.0,388000000.0,195000000.0,0.03,0.325,329000000.0,717000000.0,0.297,717000000.0,329000000.0,203000000.0,0.28,0.28,0.28,9990000000.0,,9990000000.0,26453234367.0,29.0,11.597,-512000000.0,-1.571,1.0,777000000.0,0.322,0.0,126000000.0,58574000000.0,,579000000.0,4803000000.0,90000000.0,4713000000.0,37777000000.0,3675000000.0,34102000000.0,13850234367.0,14000000.0,0.0,0.0,303000000.0,-106000000.0,785000000.0,-1448000000.0,-82000000.0,677000000.0,0.0,112000000.0,93000000.0,93000000.0,0.0,0.0,0.039,388000000.0,389000000.0,1067000000.0,1.161,1.386,-96.182,-96.614,32680000000.0,19000000.0,42.51,1.323,1.323,1261000000.0,7783000000.0,2415000000.0,2415000000.0,0.0,,,,,8000000.0,0.0,1.0,325811206.0,326000000,329000000.0,7.408,49384000000.0,121000000.0,91000000.0,5886000000.0,151.485,1040000000.0
38,EIX,MRQ,2011-12-31,2011-12-31,2011-12-31,2021-07-29,-139000000.0,48039000000.0,,4484000000.0,43555000000.0,,30.844,-641000000.0,169000000.0,169000000.0,656000000.0,-823000000.0,1.031,3.675,9263000000.0,429000000.0,8834000000.0,9263000000.0,0.0,43000000.0,199000000.0,0.031,0.325,-741000000.0,-698000000.0,-0.558,-698000000.0,-741000000.0,-626000000.0,-2.57,-2.56,-2.57,10055000000.0,,10055000000.0,25710583928.0,24.0,10.276,441000000.0,1.353,1.0,595000000.0,0.476,0.0,-115000000.0,52785000000.0,,350000000.0,3940000000.0,65000000.0,3875000000.0,36953000000.0,4348000000.0,32605000000.0,13488583928.0,85000000.0,-3000000.0,0.0,145000000.0,-104000000.0,302000000.0,-1299000000.0,-21000000.0,1082000000.0,0.0,-824000000.0,-839000000.0,-839000000.0,0.0,1000000.0,-0.671,173000000.0,422000000.0,1321000000.0,-0.126,1.341,-364.556,-376.364,27644000000.0,15000000.0,41.4,1.274,1.275,1287000000.0,7834000000.0,1251000000.0,1251000000.0,0.0,,,,,-22000000.0,0.0,1.0,325811206.0,326000000,329000000.0,3.837,48039000000.0,88000000.0,198000000.0,5287000000.0,147.359,136000000.0
39,EIX,MRQ,2011-09-30,2011-09-30,2011-09-30,2021-07-29,-124000000.0,47672000000.0,,4751000000.0,42921000000.0,,33.788,-1225000000.0,1399000000.0,1399000000.0,2607000000.0,441000000.0,1.142,3.234,13621000000.0,611000000.0,13010000000.0,13621000000.0,0.0,457000000.0,203000000.0,0.033,0.32,876000000.0,1333000000.0,0.349,1333000000.0,876000000.0,673000000.0,1.31,1.3,1.31,11015000000.0,,11015000000.0,24903278630.0,13.0,7.057,377000000.0,1.156,1.0,1215000000.0,0.318,0.0,203000000.0,55733000000.0,,592000000.0,4484000000.0,100000000.0,4384000000.0,35626000000.0,4161000000.0,31465000000.0,12462278630.0,439000000.0,-2000000.0,0.0,259000000.0,-104000000.0,139000000.0,-1302000000.0,-62000000.0,1602000000.0,0.0,441000000.0,426000000.0,426000000.0,0.0,0.0,0.111,430000000.0,785000000.0,1224000000.0,0.244,1.131,12.874,12.879,32069000000.0,15000000.0,38.25,1.217,1.217,1927000000.0,8793000000.0,3822000000.0,3822000000.0,0.0,,,,,7000000.0,0.0,1.0,325811206.0,326000000,329000000.0,11.724,47672000000.0,72000000.0,232000000.0,6220000000.0,146.233,590000000.0
40,EIX,MRQ,2011-06-30,2011-06-30,2011-06-30,2021-07-29,-97000000.0,47075000000.0,,4337000000.0,42738000000.0,,32.902,-1123000000.0,956000000.0,956000000.0,2160000000.0,191000000.0,1.117,3.293,13397000000.0,441000000.0,12956000000.0,13397000000.0,0.0,473000000.0,208000000.0,0.033,0.32,456000000.0,929000000.0,0.311,929000000.0,456000000.0,253000000.0,0.54,0.54,0.54,10726000000.0,,10726000000.0,24226184232.0,12.0,6.819,-619000000.0,-1.899,1.0,823000000.0,0.276,0.0,203000000.0,55634000000.0,,589000000.0,4799000000.0,117000000.0,4682000000.0,35318000000.0,3882000000.0,31436000000.0,12625184232.0,-353000000.0,0.0,0.0,427000000.0,-105000000.0,301000000.0,-1158000000.0,-37000000.0,504000000.0,0.0,191000000.0,176000000.0,176000000.0,1000000.0,0.0,0.059,443000000.0,380000000.0,1110000000.0,0.593,1.177,12.001,12.034,31460000000.0,15000000.0,38.75,1.237,1.237,1637000000.0,8476000000.0,2983000000.0,2983000000.0,0.0,,,,,8000000.0,0.0,1.0,325811206.0,326000000,329000000.0,9.15,47075000000.0,356000000.0,62000000.0,5984000000.0,144.402,455000000.0
41,EIX,MRQ,2011-03-31,2011-03-31,2011-03-31,2021-07-29,-77000000.0,46161000000.0,,4336000000.0,41825000000.0,,32.748,-1133000000.0,1308000000.0,1308000000.0,1915000000.0,214000000.0,1.174,3.227,12909000000.0,387000000.0,12522000000.0,12909000000.0,0.0,454000000.0,211000000.0,0.035,0.32,475000000.0,929000000.0,0.334,929000000.0,475000000.0,279000000.0,0.61,0.61,0.61,10676000000.0,,10676000000.0,23064432028.0,12.0,6.72,-415000000.0,-1.273,1.0,867000000.0,0.312,0.0,196000000.0,54069000000.0,,586000000.0,4865000000.0,115000000.0,4750000000.0,34452000000.0,3693000000.0,30759000000.0,11921432028.0,-91000000.0,5000000.0,0.0,366000000.0,-104000000.0,365000000.0,-1174000000.0,-47000000.0,718000000.0,0.0,214000000.0,200000000.0,200000000.0,0.0,0.0,0.072,417000000.0,450000000.0,1059000000.0,0.525,1.117,9.772,9.81,30713000000.0,14000000.0,36.59,1.196,1.197,1192000000.0,8413000000.0,2782000000.0,2782000000.0,0.0,,,,,7000000.0,0.0,1.0,325811206.0,326000000,328000000.0,8.534,46161000000.0,533000000.0,65000000.0,6082000000.0,141.598,643000000.0
42,EIX,MRQ,2010-12-31,2010-12-31,2010-12-31,2021-07-29,-76000000.0,45530000000.0,,4422000000.0,41108000000.0,,32.463,-651000000.0,1391000000.0,1391000000.0,400000000.0,179000000.0,1.119,3.216,12534000000.0,163000000.0,12371000000.0,12534000000.0,0.0,163000000.0,217000000.0,0.033,0.32,175000000.0,338000000.0,0.515,338000000.0,175000000.0,253000000.0,0.51,0.51,0.51,10583000000.0,,10583000000.0,22810312552.0,11.0,6.587,76000000.0,0.233,1.0,256000000.0,0.39,0.0,-78000000.0,52721000000.0,,568000000.0,4832000000.0,133000000.0,4699000000.0,34036000000.0,3952000000.0,30084000000.0,12576312552.0,-620000000.0,-14000000.0,0.0,-157000000.0,-103000000.0,148000000.0,-1495000000.0,-86000000.0,727000000.0,0.0,179000000.0,166000000.0,166000000.0,0.0,0.0,0.253,149000000.0,107000000.0,1362000000.0,0.627,1.188,10.013,10.052,30184000000.0,13000000.0,38.6,1.258,1.259,1373000000.0,8328000000.0,656000000.0,656000000.0,0.0,,,,,4000000.0,0.0,1.0,325811206.0,326000000,332000000.0,2.012,45530000000.0,390000000.0,74000000.0,5799000000.0,139.663,470000000.0
43,EIX,MRQ,2010-09-30,2010-09-30,2010-09-30,2021-07-29,26000000.0,45566000000.0,,5041000000.0,40525000000.0,,32.62,-1059000000.0,2024000000.0,2024000000.0,2548000000.0,523000000.0,1.297,3.199,12258000000.0,141000000.0,12117000000.0,12258000000.0,0.0,412000000.0,224000000.0,0.037,0.315,945000000.0,1357000000.0,0.358,1357000000.0,945000000.0,770000000.0,1.56,1.56,1.56,10634000000.0,,10634000000.0,21961647374.0,9.0,5.456,729000000.0,2.236,1.0,1240000000.0,0.327,0.0,175000000.0,51913000000.0,,547000000.0,4623000000.0,178000000.0,4445000000.0,34020000000.0,3887000000.0,30133000000.0,11204647374.0,1141000000.0,-9000000.0,0.0,589000000.0,-103000000.0,467000000.0,-1114000000.0,-36000000.0,1788000000.0,0.0,523000000.0,510000000.0,510000000.0,0.0,0.0,0.135,378000000.0,862000000.0,1228000000.0,0.202,1.054,8.606,8.641,29006000000.0,13000000.0,34.39,0.904,0.905,1687000000.0,8283000000.0,3788000000.0,3788000000.0,0.0,,,,,6000000.0,0.0,1.0,325811206.0,326000000,328000000.0,11.62,45566000000.0,0.0,247000000.0,5162000000.0,139.773,1154000000.0
44,EIX,MRQ,2010-06-30,2010-06-30,2010-06-30,2021-07-29,-12000000.0,43055000000.0,,3857000000.0,39198000000.0,,31.233,-1119000000.0,893000000.0,893000000.0,2010000000.0,357000000.0,1.068,3.139,11650000000.0,537000000.0,11113000000.0,11650000000.0,0.0,412000000.0,229000000.0,0.04,0.315,396000000.0,808000000.0,0.295,808000000.0,396000000.0,221000000.0,1.05,1.05,1.05,10182000000.0,,10182000000.0,20198731454.0,9.0,5.19,-756000000.0,-2.319,1.0,731000000.0,0.267,0.0,175000000.0,50199000000.0,,556000000.0,4356000000.0,231000000.0,4125000000.0,31960000000.0,3613000000.0,28347000000.0,10334731454.0,-550000000.0,8000000.0,0.0,294000000.0,-102000000.0,179000000.0,-1092000000.0,-48000000.0,363000000.0,0.0,357000000.0,344000000.0,344000000.0,-1000000.0,0.0,0.126,380000000.0,351000000.0,1027000000.0,0.3,1.015,8.648,8.69,28156000000.0,13000000.0,31.72,0.843,0.843,1422000000.0,7879000000.0,2741000000.0,2741000000.0,0.0,,,,,7000000.0,0.0,1.0,325811206.0,326000000,327000000.0,8.408,43055000000.0,0.0,-136000000.0,4982000000.0,132.071,244000000.0
45,EIX,MRQ,2010-03-31,2010-03-31,2010-03-31,2021-07-29,116000000.0,42357000000.0,,4267000000.0,38090000000.0,,30.887,-951000000.0,1484000000.0,1484000000.0,1940000000.0,249000000.0,1.31,3.116,11348000000.0,323000000.0,11025000000.0,11348000000.0,0.0,393000000.0,234000000.0,0.037,0.315,567000000.0,960000000.0,0.342,960000000.0,567000000.0,399000000.0,0.72,0.72,0.72,10069000000.0,,10069000000.0,20513968909.0,13.0,6.609,-352000000.0,-1.08,1.0,870000000.0,0.31,0.0,168000000.0,48964000000.0,,522000000.0,4592000000.0,334000000.0,4258000000.0,31374000000.0,3257000000.0,28117000000.0,11132968909.0,-255000000.0,-59000000.0,0.0,376000000.0,-103000000.0,259000000.0,-1113000000.0,-49000000.0,599000000.0,0.0,249000000.0,236000000.0,236000000.0,0.0,0.0,0.084,372000000.0,498000000.0,977000000.0,0.438,1.106,13.333,13.4,27311000000.0,13000000.0,34.17,0.901,0.901,1203000000.0,7642000000.0,2810000000.0,2810000000.0,0.0,,,,,7000000.0,0.0,1.0,325811206.0,326000000,328000000.0,8.62,42357000000.0,0.0,150000000.0,4967000000.0,129.929,1010000000.0
46,EIX,MRQ,2009-12-31,2009-12-31,2009-12-31,2021-07-29,37000000.0,41444000000.0,,4430000000.0,37014000000.0,,30.187,-995000000.0,1742000000.0,1742000000.0,2244000000.0,226000000.0,1.17,3.093,10899000000.0,462000000.0,10437000000.0,10899000000.0,0.0,390000000.0,238000000.0,0.036,0.315,510000000.0,900000000.0,0.295,900000000.0,510000000.0,334000000.0,0.65,0.64,0.65,9841000000.0,,9841000000.0,20407713745.0,13.0,6.643,-62000000.0,-0.19,1.0,807000000.0,0.265,0.0,176000000.0,46814000000.0,,533000000.0,4232000000.0,357000000.0,3875000000.0,30438000000.0,3787000000.0,26651000000.0,11331713745.0,-738000000.0,-14000000.0,0.0,-478000000.0,-101000000.0,-615000000.0,-1056000000.0,-38000000.0,933000000.0,0.0,263000000.0,212000000.0,212000000.0,0.0,-37000000.0,0.069,367000000.0,440000000.0,1347000000.0,0.485,1.151,13.347,13.429,27113000000.0,51000000.0,34.78,0.917,0.917,1364000000.0,7500000000.0,3051000000.0,3051000000.0,0.0,,,,,5000000.0,0.0,1.0,325811206.0,326000000,324000000.0,9.359,41444000000.0,33000000.0,71000000.0,4622000000.0,127.129,643000000.0
47,EIX,MRQ,2009-09-30,2009-09-30,2009-09-30,2021-07-29,128000000.0,42772000000.0,,5768000000.0,37004000000.0,,30.132,-747000000.0,2559000000.0,2559000000.0,2531000000.0,443000000.0,1.163,3.234,11635000000.0,1187000000.0,10448000000.0,11635000000.0,0.0,402000000.0,241000000.0,0.037,0.31,822000000.0,1224000000.0,0.334,1224000000.0,822000000.0,635000000.0,1.23,1.22,1.23,9823000000.0,,9823000000.0,19963740297.0,13.0,6.505,482000000.0,1.479,1.0,1133000000.0,0.309,0.0,187000000.0,46889000000.0,,549000000.0,4272000000.0,408000000.0,3864000000.0,31767000000.0,4959000000.0,26808000000.0,10940740297.0,-290000000.0,-2000000.0,0.0,-365000000.0,-101000000.0,-494000000.0,-1025000000.0,-58000000.0,1229000000.0,0.0,403000000.0,403000000.0,403000000.0,0.0,40000000.0,0.11,365000000.0,768000000.0,966000000.0,0.252,1.114,12.826,12.915,25594000000.0,0.0,33.58,0.873,0.873,1741000000.0,7401000000.0,3664000000.0,3664000000.0,0.0,,,,,6000000.0,0.0,1.0,325811206.0,326000000,329000000.0,11.239,42772000000.0,28000000.0,232000000.0,4883000000.0,131.202,809000000.0
48,EIX,MRQ,2009-06-30,2009-06-30,2009-06-30,2021-07-29,204000000.0,41881000000.0,,5923000000.0,35958000000.0,,29.417,-755000000.0,2889000000.0,2889000000.0,1985000000.0,7000000.0,1.452,3.244,11912000000.0,636000000.0,11276000000.0,11912000000.0,0.0,378000000.0,239000000.0,0.039,0.31,-358000000.0,20000000.0,0.007,20000000.0,-358000000.0,-540000000.0,-0.05,-0.05,-0.05,9590000000.0,,9590000000.0,19919020541.0,12.0,6.44,-558000000.0,-1.712,1.0,849000000.0,0.3,0.0,182000000.0,46824000000.0,,545000000.0,4207000000.0,382000000.0,3825000000.0,31109000000.0,4080000000.0,27029000000.0,10250020541.0,-842000000.0,1000000.0,0.0,-1321000000.0,-101000000.0,-1452000000.0,413000000.0,-61000000.0,197000000.0,0.0,-16000000.0,-16000000.0,-16000000.0,0.0,23000000.0,-0.006,1213000000.0,-364000000.0,833000000.0,-6.2,1.069,11.53,11.652,25123000000.0,0.0,31.46,0.778,0.779,1451000000.0,7101000000.0,2834000000.0,2834000000.0,0.0,,,,,6000000.0,0.0,1.0,325811206.0,326000000,327000000.0,8.693,41881000000.0,0.0,-524000000.0,4811000000.0,128.469,1843000000.0
49,EIX,MRQ,2009-03-31,2009-03-31,2009-03-31,2021-07-29,271000000.0,44429000000.0,,6775000000.0,37654000000.0,,29.963,-785000000.0,3546000000.0,3546000000.0,1896000000.0,269000000.0,1.16,3.427,13215000000.0,2017000000.0,11198000000.0,13215000000.0,0.0,368000000.0,233000000.0,0.043,0.31,559000000.0,927000000.0,0.33,927000000.0,559000000.0,372000000.0,0.76,0.76,0.76,9768000000.0,,9768000000.0,18958620845.0,8.0,4.812,-99000000.0,-0.304,1.0,916000000.0,0.326,0.0,187000000.0,48258000000.0,,549000000.0,6040000000.0,353000000.0,5687000000.0,33477000000.0,5840000000.0,27637000000.0,9386620845.0,-373000000.0,4000000.0,0.0,-243000000.0,-101000000.0,-368000000.0,-691000000.0,-42000000.0,686000000.0,0.0,250000000.0,250000000.0,250000000.0,0.0,19000000.0,0.089,363000000.0,553000000.0,757000000.0,0.408,0.961,8.05,8.138,24716000000.0,0.0,28.81,0.68,0.68,1256000000.0,7219000000.0,2812000000.0,2812000000.0,0.0,,,,,5000000.0,0.0,1.0,325811206.0,326000000,327000000.0,8.626,44429000000.0,0.0,122000000.0,6595000000.0,136.285,935000000.0
50,EIX,MRQ,2008-12-31,2008-12-31,2008-12-31,2021-07-29,167000000.0,44615000000.0,,7353000000.0,37262000000.0,,29.193,-865000000.0,3919000000.0,3919000000.0,2392000000.0,234000000.0,1.098,3.563,13491000000.0,2541000000.0,10950000000.0,13491000000.0,0.0,367000000.0,228000000.0,0.038,0.31,531000000.0,898000000.0,0.278,898000000.0,531000000.0,342000000.0,0.66,0.66,0.66,9517000000.0,,9517000000.0,19800055937.0,8.0,4.974,-239000000.0,-0.733,1.0,836000000.0,0.259,0.0,189000000.0,47490000000.0,,553000000.0,5887000000.0,334000000.0,5553000000.0,33906000000.0,6697000000.0,27209000000.0,10465055937.0,452000000.0,22000000.0,0.0,780000000.0,-99000000.0,635000000.0,-809000000.0,59000000.0,626000000.0,0.0,267000000.0,216000000.0,216000000.0,0.0,-33000000.0,0.067,372000000.0,464000000.0,1031000000.0,0.47,1.1,8.613,8.705,24343000000.0,51000000.0,32.12,0.742,0.742,1334000000.0,7078000000.0,3228000000.0,3228000000.0,0.0,,,,,9000000.0,0.0,1.0,325811206.0,326000000,329000000.0,9.902,44615000000.0,104000000.0,75000000.0,6416000000.0,136.856,656000000.0
51,EIX,MRQ,2008-09-30,2008-09-30,2008-09-30,2021-07-29,54000000.0,41666000000.0,,7083000000.0,34583000000.0,,28.469,-498000000.0,3467000000.0,3467000000.0,3003000000.0,499000000.0,1.156,3.357,12802000000.0,2279000000.0,10523000000.0,12802000000.0,0.0,356000000.0,227000000.0,0.031,0.305,892000000.0,1248000000.0,0.291,1248000000.0,892000000.0,716000000.0,1.33,1.33,1.33,9281000000.0,,9281000000.0,22519867119.0,9.0,5.878,404000000.0,1.239,1.0,1291000000.0,0.301,0.0,176000000.0,44874000000.0,,514000000.0,6189000000.0,255000000.0,5934000000.0,31159000000.0,6127000000.0,25032000000.0,12999867119.0,2394000000.0,1000000.0,0.0,2239000000.0,-99000000.0,2080000000.0,-588000000.0,-1000000.0,902000000.0,0.0,439000000.0,439000000.0,439000000.0,-6000000.0,60000000.0,0.102,326000000.0,965000000.0,939000000.0,0.229,1.401,10.744,10.872,23543000000.0,0.0,39.9,0.939,0.939,1857000000.0,6964000000.0,4294000000.0,4294000000.0,0.0,,,,,9000000.0,0.0,1.0,325811206.0,326000000,328000000.0,13.172,41666000000.0,190000000.0,277000000.0,5883000000.0,127.81,956000000.0
52,EIX,MRQ,2008-06-30,2008-06-30,2008-06-30,2021-07-29,-415000000.0,39005000000.0,,4681000000.0,34324000000.0,,25.972,-645000000.0,1073000000.0,1073000000.0,2693000000.0,297000000.0,0.888,3.463,10593000000.0,1301000000.0,9292000000.0,10593000000.0,0.0,358000000.0,224000000.0,0.023,0.305,509000000.0,867000000.0,0.249,867000000.0,509000000.0,344000000.0,0.79,0.79,0.79,8467000000.0,,8467000000.0,25273179764.0,10.0,6.585,-498000000.0,-1.528,1.0,784000000.0,0.225,0.0,165000000.0,43251000000.0,,489000000.0,6737000000.0,441000000.0,6296000000.0,29317000000.0,5274000000.0,24043000000.0,16740179764.0,-475000000.0,14000000.0,17000000.0,379000000.0,-100000000.0,242000000.0,-864000000.0,-7000000.0,147000000.0,0.0,261000000.0,261000000.0,261000000.0,0.0,36000000.0,0.075,278000000.0,506000000.0,1066000000.0,0.386,1.977,13.588,13.738,23167000000.0,0.0,51.38,1.24,1.241,1704000000.0,6629000000.0,3477000000.0,3477000000.0,0.0,,,,,10000000.0,0.0,1.0,325811206.0,326000000,329000000.0,10.666,39005000000.0,262000000.0,83000000.0,5373000000.0,119.647,-593000000.0
53,EIX,MRQ,2008-03-31,2008-03-31,2008-03-31,2021-07-29,-242000000.0,37951000000.0,,4418000000.0,33533000000.0,,26.018,-703000000.0,1548000000.0,1548000000.0,2191000000.0,320000000.0,1.006,3.334,10081000000.0,756000000.0,9325000000.0,10081000000.0,0.0,338000000.0,221000000.0,0.024,0.305,631000000.0,969000000.0,0.311,969000000.0,631000000.0,460000000.0,0.91,0.91,0.91,8482000000.0,,8482000000.0,24273265318.0,10.0,6.744,-117000000.0,-0.359,1.0,922000000.0,0.296,0.0,171000000.0,42092000000.0,,431000000.0,6456000000.0,227000000.0,6229000000.0,28280000000.0,4392000000.0,23888000000.0,15971265318.0,104000000.0,9000000.0,-17000000.0,349000000.0,-99000000.0,202000000.0,-684000000.0,16000000.0,586000000.0,0.0,299000000.0,299000000.0,299000000.0,0.0,21000000.0,0.096,294000000.0,628000000.0,807000000.0,0.335,1.883,15.011,15.13,22649000000.0,0.0,49.02,1.222,1.223,1380000000.0,6486000000.0,3113000000.0,3113000000.0,0.0,,,,,6000000.0,0.0,1.0,325811206.0,326000000,329000000.0,9.549,37951000000.0,218000000.0,161000000.0,5432000000.0,116.414,26000000.0
54,EIX,MRQ,2007-12-31,2007-12-31,2007-12-31,2021-07-29,-92000000.0,37523000000.0,,4244000000.0,33279000000.0,,25.902,-845000000.0,1444000000.0,1444000000.0,2426000000.0,418000000.0,0.997,3.3,9746000000.0,730000000.0,9016000000.0,9746000000.0,0.0,261000000.0,219000000.0,0.022,0.305,486000000.0,747000000.0,0.252,747000000.0,486000000.0,311000000.0,0.64,0.64,0.64,8444000000.0,,8444000000.0,25416544064.0,11.0,6.994,-333000000.0,-1.021,1.0,540000000.0,0.182,0.0,175000000.0,41569000000.0,,432000000.0,6579000000.0,190000000.0,6389000000.0,27869000000.0,4256000000.0,23613000000.0,17388544064.0,-17000000.0,20000000.0,118000000.0,481000000.0,-95000000.0,59000000.0,-588000000.0,239000000.0,512000000.0,0.0,211000000.0,211000000.0,211000000.0,1000000.0,207000000.0,0.071,58000000.0,482000000.0,979000000.0,0.477,2.059,15.837,16.027,22309000000.0,0.0,53.37,1.351,1.352,1403000000.0,6311000000.0,2966000000.0,2966000000.0,0.0,,,,,9000000.0,0.0,1.0,325811206.0,326000000,331000000.0,9.098,37523000000.0,167000000.0,100000000.0,5359000000.0,115.101,-12000000.0
55,EIX,MRQ,2007-09-30,2007-09-30,2007-09-30,2021-07-29,-33000000.0,37820000000.0,,5163000000.0,32657000000.0,,25.733,-644000000.0,1518000000.0,1518000000.0,2799000000.0,461000000.0,1.118,3.362,9546000000.0,490000000.0,9056000000.0,9546000000.0,0.0,340000000.0,217000000.0,0.021,0.29,915000000.0,1255000000.0,0.318,1255000000.0,915000000.0,724000000.0,1.4,1.39,1.4,8389000000.0,,8389000000.0,26613231373.0,11.0,7.295,776000000.0,2.38,1.0,1143000000.0,0.29,0.0,191000000.0,41230000000.0,,426000000.0,7057000000.0,553000000.0,6504000000.0,28207000000.0,4618000000.0,23589000000.0,18066231373.0,239000000.0,-19000000.0,-7000000.0,-308000000.0,-94000000.0,-449000000.0,-732000000.0,-68000000.0,1420000000.0,0.0,461000000.0,461000000.0,461000000.0,4000000.0,0.0,0.117,245000000.0,898000000.0,850000000.0,0.207,2.154,15.376,15.532,21634000000.0,0.0,55.45,1.444,1.444,1788000000.0,6306000000.0,3942000000.0,3942000000.0,0.0,,,,,9000000.0,0.0,1.0,325811206.0,326000000,330000000.0,12.092,37820000000.0,240000000.0,263000000.0,5721000000.0,116.012,545000000.0
56,EIX,MRQ,2007-06-30,2007-06-30,2007-06-30,2021-07-29,-18000000.0,36983000000.0,,4991000000.0,31992000000.0,,24.647,-644000000.0,1271000000.0,1271000000.0,2266000000.0,93000000.0,1.166,3.453,9818000000.0,727000000.0,9091000000.0,9818000000.0,0.0,347000000.0,212000000.0,0.02,0.29,281000000.0,628000000.0,0.206,628000000.0,281000000.0,93000000.0,0.29,0.28,0.29,8035000000.0,,8035000000.0,26273524881.0,11.0,7.138,-65000000.0,-0.199,1.0,781000000.0,0.256,0.0,188000000.0,41251000000.0,,415000000.0,6953000000.0,594000000.0,6359000000.0,27741000000.0,4279000000.0,23462000000.0,18284524881.0,-482000000.0,-3000000.0,-61000000.0,-233000000.0,-95000000.0,-362000000.0,-699000000.0,123000000.0,579000000.0,0.0,93000000.0,93000000.0,93000000.0,-2000000.0,0.0,0.031,280000000.0,501000000.0,853000000.0,1.0,2.276,15.601,15.808,21078000000.0,0.0,56.12,1.478,1.478,1530000000.0,5947000000.0,3047000000.0,3047000000.0,0.0,,,,,13000000.0,0.0,1.0,325811206.0,326000000,330000000.0,9.347,36983000000.0,349000000.0,0.0,5591000000.0,113.445,712000000.0
57,EIX,MRQ,2007-03-31,2007-03-31,2007-03-31,2021-07-29,-76000000.0,36639000000.0,,5277000000.0,31362000000.0,,24.54,-691000000.0,1758000000.0,1758000000.0,1683000000.0,333000000.0,1.258,3.433,9747000000.0,656000000.0,9091000000.0,9747000000.0,0.0,344000000.0,207000000.0,0.023,0.29,660000000.0,1004000000.0,0.345,1004000000.0,660000000.0,462000000.0,1.01,1.0,1.01,8000000000.0,,8000000000.0,23882104551.0,9.0,6.131,42000000.0,0.129,1.0,1229000000.0,0.422,0.0,198000000.0,40432000000.0,,395000000.0,6970000000.0,680000000.0,6290000000.0,27463000000.0,4196000000.0,23267000000.0,16007104551.0,-94000000.0,11000000.0,-50000000.0,-8000000.0,-94000000.0,-176000000.0,-651000000.0,50000000.0,733000000.0,0.0,333000000.0,333000000.0,333000000.0,-3000000.0,0.0,0.114,602000000.0,627000000.0,662000000.0,0.287,2.001,12.745,12.929,20648000000.0,0.0,49.13,1.298,1.299,1240000000.0,5994000000.0,2912000000.0,2912000000.0,0.0,,,,,6000000.0,0.0,1.0,325811206.0,326000000,330000000.0,8.933,36639000000.0,299000000.0,129000000.0,5569000000.0,112.39,1081000000.0
58,EIX,MRQ,2006-12-31,2006-12-31,2006-12-31,2021-07-29,78000000.0,36261000000.0,,5482000000.0,30779000000.0,,23.647,-733000000.0,1854000000.0,1854000000.0,1705000000.0,288000000.0,1.274,3.55,9729000000.0,628000000.0,9101000000.0,9729000000.0,0.0,209000000.0,198000000.0,0.024,0.29,552000000.0,761000000.0,0.291,761000000.0,552000000.0,354000000.0,0.87,0.86,0.87,7709000000.0,,7709000000.0,22130893649.0,9.0,5.866,-107000000.0,-0.328,1.0,909000000.0,0.348,0.0,198000000.0,39833000000.0,,392000000.0,7186000000.0,886000000.0,6300000000.0,27366000000.0,4303000000.0,23063000000.0,14817893649.0,-409000000.0,-28000000.0,-46000000.0,306000000.0,-88000000.0,-30000000.0,-1005000000.0,-222000000.0,626000000.0,0.0,288000000.0,288000000.0,288000000.0,-22000000.0,0.0,0.11,436000000.0,473000000.0,926000000.0,0.333,1.922,12.547,12.704,20269000000.0,0.0,45.48,1.218,1.218,1317000000.0,5551000000.0,2614000000.0,2614000000.0,0.0,,,,,47000000.0,0.0,1.0,325811206.0,326000000,327000000.0,8.018,36261000000.0,203000000.0,66000000.0,5574000000.0,111.23,1179000000.0
59,EIX,MRQ,2006-09-30,2006-09-30,2006-09-30,2021-07-29,100000000.0,36291000000.0,,6363000000.0,29928000000.0,,23.123,-551000000.0,2268000000.0,2268000000.0,2431000000.0,458000000.0,1.269,3.653,9581000000.0,598000000.0,8983000000.0,9581000000.0,0.0,321000000.0,191000000.0,0.026,0.27,967000000.0,1288000000.0,0.339,1288000000.0,967000000.0,768000000.0,1.38,1.38,1.38,7538000000.0,,7538000000.0,21969778618.0,8.0,5.569,1333000000.0,4.089,1.0,1371000000.0,0.361,0.0,199000000.0,38588000000.0,,401000000.0,6488000000.0,366000000.0,6122000000.0,27534000000.0,5016000000.0,22518000000.0,13566778618.0,346000000.0,40000000.0,-7000000.0,-739000000.0,-88000000.0,-885000000.0,-653000000.0,-105000000.0,1884000000.0,0.0,458000000.0,458000000.0,458000000.0,2000000.0,0.0,0.12,408000000.0,963000000.0,819000000.0,0.196,1.8,11.635,11.796,19651000000.0,0.0,41.64,1.083,1.084,1813000000.0,5380000000.0,3802000000.0,3802000000.0,0.0,,,,,0.0,0.0,1.0,325811206.0,326000000,330000000.0,11.663,36291000000.0,306000000.0,310000000.0,6338000000.0,111.322,1347000000.0
60,EIX,MRQ,2006-06-30,2006-06-30,2006-06-30,2021-07-29,20000000.0,35151000000.0,,5625000000.0,29526000000.0,,21.73,-653000000.0,1909000000.0,1909000000.0,2082000000.0,177000000.0,1.289,3.79,10312000000.0,1080000000.0,9232000000.0,10312000000.0,0.0,361000000.0,188000000.0,0.027,0.27,481000000.0,842000000.0,0.281,842000000.0,481000000.0,272000000.0,0.54,0.54,0.54,7084000000.0,,7084000000.0,20561637034.0,8.0,5.485,-203000000.0,-0.623,1.0,919000000.0,0.306,0.0,209000000.0,39189000000.0,,426000000.0,6008000000.0,0.0,6008000000.0,26848000000.0,4365000000.0,22483000000.0,12706637034.0,-39000000.0,5000000.0,-7000000.0,342000000.0,-88000000.0,225000000.0,-714000000.0,-78000000.0,450000000.0,0.0,177000000.0,177000000.0,177000000.0,-4000000.0,0.0,0.059,328000000.0,591000000.0,820000000.0,0.5,1.794,10.86,10.955,19292000000.0,0.0,39.0,1.016,1.016,1594000000.0,5022000000.0,3001000000.0,3001000000.0,0.0,,,,,0.0,0.0,1.0,325811206.0,326000000,330000000.0,9.206,35151000000.0,0.0,95000000.0,5804000000.0,107.825,1260000000.0
61,EIX,MRQ,2006-03-31,2006-03-31,2006-03-31,2021-07-29,-69000000.0,34651000000.0,,5435000000.0,29216000000.0,,21.163,-510000000.0,1951000000.0,1951000000.0,2360000000.0,258000000.0,1.337,3.847,9806000000.0,761000000.0,9045000000.0,9806000000.0,0.0,313000000.0,184000000.0,0.025,0.27,569000000.0,882000000.0,0.321,882000000.0,569000000.0,369000000.0,0.78,0.78,0.78,6899000000.0,,6899000000.0,21298905463.0,9.0,5.853,98000000.0,0.301,1.0,391000000.0,0.142,0.0,200000000.0,38441000000.0,,392000000.0,6070000000.0,0.0,6070000000.0,26538000000.0,4065000000.0,22473000000.0,13416905463.0,4000000.0,-10000000.0,-47000000.0,-33000000.0,-88000000.0,-13000000.0,-591000000.0,-81000000.0,608000000.0,0.0,258000000.0,258000000.0,258000000.0,-73000000.0,0.0,0.094,-71000000.0,462000000.0,734000000.0,0.346,1.945,11.237,11.344,18904000000.0,0.0,41.18,1.104,1.104,1163000000.0,4945000000.0,2751000000.0,2751000000.0,0.0,,,,,0.0,0.0,1.0,325811206.0,326000000,331000000.0,8.439,34651000000.0,0.0,111000000.0,5749000000.0,106.291,1370000000.0
62,EIX,MRQ,2005-12-31,2005-12-31,2005-12-31,2021-07-29,-226000000.0,34791000000.0,,5959000000.0,28832000000.0,,20.291,-521000000.0,1953000000.0,1953000000.0,2602000000.0,273000000.0,1.202,4.105,9835000000.0,1002000000.0,8833000000.0,9835000000.0,0.0,291000000.0,183000000.0,0.023,0.27,642000000.0,933000000.0,0.314,933000000.0,642000000.0,463000000.0,0.83,0.84,0.83,6615000000.0,,6615000000.0,21441626694.0,9.0,6.03,-1000000.0,-0.003,1.0,372000000.0,0.125,0.0,179000000.0,37714000000.0,,341000000.0,6659000000.0,527000000.0,6132000000.0,27156000000.0,4959000000.0,22197000000.0,14208626694.0,-682000000.0,-22000000.0,-40000000.0,-114000000.0,-82000000.0,-289000000.0,-913000000.0,-319000000.0,520000000.0,0.0,273000000.0,273000000.0,273000000.0,25000000.0,0.0,0.092,-241000000.0,613000000.0,961000000.0,0.325,2.148,12.497,12.568,18588000000.0,0.0,43.61,1.199,1.2,1511000000.0,4798000000.0,2974000000.0,2974000000.0,0.0,,,,,48000000.0,0.0,1.0,325811206.0,326000000,335000000.0,9.123,34791000000.0,218000000.0,190000000.0,5648000000.0,106.721,1000000000.0
63,EIX,MRQ,2005-09-30,2005-09-30,2005-09-30,2021-07-29,-303000000.0,35508000000.0,,7395000000.0,28113000000.0,,19.528,-528000000.0,2714000000.0,2714000000.0,1853000000.0,462000000.0,1.212,4.414,9947000000.0,994000000.0,8953000000.0,9947000000.0,0.0,303000000.0,181000000.0,0.021,0.25,789000000.0,1092000000.0,0.289,1092000000.0,789000000.0,591000000.0,1.41,1.39,1.41,6366000000.0,,6366000000.0,23005353820.0,10.0,6.609,365000000.0,1.12,1.0,1930000000.0,0.51,0.0,198000000.0,36640000000.0,,331000000.0,5970000000.0,0.0,5970000000.0,28099000000.0,6101000000.0,21998000000.0,15404353820.0,456000000.0,-68000000.0,-28000000.0,-72000000.0,-81000000.0,-48000000.0,-389000000.0,67000000.0,893000000.0,0.0,462000000.0,462000000.0,462000000.0,-27000000.0,0.0,0.122,1087000000.0,843000000.0,835000000.0,0.177,2.42,12.393,12.475,18051000000.0,0.0,47.28,1.374,1.375,1694000000.0,4665000000.0,3783000000.0,3783000000.0,0.0,,,,,0.0,0.0,1.0,325811206.0,326000000,332000000.0,11.604,35508000000.0,680000000.0,129000000.0,5889000000.0,108.92,1294000000.0
64,EIX,MRQ,2005-06-30,2005-06-30,2005-06-30,2021-07-29,-68000000.0,33537000000.0,,5548000000.0,27989000000.0,,19.083,-432000000.0,2417000000.0,2417000000.0,1964000000.0,201000000.0,1.201,4.256,10018000000.0,1146000000.0,8872000000.0,10018000000.0,0.0,293000000.0,177000000.0,0.023,0.25,439000000.0,732000000.0,0.276,732000000.0,439000000.0,235000000.0,0.61,0.61,0.61,6221000000.0,,6221000000.0,21261644403.0,8.0,5.456,87000000.0,0.267,1.0,685000000.0,0.259,0.0,204000000.0,36518000000.0,,335000000.0,6007000000.0,0.0,6007000000.0,26479000000.0,4620000000.0,21859000000.0,13211644403.0,-245000000.0,44000000.0,-28000000.0,-428000000.0,-82000000.0,-316000000.0,-450000000.0,-27000000.0,519000000.0,-1000000.0,201000000.0,201000000.0,201000000.0,-21000000.0,0.0,0.076,276000000.0,409000000.0,717000000.0,0.41,2.124,8.288,8.326,17746000000.0,0.0,40.55,1.245,1.246,1450000000.0,4296000000.0,2649000000.0,2649000000.0,0.0,,,,,0.0,0.0,1.0,325811206.0,326000000,331000000.0,8.126,33537000000.0,445000000.0,34000000.0,5872000000.0,102.874,928000000.0
65,EIX,MRQ,2005-03-31,2005-03-31,2005-03-31,2021-07-29,-79000000.0,33463000000.0,,5518000000.0,27945000000.0,,18.712,-377000000.0,2526000000.0,2526000000.0,1622000000.0,201000000.0,1.226,4.415,10576000000.0,1210000000.0,9366000000.0,10576000000.0,0.0,281000000.0,173000000.0,0.026,0.25,519000000.0,800000000.0,0.327,800000000.0,519000000.0,305000000.0,0.61,0.61,0.61,6100000000.0,,6100000000.0,19203165072.0,10.0,6.253,-62000000.0,-0.19,1.0,824000000.0,0.337,0.0,214000000.0,37013000000.0,,319000000.0,6099000000.0,0.0,6099000000.0,26933000000.0,4500000000.0,22433000000.0,11312165072.0,-323000000.0,151000000.0,-11000000.0,-466000000.0,-81000000.0,-591000000.0,-47000000.0,116000000.0,315000000.0,0.0,201000000.0,201000000.0,201000000.0,-7000000.0,0.0,0.082,376000000.0,448000000.0,641000000.0,0.41,1.854,11.101,11.164,17558000000.0,0.0,34.72,1.074,1.075,1150000000.0,4194000000.0,2446000000.0,2446000000.0,0.0,,,,,0.0,0.0,1.0,325811206.0,326000000,331000000.0,7.503,33463000000.0,287000000.0,104000000.0,5677000000.0,102.647,1018000000.0
66,EIX,MRQ,2004-12-31,2004-12-31,2004-12-31,2021-07-29,-4000000.0,33269000000.0,,5515000000.0,27754000000.0,,18.555,-572000000.0,2761000000.0,2761000000.0,1873000000.0,379000000.0,1.366,4.427,10807000000.0,1129000000.0,9678000000.0,10807000000.0,0.0,286000000.0,168000000.0,0.032,0.25,571000000.0,857000000.0,0.368,857000000.0,571000000.0,327000000.0,1.16,1.14,1.16,6049000000.0,,6049000000.0,19915732928.0,11.0,6.799,-82000000.0,-0.252,1.0,457000000.0,0.196,0.0,244000000.0,37278000000.0,,304000000.0,6075000000.0,0.0,6075000000.0,26778000000.0,4037000000.0,22741000000.0,10435732928.0,117000000.0,1979000000.0,-45000000.0,-1319000000.0,-66000000.0,-1630000000.0,1260000000.0,-249000000.0,490000000.0,50000000.0,379000000.0,379000000.0,379000000.0,-120000000.0,0.0,0.163,3000000.0,454000000.0,749000000.0,0.216,1.725,11.393,11.399,17397000000.0,0.0,32.03,1.023,1.024,1166000000.0,4078000000.0,2330000000.0,2330000000.0,0.0,,,,,0.0,0.0,1.0,325811206.0,326000000,334000000.0,7.147,33269000000.0,288000000.0,-52000000.0,5597000000.0,102.052,1478000000.0
67,EIX,MRQ,2004-09-30,2004-09-30,2004-09-30,2021-07-29,-129000000.0,33738000000.0,,5136000000.0,28602000000.0,,17.325,-412000000.0,2634000000.0,2634000000.0,2117000000.0,813000000.0,1.167,4.888,12114000000.0,985000000.0,11129000000.0,12114000000.0,0.0,263000000.0,0.0,0.029,0.2,1245000000.0,1508000000.0,0.473,1508000000.0,1245000000.0,994000000.0,2.49,2.46,2.49,5648000000.0,,5648000000.0,21236255071.0,13.0,7.697,548000000.0,1.681,1.0,1071000000.0,0.336,0.0,251000000.0,38817000000.0,,312000000.0,5878000000.0,0.0,5878000000.0,27606000000.0,4401000000.0,23205000000.0,8637255071.0,-25000000.0,742000000.0,-10000000.0,-1205000000.0,-65000000.0,-1345000000.0,350000000.0,10000000.0,960000000.0,0.0,813000000.0,813000000.0,813000000.0,-499000000.0,0.0,0.255,283000000.0,788000000.0,1164000000.0,0.08,1.529,11.783,11.835,16948000000.0,0.0,26.51,0.846,0.847,1782000000.0,3792000000.0,3188000000.0,3188000000.0,0.0,,,,,0.0,0.0,1.0,325811206.0,326000000,330000000.0,9.779,33738000000.0,340000000.0,181000000.0,5619000000.0,103.491,735000000.0
68,EIX,MRQ,2004-06-30,2004-06-30,2004-06-30,2021-07-29,-47000000.0,36233000000.0,,5822000000.0,30411000000.0,,15.298,-419000000.0,2958000000.0,2958000000.0,1707000000.0,-374000000.0,1.149,6.068,15557000000.0,1327000000.0,14230000000.0,15557000000.0,0.0,292000000.0,0.0,0.022,0.2,-386000000.0,-94000000.0,-0.037,-94000000.0,-386000000.0,-638000000.0,-1.15,-1.15,-1.15,4987000000.0,,4987000000.0,19975992537.0,14.0,7.893,-1062000000.0,-3.258,1.0,858000000.0,0.335,854000000.0,252000000.0,42913000000.0,,363000000.0,6953000000.0,0.0,6953000000.0,30261000000.0,5065000000.0,25196000000.0,8330992537.0,-92000000.0,3000000.0,-3000000.0,1014000000.0,-65000000.0,921000000.0,-404000000.0,50000000.0,-643000000.0,0.0,-374000000.0,-374000000.0,-374000000.0,-26000000.0,0.0,-0.146,1240000000.0,-382000000.0,1230000000.0,-0.174,1.671,17.955,18.007,20973000000.0,0.0,25.57,0.798,0.798,1776000000.0,3054000000.0,2565000000.0,2565000000.0,0.0,,,,,0.0,0.0,1.0,325811206.0,326000000,326000000.0,7.868,35379000000.0,725000000.0,-264000000.0,6555000000.0,108.525,757000000.0
69,EIX,MRQ,2004-03-31,2004-03-31,2004-03-31,2021-07-29,-55000000.0,35818000000.0,,5317000000.0,30501000000.0,,16.61,-497000000.0,3092000000.0,3092000000.0,1594000000.0,97000000.0,0.937,5.433,14737000000.0,2064000000.0,12673000000.0,14737000000.0,0.0,279000000.0,0.0,0.015,0.372,379000000.0,658000000.0,0.311,658000000.0,379000000.0,140000000.0,0.3,0.3,0.3,5415000000.0,,5415000000.0,19339954194.0,9.0,6.036,-185000000.0,-0.567,1.0,522000000.0,0.247,888000000.0,239000000.0,40899000000.0,,340000000.0,6884000000.0,0.0,6884000000.0,29417000000.0,5676000000.0,23741000000.0,7913954194.0,510000000.0,57000000.0,-3000000.0,722000000.0,-65000000.0,652000000.0,-508000000.0,-40000000.0,312000000.0,0.0,97000000.0,97000000.0,97000000.0,-46000000.0,0.0,0.046,282000000.0,240000000.0,1037000000.0,1.24,1.461,9.181,9.201,21058000000.0,0.0,24.29,0.719,0.72,1524000000.0,3497000000.0,2116000000.0,2116000000.0,0.0,,,,,0.0,0.0,1.0,325811206.0,326000000,330000000.0,6.491,34930000000.0,423000000.0,43000000.0,6730000000.0,107.147,-359000000.0
70,EIX,MRQ,2003-12-31,2003-12-31,2003-12-31,2021-07-29,-53000000.0,38267000000.0,,4550000000.0,33717000000.0,,16.512,-301000000.0,2273000000.0,2273000000.0,1688000000.0,197000000.0,0.796,5.989,11542000000.0,2322000000.0,9220000000.0,11542000000.0,0.0,348000000.0,152000000.0,0.0,0.0,339000000.0,687000000.0,0.294,687000000.0,339000000.0,72000000.0,0.6,0.6,0.6,5383000000.0,,5383000000.0,17309039748.0,9.0,5.548,201000000.0,0.617,1.0,651000000.0,0.278,0.0,267000000.0,41818000000.0,,305000000.0,5892000000.0,0.0,5892000000.0,32238000000.0,5718000000.0,26520000000.0,7145039748.0,-1068000000.0,144000000.0,-19000000.0,-984000000.0,0.0,-850000000.0,-721000000.0,-106000000.0,502000000.0,5000000.0,197000000.0,197000000.0,197000000.0,-59000000.0,0.0,0.084,433000000.0,218000000.0,548000000.0,0.0,1.327,8.703,8.702,15893000000.0,0.0,21.93,0.666,0.666,1119000000.0,3466000000.0,2339000000.0,2339000000.0,0.0,,,,,0.0,0.0,1.0,325811206.0,326000000,329000000.0,7.175,38267000000.0,563000000.0,-125000000.0,5978000000.0,117.383,-1168000000.0
71,EIX,MRQ,2003-09-30,2003-09-30,2003-09-30,2021-07-29,-104000000.0,35622000000.0,,5907000000.0,29715000000.0,,15.991,-271000000.0,3553000000.0,3553000000.0,1961000000.0,544000000.0,0.852,5.716,13717000000.0,2347000000.0,11370000000.0,13717000000.0,0.0,214000000.0,0.0,0.0,0.0,1066000000.0,1280000000.0,0.374,1280000000.0,1066000000.0,804000000.0,1.67,1.65,1.67,5213000000.0,,5213000000.0,17694994035.0,10.0,6.486,1137000000.0,3.488,1.0,1460000000.0,0.427,788000000.0,262000000.0,38065000000.0,,331000000.0,7079000000.0,0.0,7079000000.0,29800000000.0,6933000000.0,22867000000.0,6222994035.0,866000000.0,298000000.0,0.0,-599000000.0,0.0,-591000000.0,64000000.0,0.0,1408000000.0,-19000000.0,544000000.0,544000000.0,544000000.0,-84000000.0,0.0,0.159,630000000.0,830000000.0,1044000000.0,0.0,1.194,10.354,10.38,17700000000.0,0.0,19.1,0.593,0.593,1817000000.0,3335000000.0,3421000000.0,3421000000.0,0.0,,,,,0.0,0.0,1.0,325811206.0,326000000,329000000.0,10.494,34834000000.0,140000000.0,260000000.0,6918000000.0,106.853,-1026000000.0
72,EIX,MRQ,2003-06-30,2003-06-30,2003-06-30,2021-07-29,-170000000.0,35192000000.0,,5131000000.0,30061000000.0,,14.11,-296000000.0,2686000000.0,2686000000.0,1842000000.0,24000000.0,0.851,6.65,14158000000.0,1800000000.0,12358000000.0,14158000000.0,0.0,278000000.0,0.0,0.0,0.0,301000000.0,579000000.0,0.185,579000000.0,301000000.0,11000000.0,0.07,0.07,0.07,4600000000.0,,4600000000.0,16939078115.0,11.0,6.599,366000000.0,1.123,1.0,1283000000.0,0.411,776000000.0,290000000.0,39856000000.0,,342000000.0,7102000000.0,0.0,7102000000.0,30592000000.0,6032000000.0,24560000000.0,5353078115.0,48000000.0,-29000000.0,0.0,-319000000.0,0.0,-328000000.0,-298000000.0,0.0,662000000.0,12000000.0,24000000.0,24000000.0,24000000.0,0.0,0.0,0.008,1059000000.0,224000000.0,1056000000.0,0.0,1.164,13.088,13.144,17529000000.0,0.0,16.43,0.496,0.497,1817000000.0,2791000000.0,3125000000.0,3125000000.0,0.0,,,,,0.0,0.0,1.0,325811206.0,326000000,329000000.0,9.586,34416000000.0,238000000.0,-13000000.0,6807000000.0,105.571,-901000000.0
73,EIX,MRQ,2003-03-31,2003-03-31,2003-03-31,2021-07-29,-230000000.0,35184000000.0,,5106000000.0,30078000000.0,,13.84,-323000000.0,2724000000.0,2724000000.0,1569000000.0,57000000.0,0.832,6.798,14310000000.0,2037000000.0,12273000000.0,14310000000.0,0.0,315000000.0,0.0,0.0,0.0,386000000.0,701000000.0,0.278,701000000.0,386000000.0,87000000.0,0.17,0.17,0.17,4512000000.0,,4512000000.0,16382355410.0,7.0,4.619,357000000.0,1.095,1.0,954000000.0,0.378,736000000.0,299000000.0,39898000000.0,,330000000.0,6877000000.0,0.0,6877000000.0,30672000000.0,6136000000.0,24536000000.0,4460355410.0,-135000000.0,-304000000.0,0.0,-186000000.0,0.0,-191000000.0,-631000000.0,0.0,680000000.0,7000000.0,57000000.0,57000000.0,57000000.0,-3000000.0,0.0,0.023,643000000.0,311000000.0,969000000.0,0.0,0.989,4.248,4.252,17553000000.0,0.0,13.69,0.425,0.426,1528000000.0,2768000000.0,2523000000.0,2523000000.0,0.0,,,,,0.0,0.0,1.0,325811206.0,326000000,328000000.0,7.739,34448000000.0,151000000.0,30000000.0,6892000000.0,105.669,-1030000000.0
74,EIX,MRQ,2002-12-31,2002-12-31,2002-12-31,2021-07-29,-247000000.0,33607000000.0,,5659000000.0,27948000000.0,,13.61,-310000000.0,2933000000.0,2933000000.0,879000000.0,-24000000.0,0.857,6.172,14417000000.0,2839000000.0,11578000000.0,14417000000.0,0.0,199000000.0,0.0,0.0,0.0,-31000000.0,168000000.0,0.117,168000000.0,-31000000.0,-176000000.0,-0.07,-0.07,-0.07,4437000000.0,,4437000000.0,16087862791.0,6.0,4.501,349000000.0,1.071,1.0,552000000.0,0.386,661000000.0,145000000.0,37826000000.0,,343000000.0,6790000000.0,0.0,6790000000.0,27387000000.0,6604000000.0,20783000000.0,3860862791.0,-83000000.0,-40000000.0,-7000000.0,-411000000.0,0.0,-407000000.0,-440000000.0,0.0,659000000.0,5000000.0,-24000000.0,-24000000.0,-24000000.0,0.0,0.0,-0.017,642000000.0,-90000000.0,786000000.0,0.0,0.87,3.585,3.58,19048000000.0,0.0,11.85,0.369,0.37,1548000000.0,2711000000.0,1431000000.0,1431000000.0,0.0,,,,,0.0,0.0,1.0,325811206.0,326000000,325000000.0,4.39,32946000000.0,527000000.0,-152000000.0,7121000000.0,101.061,-945000000.0
75,EIX,MRQ,2002-09-30,2002-09-30,2002-09-30,2021-07-29,-296000000.0,33873000000.0,,5395000000.0,28478000000.0,,13.549,-562000000.0,2548000000.0,2548000000.0,1893000000.0,352000000.0,1.029,6.669,14775000000.0,1236000000.0,13539000000.0,14775000000.0,0.0,286000000.0,0.0,0.0,0.0,833000000.0,1119000000.0,0.302,1119000000.0,833000000.0,527000000.0,1.08,1.07,1.08,4417000000.0,,4417000000.0,16871112060.0,3.0,2.171,1107000000.0,3.396,1.0,1813000000.0,0.489,659000000.0,306000000.0,40198000000.0,,330000000.0,6776000000.0,0.0,6776000000.0,29456000000.0,5243000000.0,24213000000.0,3258112060.0,952000000.0,-9000000.0,0.0,-406000000.0,0.0,-412000000.0,-296000000.0,0.0,1669000000.0,-9000000.0,352000000.0,352000000.0,352000000.0,-7000000.0,0.0,0.095,1109000000.0,704000000.0,1020000000.0,0.0,0.738,0.997,0.997,15056000000.0,0.0,10.0,0.282,0.282,2011000000.0,2735000000.0,3706000000.0,3706000000.0,0.0,,,,,0.0,0.0,1.0,325811206.0,326000000,329000000.0,11.368,33214000000.0,85000000.0,175000000.0,7020000000.0,101.883,152000000.0
76,EIX,MRQ,2002-06-30,2002-06-30,2002-06-30,2021-07-29,-219000000.0,34298000000.0,,4755000000.0,29543000000.0,,12.687,-278000000.0,1593000000.0,1593000000.0,1683000000.0,665000000.0,0.871,7.293,15206000000.0,1563000000.0,13643000000.0,15206000000.0,0.0,288000000.0,0.0,0.0,0.0,1271000000.0,1559000000.0,0.552,1559000000.0,1271000000.0,955000000.0,2.04,2.02,2.04,4136000000.0,,4136000000.0,19333790502.0,3.0,2.572,335000000.0,1.028,1.0,1141000000.0,0.404,684000000.0,316000000.0,41769000000.0,,349000000.0,6949000000.0,0.0,6949000000.0,30162000000.0,5458000000.0,24704000000.0,5538790502.0,-284000000.0,4000000.0,0.0,-558000000.0,0.0,-662000000.0,-256000000.0,0.0,613000000.0,21000000.0,665000000.0,665000000.0,665000000.0,-9000000.0,0.0,0.235,-62000000.0,1203000000.0,1066000000.0,0.0,1.339,2.213,2.214,14772000000.0,0.0,17.0,0.472,0.472,1816000000.0,2383000000.0,2824000000.0,2824000000.0,0.0,,,,,0.0,0.0,1.0,325811206.0,326000000,329000000.0,8.663,33614000000.0,694000000.0,290000000.0,7238000000.0,103.11,-703000000.0
77,EIX,MRQ,2002-03-31,2002-03-31,2002-03-31,2021-07-29,-270000000.0,33717000000.0,,5101000000.0,28616000000.0,,10.485,-381000000.0,1823000000.0,1823000000.0,1227000000.0,84000000.0,0.901,8.865,15618000000.0,1866000000.0,13752000000.0,15618000000.0,0.0,268000000.0,0.0,0.0,0.0,459000000.0,727000000.0,0.292,727000000.0,459000000.0,100000000.0,0.26,0.26,0.26,3418000000.0,,3418000000.0,18084337700.0,3.0,2.79,-1311000000.0,-4.021,1.0,1261000000.0,0.507,649000000.0,359000000.0,41201000000.0,,342000000.0,7069000000.0,0.0,7069000000.0,30299000000.0,5662000000.0,24637000000.0,5457337700.0,-2171000000.0,86000000.0,0.0,-943000000.0,0.0,-1006000000.0,-233000000.0,0.0,-930000000.0,-2000000.0,84000000.0,84000000.0,84000000.0,-5000000.0,0.0,0.034,952000000.0,309000000.0,958000000.0,0.0,1.597,3.144,3.143,14518000000.0,0.0,16.75,0.481,0.481,1552000000.0,1718000000.0,2488000000.0,2488000000.0,0.0,,,,,0.0,0.0,1.0,325811206.0,326000000,329000000.0,7.632,33068000000.0,1006000000.0,16000000.0,7006000000.0,101.436,-561000000.0
78,EIX,MRQ,2001-12-31,2001-12-31,2001-12-31,2021-07-29,-328000000.0,36774000000.0,,7500000000.0,29274000000.0,,10.037,560000000.0,3991000000.0,3991000000.0,1571000000.0,2167000000.0,0.761,10.239,16618000000.0,3944000000.0,12674000000.0,16618000000.0,0.0,303000000.0,0.0,0.0,0.0,4062000000.0,4365000000.0,1.72,4365000000.0,4062000000.0,3659000000.0,6.65,6.64,6.65,3272000000.0,,3272000000.0,20236749211.0,5.0,3.797,1274000000.0,3.908,1.0,967000000.0,0.381,633000000.0,403000000.0,38911000000.0,,327000000.0,7140000000.0,0.0,7140000000.0,33502000000.0,9857000000.0,23645000000.0,4919749211.0,-40000000.0,-23000000.0,0.0,-1158000000.0,0.0,-2084000000.0,1326000000.0,0.0,714000000.0,4000000.0,2167000000.0,2167000000.0,2167000000.0,5000000.0,0.0,0.854,-2599000000.0,3566000000.0,3414000000.0,0.0,1.504,4.753,4.748,14427000000.0,0.0,15.1,0.445,0.445,1710000000.0,1634000000.0,2538000000.0,2538000000.0,0.0,,,,,0.0,0.0,1.0,325811206.0,326000000,326000000.0,7.785,36141000000.0,1092000000.0,1492000000.0,6722000000.0,110.862,-2357000000.0
79,EIX,MRQ,2001-09-30,2001-09-30,2001-09-30,2021-07-29,-336000000.0,37062000000.0,,8556000000.0,28506000000.0,,3.359,-171000000.0,4094000000.0,4094000000.0,1842000000.0,-413000000.0,0.612,32.847,19411000000.0,7149000000.0,12262000000.0,19411000000.0,0.0,269000000.0,0.0,0.021,0.0,596000000.0,865000000.0,0.223,865000000.0,596000000.0,147000000.0,-1.27,-1.27,-1.27,1095000000.0,,1095000000.0,20472675471.0,-6.0,-8.156,1152000000.0,3.534,1.0,2040000000.0,0.526,0.0,449000000.0,38410000000.0,,467000000.0,6965000000.0,0.0,6965000000.0,35967000000.0,13969000000.0,21998000000.0,4287675471.0,865000000.0,28000000.0,0.0,-152000000.0,0.0,-185000000.0,-302000000.0,-1000000.0,1323000000.0,29000000.0,-413000000.0,-413000000.0,-413000000.0,1214000000.0,0.0,-0.106,265000000.0,1775000000.0,3566000000.0,0.0,3.916,-1.164,-1.183,16813000000.0,0.0,13.16,0.437,0.437,2235000000.0,-533000000.0,3882000000.0,3882000000.0,0.0,,,,,0.0,0.0,1.0,325811206.0,326000000,326000000.0,11.908,37062000000.0,1399000000.0,560000000.0,5627000000.0,113.687,-5413000000.0
80,EIX,MRQ,2001-06-30,2001-06-30,2001-06-30,2021-07-29,-390000000.0,37398000000.0,,7355000000.0,30043000000.0,,4.448,-59000000.0,3229000000.0,3229000000.0,1830000000.0,-102000000.0,0.49,24.792,19414000000.0,8697000000.0,10717000000.0,19414000000.0,0.0,250000000.0,0.0,0.025,0.0,276000000.0,526000000.0,0.215,526000000.0,276000000.0,-71000000.0,-0.31,-0.31,-0.31,1450000000.0,,1450000000.0,19344794947.0,-6.0,-10.635,-16000000.0,-0.049,1.0,616000000.0,0.252,0.0,347000000.0,38558000000.0,,482000000.0,7202000000.0,0.0,7202000000.0,35948000000.0,15025000000.0,20923000000.0,3632794947.0,295000000.0,-188000000.0,0.0,410000000.0,0.0,420000000.0,-155000000.0,69000000.0,43000000.0,-13000000.0,-102000000.0,-102000000.0,-102000000.0,161000000.0,0.0,-0.042,163000000.0,453000000.0,3460000000.0,0.0,2.505,-1.249,-1.276,18345000000.0,0.0,11.15,0.379,0.379,1903000000.0,-120000000.0,2446000000.0,2446000000.0,0.0,,,,,0.0,0.0,1.0,325811206.0,326000000,326000000.0,7.503,37398000000.0,1385000000.0,31000000.0,5681000000.0,114.718,-7670000000.0
81,EIX,MRQ,2001-03-31,2001-03-31,2001-03-31,2021-07-29,-508000000.0,36264000000.0,,6539000000.0,29725000000.0,,4.402,-231000000.0,2934000000.0,2934000000.0,2682000000.0,-617000000.0,0.494,24.271,18646000000.0,6854000000.0,11792000000.0,18646000000.0,278000000.0,243000000.0,0.0,0.066,0.0,-672000000.0,-429000000.0,-0.195,-429000000.0,-672000000.0,-1053000000.0,-1.89,-1.89,-1.89,1435000000.0,,1435000000.0,19866779644.0,-7.0,-15.957,663000000.0,2.034,1.0,-487000000.0,-0.222,0.0,381000000.0,38747000000.0,,428000000.0,7693000000.0,0.0,7693000000.0,34829000000.0,13229000000.0,21600000000.0,4118253644.0,961000000.0,61000000.0,0.0,602000000.0,0.0,292000000.0,-168000000.0,0.0,894000000.0,-57000000.0,-617000000.0,-617000000.0,-617000000.0,-12000000.0,0.0,-0.281,224000000.0,-711000000.0,3069000000.0,0.0,2.87,-1.542,-1.576,17695000000.0,0.0,12.64,0.416,0.416,1463000000.0,-18000000.0,2195000000.0,2195000000.0,0.0,,,,,0.0,0.0,1.0,325811206.0,326000000,326000000.0,6.733,36264000000.0,1331000000.0,-436000000.0,5757000000.0,111.239,-6690000000.0
82,EIX,MRQ,2000-12-31,2000-12-31,2000-12-31,2021-07-29,-139000000.0,35100000000.0,,4965000000.0,30135000000.0,,7.401,-368000000.0,1604000000.0,1604000000.0,1985000000.0,-2550000000.0,0.541,13.504,16970000000.0,4820000000.0,12150000000.0,16970000000.0,0.0,304000000.0,0.0,0.071,0.28,-3776000000.0,-3472000000.0,-2.675,-3472000000.0,-3776000000.0,-4023000000.0,-7.65,-7.65,-7.65,2420000000.0,,2420000000.0,20840955150.0,-12.0,84.376,-338000000.0,-1.034,1.0,-687000000.0,-0.529,291000000.0,247000000.0,40992000000.0,,256000000.0,7643000000.0,0.0,7643000000.0,32680000000.0,9183000000.0,23497000000.0,5092429150.0,896000000.0,32000000.0,0.0,1213000000.0,-91000000.0,1235000000.0,-384000000.0,3000000.0,30000000.0,15000000.0,-2550000000.0,-2550000000.0,-2550000000.0,4000000.0,0.0,-1.965,3436000000.0,-4123000000.0,1199000000.0,-0.037,2.104,-2.621,-2.676,15117000000.0,0.0,15.63,0.489,0.499,1355000000.0,599000000.0,1298000000.0,1298000000.0,0.0,,,,,0.0,0.0,1.0,325811206.0,327000000,324000000.0,3.969,34809000000.0,1339000000.0,-1473000000.0,5286000000.0,106.45,-4218000000.0
83,EIX,MRQ,2000-09-30,2000-09-30,2000-09-30,2021-07-29,-230361000.0,37918628000.0,,4407351000.0,33511277000.0,,14.968,1318000000.0,1076098000.0,1076098000.0,2987000000.0,360000000.0,0.457,6.771,16824624000.0,4336786000.0,12487838000.0,16824624000.0,412265000.0,578000000.0,0.0,0.043,0.0,978000000.0,1556000000.0,0.426,1556000000.0,978000000.0,633000000.0,1.11,1.1,1.11,4879515000.0,,4879515000.0,22943098612.0,10.0,5.141,1623000000.0,4.979,1.0,666000000.0,0.182,0.0,345000000.0,44032337000.0,,452829000.0,7853138000.0,0.0,7853138000.0,33039113000.0,9634817000.0,23404296000.0,6297930612.0,212000000.0,-153000000.0,0.0,-598000000.0,-92000000.0,-674000000.0,587000000.0,-271000000.0,305000000.0,-6000000.0,360000000.0,360000000.0,360000000.0,0.0,0.0,0.099,-296000000.0,962000000.0,957663000.0,0.0,1.291,8.958,9.161,17618155000.0,0.0,19.33,0.566,0.567,1804768000.0,3149355000.0,3653000000.0,3653000000.0,0.0,,,,,0.0,0.0,1.0,325811206.0,326000000,327000000.0,11.206,37918628000.0,1729252000.0,273000000.0,7058611000.0,116.315,-5227466000.0
84,EIX,MRQ,2000-06-30,2000-06-30,2000-06-30,2021-07-29,-134519000.0,36928537000.0,,3544402000.0,33384135000.0,,14.177,-365000000.0,864163000.0,864163000.0,1773000000.0,137000000.0,0.412,6.846,17509331000.0,4620670000.0,12888661000.0,17509331000.0,2017020000.0,533000000.0,0.0,0.054,0.56,567000000.0,1100000000.0,0.4,1100000000.0,567000000.0,229000000.0,0.41,0.41,0.41,4706704000.0,,4706704000.0,23219035273.0,11.0,5.71,129000000.0,0.389,1.0,976000000.0,0.355,0.0,338000000.0,44973774000.0,,495831000.0,7359241000.0,0.0,7359241000.0,32221833000.0,8599931000.0,23621902000.0,6812074273.0,-53000000.0,-61000000.0,-239000000.0,287000000.0,-94000000.0,-54000000.0,-458000000.0,41000000.0,494000000.0,-35000000.0,137000000.0,137000000.0,137000000.0,0.0,0.0,0.05,419000000.0,557000000.0,657996000.0,1.366,1.447,11.384,11.782,19390398000.0,0.0,20.5,0.653,0.652,1561366000.0,2880702000.0,2749000000.0,2749000000.0,0.0,,,,,0.0,0.0,1.0,332296306.0,332000000,332000000.0,8.28,36928537000.0,1761969000.0,92000000.0,6736520000.0,111.231,-5055529000.0
85,EIX,MRQ,2000-03-31,2000-03-31,2000-03-31,2021-07-29,-12269000.0,36461641000.0,,2971507000.0,33490134000.0,,14.563,-331000000.0,917474000.0,917474000.0,1563000000.0,110000000.0,0.405,6.257,17324435000.0,3754045000.0,13570390000.0,17324435000.0,2104937000.0,537000000.0,0.0,0.049,0.27,525000000.0,1062000000.0,0.39,1062000000.0,525000000.0,199000000.0,0.32,0.32,0.32,5024363000.0,,5024363000.0,22149501723.0,12.0,5.788,244000000.0,0.707,1.0,1160000000.0,0.426,0.0,326000000.0,45540097000.0,,494497000.0,7276085000.0,0.0,7276085000.0,31437278000.0,7328505000.0,24108773000.0,5751501723.0,410000000.0,-107000000.0,-147000000.0,506000000.0,-94000000.0,251000000.0,-410000000.0,30000000.0,575000000.0,-6000000.0,110000000.0,110000000.0,110000000.0,0.0,0.0,0.04,631000000.0,529000000.0,506082000.0,0.844,1.145,9.752,9.741,19478312000.0,0.0,16.56,0.587,0.583,1336599000.0,3001361000.0,2723000000.0,2723000000.0,0.0,,,,,0.0,0.0,1.0,347312906.0,345000000,346000000.0,7.893,36461641000.0,1433515000.0,89000000.0,6425467000.0,105.686,-4356998000.0
86,EIX,MRQ,1999-12-31,1999-12-31,1999-12-31,2021-07-29,42000000.0,36229000000.0,,2670000000.0,33559000000.0,,14.93,-2046498000.0,508000000.0,508000000.0,1409378000.0,96030000.0,0.39,5.952,16906000000.0,3515000000.0,13391000000.0,16906000000.0,300000000.0,416034000.0,0.0,0.031,0.27,328656000.0,744690000.0,0.373,744690000.0,328656000.0,130123000.0,0.27,0.28,0.27,5211000000.0,,5211000000.0,21698244106.0,12.0,5.964,-1864781000.0,-5.343,1.0,587025000.0,0.294,0.0,198533000.0,45785000000.0,,440000000.0,7079000000.0,0.0,7079000000.0,31018000000.0,6842000000.0,24176000000.0,9093354106.0,-711081000.0,-6974000.0,23000.0,1821368000.0,-93997000.0,3317127000.0,-4206925000.0,-15466000.0,181717000.0,-3000000.0,96030000.0,96030000.0,96030000.0,58000000.0,0.0,0.048,196607000.0,390418000.0,625000000.0,1.0,1.745,14.596,14.631,19683000000.0,0.0,26.19,0.991,0.993,1378000000.0,3079000000.0,1996403000.0,1996403000.0,0.0,,,,,0.0,0.0,1.0,347207106.0,349038000,353038000.0,5.72,36229000000.0,191000000.0,34093000.0,6389000000.0,103.797,-4172000000.0
87,EIX,MRQ,1999-09-30,1999-09-30,1999-09-30,2021-07-29,61843000.0,32142822000.0,,3636340000.0,28506482000.0,,15.062,-2544687000.0,1218637000.0,1218637000.0,2003609000.0,255337000.0,0.588,5.146,13823527000.0,2566255000.0,11257272000.0,13823527000.0,1857314000.0,513274000.0,0.0,0.044,0.0,646337000.0,1159611000.0,0.391,1159611000.0,646337000.0,401529000.0,0.74,0.73,0.74,5229706000.0,,5229706000.0,19640649747.0,11.0,5.309,-1633604000.0,-4.705,1.0,959188000.0,0.324,0.0,244808000.0,38565645000.0,,361947000.0,6786995000.0,0.0,6786995000.0,26913116000.0,6182067000.0,20731049000.0,8440604747.0,280708000.0,-129783000.0,0.0,1578138000.0,-93745000.0,2029377000.0,-2659752000.0,0.0,911083000.0,0.0,255337000.0,255337000.0,255337000.0,0.0,0.0,0.086,316257000.0,642931000.0,727444000.0,0.0,1.614,12.244,12.278,15554468000.0,0.0,24.31,0.894,0.894,1604096000.0,3077675000.0,2962797000.0,2962797000.0,0.0,,,,,0.0,0.0,1.0,347207106.0,347207000,347207000.0,8.533,32142822000.0,1495784000.0,146192000.0,6505627000.0,92.575,-2545727000.0
88,EIX,MRQ,1999-06-30,1999-06-30,1999-06-30,2021-07-29,-1423000.0,27960214000.0,,3770659000.0,24189555000.0,,8.395,-306811000.0,937929000.0,937929000.0,1364636000.0,128422000.0,0.697,8.592,12137974000.0,2513780000.0,9624194000.0,12137974000.0,1734469000.0,452022000.0,0.0,0.04,0.27,408177000.0,860199000.0,0.406,860199000.0,408177000.0,203074000.0,0.37,0.37,0.37,2914862000.0,,2914862000.0,19988625086.0,11.0,5.606,166650000.0,0.48,1.0,756263000.0,0.357,0.0,205103000.0,33750291000.0,,239957000.0,6684656000.0,0.0,6684656000.0,25045352000.0,5409968000.0,19635384000.0,9287790086.0,327294000.0,-710002000.0,0.0,833011000.0,-93745000.0,941385000.0,-1087552000.0,0.0,473461000.0,0.0,128422000.0,128422000.0,128422000.0,0.0,0.0,0.061,377840000.0,378423000.0,413474000.0,0.73,3.186,14.282,14.459,12254572000.0,0.0,26.75,1.006,1.006,1353070000.0,2916285000.0,2120899000.0,2120899000.0,0.0,,,,,0.0,0.0,1.0,347207106.0,347204000,347204000.0,6.109,27960214000.0,1533415000.0,74652000.0,5370982000.0,80.53,-1639309000.0
89,EIX,MRQ,1999-03-31,1999-03-31,1999-03-31,2021-07-29,44403000.0,26767629000.0,,3266579000.0,23501050000.0,,8.403,-2064004000.0,610635000.0,610635000.0,1509379000.0,143211000.0,0.519,8.145,11311470000.0,3488283000.0,7823187000.0,11311470000.0,1608823000.0,444670000.0,0.0,0.059,0.27,411026000.0,855696000.0,0.408,855696000.0,411026000.0,236271000.0,0.41,0.41,0.41,2927059000.0,,2927059000.0,16634260008.0,9.0,4.689,-1593265000.0,-4.574,1.0,586521000.0,0.28,0.0,174755000.0,31172249000.0,,213852000.0,5841818000.0,0.0,5841818000.0,23840570000.0,6296215000.0,17544355000.0,7725260008.0,27079000.0,-6241000.0,-92023000.0,1825483000.0,-91513000.0,1633111000.0,-2076771000.0,466000.0,470739000.0,0.0,143211000.0,143211000.0,143211000.0,0.0,0.0,0.068,181300000.0,405221000.0,393337000.0,0.659,2.639,11.579,11.835,12148391000.0,0.0,22.25,0.854,0.857,1282475000.0,2882656000.0,2095900000.0,2095900000.0,0.0,,,,,0.0,0.0,1.0,347202697.0,348327000,348327000.0,6.017,26767629000.0,1592750000.0,93060000.0,5455720000.0,76.846,-3029636000.0
90,EIX,MRQ,1998-12-31,1998-12-31,1998-12-31,2021-07-29,84000000.0,24698000000.0,,2767000000.0,21931000000.0,,14.496,616625000.0,584000000.0,584000000.0,1601482000.0,162390000.0,0.646,3.844,9493000000.0,1485000000.0,8008000000.0,9493000000.0,1442000000.0,464242000.0,0.0,0.037,0.52,359636000.0,823878000.0,0.365,823878000.0,359636000.0,196677000.0,0.46,0.46,0.46,5099000000.0,,5099000000.0,18145906532.0,10.0,5.043,855227000.0,2.431,1.0,656276000.0,0.291,0.0,162959000.0,29321000000.0,,167000000.0,6049000000.0,0.0,6049000000.0,19599000000.0,4286000000.0,15313000000.0,9833504532.0,-612449000.0,-57993000.0,-60260000.0,-51541000.0,-92130000.0,-175520000.0,-672531000.0,32509000.0,238602000.0,-3000000.0,162390000.0,162390000.0,162390000.0,0.0,0.0,0.072,267877000.0,388399000.0,490000000.0,1.13,1.929,14.721,14.989,10326000000.0,0.0,27.88,1.11,1.13,1316000000.0,2906000000.0,2257758000.0,2257758000.0,0.0,,,,,0.0,0.0,1.0,352708197.0,351749000,371749000.0,6.419,24698000000.0,1738000000.0,34287000.0,5492000000.0,70.215,-1519000000.0
91,EIX,MRQ,1998-09-30,1998-09-30,1998-09-30,2021-07-29,88865000.0,25014974000.0,,3661658000.0,21353316000.0,,8.412,-224348000.0,1195954000.0,1195954000.0,2134710000.0,216297000.0,0.817,7.418,9508356000.0,1217921000.0,8290435000.0,9508356000.0,1516769000.0,437110000.0,0.0,0.04,0.0,588422000.0,1025532000.0,0.372,1025532000.0,588422000.0,405660000.0,0.61,0.6,0.61,2971762000.0,,2971762000.0,17037748274.0,9.0,4.81,216714000.0,0.613,1.0,618938000.0,0.225,0.0,182762000.0,28843174000.0,,171969000.0,5541389000.0,0.0,5541389000.0,22043212000.0,4484202000.0,17559010000.0,9084975274.0,-459906000.0,-289371000.0,-67443000.0,-97646000.0,-92365000.0,-251061000.0,-649907000.0,-121872000.0,441062000.0,0.0,216297000.0,216297000.0,216297000.0,0.0,0.0,0.079,83489000.0,535449000.0,685863000.0,0.0,3.057,14.086,14.514,10354853000.0,0.0,25.69,1.017,1.016,1407221000.0,2882897000.0,2753648000.0,2753648000.0,0.0,,,,,0.0,0.0,1.0,353638586.0,353285000,353285000.0,7.794,25014974000.0,1726289000.0,189363000.0,5541796000.0,70.807,-822544000.0
92,EIX,MRQ,1998-06-30,1998-06-30,1998-06-30,2021-07-29,106617000.0,24584578000.0,,3404605000.0,21179973000.0,,8.103,-233221000.0,1655860000.0,1655860000.0,764310000.0,145303000.0,0.911,7.422,9608633000.0,930905000.0,8677728000.0,9608633000.0,1385007000.0,430262000.0,0.0,0.043,0.52,412137000.0,842399000.0,0.434,842399000.0,412137000.0,244313000.0,0.4,0.4,0.4,2919238000.0,,2919238000.0,19356182987.0,10.0,5.491,25890000.0,0.072,1.0,1174725000.0,0.606,0.0,167824000.0,28798137000.0,,167643000.0,5072941000.0,0.0,5072941000.0,21665340000.0,3739214000.0,17926126000.0,10707432987.0,295291000.0,-9268000.0,-322982000.0,-329377000.0,-95179000.0,-831086000.0,867266000.0,0.0,259111000.0,0.0,145303000.0,145303000.0,145303000.0,0.0,0.0,0.075,777096000.0,397629000.0,443642000.0,1.3,3.668,15.178,15.892,10411583000.0,0.0,29.56,1.201,1.194,1163372000.0,2812621000.0,1939035000.0,1939035000.0,0.0,,,,,0.0,0.0,1.0,362227097.0,360251000,360251000.0,5.382,24584578000.0,1872696000.0,99010000.0,5392247000.0,68.243,-334609000.0
93,EIX,MRQ,1998-03-31,1998-03-31,1998-03-31,2021-07-29,112818000.0,24894340000.0,,3016806000.0,21877534000.0,,8.453,-165056000.0,1360569000.0,1360569000.0,845796000.0,144010000.0,0.839,6.954,10009319000.0,1140960000.0,8868359000.0,10009319000.0,1168265000.0,426386000.0,0.0,0.034,0.0,481051000.0,907437000.0,0.475,907437000.0,481051000.0,280729000.0,0.39,0.38,0.39,3129982000.0,,3129982000.0,19001160374.0,10.0,5.465,328169000.0,0.886,1.0,1063764000.0,0.557,0.0,200322000.0,29946383000.0,,184742000.0,5025193000.0,0.0,5025193000.0,21764358000.0,3596707000.0,18167651000.0,10839160374.0,-545936000.0,-44368000.0,-263315000.0,-100436000.0,-94326000.0,-466333000.0,-572828000.0,-336637000.0,493225000.0,0.0,144010000.0,144010000.0,144010000.0,0.0,0.0,0.075,601244000.0,462520000.0,429570000.0,0.0,3.463,15.502,16.322,13722778000.0,0.0,29.38,1.185,1.19,898689000.0,3017164000.0,1909560000.0,1909560000.0,0.0,,,,,0.0,0.0,1.0,368929897.0,370279000,373340000.0,5.157,24894340000.0,1549631000.0,136719000.0,5086046000.0,67.231,-579901000.0
94,EIX,MRQ,1997-12-31,1997-12-31,1997-12-31,2021-07-29,90000000.0,25101000000.0,,3597000000.0,21504000000.0,,14.598,-419871000.0,1907000000.0,1907000000.0,2841369000.0,139376000.0,0.965,3.542,10069000000.0,1198000000.0,8871000000.0,10069000000.0,1285000000.0,364619000.0,0.0,0.037,0.5,402436000.0,767055000.0,0.329,767055000.0,402436000.0,242644000.0,0.37,0.36,0.37,5527000000.0,,5527000000.0,,,,162324000.0,0.429,1.0,-512060000.0,-0.22,0.0,159792000.0,29535000000.0,,191000000.0,4393000000.0,0.0,4393000000.0,19574000000.0,3728000000.0,15846000000.0,10031203899.0,1321574000.0,88819000.0,-288314000.0,1298119000.0,-97646000.0,906079000.0,-166700000.0,-50000.0,582195000.0,0.0,139376000.0,139376000.0,139376000.0,0.0,0.0,0.06,-995142000.0,483082000.0,441000000.0,1.351,1.815,14.33,15.537,14117000000.0,0.0,27.19,1.086,1.178,1077000000.0,3176000000.0,2329309000.0,2329309000.0,0.0,,,,,0.0,0.0,1.0,368929897.0,378601000,398601000.0,6.152,25101000000.0,123000000.0,103268000.0,5013000000.0,66.299,-131000000.0
95,EIX,MRQ,1997-09-30,1997-09-30,1997-09-30,2021-07-29,,,,,,,,-159427000.0,,,1453733000.0,276791000.0,,,,,,,,367192000.0,,0.04,0.25,641047000.0,1008239000.0,0.368,1008239000.0,641047000.0,462907000.0,0.7,0.7,0.7,,,,,,,379054000.0,0.962,1.0,1284048000.0,0.469,,178140000.0,,,,,,,,,,,-310717000.0,-57743000.0,-389062000.0,-58714000.0,-99410000.0,-549018000.0,-300180000.0,-56324000.0,538481000.0,0.0,276791000.0,276791000.0,276791000.0,0.0,0.0,0.101,627626000.0,656422000.0,,0.357,,,,,0.0,25.25,,,,,2737781000.0,2737781000.0,0.0,,,,,0.0,0.0,1.0,,394076000,394076000.0,6.947,,,186116000.0,,,
96,EIX,MRQ,1997-06-30,1997-06-30,1997-06-30,2021-07-29,,,,,,,,-45694000.0,,,898836000.0,139022000.0,,,,,,,,364488000.0,,0.04,0.25,429946000.0,794434000.0,0.367,794434000.0,429946000.0,252563000.0,0.34,0.34,0.34,,,,,,,366762000.0,0.898,1.0,1268346000.0,0.585,,177383000.0,,,,,,,,,,,162345000.0,-147842000.0,-285075000.0,803070000.0,-103926000.0,301226000.0,-551337000.0,-270626000.0,412456000.0,0.0,139022000.0,139022000.0,139022000.0,0.0,0.0,0.064,825985000.0,442361000.0,,0.735,,,,,0.0,24.88,,,,,2167182000.0,2167182000.0,0.0,,,,,0.0,0.0,1.0,,408310000,408310000.0,5.308,,,113541000.0,,,
97,EIX,MRQ,1997-03-31,1997-03-31,1997-03-31,2021-07-29,,,,,,,,-158008000.0,,,925062000.0,144812000.0,,,,,,,,353701000.0,,0.044,0.0,424572000.0,778273000.0,0.389,778273000.0,424572000.0,240888000.0,0.35,0.34,0.35,,,,,,,442860000.0,1.055,1.0,1075663000.0,0.538,,183684000.0,,,,,,,,,,,-163202000.0,-14234000.0,-210549000.0,-234475000.0,-107018000.0,-545287000.0,-218783000.0,0.0,600868000.0,0.0,144812000.0,144812000.0,144812000.0,0.0,0.0,0.072,622527000.0,453136000.0,,0.0,,,,,0.0,22.5,,,,,2000725000.0,2000725000.0,0.0,,,,,0.0,0.0,1.0,,419665000,419665000.0,4.767,,,96076000.0,,,
98,EIX,MRQ,1996-12-31,1996-12-31,1996-12-31,2021-07-29,97000000.0,24559000000.0,,2572000000.0,21987000000.0,,14.638,,897000000.0,897000000.0,,,0.748,2.839,8464000000.0,989000000.0,7475000000.0,8464000000.0,1059000000.0,,0.0,0.063,0.5,,,,,,,,,,6397000000.0,,6397000000.0,,,,,,1.0,,,0.0,,28688000000.0,,226000000.0,3546000000.0,0.0,3546000000.0,18162000000.0,3438000000.0,14724000000.0,,,,,,,,,,,,,,,,,,,,438000000.0,,,,12.122,15273000000.0,,19.88,,1.017,1095000000.0,3753000000.0,,,,,,,,,,1.0,,437000000,,,24559000000.0,1981000000.0,,5185000000.0,56.199,-866000000.0
0,EIX,MRT,2021-06-30,2021-06-30,2021-06-30,2021-07-29,-65000000.0,71162000000.0,69873000000.0,4921000000.0,66241000000.0,0.201,40.558,-5405000000.0,84000000.0,84000000.0,8802000000.0,961000000.0,0.63,3.494,27174000000.0,3452000000.0,23722000000.0,27174000000.0,0.0,2114000000.0,207000000.0,0.045,2.6,1665000000.0,3779000000.0,0.268,3779000000.0,1665000000.0,768000000.0,2.17,2.17,2.17,15412000000.0,15254000000.0,15412000000.0,46215108224.0,28.0,12.229,-6141000000.0,-16.161,1.0,5274000000.0,0.375,0.0,897000000.0,90437000000.0,84677250000.0,406000000.0,4965000000.0,0.0,4965000000.0,53849000000.0,7815000000.0,46034000000.0,21939108224.0,-441000000.0,0.0,39000000.0,5366000000.0,-968000000.0,5286000000.0,-4991000000.0,394000000.0,-736000000.0,0.0,961000000.0,815000000.0,815000000.0,0.0,0.0,0.058,3875000000.0,1399000000.0,1797000000.0,1.198,1.424,26.919,26.645,50036000000.0,146000000.0,57.82,1.559,1.561,2252000000.0,8229000000.0,14076000000.0,14076000000.0,0.0,0.012,0.053,0.02,0.118,0.0,0.0,1.0,379438053.0,380000000,380000000.0,37.042,71162000000.0,0.0,-193000000.0,5614000000.0,187.268,-2894000000.0
1,EIX,MRT,2021-03-31,2021-03-31,2021-03-31,2021-07-29,-67000000.0,70505000000.0,68766500000.0,5328000000.0,65177000000.0,0.2,40.427,-5416000000.0,389000000.0,389000000.0,8595000000.0,948000000.0,0.561,3.477,24665000000.0,3644000000.0,21021000000.0,24665000000.0,0.0,2070000000.0,225000000.0,0.044,2.6,1585000000.0,3655000000.0,0.266,3655000000.0,1585000000.0,691000000.0,2.18,2.18,2.18,15322000000.0,15535000000.0,15322000000.0,43052003021.0,27.0,11.779,-4396000000.0,-11.599,1.0,5153000000.0,0.375,0.0,894000000.0,85284000000.0,81858000000.0,416000000.0,4822000000.0,0.0,4822000000.0,53282000000.0,9497000000.0,43785000000.0,22226003021.0,-948000000.0,0.0,839000000.0,2273000000.0,-949000000.0,3007000000.0,-4975000000.0,395000000.0,1020000000.0,0.0,948000000.0,815000000.0,815000000.0,0.0,0.0,0.059,3839000000.0,1314000000.0,1602000000.0,1.193,1.451,27.271,26.881,49355000000.0,133000000.0,58.6,1.617,1.615,2444000000.0,8163000000.0,13748000000.0,13748000000.0,0.0,0.012,0.052,0.019,0.115,0.0,0.0,1.0,379283328.0,379000000,380000000.0,36.274,70505000000.0,0.0,-257000000.0,5474000000.0,186.029,-4169000000.0
2,EIX,MRT,2020-12-31,2020-12-31,2020-12-31,2021-07-29,-69000000.0,69372000000.0,67408000000.0,5061000000.0,64311000000.0,0.201,37.662,-5326000000.0,87000000.0,87000000.0,8541000000.0,871000000.0,0.492,3.803,24147000000.0,3642000000.0,20505000000.0,24147000000.0,0.0,2029000000.0,243000000.0,0.041,2.575,1468000000.0,3497000000.0,0.258,3497000000.0,1468000000.0,566000000.0,1.98,1.98,1.98,14048000000.0,15654750000.0,14048000000.0,43463243952.0,30.0,12.429,-4063000000.0,-10.893,1.0,5037000000.0,0.371,0.0,902000000.0,83155000000.0,79914000000.0,405000000.0,4886000000.0,0.0,4886000000.0,53423000000.0,10277000000.0,43146000000.0,23778243952.0,19000000.0,0.0,912000000.0,4146000000.0,-928000000.0,3727000000.0,-4971000000.0,329000000.0,1263000000.0,0.0,871000000.0,739000000.0,739000000.0,0.0,0.0,0.054,3820000000.0,1217000000.0,1980000000.0,1.301,1.693,32.176,31.727,48927000000.0,132000000.0,62.82,1.751,1.726,2434000000.0,8155000000.0,13578000000.0,13578000000.0,0.0,0.011,0.047,0.018,0.108,0.0,0.0,1.0,378513912.0,373000000,374000000.0,36.402,69372000000.0,68000000.0,-305000000.0,5368000000.0,185.984,-5216000000.0
3,EIX,MRT,2020-09-30,2020-09-30,2020-09-30,2021-07-29,-35000000.0,68453000000.0,66133250000.0,5798000000.0,62655000000.0,0.202,42.947,-5184000000.0,30000000.0,30000000.0,8462000000.0,492000000.0,0.698,3.097,19715000000.0,2990000000.0,16725000000.0,19715000000.0,0.0,1999000000.0,259000000.0,0.05,2.55,969000000.0,2968000000.0,0.222,2968000000.0,969000000.0,71000000.0,0.94,0.94,0.94,16234000000.0,16038250000.0,16234000000.0,37253755081.0,38.0,12.552,-3603000000.0,-9.532,1.0,4929000000.0,0.368,0.0,898000000.0,79833000000.0,78035250000.0,387000000.0,4716000000.0,0.0,4716000000.0,50274000000.0,8305000000.0,41969000000.0,19228755081.0,-454000000.0,0.0,1071000000.0,3173000000.0,-907000000.0,2992000000.0,-5027000000.0,115000000.0,1581000000.0,0.0,492000000.0,356000000.0,356000000.0,0.0,0.0,0.027,4219000000.0,710000000.0,1690000000.0,2.713,1.184,54.013,54.085,47573000000.0,136000000.0,50.84,1.436,1.435,3301000000.0,9043000000.0,13391000000.0,13391000000.0,0.0,0.005,0.022,0.012,0.072,0.0,0.0,1.0,378220989.0,378000000,378000000.0,35.426,68453000000.0,90000000.0,-421000000.0,6600000000.0,181.093,-2507000000.0
4,EIX,MRT,2020-06-30,2020-06-30,2020-06-30,2021-07-29,-36000000.0,66736000000.0,64925500000.0,4528000000.0,62208000000.0,0.192,44.096,-5145000000.0,254000000.0,254000000.0,7879000000.0,1236000000.0,0.808,2.9,18279000000.0,1568000000.0,16711000000.0,18279000000.0,0.0,1971000000.0,281000000.0,0.046,2.5,1958000000.0,3929000000.0,0.315,3929000000.0,1958000000.0,1068000000.0,3.06,3.05,3.06,16536000000.0,15829750000.0,16536000000.0,37339980368.0,19.0,9.504,-5425000000.0,-14.467,1.0,4609000000.0,0.369,0.0,890000000.0,79160000000.0,76856750000.0,382000000.0,4631000000.0,0.0,4631000000.0,47955000000.0,5601000000.0,42354000000.0,19744980368.0,261000000.0,0.0,3250000000.0,3147000000.0,-865000000.0,5475000000.0,-4934000000.0,96000000.0,-280000000.0,0.0,1236000000.0,1115000000.0,1115000000.0,0.0,0.0,0.089,2884000000.0,1725000000.0,1657000000.0,0.817,1.194,17.709,17.748,46216000000.0,121000000.0,54.31,1.581,1.631,2364000000.0,9575000000.0,12488000000.0,12488000000.0,0.0,0.017,0.07,0.025,0.157,0.0,0.0,1.0,363560677.0,375000000,376000000.0,33.301,66736000000.0,122000000.0,-168000000.0,6708000000.0,177.963,-1073000000.0
5,EIX,MRT,2020-03-31,2020-03-31,2020-03-31,2021-07-29,-37000000.0,65071000000.0,63050750000.0,4037000000.0,61034000000.0,0.195,43.529,-5060000000.0,451000000.0,451000000.0,7779000000.0,1310000000.0,0.783,2.976,18046000000.0,1449000000.0,16597000000.0,18046000000.0,0.0,1806000000.0,298000000.0,0.046,2.5,1932000000.0,3738000000.0,0.304,3738000000.0,1932000000.0,1060000000.0,3.41,3.4,3.41,15801000000.0,15007500000.0,15801000000.0,36291214409.0,19.0,9.709,-5262000000.0,-14.496,1.0,4534000000.0,0.368,0.0,872000000.0,77508000000.0,74611750000.0,363000000.0,4373000000.0,51000000.0,4322000000.0,47025000000.0,5158000000.0,41867000000.0,19865214409.0,953000000.0,0.0,2443000000.0,4587000000.0,-836000000.0,6125000000.0,-4970000000.0,19000000.0,-202000000.0,0.0,1310000000.0,1189000000.0,1189000000.0,0.0,0.0,0.097,2809000000.0,1725000000.0,1454000000.0,0.733,1.257,16.707,16.067,45494000000.0,121000000.0,54.79,1.613,1.615,1997000000.0,9463000000.0,12313000000.0,12313000000.0,0.0,0.019,0.079,0.026,0.157,0.0,0.0,1.0,362570075.0,363000000,364000000.0,33.92,65071000000.0,158000000.0,-250000000.0,6559000000.0,179.259,-1121000000.0
6,EIX,MRT,2019-12-31,2019-12-31,2019-12-31,2021-07-29,-39000000.0,64273000000.0,61481250000.0,3530000000.0,60743000000.0,0.201,45.829,-4866000000.0,24000000.0,24000000.0,7857000000.0,1405000000.0,0.698,2.981,16450000000.0,708000000.0,15742000000.0,16450000000.0,0.0,1803000000.0,302000000.0,0.033,2.475,1968000000.0,3771000000.0,0.305,3771000000.0,1968000000.0,1127000000.0,3.78,3.77,3.78,15582000000.0,13688750000.0,15582000000.0,42865111590.0,22.0,11.367,-5173000000.0,-15.215,1.0,4490000000.0,0.364,0.0,841000000.0,75640000000.0,72914000000.0,364000000.0,4608000000.0,0.0,4608000000.0,46446000000.0,5059000000.0,41387000000.0,27042111590.0,-82000000.0,0.0,2391000000.0,3442000000.0,-810000000.0,4903000000.0,-4678000000.0,106000000.0,-307000000.0,0.0,1405000000.0,1284000000.0,1284000000.0,0.0,0.0,0.104,2715000000.0,1775000000.0,1779000000.0,0.655,1.735,21.061,19.95,44970000000.0,121000000.0,75.41,2.19,2.077,2980000000.0,9514000000.0,12347000000.0,12347000000.0,0.0,0.021,0.094,0.027,0.159,0.0,0.0,1.0,358601135.0,340000000,341000000.0,36.315,64273000000.0,148000000.0,-278000000.0,6451000000.0,189.038,-1529000000.0
7,EIX,MRT,2019-09-30,2019-09-30,2019-09-30,2021-07-29,-25000000.0,63622000000.0,59556500000.0,4179000000.0,59443000000.0,0.208,44.38,-4758000000.0,86000000.0,86000000.0,7890000000.0,-168000000.0,0.966,2.986,15909000000.0,169000000.0,15740000000.0,15909000000.0,0.0,1617000000.0,302000000.0,0.032,2.45,-347000000.0,1270000000.0,0.103,1270000000.0,-347000000.0,-1162000000.0,-0.98,-0.98,-0.98,15400000000.0,12678250000.0,15400000000.0,39522681157.0,-114.0,31.12,-4669000000.0,-13.455,1.0,4496000000.0,0.363,0.0,815000000.0,75119000000.0,70278500000.0,348000000.0,4602000000.0,49000000.0,4553000000.0,45977000000.0,4326000000.0,41651000000.0,24572681157.0,469000000.0,-78000000.0,2196000000.0,3716000000.0,-791000000.0,4951000000.0,-4571000000.0,137000000.0,89000000.0,0.0,-168000000.0,-289000000.0,-289000000.0,-34000000.0,0.0,-0.023,5049000000.0,-553000000.0,1663000000.0,-2.5,1.596,-85.027,-76.959,43932000000.0,121000000.0,75.42,1.984,2.113,1725000000.0,9520000000.0,12386000000.0,12386000000.0,0.0,-0.005,-0.023,-0.005,-0.028,0.0,0.0,1.0,325811206.0,347000000,349000000.0,35.695,63622000000.0,131000000.0,-994000000.0,6360000000.0,183.349,-147000000.0
8,EIX,MRT,2019-06-30,2019-06-30,2019-06-30,2021-07-29,-26000000.0,59237000000.0,57041750000.0,3761000000.0,55476000000.0,0.226,40.635,-4582000000.0,26000000.0,26000000.0,8388000000.0,-126000000.0,0.939,3.302,14976000000.0,399000000.0,14577000000.0,14976000000.0,0.0,1703000000.0,302000000.0,0.027,1.83,-226000000.0,1477000000.0,0.114,1477000000.0,-226000000.0,-1015000000.0,-0.77,-0.76,-0.77,13247000000.0,11852250000.0,13247000000.0,39261933396.0,-174.0,26.582,-2024000000.0,-6.209,1.0,4526000000.0,0.35,0.0,789000000.0,70180000000.0,67394750000.0,331000000.0,4543000000.0,55000000.0,4488000000.0,43745000000.0,4007000000.0,39738000000.0,21962933396.0,158000000.0,-78000000.0,16000000.0,2931000000.0,-793000000.0,1987000000.0,-4387000000.0,108000000.0,2558000000.0,0.0,-126000000.0,-247000000.0,-247000000.0,-34000000.0,0.0,-0.019,4976000000.0,-450000000.0,1577000000.0,-2.377,1.658,-88.919,-87.545,43148000000.0,121000000.0,67.41,1.701,1.702,1342000000.0,9219000000.0,12914000000.0,12914000000.0,0.0,-0.004,-0.021,-0.003,-0.018,0.0,0.0,1.0,325811206.0,326000000,327000000.0,39.613,59237000000.0,211000000.0,-889000000.0,6184000000.0,181.709,-246000000.0
9,EIX,MRT,2019-03-31,2019-03-31,2019-03-31,2021-07-29,-58000000.0,58793000000.0,55437500000.0,3999000000.0,54794000000.0,0.233,32.288,-4443000000.0,328000000.0,328000000.0,8489000000.0,-250000000.0,0.744,4.377,17627000000.0,1168000000.0,16459000000.0,17627000000.0,0.0,1959000000.0,303000000.0,0.039,2.435,-304000000.0,1655000000.0,0.128,1655000000.0,-304000000.0,-1062000000.0,-1.12,-1.12,-1.12,10526000000.0,11485250000.0,10526000000.0,35461229876.0,-117.0,21.427,-1915000000.0,-5.874,1.0,4428000000.0,0.343,0.0,758000000.0,70717000000.0,65455500000.0,312000000.0,4468000000.0,101000000.0,4367000000.0,46074000000.0,5375000000.0,40699000000.0,20174229876.0,279000000.0,0.0,20000000.0,2750000000.0,-791000000.0,1836000000.0,-4128000000.0,158000000.0,2528000000.0,0.0,-242000000.0,-363000000.0,-363000000.0,-34000000.0,-8000000.0,-0.028,4958000000.0,-530000000.0,1366000000.0,-2.174,1.917,-55.576,-55.286,42697000000.0,121000000.0,61.92,1.562,1.563,1175000000.0,8034000000.0,12917000000.0,12917000000.0,0.0,-0.007,-0.032,-0.005,-0.024,0.0,0.0,1.0,325811206.0,326000000,327000000.0,39.623,58793000000.0,192000000.0,-820000000.0,4789000000.0,180.347,-1376000000.0
10,EIX,MRT,2018-12-31,2018-12-31,2018-12-31,2021-07-29,-23000000.0,56574000000.0,53725000000.0,3325000000.0,53249000000.0,0.236,35.399,-4506000000.0,21000000.0,21000000.0,8203000000.0,-316000000.0,0.646,3.708,13691000000.0,799000000.0,12892000000.0,13691000000.0,0.0,1940000000.0,299000000.0,0.043,2.428,-307000000.0,1633000000.0,0.129,1633000000.0,-307000000.0,-1041000000.0,-1.3,-1.3,-1.3,11540000000.0,11777750000.0,11540000000.0,33236302165.0,-108.0,20.353,-1329000000.0,-4.077,1.0,4454000000.0,0.352,0.0,734000000.0,65098000000.0,63053000000.0,282000000.0,4336000000.0,171000000.0,4165000000.0,42789000000.0,5146000000.0,37643000000.0,18496302165.0,-980000000.0,0.0,0.0,972000000.0,-788000000.0,82000000.0,-4239000000.0,109000000.0,3177000000.0,0.0,-302000000.0,-423000000.0,-423000000.0,-34000000.0,-14000000.0,-0.033,5006000000.0,-552000000.0,1519000000.0,-1.868,1.603,-43.726,-43.669,41344000000.0,121000000.0,56.77,1.461,1.462,2193000000.0,8715000000.0,12657000000.0,12657000000.0,0.0,-0.008,-0.036,-0.005,-0.024,0.0,0.0,1.0,325811206.0,326000000,326000000.0,38.825,56574000000.0,312000000.0,-739000000.0,5898000000.0,173.54,-1821000000.0
11,EIX,MRT,2018-09-30,2018-09-30,2018-09-30,2021-07-29,-42000000.0,53563000000.0,52726500000.0,3383000000.0,50180000000.0,0.244,37.104,-4411000000.0,71000000.0,71000000.0,8356000000.0,550000000.0,0.717,3.247,14811000000.0,182000000.0,14629000000.0,14811000000.0,0.0,2163000000.0,297000000.0,0.036,2.42,1694000000.0,3857000000.0,0.3,3857000000.0,1694000000.0,990000000.0,1.41,1.42,1.41,12096000000.0,11810500000.0,12096000000.0,36575902422.0,22.0,9.483,-1241000000.0,-3.807,1.0,4512000000.0,0.351,0.0,704000000.0,63584000000.0,61512750000.0,261000000.0,4466000000.0,77000000.0,4389000000.0,39274000000.0,4719000000.0,34555000000.0,22050902422.0,-54000000.0,78000000.0,34000000.0,1734000000.0,-768000000.0,872000000.0,-4096000000.0,166000000.0,3170000000.0,0.0,583000000.0,462000000.0,462000000.0,0.0,-33000000.0,0.036,3061000000.0,1451000000.0,1288000000.0,1.716,1.823,47.729,48.0,40412000000.0,121000000.0,67.68,1.714,1.715,1549000000.0,9597000000.0,12868000000.0,12868000000.0,0.0,0.009,0.039,0.028,0.132,0.0,0.0,1.0,325811206.0,326000000,327000000.0,39.472,53563000000.0,167000000.0,407000000.0,5145000000.0,164.304,-1336000000.0
12,EIX,MRT,2018-06-30,2018-06-30,2018-06-30,2021-07-29,-44000000.0,52820000000.0,52733750000.0,3257000000.0,49563000000.0,0.233,36.132,-4244000000.0,99000000.0,99000000.0,7880000000.0,507000000.0,0.662,3.298,14624000000.0,779000000.0,13845000000.0,14624000000.0,0.0,2141000000.0,291000000.0,0.037,2.358,1474000000.0,3615000000.0,0.295,3615000000.0,1474000000.0,796000000.0,1.28,1.28,1.28,11779000000.0,11890500000.0,11779000000.0,34425075004.0,23.0,9.523,-868000000.0,-2.663,1.0,4391000000.0,0.358,0.0,678000000.0,62423000000.0,60915500000.0,252000000.0,4463000000.0,85000000.0,4378000000.0,38848000000.0,4922000000.0,33926000000.0,20614075004.0,-6000000.0,78000000.0,39000000.0,1866000000.0,-747000000.0,530000000.0,-3912000000.0,197000000.0,3376000000.0,0.0,541000000.0,419000000.0,419000000.0,0.0,-34000000.0,0.034,3126000000.0,1265000000.0,1255000000.0,1.842,1.75,49.198,49.43,39831000000.0,122000000.0,63.27,1.68,1.681,1420000000.0,9286000000.0,12271000000.0,12271000000.0,0.0,0.008,0.035,0.024,0.12,0.0,0.0,1.0,325811206.0,326000000,327000000.0,37.641,52820000000.0,132000000.0,255000000.0,4800000000.0,162.025,-1665000000.0
13,EIX,MRT,2018-03-31,2018-03-31,2018-03-31,2021-07-29,-46000000.0,51943000000.0,52607250000.0,2992000000.0,48951000000.0,0.236,35.877,-4037000000.0,105000000.0,105000000.0,7930000000.0,518000000.0,0.644,3.254,13916000000.0,549000000.0,13367000000.0,13916000000.0,0.0,2074000000.0,287000000.0,0.036,2.296,1491000000.0,3565000000.0,0.287,3565000000.0,1491000000.0,834000000.0,1.28,1.29,1.28,11696000000.0,12064500000.0,11696000000.0,34166141374.0,23.0,9.584,-465000000.0,-1.426,1.0,4491000000.0,0.362,0.0,657000000.0,61107000000.0,60291250000.0,247000000.0,4507000000.0,92000000.0,4415000000.0,38054000000.0,4647000000.0,33407000000.0,20741141374.0,-63000000.0,0.0,43000000.0,1042000000.0,-727000000.0,150000000.0,-3742000000.0,222000000.0,3572000000.0,0.0,544000000.0,421000000.0,421000000.0,0.0,-26000000.0,0.034,3176000000.0,1315000000.0,1033000000.0,1.794,1.773,49.266,49.734,39235000000.0,123000000.0,63.66,1.67,1.671,1139000000.0,9211000000.0,12421000000.0,12421000000.0,0.0,0.008,0.035,0.025,0.12,0.0,0.0,1.0,325811206.0,326000000,327000000.0,38.101,51943000000.0,132000000.0,290000000.0,4777000000.0,159.334,-1655000000.0
14,EIX,MRT,2017-12-31,2017-12-31,2017-12-31,2021-07-29,-43000000.0,52580000000.0,52556500000.0,3729000000.0,48851000000.0,0.234,35.801,-3844000000.0,1091000000.0,1091000000.0,7717000000.0,668000000.0,0.528,3.315,14516000000.0,2874000000.0,11642000000.0,14516000000.0,0.0,2115000000.0,281000000.0,0.035,2.234,1609000000.0,3724000000.0,0.302,3724000000.0,1609000000.0,970000000.0,1.73,1.72,1.73,11671000000.0,12153250000.0,11671000000.0,33616300667.0,21.0,9.027,-247000000.0,-0.758,1.0,4603000000.0,0.374,0.0,639000000.0,58937000000.0,60042500000.0,242000000.0,4618000000.0,105000000.0,4513000000.0,38695000000.0,7068000000.0,31627000000.0,20604300667.0,1018000000.0,0.0,215000000.0,2032000000.0,-707000000.0,1007000000.0,-3586000000.0,197000000.0,3597000000.0,0.0,689000000.0,565000000.0,565000000.0,0.0,-21000000.0,0.046,3147000000.0,1456000000.0,1503000000.0,1.291,1.765,36.468,36.555,39050000000.0,124000000.0,63.24,1.672,1.673,929000000.0,9188000000.0,12320000000.0,12320000000.0,0.0,0.011,0.046,0.027,0.131,0.0,0.0,1.0,325811206.0,326000000,328000000.0,37.791,52580000000.0,224000000.0,281000000.0,4590000000.0,161.288,-3339000000.0
15,EIX,MRT,2017-09-30,2017-09-30,2017-09-30,2021-07-29,-48000000.0,53592000000.0,52241250000.0,2758000000.0,50834000000.0,0.229,38.086,-3650000000.0,117000000.0,117000000.0,7532000000.0,1562000000.0,0.51,3.139,13129000000.0,1491000000.0,11638000000.0,13129000000.0,0.0,2114000000.0,276000000.0,0.028,2.172,2185000000.0,4299000000.0,0.359,4299000000.0,2185000000.0,1562000000.0,4.41,4.37,4.41,12416000000.0,12234500000.0,12416000000.0,36346850767.0,17.0,8.455,-200000000.0,-0.613,1.0,4452000000.0,0.371,0.0,623000000.0,61195000000.0,59751750000.0,229000000.0,4523000000.0,36000000.0,4487000000.0,38969000000.0,5409000000.0,33560000000.0,25142850767.0,42000000.0,0.0,234000000.0,1067000000.0,-687000000.0,21000000.0,-3429000000.0,137000000.0,3450000000.0,0.0,1564000000.0,1439000000.0,1439000000.0,-1000000.0,-2000000.0,0.12,2421000000.0,2031000000.0,1104000000.0,0.493,2.025,17.472,17.499,37961000000.0,125000000.0,77.17,2.098,2.099,1457000000.0,9944000000.0,11984000000.0,11984000000.0,0.0,0.028,0.118,0.037,0.182,0.0,0.0,1.0,325811206.0,326000000,328000000.0,36.761,53592000000.0,179000000.0,-2000000.0,9231000000.0,164.393,-2651000000.0
16,EIX,MRT,2017-06-30,2017-06-30,2017-06-30,2021-07-29,-18000000.0,52314000000.0,51732500000.0,2453000000.0,49861000000.0,0.233,38.267,-3680000000.0,39000000.0,39000000.0,7487000000.0,1512000000.0,0.683,2.975,11243000000.0,398000000.0,10845000000.0,11243000000.0,0.0,2121000000.0,275000000.0,0.027,2.109,2309000000.0,4430000000.0,0.367,4430000000.0,2309000000.0,1701000000.0,4.26,4.21,4.26,12475000000.0,12084000000.0,12475000000.0,38263178197.0,17.0,8.637,-420000000.0,-1.288,1.0,4592000000.0,0.38,0.0,608000000.0,59926000000.0,58997000000.0,232000000.0,4502000000.0,58000000.0,4444000000.0,37119000000.0,3592000000.0,33527000000.0,25475178197.0,-5000000.0,0.0,320000000.0,665000000.0,-667000000.0,119000000.0,-3384000000.0,108000000.0,3260000000.0,0.0,1514000000.0,1390000000.0,1390000000.0,-1000000.0,-2000000.0,0.115,2419000000.0,2173000000.0,1103000000.0,0.495,2.042,18.327,18.354,37341000000.0,124000000.0,78.19,2.109,2.11,1215000000.0,9674000000.0,12079000000.0,12079000000.0,0.0,0.027,0.115,0.039,0.191,0.0,0.0,1.0,325811206.0,326000000,329000000.0,37.052,52314000000.0,0.0,187000000.0,10499000000.0,160.472,-1139000000.0
17,EIX,MRT,2017-03-31,2017-03-31,2017-03-31,2021-07-29,-49000000.0,51740000000.0,51453250000.0,2046000000.0,49694000000.0,0.231,36.966,-3742000000.0,150000000.0,150000000.0,7391000000.0,1511000000.0,0.463,3.111,12938000000.0,1276000000.0,11662000000.0,12938000000.0,0.0,2119000000.0,272000000.0,0.026,2.046,2219000000.0,4338000000.0,0.365,4338000000.0,2219000000.0,1626000000.0,4.27,4.21,4.27,12051000000.0,11854500000.0,12051000000.0,38304830110.0,17.0,8.83,-459000000.0,-1.408,1.0,4500000000.0,0.378,0.0,593000000.0,60112000000.0,58585000000.0,237000000.0,4510000000.0,69000000.0,4441000000.0,37491000000.0,4416000000.0,33075000000.0,25937830110.0,25000000.0,0.0,309000000.0,1234000000.0,-647000000.0,252000000.0,-3510000000.0,72000000.0,3283000000.0,0.0,1516000000.0,1392000000.0,1392000000.0,1000000.0,-5000000.0,0.117,2416000000.0,2084000000.0,844000000.0,0.479,2.152,18.633,18.644,37168000000.0,124000000.0,79.61,2.181,2.183,954000000.0,9590000000.0,11891000000.0,11891000000.0,0.0,0.027,0.117,0.038,0.187,0.0,0.0,1.0,325811206.0,326000000,329000000.0,36.475,51740000000.0,0.0,110000000.0,8609000000.0,158.712,-2370000000.0
18,EIX,MRT,2016-12-31,2016-12-31,2016-12-31,2021-07-29,-53000000.0,51319000000.0,51133000000.0,2123000000.0,49196000000.0,0.232,36.798,-3749000000.0,96000000.0,96000000.0,7425000000.0,1425000000.0,0.359,3.095,12463000000.0,2288000000.0,10175000000.0,12463000000.0,0.0,2098000000.0,269000000.0,0.028,1.983,2192000000.0,4290000000.0,0.361,4290000000.0,2192000000.0,1611000000.0,4.02,3.97,4.02,11996000000.0,11701500000.0,11996000000.0,35416148720.0,16.0,8.256,-495000000.0,-1.518,1.0,4444000000.0,0.374,0.0,581000000.0,57774000000.0,58054500000.0,239000000.0,4398000000.0,73000000.0,4325000000.0,37127000000.0,5912000000.0,31215000000.0,23455148720.0,-54000000.0,0.0,135000000.0,788000000.0,-626000000.0,95000000.0,-3403000000.0,179000000.0,3254000000.0,0.0,1434000000.0,1311000000.0,1311000000.0,0.0,-9000000.0,0.11,2382000000.0,2062000000.0,1342000000.0,0.493,1.955,17.891,17.908,37000000000.0,123000000.0,71.99,1.976,1.977,1084000000.0,9544000000.0,11869000000.0,11869000000.0,0.0,0.026,0.112,0.038,0.185,0.0,0.0,1.0,325811206.0,326000000,330000000.0,36.408,51319000000.0,1000000.0,177000000.0,8377000000.0,157.42,-3789000000.0
19,EIX,MRT,2016-09-30,2016-09-30,2016-09-30,2021-07-29,-51000000.0,51557000000.0,50860500000.0,2605000000.0,48952000000.0,0.223,36.239,-3864000000.0,84000000.0,84000000.0,7116000000.0,1010000000.0,0.488,3.179,12045000000.0,1638000000.0,10407000000.0,12045000000.0,0.0,2065000000.0,264000000.0,0.027,1.92,1978000000.0,4043000000.0,0.357,4043000000.0,1978000000.0,1412000000.0,2.77,2.73,2.77,11814000000.0,11544500000.0,11814000000.0,35769859634.0,18.0,8.847,314000000.0,0.963,1.0,4209000000.0,0.372,0.0,566000000.0,58176000000.0,57864500000.0,310000000.0,4579000000.0,60000000.0,4519000000.0,37552000000.0,5342000000.0,32210000000.0,23539859634.0,-50000000.0,0.0,230000000.0,-82000000.0,-605000000.0,-716000000.0,-3512000000.0,291000000.0,4178000000.0,0.0,1024000000.0,903000000.0,903000000.0,44000000.0,-14000000.0,0.08,2347000000.0,1862000000.0,1180000000.0,0.693,1.993,26.069,26.083,36231000000.0,121000000.0,72.25,2.079,2.08,1569000000.0,9362000000.0,11325000000.0,11325000000.0,0.0,0.018,0.078,0.034,0.175,0.0,0.0,1.0,325811206.0,326000000,330000000.0,34.739,51557000000.0,0.0,388000000.0,8307000000.0,158.15,-2737000000.0
20,EIX,MRT,2016-06-30,2016-06-30,2016-06-30,2021-07-29,-53000000.0,51197000000.0,50676750000.0,2659000000.0,48538000000.0,0.223,35.451,-3856000000.0,111000000.0,111000000.0,7222000000.0,1007000000.0,0.516,3.24,12341000000.0,1496000000.0,10845000000.0,12341000000.0,0.0,2043000000.0,257000000.0,0.024,1.857,1928000000.0,3971000000.0,0.351,3971000000.0,1928000000.0,1371000000.0,2.77,2.74,2.77,11557000000.0,11554500000.0,11557000000.0,37069756370.0,19.0,9.335,317000000.0,0.972,1.0,4099000000.0,0.362,0.0,557000000.0,58278000000.0,57653000000.0,308000000.0,4681000000.0,65000000.0,4616000000.0,37449000000.0,5149000000.0,32300000000.0,25305756370.0,-28000000.0,0.0,128000000.0,-271000000.0,-585000000.0,-862000000.0,-3339000000.0,566000000.0,4173000000.0,0.0,1021000000.0,903000000.0,903000000.0,1000000.0,-14000000.0,0.08,2324000000.0,1775000000.0,1166000000.0,0.67,2.19,28.024,28.04,35777000000.0,118000000.0,77.67,2.235,2.237,1483000000.0,9111000000.0,11321000000.0,11321000000.0,0.0,0.018,0.078,0.033,0.17,0.0,0.0,1.0,325811206.0,326000000,330000000.0,34.727,51197000000.0,0.0,350000000.0,7966000000.0,157.046,-2490000000.0
21,EIX,MRT,2016-03-31,2016-03-31,2016-03-31,2021-07-29,-54000000.0,50459000000.0,50550750000.0,2427000000.0,48032000000.0,0.227,35.089,-3908000000.0,137000000.0,137000000.0,7258000000.0,1105000000.0,0.573,3.219,11901000000.0,658000000.0,11243000000.0,11901000000.0,0.0,2019000000.0,253000000.0,0.025,1.794,2075000000.0,4094000000.0,0.357,4094000000.0,2075000000.0,1524000000.0,3.07,3.04,3.07,11439000000.0,11564750000.0,11439000000.0,35215567599.0,17.0,8.602,492000000.0,1.509,1.0,4194000000.0,0.366,0.0,551000000.0,57990000000.0,57545750000.0,268000000.0,4641000000.0,65000000.0,4576000000.0,36824000000.0,4233000000.0,32591000000.0,23422567599.0,22000000.0,0.0,128000000.0,-402000000.0,-564000000.0,-946000000.0,-3432000000.0,516000000.0,4400000000.0,0.0,1117000000.0,1002000000.0,1002000000.0,-1000000.0,-12000000.0,0.087,2276000000.0,1918000000.0,938000000.0,0.584,2.048,23.376,23.417,35464000000.0,115000000.0,71.89,2.045,2.046,1161000000.0,9002000000.0,11452000000.0,11452000000.0,0.0,0.02,0.087,0.036,0.181,0.0,0.0,1.0,325811206.0,326000000,329000000.0,35.129,50459000000.0,0.0,407000000.0,7838000000.0,154.782,-1806000000.0
22,EIX,MRT,2015-12-31,2015-12-31,2015-12-31,2021-07-29,-56000000.0,50229000000.0,50429250000.0,2654000000.0,47575000000.0,0.229,34.871,-4225000000.0,161000000.0,161000000.0,7256000000.0,1117000000.0,0.539,3.24,11873000000.0,990000000.0,10883000000.0,11873000000.0,0.0,2005000000.0,242000000.0,0.029,1.731,2174000000.0,4179000000.0,0.363,4179000000.0,2174000000.0,1619000000.0,3.13,3.1,3.13,11368000000.0,11545500000.0,11368000000.0,30285281507.0,14.0,7.247,284000000.0,0.871,1.0,4268000000.0,0.37,0.0,555000000.0,57014000000.0,57304500000.0,267000000.0,4697000000.0,79000000.0,4618000000.0,36835000000.0,4927000000.0,31908000000.0,19291281507.0,29000000.0,0.0,128000000.0,86000000.0,-544000000.0,-588000000.0,-3892000000.0,374000000.0,4509000000.0,0.0,1133000000.0,1020000000.0,1020000000.0,0.0,-16000000.0,0.089,2260000000.0,2008000000.0,1310000000.0,0.553,1.697,18.913,18.917,35085000000.0,113000000.0,59.21,1.674,1.675,1336000000.0,8940000000.0,11524000000.0,11524000000.0,0.0,0.02,0.088,0.038,0.189,0.0,0.0,1.0,325811206.0,326000000,329000000.0,35.35,50229000000.0,0.0,486000000.0,7552000000.0,154.077,-2273000000.0
23,EIX,MRT,2015-09-30,2015-09-30,2015-09-30,2021-07-29,-25000000.0,50822000000.0,50305500000.0,3504000000.0,47318000000.0,0.244,36.362,-4184000000.0,38000000.0,38000000.0,7742000000.0,1617000000.0,0.781,3.113,11032000000.0,496000000.0,10536000000.0,11032000000.0,0.0,2018000000.0,235000000.0,0.026,1.668,2541000000.0,4559000000.0,0.371,4559000000.0,2541000000.0,1984000000.0,4.66,4.61,4.66,11854000000.0,11443500000.0,11854000000.0,32000912762.0,13.0,7.019,-130000000.0,-0.399,1.0,4556000000.0,0.37,0.0,557000000.0,57330000000.0,57089000000.0,254000000.0,4822000000.0,81000000.0,4741000000.0,36898000000.0,4486000000.0,32412000000.0,20548912762.0,-8000000.0,0.0,0.0,380000000.0,-524000000.0,-234000000.0,-3828000000.0,303000000.0,4054000000.0,0.0,1631000000.0,1519000000.0,1519000000.0,-43000000.0,-14000000.0,0.124,2193000000.0,2363000000.0,1334000000.0,0.358,1.734,13.528,13.534,34137000000.0,112000000.0,63.07,1.671,1.672,2210000000.0,9057000000.0,12298000000.0,12298000000.0,0.0,0.03,0.133,0.045,0.207,0.0,0.0,1.0,325811206.0,326000000,328000000.0,37.724,50822000000.0,0.0,353000000.0,9090000000.0,155.896,-982000000.0
24,EIX,MRT,2015-06-30,2015-06-30,2015-06-30,2021-07-29,-26000000.0,50693000000.0,49968750000.0,3514000000.0,47179000000.0,0.258,35.577,-4247000000.0,53000000.0,53000000.0,8161000000.0,1677000000.0,0.818,3.192,11505000000.0,851000000.0,10654000000.0,11505000000.0,0.0,1938000000.0,234000000.0,0.029,1.606,2741000000.0,4679000000.0,0.363,4679000000.0,2741000000.0,2181000000.0,4.84,4.79,4.84,11598000000.0,11164000000.0,11598000000.0,29192586829.0,11.0,6.239,161000000.0,0.494,1.0,4730000000.0,0.367,0.0,560000000.0,57849000000.0,56674000000.0,261000000.0,5276000000.0,79000000.0,5197000000.0,37025000000.0,4296000000.0,32729000000.0,18108586829.0,-51000000.0,0.0,0.0,350000000.0,-504000000.0,-250000000.0,-4209000000.0,-4000000.0,4408000000.0,0.0,1690000000.0,1578000000.0,1578000000.0,0.0,-13000000.0,0.122,2101000000.0,2629000000.0,1286000000.0,0.332,1.561,11.476,11.483,33664000000.0,112000000.0,55.58,1.405,1.406,1598000000.0,8826000000.0,12891000000.0,12891000000.0,0.0,0.032,0.141,0.048,0.213,0.0,0.0,1.0,325811206.0,326000000,328000000.0,39.543,50693000000.0,0.0,491000000.0,8951000000.0,155.5,-782000000.0
25,EIX,MRT,2015-03-31,2015-03-31,2015-03-31,2021-07-29,-27000000.0,49973000000.0,49511500000.0,3332000000.0,46641000000.0,0.263,34.853,-4234000000.0,36000000.0,36000000.0,8294000000.0,1837000000.0,0.826,3.216,11120000000.0,597000000.0,10523000000.0,11120000000.0,0.0,1868000000.0,228000000.0,0.025,1.544,2979000000.0,4847000000.0,0.373,4847000000.0,2979000000.0,2418000000.0,5.32,5.27,5.32,11362000000.0,10859750000.0,11362000000.0,30906426039.0,10.0,6.376,-587000000.0,-1.801,1.0,4705000000.0,0.362,0.0,561000000.0,57025000000.0,55956750000.0,282000000.0,5366000000.0,94000000.0,5272000000.0,36541000000.0,4032000000.0,32509000000.0,20353426039.0,-34000000.0,0.0,0.0,1081000000.0,-483000000.0,478000000.0,-4159000000.0,21000000.0,3647000000.0,0.0,1849000000.0,1735000000.0,1735000000.0,-184000000.0,-12000000.0,0.133,2025000000.0,2680000000.0,1211000000.0,0.29,1.791,11.731,11.742,33318000000.0,114000000.0,62.47,1.566,1.567,1368000000.0,8590000000.0,12999000000.0,12999000000.0,0.0,0.035,0.16,0.053,0.229,0.0,0.0,1.0,325811206.0,326000000,329000000.0,39.874,49973000000.0,0.0,569000000.0,8801000000.0,153.291,-700000000.0
26,EIX,MRT,2014-12-31,2014-12-31,2014-12-31,2021-07-29,-58000000.0,49734000000.0,48865250000.0,3567000000.0,46167000000.0,0.274,33.62,-3906000000.0,132000000.0,132000000.0,8742000000.0,1721000000.0,0.651,3.353,12029000000.0,1795000000.0,10234000000.0,12029000000.0,0.0,1815000000.0,221000000.0,0.023,1.482,2727000000.0,4542000000.0,0.339,4542000000.0,2727000000.0,2167000000.0,4.95,4.89,4.95,10960000000.0,10514000000.0,10960000000.0,33378117769.0,12.0,7.349,-658000000.0,-2.018,1.0,4671000000.0,0.348,0.0,560000000.0,56152000000.0,55130250000.0,281000000.0,5327000000.0,102000000.0,5225000000.0,36746000000.0,5479000000.0,31267000000.0,21334117769.0,-14000000.0,0.0,0.0,966000000.0,-463000000.0,645000000.0,-3907000000.0,-44000000.0,3248000000.0,0.0,1724000000.0,1612000000.0,1612000000.0,0.0,-3000000.0,0.12,2199000000.0,2472000000.0,1580000000.0,0.299,1.947,13.235,13.228,32981000000.0,112000000.0,65.48,1.591,1.591,1422000000.0,8573000000.0,13413000000.0,13413000000.0,0.0,0.033,0.153,0.049,0.203,0.0,0.0,1.0,325811206.0,326000000,329000000.0,41.144,49734000000.0,0.0,443000000.0,6942000000.0,152.558,-1912000000.0
27,EIX,MRT,2014-09-30,2014-09-30,2014-09-30,2021-07-29,-23000000.0,49475000000.0,47944250000.0,4498000000.0,44977000000.0,0.276,32.933,-3694000000.0,142000000.0,142000000.0,8544000000.0,1602000000.0,0.769,3.42,12186000000.0,2053000000.0,10133000000.0,12186000000.0,0.0,1784000000.0,214000000.0,0.025,1.42,2519000000.0,4303000000.0,0.325,4303000000.0,2519000000.0,1956000000.0,4.58,4.54,4.58,10736000000.0,10359750000.0,10736000000.0,30108362640.0,12.0,6.997,-770000000.0,-2.362,1.0,4697000000.0,0.355,0.0,563000000.0,55670000000.0,54041000000.0,275000000.0,5293000000.0,103000000.0,5190000000.0,36717000000.0,5849000000.0,30868000000.0,18219362640.0,-468000000.0,0.0,0.0,571000000.0,-457000000.0,211000000.0,-3603000000.0,-103000000.0,2924000000.0,0.0,1602000000.0,1493000000.0,1493000000.0,-184000000.0,0.0,0.113,2414000000.0,2283000000.0,1455000000.0,0.31,1.697,12.203,12.21,32021000000.0,109000000.0,55.92,1.376,1.377,2216000000.0,8314000000.0,13241000000.0,13241000000.0,0.0,0.031,0.144,0.047,0.19,0.0,0.0,1.0,325811206.0,326000000,329000000.0,40.617,49475000000.0,125000000.0,354000000.0,6953000000.0,151.764,-1351000000.0
28,EIX,MRT,2014-06-30,2014-06-30,2014-06-30,2021-07-29,-13000000.0,48864000000.0,47250000000.0,4551000000.0,44313000000.0,0.272,31.844,-3621000000.0,190000000.0,190000000.0,8339000000.0,1557000000.0,0.788,3.512,12079000000.0,2153000000.0,9926000000.0,12079000000.0,0.0,1728000000.0,209000000.0,0.024,1.402,2427000000.0,4155000000.0,0.323,4155000000.0,2427000000.0,1868000000.0,4.45,4.42,4.45,10381000000.0,10098000000.0,10381000000.0,29820889181.0,12.0,7.177,-1307000000.0,-4.009,1.0,4506000000.0,0.351,0.0,559000000.0,54980000000.0,53088500000.0,277000000.0,5252000000.0,93000000.0,5159000000.0,36461000000.0,5773000000.0,30688000000.0,18932889181.0,42000000.0,0.0,0.0,1550000000.0,-451000000.0,1203000000.0,-3475000000.0,-14000000.0,2314000000.0,0.0,1557000000.0,1451000000.0,1451000000.0,-184000000.0,0.0,0.113,2308000000.0,2198000000.0,1306000000.0,0.315,1.824,13.048,13.058,31364000000.0,106000000.0,58.11,1.474,1.475,1904000000.0,7960000000.0,12845000000.0,12845000000.0,0.0,0.031,0.144,0.046,0.189,0.0,0.0,1.0,325811206.0,326000000,329000000.0,39.402,48864000000.0,389000000.0,311000000.0,6836000000.0,149.89,-1222000000.0
29,EIX,MRT,2014-03-31,2014-03-31,2014-03-31,2021-07-29,-11000000.0,47388000000.0,46290750000.0,3520000000.0,43868000000.0,0.278,30.61,-3560000000.0,149000000.0,149000000.0,8509000000.0,921000000.0,0.772,3.546,11037000000.0,1212000000.0,9825000000.0,11037000000.0,0.0,1714000000.0,204000000.0,0.024,1.385,1599000000.0,3313000000.0,0.257,3313000000.0,1599000000.0,1046000000.0,2.52,2.5,2.52,9979000000.0,9841500000.0,9979000000.0,28933172372.0,18.0,8.733,-534000000.0,-1.638,1.0,4366000000.0,0.339,0.0,553000000.0,53719000000.0,51962000000.0,268000000.0,5159000000.0,112000000.0,5047000000.0,35386000000.0,4557000000.0,30829000000.0,18444172372.0,34000000.0,0.0,0.0,943000000.0,-446000000.0,608000000.0,-3600000000.0,-168000000.0,3026000000.0,0.0,921000000.0,821000000.0,821000000.0,0.0,0.0,0.064,2814000000.0,1552000000.0,1116000000.0,0.55,1.848,22.465,22.464,30817000000.0,100000000.0,56.61,1.433,1.433,1301000000.0,7573000000.0,12875000000.0,12875000000.0,0.0,0.018,0.083,0.031,0.124,0.0,0.0,1.0,325811206.0,326000000,329000000.0,39.494,47388000000.0,369000000.0,125000000.0,7860000000.0,145.362,-1037000000.0
30,EIX,MRT,2013-12-31,2013-12-31,2013-12-31,2021-07-29,-11000000.0,46050000000.0,45732500000.0,3075000000.0,42975000000.0,0.275,31.727,-3599000000.0,54000000.0,54000000.0,8364000000.0,1015000000.0,0.699,3.279,10197000000.0,775000000.0,9422000000.0,10197000000.0,0.0,1696000000.0,201000000.0,0.03,1.368,1801000000.0,3497000000.0,0.278,3497000000.0,1801000000.0,1257000000.0,2.81,2.78,2.81,10343000000.0,9735500000.0,10343000000.0,25636058838.0,14.0,7.331,-632000000.0,-1.939,1.0,4217000000.0,0.335,0.0,544000000.0,51795000000.0,51234750000.0,256000000.0,5007000000.0,122000000.0,4885000000.0,33912000000.0,4398000000.0,29514000000.0,15085058838.0,-24000000.0,0.0,0.0,1183000000.0,-440000000.0,581000000.0,-3572000000.0,-98000000.0,2967000000.0,0.0,1015000000.0,915000000.0,915000000.0,0.0,0.0,0.073,2502000000.0,1715000000.0,1373000000.0,0.487,1.458,16.486,16.477,30451000000.0,100000000.0,46.3,1.199,1.2,1409000000.0,7594000000.0,12581000000.0,12581000000.0,0.0,0.02,0.094,0.035,0.143,0.0,0.0,1.0,325811206.0,326000000,329000000.0,38.592,46050000000.0,303000000.0,242000000.0,7937000000.0,141.258,-1323000000.0
31,EIX,MRT,2013-09-30,2013-09-30,2013-09-30,2021-07-29,-79000000.0,46698000000.0,45318500000.0,3603000000.0,43095000000.0,0.28,29.721,-3912000000.0,610000000.0,610000000.0,8216000000.0,176000000.0,0.669,3.639,11161000000.0,1929000000.0,9232000000.0,11161000000.0,0.0,1671000000.0,199000000.0,0.029,1.35,727000000.0,2398000000.0,0.189,2398000000.0,727000000.0,195000000.0,0.23,0.22,0.23,9689000000.0,9507750000.0,9689000000.0,25341864148.0,35.0,10.568,-666000000.0,-2.043,1.0,4482000000.0,0.353,0.0,532000000.0,51860000000.0,50757500000.0,272000000.0,4787000000.0,47000000.0,4740000000.0,35256000000.0,5389000000.0,29867000000.0,15006864148.0,-525000000.0,0.0,0.0,1505000000.0,-436000000.0,901000000.0,-4672000000.0,-151000000.0,3246000000.0,0.0,176000000.0,75000000.0,75000000.0,0.0,0.0,0.006,2507000000.0,1975000000.0,1240000000.0,5.87,1.549,200.092,200.261,29809000000.0,101000000.0,46.06,1.182,1.183,1972000000.0,7371000000.0,12698000000.0,12698000000.0,0.0,0.002,0.008,0.014,0.057,-24000000.0,0.0,1.0,325811206.0,326000000,328000000.0,38.951,46698000000.0,27000000.0,19000000.0,6914000000.0,143.245,-1786000000.0
32,EIX,MRT,2013-06-30,2013-06-30,2013-06-30,2021-07-29,-82000000.0,45027000000.0,46280250000.0,3022000000.0,42005000000.0,0.269,28.696,-3858000000.0,148000000.0,148000000.0,8125000000.0,-72000000.0,0.618,3.626,10483000000.0,1653000000.0,8830000000.0,10483000000.0,0.0,1678000000.0,199000000.0,0.028,1.338,524000000.0,2202000000.0,0.177,2202000000.0,524000000.0,-2000000.0,-0.53,-0.54,-0.53,9355000000.0,9591250000.0,9355000000.0,25625067681.0,49.0,11.637,-423000000.0,-1.298,1.0,4347000000.0,0.349,0.0,526000000.0,50474000000.0,52736750000.0,267000000.0,4541000000.0,91000000.0,4450000000.0,33919000000.0,4888000000.0,29031000000.0,15691067681.0,-1027000000.0,0.0,0.0,922000000.0,-432000000.0,370000000.0,-4832000000.0,-262000000.0,3435000000.0,0.0,-72000000.0,-173000000.0,-173000000.0,0.0,0.0,-0.014,2448000000.0,1899000000.0,1288000000.0,-2.525,1.677,-90.7,-90.868,29376000000.0,101000000.0,48.16,1.258,1.259,1556000000.0,7049000000.0,12472000000.0,12472000000.0,0.0,-0.004,-0.018,0.01,0.042,-16000000.0,0.0,1.0,325811206.0,326000000,326000000.0,38.258,45027000000.0,27000000.0,70000000.0,6518000000.0,138.12,-1866000000.0
33,EIX,MRT,2013-03-31,2013-03-31,2013-03-31,2021-07-29,-87000000.0,45155000000.0,47370500000.0,2670000000.0,42485000000.0,0.255,29.31,-3939000000.0,115000000.0,115000000.0,7835000000.0,96000000.0,0.624,3.542,10049000000.0,1220000000.0,8829000000.0,10049000000.0,0.0,1660000000.0,196000000.0,0.026,1.325,894000000.0,2554000000.0,0.211,2554000000.0,894000000.0,367000000.0,-0.01,-0.03,-0.01,9555000000.0,9738750000.0,9555000000.0,25630819886.0,29.0,10.036,-776000000.0,-2.38,1.0,4244000000.0,0.351,0.0,527000000.0,50810000000.0,54725750000.0,351000000.0,4639000000.0,111000000.0,4528000000.0,33846000000.0,4279000000.0,29567000000.0,16394819886.0,-1368000000.0,0.0,0.0,456000000.0,-428000000.0,318000000.0,-4849000000.0,-164000000.0,3163000000.0,0.0,95000000.0,-5000000.0,-5000000.0,0.0,1000000.0,0.0,1854000000.0,2390000000.0,1100000000.0,-132.5,1.716,-3278.964,-5032.0,30745000000.0,100000000.0,50.32,1.357,1.358,1200000000.0,7262000000.0,12079000000.0,12079000000.0,0.0,0.0,-0.001,0.016,0.074,-8000000.0,0.0,1.0,325811206.0,326000000,329000000.0,37.052,45155000000.0,26000000.0,272000000.0,6700000000.0,138.512,-1609000000.0
34,EIX,MRT,2012-12-31,2012-12-31,2012-12-31,2021-07-29,-87000000.0,44394000000.0,48427750000.0,2672000000.0,41722000000.0,0.245,28.933,-4149000000.0,170000000.0,170000000.0,7747000000.0,-92000000.0,0.714,3.52,9406000000.0,175000000.0,9231000000.0,9406000000.0,0.0,1634000000.0,193000000.0,0.029,1.312,696000000.0,2330000000.0,0.196,2330000000.0,696000000.0,175000000.0,-0.56,-0.56,-0.56,9432000000.0,9847500000.0,9432000000.0,28229408399.0,41.0,12.116,-815000000.0,-2.5,1.0,4115000000.0,0.347,0.0,521000000.0,49886000000.0,56666750000.0,340000000.0,4448000000.0,129000000.0,4319000000.0,33203000000.0,3744000000.0,29459000000.0,14723408399.0,-1299000000.0,0.0,0.0,121000000.0,-424000000.0,650000000.0,-5283000000.0,-215000000.0,3334000000.0,0.0,-92000000.0,-183000000.0,-183000000.0,0.0,0.0,-0.015,1830000000.0,2285000000.0,1423000000.0,-2.343,1.561,-80.456,-80.696,30273000000.0,91000000.0,45.19,1.241,1.242,1312000000.0,7146000000.0,11862000000.0,11862000000.0,0.0,-0.004,-0.019,0.012,0.059,0.0,0.0,1.0,325811206.0,326000000,330000000.0,36.387,44394000000.0,0.0,267000000.0,6356000000.0,136.178,-1072000000.0
35,EIX,MRT,2012-09-30,2012-09-30,2012-09-30,2021-07-29,-168000000.0,50545000000.0,49339000000.0,4494000000.0,46051000000.0,0.204,30.745,-3639000000.0,1196000000.0,1196000000.0,6816000000.0,-398000000.0,1.051,3.844,14702000000.0,994000000.0,13708000000.0,14702000000.0,0.0,1230000000.0,193000000.0,0.028,1.3,493000000.0,1723000000.0,0.171,1723000000.0,493000000.0,217000000.0,-1.48,-1.48,-1.48,10023000000.0,10003250000.0,10023000000.0,28151314002.0,57.0,16.339,-399000000.0,-1.224,1.0,3237000000.0,0.322,0.0,276000000.0,59777000000.0,57391500000.0,508000000.0,4923000000.0,76000000.0,4847000000.0,38525000000.0,4274000000.0,34251000000.0,14886314002.0,-249000000.0,-3000000.0,0.0,501000000.0,-422000000.0,1326000000.0,-4815000000.0,-185000000.0,3240000000.0,0.0,-400000000.0,-482000000.0,-482000000.0,0.0,2000000.0,-0.048,1293000000.0,1944000000.0,1257000000.0,-0.878,1.485,-30.884,-30.872,33858000000.0,82000000.0,45.69,1.481,1.482,1954000000.0,7806000000.0,10053000000.0,10053000000.0,0.0,-0.01,-0.048,0.009,0.049,2000000.0,0.0,1.0,325811206.0,326000000,329000000.0,30.837,50545000000.0,267000000.0,617000000.0,5958000000.0,155.046,220000000.0
36,EIX,MRT,2012-06-30,2012-06-30,2012-06-30,2021-07-29,-156000000.0,49388000000.0,48620750000.0,4438000000.0,44950000000.0,0.209,30.506,-3991000000.0,1285000000.0,1285000000.0,6735000000.0,-172000000.0,1.051,3.765,14550000000.0,892000000.0,13658000000.0,14550000000.0,0.0,1288000000.0,195000000.0,0.028,1.295,795000000.0,2083000000.0,0.205,2083000000.0,795000000.0,447000000.0,-0.75,-0.76,-0.75,9945000000.0,10251250000.0,9945000000.0,27917477717.0,35.0,13.403,-147000000.0,-0.451,1.0,3406000000.0,0.336,0.0,348000000.0,58430000000.0,56380500000.0,567000000.0,4762000000.0,91000000.0,4671000000.0,37443000000.0,4223000000.0,33220000000.0,15052477717.0,230000000.0,-5000000.0,0.0,671000000.0,-420000000.0,1467000000.0,-5081000000.0,-208000000.0,3844000000.0,0.0,-174000000.0,-246000000.0,-246000000.0,0.0,2000000.0,-0.024,1390000000.0,2016000000.0,1140000000.0,-1.727,1.514,-61.189,-61.6,33243000000.0,72000000.0,46.2,1.484,1.485,1590000000.0,7730000000.0,10141000000.0,10141000000.0,0.0,-0.005,-0.024,0.014,0.078,1000000.0,0.0,1.0,325811206.0,326000000,334000000.0,31.107,49388000000.0,91000000.0,621000000.0,5583000000.0,151.497,215000000.0
37,EIX,MRT,2012-03-31,2012-03-31,2012-03-31,2021-07-29,-118000000.0,49384000000.0,48042500000.0,4715000000.0,44669000000.0,0.218,30.644,-4178000000.0,1670000000.0,1670000000.0,7061000000.0,-79000000.0,1.283,3.781,14535000000.0,404000000.0,14131000000.0,14535000000.0,0.0,1361000000.0,195000000.0,0.03,1.29,920000000.0,2281000000.0,0.218,2281000000.0,920000000.0,503000000.0,-0.44,-0.44,-0.44,9990000000.0,10446500000.0,9990000000.0,26453234367.0,29.0,11.597,-313000000.0,-0.96,1.0,3410000000.0,0.326,0.0,417000000.0,58574000000.0,55681500000.0,579000000.0,4803000000.0,90000000.0,4713000000.0,37777000000.0,3675000000.0,34102000000.0,13850234367.0,185000000.0,-5000000.0,0.0,1134000000.0,-419000000.0,1527000000.0,-5207000000.0,-202000000.0,3865000000.0,0.0,-80000000.0,-144000000.0,-144000000.0,1000000.0,1000000.0,-0.014,1434000000.0,1976000000.0,1067000000.0,-2.932,1.386,-96.182,-96.614,32680000000.0,64000000.0,42.51,1.323,1.323,1261000000.0,7783000000.0,10471000000.0,10471000000.0,0.0,-0.003,-0.014,0.017,0.088,1000000.0,0.0,1.0,325811206.0,326000000,329000000.0,32.12,49384000000.0,121000000.0,583000000.0,5886000000.0,151.485,1040000000.0
38,EIX,MRT,2011-12-31,2011-12-31,2011-12-31,2021-07-29,-139000000.0,48039000000.0,47236750000.0,4484000000.0,43555000000.0,0.224,30.844,-4122000000.0,169000000.0,169000000.0,7074000000.0,22000000.0,1.031,3.675,9263000000.0,429000000.0,8834000000.0,9263000000.0,0.0,1427000000.0,199000000.0,0.031,1.285,1075000000.0,2502000000.0,0.236,2502000000.0,1075000000.0,590000000.0,-0.11,-0.11,-0.11,10055000000.0,10618000000.0,10055000000.0,25710583928.0,24.0,10.276,-216000000.0,-0.663,1.0,3514000000.0,0.332,0.0,485000000.0,52785000000.0,54555250000.0,350000000.0,3940000000.0,65000000.0,3875000000.0,36953000000.0,4348000000.0,32605000000.0,13488583928.0,80000000.0,0.0,0.0,1197000000.0,-417000000.0,1107000000.0,-4933000000.0,-167000000.0,3906000000.0,0.0,22000000.0,-37000000.0,-37000000.0,0.0,0.0,-0.003,1453000000.0,2061000000.0,1321000000.0,-11.682,1.341,-364.556,-376.364,27644000000.0,59000000.0,41.4,1.274,1.275,1287000000.0,7834000000.0,10588000000.0,10588000000.0,0.0,-0.001,-0.003,0.02,0.102,0.0,0.0,1.0,325811206.0,326000000,329000000.0,32.479,48039000000.0,88000000.0,568000000.0,5287000000.0,147.359,136000000.0
39,EIX,MRT,2011-09-30,2011-09-30,2011-09-30,2021-07-29,-124000000.0,47672000000.0,46609500000.0,4751000000.0,42921000000.0,0.22,33.788,-4132000000.0,1399000000.0,1399000000.0,7082000000.0,1025000000.0,1.142,3.234,13621000000.0,611000000.0,13010000000.0,13621000000.0,0.0,1547000000.0,203000000.0,0.033,1.28,1982000000.0,3529000000.0,0.345,3529000000.0,1982000000.0,1458000000.0,2.97,2.96,2.97,11015000000.0,10750000000.0,11015000000.0,24903278630.0,13.0,7.057,-581000000.0,-1.782,1.0,3161000000.0,0.309,0.0,524000000.0,55733000000.0,54539250000.0,592000000.0,4484000000.0,100000000.0,4384000000.0,35626000000.0,4161000000.0,31465000000.0,12462278630.0,-625000000.0,-11000000.0,0.0,895000000.0,-416000000.0,953000000.0,-5129000000.0,-232000000.0,3551000000.0,0.0,1025000000.0,968000000.0,968000000.0,1000000.0,0.0,0.095,1439000000.0,1722000000.0,1224000000.0,0.431,1.131,12.874,12.879,32069000000.0,57000000.0,38.25,1.217,1.217,1927000000.0,8793000000.0,10243000000.0,10243000000.0,0.0,0.021,0.09,0.036,0.193,26000000.0,0.0,1.0,325811206.0,326000000,329000000.0,31.42,47672000000.0,72000000.0,433000000.0,6220000000.0,146.233,590000000.0
40,EIX,MRT,2011-06-30,2011-06-30,2011-06-30,2021-07-29,-97000000.0,47075000000.0,46083000000.0,4337000000.0,42738000000.0,0.222,32.902,-3966000000.0,956000000.0,956000000.0,7023000000.0,1107000000.0,1.117,3.293,13397000000.0,441000000.0,12956000000.0,13397000000.0,0.0,1502000000.0,208000000.0,0.033,1.275,2051000000.0,3553000000.0,0.348,3553000000.0,2051000000.0,1555000000.0,3.22,3.22,3.22,10726000000.0,10654750000.0,10726000000.0,24226184232.0,12.0,6.819,-229000000.0,-0.702,1.0,3186000000.0,0.312,0.0,496000000.0,55634000000.0,53584250000.0,589000000.0,4799000000.0,117000000.0,4682000000.0,35318000000.0,3882000000.0,31436000000.0,12625184232.0,77000000.0,-18000000.0,0.0,1225000000.0,-415000000.0,1281000000.0,-4941000000.0,-206000000.0,3737000000.0,0.0,1107000000.0,1052000000.0,1052000000.0,1000000.0,0.0,0.103,1387000000.0,1799000000.0,1110000000.0,0.396,1.177,12.001,12.034,31460000000.0,55000000.0,38.75,1.237,1.237,1637000000.0,8476000000.0,10209000000.0,10209000000.0,0.0,0.023,0.099,0.038,0.201,25000000.0,0.0,1.0,325811206.0,326000000,329000000.0,31.316,47075000000.0,356000000.0,448000000.0,5984000000.0,144.402,455000000.0
41,EIX,MRT,2011-03-31,2011-03-31,2011-03-31,2021-07-29,-77000000.0,46161000000.0,45078000000.0,4336000000.0,41825000000.0,0.221,32.748,-3962000000.0,1308000000.0,1308000000.0,6873000000.0,1273000000.0,1.174,3.227,12909000000.0,387000000.0,12522000000.0,12909000000.0,0.0,1441000000.0,211000000.0,0.035,1.27,1991000000.0,3432000000.0,0.344,3432000000.0,1991000000.0,1523000000.0,3.73,3.73,3.73,10676000000.0,10518750000.0,10676000000.0,23064432028.0,12.0,6.72,-366000000.0,-1.123,1.0,3094000000.0,0.31,0.0,468000000.0,54069000000.0,52225500000.0,586000000.0,4865000000.0,115000000.0,4750000000.0,34452000000.0,3693000000.0,30759000000.0,11921432028.0,-120000000.0,-10000000.0,0.0,1092000000.0,-412000000.0,1159000000.0,-4875000000.0,-217000000.0,3596000000.0,0.0,1273000000.0,1220000000.0,1220000000.0,-1000000.0,0.0,0.122,1324000000.0,1770000000.0,1059000000.0,0.34,1.117,9.772,9.81,30713000000.0,53000000.0,36.59,1.196,1.197,1192000000.0,8413000000.0,9967000000.0,9967000000.0,0.0,0.027,0.116,0.038,0.2,24000000.0,0.0,1.0,325811206.0,326000000,328000000.0,30.574,46161000000.0,533000000.0,250000000.0,6082000000.0,141.598,643000000.0
42,EIX,MRT,2010-12-31,2010-12-31,2010-12-31,2021-07-29,-76000000.0,45530000000.0,44127000000.0,4422000000.0,41108000000.0,0.227,32.463,-3780000000.0,1391000000.0,1391000000.0,6901000000.0,1308000000.0,1.119,3.216,12534000000.0,163000000.0,12371000000.0,12534000000.0,0.0,1380000000.0,217000000.0,0.033,1.265,2083000000.0,3463000000.0,0.346,3463000000.0,2083000000.0,1643000000.0,3.84,3.82,3.84,10583000000.0,10367000000.0,10583000000.0,22810312552.0,11.0,6.587,-303000000.0,-0.929,1.0,3095000000.0,0.31,0.0,440000000.0,52721000000.0,50949250000.0,568000000.0,4832000000.0,133000000.0,4699000000.0,34036000000.0,3952000000.0,30084000000.0,12576312552.0,-284000000.0,-74000000.0,0.0,1102000000.0,-411000000.0,1053000000.0,-4814000000.0,-219000000.0,3477000000.0,0.0,1308000000.0,1256000000.0,1256000000.0,0.0,0.0,0.126,1276000000.0,1819000000.0,1362000000.0,0.329,1.188,10.013,10.052,30184000000.0,52000000.0,38.6,1.258,1.259,1373000000.0,8328000000.0,9996000000.0,9996000000.0,0.0,0.028,0.121,0.041,0.208,24000000.0,0.0,1.0,325811206.0,326000000,329000000.0,30.663,45530000000.0,390000000.0,335000000.0,5799000000.0,139.663,470000000.0
43,EIX,MRT,2010-09-30,2010-09-30,2010-09-30,2021-07-29,26000000.0,45566000000.0,43105500000.0,5041000000.0,40525000000.0,0.287,32.62,-4124000000.0,2024000000.0,2024000000.0,8742000000.0,1355000000.0,1.297,3.199,12258000000.0,141000000.0,12117000000.0,12258000000.0,0.0,1607000000.0,224000000.0,0.037,1.26,2418000000.0,4025000000.0,0.325,4025000000.0,2418000000.0,1724000000.0,3.98,3.97,3.98,10634000000.0,10181500000.0,10634000000.0,21961647374.0,9.0,5.456,-441000000.0,-1.353,1.0,3648000000.0,0.294,0.0,694000000.0,51913000000.0,49472500000.0,547000000.0,4623000000.0,178000000.0,4445000000.0,34020000000.0,3887000000.0,30133000000.0,11204647374.0,-402000000.0,-74000000.0,0.0,781000000.0,-409000000.0,290000000.0,-4375000000.0,-171000000.0,3683000000.0,0.0,1392000000.0,1302000000.0,1302000000.0,-1000000.0,-37000000.0,0.105,1497000000.0,2151000000.0,1228000000.0,0.317,1.054,8.606,8.641,29006000000.0,90000000.0,34.39,0.904,0.905,1687000000.0,8283000000.0,12390000000.0,12390000000.0,0.0,0.03,0.128,0.049,0.195,25000000.0,0.0,1.0,325811206.0,326000000,328000000.0,38.006,45566000000.0,0.0,332000000.0,5162000000.0,139.773,1154000000.0
44,EIX,MRT,2010-06-30,2010-06-30,2010-06-30,2021-07-29,-12000000.0,43055000000.0,42407000000.0,3857000000.0,39198000000.0,0.289,31.233,-3812000000.0,893000000.0,893000000.0,8725000000.0,1275000000.0,1.068,3.139,11650000000.0,537000000.0,11113000000.0,11650000000.0,0.0,1597000000.0,229000000.0,0.04,1.255,2295000000.0,3892000000.0,0.317,3892000000.0,2295000000.0,1589000000.0,3.65,3.63,3.65,10182000000.0,9978750000.0,10182000000.0,20198731454.0,9.0,5.19,-688000000.0,-2.11,1.0,3541000000.0,0.289,0.0,706000000.0,50199000000.0,48216500000.0,556000000.0,4356000000.0,231000000.0,4125000000.0,31960000000.0,3613000000.0,28347000000.0,10334731454.0,-1833000000.0,-67000000.0,0.0,-173000000.0,-407000000.0,-671000000.0,-4286000000.0,-193000000.0,3124000000.0,0.0,1272000000.0,1195000000.0,1195000000.0,-1000000.0,3000000.0,0.097,1484000000.0,2057000000.0,1027000000.0,0.344,1.015,8.648,8.69,28156000000.0,77000000.0,31.72,0.843,0.843,1422000000.0,7879000000.0,12266000000.0,12266000000.0,0.0,0.028,0.12,0.048,0.187,25000000.0,0.0,1.0,325811206.0,326000000,327000000.0,37.626,43055000000.0,0.0,317000000.0,4982000000.0,132.071,244000000.0
45,EIX,MRT,2010-03-31,2010-03-31,2010-03-31,2021-07-29,116000000.0,42357000000.0,42113500000.0,4267000000.0,38090000000.0,0.293,30.887,-3448000000.0,1484000000.0,1484000000.0,8700000000.0,925000000.0,1.31,3.116,11348000000.0,323000000.0,11025000000.0,11348000000.0,0.0,1563000000.0,234000000.0,0.037,1.25,1541000000.0,3104000000.0,0.251,3104000000.0,1541000000.0,828000000.0,2.55,2.53,2.55,10069000000.0,9830750000.0,10069000000.0,20513968909.0,13.0,6.609,-490000000.0,-1.503,1.0,3659000000.0,0.296,0.0,713000000.0,48964000000.0,47372750000.0,522000000.0,4592000000.0,334000000.0,4258000000.0,31374000000.0,3257000000.0,28117000000.0,11132968909.0,-2125000000.0,-74000000.0,0.0,-1788000000.0,-406000000.0,-2302000000.0,-2781000000.0,-206000000.0,2958000000.0,0.0,899000000.0,835000000.0,835000000.0,0.0,26000000.0,0.068,2317000000.0,1342000000.0,977000000.0,0.49,1.106,13.333,13.4,27311000000.0,64000000.0,34.17,0.901,0.901,1203000000.0,7642000000.0,12359000000.0,12359000000.0,0.0,0.02,0.085,0.033,0.125,24000000.0,0.0,1.0,325811206.0,326000000,328000000.0,37.911,42357000000.0,0.0,-71000000.0,4967000000.0,129.929,1010000000.0
46,EIX,MRT,2009-12-31,2009-12-31,2009-12-31,2021-07-29,37000000.0,41444000000.0,42631500000.0,4430000000.0,37014000000.0,0.29,30.187,-3282000000.0,1742000000.0,1742000000.0,8655000000.0,945000000.0,1.17,3.093,10899000000.0,462000000.0,10437000000.0,10899000000.0,0.0,1538000000.0,238000000.0,0.036,1.245,1534000000.0,3072000000.0,0.249,3072000000.0,1534000000.0,802000000.0,2.59,2.58,2.59,9841000000.0,9755500000.0,9841000000.0,20407713745.0,13.0,6.643,-237000000.0,-0.727,1.0,3706000000.0,0.3,0.0,732000000.0,46814000000.0,47196250000.0,533000000.0,4232000000.0,357000000.0,3875000000.0,30438000000.0,3787000000.0,26651000000.0,11331713745.0,-2243000000.0,-11000000.0,0.0,-2407000000.0,-404000000.0,-2929000000.0,-2359000000.0,-199000000.0,3045000000.0,0.0,900000000.0,849000000.0,849000000.0,0.0,45000000.0,0.069,2308000000.0,1398000000.0,1347000000.0,0.481,1.151,13.347,13.429,27113000000.0,51000000.0,34.78,0.917,0.917,1364000000.0,7500000000.0,12361000000.0,12361000000.0,0.0,0.02,0.087,0.033,0.124,22000000.0,0.0,1.0,325811206.0,326000000,327000000.0,37.917,41444000000.0,33000000.0,-98000000.0,4622000000.0,127.129,643000000.0
47,EIX,MRT,2009-09-30,2009-09-30,2009-09-30,2021-07-29,128000000.0,42772000000.0,43424250000.0,5768000000.0,37004000000.0,0.289,30.132,-3152000000.0,2559000000.0,2559000000.0,8804000000.0,953000000.0,1.163,3.234,11635000000.0,1187000000.0,10448000000.0,11635000000.0,0.0,1515000000.0,241000000.0,0.037,1.24,1554000000.0,3069000000.0,0.245,3069000000.0,1554000000.0,809000000.0,2.6,2.59,2.6,9823000000.0,9674500000.0,9823000000.0,19963740297.0,13.0,6.505,-414000000.0,-1.27,1.0,3734000000.0,0.298,0.0,745000000.0,46889000000.0,47365250000.0,549000000.0,4272000000.0,408000000.0,3864000000.0,31767000000.0,4959000000.0,26808000000.0,10940740297.0,-1053000000.0,25000000.0,0.0,-1149000000.0,-402000000.0,-1679000000.0,-2112000000.0,-102000000.0,2738000000.0,0.0,904000000.0,853000000.0,853000000.0,0.0,49000000.0,0.068,2313000000.0,1421000000.0,966000000.0,0.477,1.114,12.826,12.915,25594000000.0,51000000.0,33.58,0.873,0.873,1741000000.0,7401000000.0,12538000000.0,12538000000.0,0.0,0.02,0.088,0.033,0.124,26000000.0,0.0,1.0,325811206.0,326000000,329000000.0,38.46,42772000000.0,28000000.0,-95000000.0,4883000000.0,131.202,809000000.0
48,EIX,MRT,2009-06-30,2009-06-30,2009-06-30,2021-07-29,204000000.0,41881000000.0,43147750000.0,5923000000.0,35958000000.0,0.305,29.417,-2903000000.0,2889000000.0,2889000000.0,9276000000.0,1009000000.0,1.452,3.244,11912000000.0,636000000.0,11276000000.0,11912000000.0,0.0,1469000000.0,239000000.0,0.039,1.235,1624000000.0,3093000000.0,0.235,3093000000.0,1624000000.0,890000000.0,2.7,2.7,2.7,9590000000.0,9539000000.0,9590000000.0,19919020541.0,12.0,6.44,-492000000.0,-1.509,1.0,3892000000.0,0.296,0.0,734000000.0,46824000000.0,46861500000.0,545000000.0,4207000000.0,382000000.0,3825000000.0,31109000000.0,4080000000.0,27029000000.0,10250020541.0,1631000000.0,28000000.0,0.0,1455000000.0,-400000000.0,895000000.0,-1675000000.0,-45000000.0,2411000000.0,0.0,940000000.0,889000000.0,889000000.0,-6000000.0,69000000.0,0.068,2274000000.0,1618000000.0,833000000.0,0.457,1.069,11.53,11.652,25123000000.0,51000000.0,31.46,0.778,0.779,1451000000.0,7101000000.0,13168000000.0,13168000000.0,0.0,0.021,0.093,0.035,0.123,29000000.0,0.0,1.0,325811206.0,326000000,327000000.0,40.393,41881000000.0,0.0,-50000000.0,4811000000.0,128.469,1843000000.0
49,EIX,MRT,2009-03-31,2009-03-31,2009-03-31,2021-07-29,271000000.0,44429000000.0,42428750000.0,6775000000.0,37654000000.0,0.326,29.963,-2793000000.0,3546000000.0,3546000000.0,9984000000.0,1299000000.0,1.16,3.427,13215000000.0,2017000000.0,11198000000.0,13215000000.0,0.0,1449000000.0,233000000.0,0.043,1.23,2491000000.0,3940000000.0,0.285,3940000000.0,2491000000.0,1774000000.0,3.54,3.54,3.54,9768000000.0,9258250000.0,9768000000.0,18958620845.0,8.0,4.812,-432000000.0,-1.325,1.0,3827000000.0,0.277,0.0,717000000.0,48258000000.0,45968250000.0,549000000.0,6040000000.0,353000000.0,5687000000.0,33477000000.0,5840000000.0,27637000000.0,9386620845.0,1998000000.0,41000000.0,17000000.0,3155000000.0,-399000000.0,2589000000.0,-2952000000.0,9000000.0,2361000000.0,0.0,1217000000.0,1166000000.0,1166000000.0,-6000000.0,82000000.0,0.084,1339000000.0,2488000000.0,757000000.0,0.347,0.961,8.05,8.138,24716000000.0,51000000.0,28.81,0.68,0.68,1256000000.0,7219000000.0,13811000000.0,13811000000.0,0.0,0.027,0.126,0.054,0.18,33000000.0,0.0,1.0,325811206.0,326000000,327000000.0,42.365,44429000000.0,0.0,557000000.0,6595000000.0,136.285,935000000.0
50,EIX,MRT,2008-12-31,2008-12-31,2008-12-31,2021-07-29,167000000.0,44615000000.0,40809250000.0,7353000000.0,37262000000.0,0.346,29.193,-2711000000.0,3919000000.0,3919000000.0,10280000000.0,1348000000.0,1.098,3.563,13491000000.0,2541000000.0,10950000000.0,13491000000.0,0.0,1419000000.0,228000000.0,0.038,1.225,2562000000.0,3981000000.0,0.282,3981000000.0,2562000000.0,1862000000.0,3.69,3.68,3.69,9517000000.0,8936750000.0,9517000000.0,19800055937.0,8.0,4.974,-450000000.0,-1.38,1.0,3832000000.0,0.272,0.0,700000000.0,47490000000.0,44426750000.0,553000000.0,5887000000.0,334000000.0,5553000000.0,33906000000.0,6697000000.0,27209000000.0,10465055937.0,2475000000.0,46000000.0,0.0,3747000000.0,-397000000.0,3159000000.0,-2945000000.0,67000000.0,2261000000.0,0.0,1266000000.0,1215000000.0,1215000000.0,0.0,82000000.0,0.086,1269000000.0,2563000000.0,1031000000.0,0.332,1.1,8.613,8.705,24343000000.0,51000000.0,32.12,0.742,0.742,1334000000.0,7078000000.0,14112000000.0,14112000000.0,0.0,0.03,0.136,0.058,0.182,34000000.0,0.0,1.0,325811206.0,326000000,329000000.0,43.288,44615000000.0,104000000.0,596000000.0,6416000000.0,136.856,656000000.0
51,EIX,MRT,2008-09-30,2008-09-30,2008-09-30,2021-07-29,54000000.0,41666000000.0,39036250000.0,7083000000.0,34583000000.0,0.355,28.469,-2691000000.0,3467000000.0,3467000000.0,10313000000.0,1534000000.0,1.156,3.357,12802000000.0,2279000000.0,10523000000.0,12802000000.0,0.0,1313000000.0,227000000.0,0.031,1.22,2518000000.0,3831000000.0,0.277,3831000000.0,2518000000.0,1831000000.0,3.67,3.67,3.67,9281000000.0,8668500000.0,9281000000.0,22519867119.0,9.0,5.878,-544000000.0,-1.669,1.0,3537000000.0,0.255,0.0,687000000.0,44874000000.0,42946500000.0,514000000.0,6189000000.0,255000000.0,5934000000.0,31159000000.0,6127000000.0,25032000000.0,12999867119.0,2006000000.0,44000000.0,118000000.0,3448000000.0,-393000000.0,2583000000.0,-2724000000.0,247000000.0,2147000000.0,0.0,1210000000.0,1210000000.0,1210000000.0,-5000000.0,324000000.0,0.087,956000000.0,2581000000.0,939000000.0,0.332,1.401,10.744,10.872,23543000000.0,0.0,39.9,0.939,0.939,1857000000.0,6964000000.0,13850000000.0,13850000000.0,0.0,0.031,0.14,0.059,0.182,34000000.0,0.0,1.0,325811206.0,326000000,328000000.0,42.485,41666000000.0,190000000.0,621000000.0,5883000000.0,127.81,956000000.0
52,EIX,MRT,2008-06-30,2008-06-30,2008-06-30,2021-07-29,-415000000.0,39005000000.0,38074750000.0,4681000000.0,34324000000.0,0.355,25.972,-2837000000.0,1073000000.0,1073000000.0,10109000000.0,1496000000.0,0.888,3.463,10593000000.0,1301000000.0,9292000000.0,10593000000.0,0.0,1297000000.0,224000000.0,0.023,1.205,2541000000.0,3838000000.0,0.284,3838000000.0,2541000000.0,1839000000.0,3.74,3.73,3.74,8467000000.0,8445500000.0,8467000000.0,25273179764.0,10.0,6.585,-172000000.0,-0.528,1.0,3389000000.0,0.251,0.0,702000000.0,43251000000.0,42035500000.0,489000000.0,6737000000.0,441000000.0,6296000000.0,29317000000.0,5274000000.0,24043000000.0,16740179764.0,-149000000.0,24000000.0,111000000.0,901000000.0,-388000000.0,54000000.0,-2868000000.0,180000000.0,2665000000.0,0.0,1232000000.0,1232000000.0,1232000000.0,5000000.0,264000000.0,0.091,875000000.0,2514000000.0,1066000000.0,0.322,1.977,13.588,13.738,23167000000.0,0.0,51.38,1.24,1.241,1704000000.0,6629000000.0,13498000000.0,13498000000.0,0.0,0.032,0.146,0.06,0.188,34000000.0,0.0,1.0,325811206.0,326000000,329000000.0,41.405,39005000000.0,262000000.0,607000000.0,5373000000.0,119.647,-593000000.0
53,EIX,MRT,2008-03-31,2008-03-31,2008-03-31,2021-07-29,-242000000.0,37951000000.0,37569250000.0,4418000000.0,33533000000.0,0.348,26.018,-2836000000.0,1548000000.0,1548000000.0,9682000000.0,1292000000.0,1.006,3.334,10081000000.0,756000000.0,9325000000.0,10081000000.0,0.0,1286000000.0,221000000.0,0.024,1.19,2313000000.0,3599000000.0,0.275,3599000000.0,2313000000.0,1588000000.0,3.24,3.22,3.24,8482000000.0,8337500000.0,8482000000.0,24273265318.0,10.0,6.744,261000000.0,0.801,1.0,3386000000.0,0.259,0.0,725000000.0,42092000000.0,41535500000.0,431000000.0,6456000000.0,227000000.0,6229000000.0,28280000000.0,4392000000.0,23888000000.0,15971265318.0,-156000000.0,7000000.0,33000000.0,289000000.0,-383000000.0,-550000000.0,-2703000000.0,310000000.0,3097000000.0,0.0,1064000000.0,1064000000.0,1064000000.0,3000000.0,228000000.0,0.081,877000000.0,2509000000.0,807000000.0,0.367,1.883,15.011,15.13,22649000000.0,0.0,49.02,1.222,1.223,1380000000.0,6486000000.0,13068000000.0,13068000000.0,0.0,0.028,0.128,0.056,0.177,37000000.0,0.0,1.0,325811206.0,326000000,329000000.0,40.086,37951000000.0,218000000.0,524000000.0,5432000000.0,116.414,26000000.0
54,EIX,MRT,2007-12-31,2007-12-31,2007-12-31,2021-07-29,-92000000.0,37523000000.0,37241250000.0,4244000000.0,33279000000.0,0.346,25.902,-2824000000.0,1444000000.0,1444000000.0,9175000000.0,1305000000.0,0.997,3.3,9746000000.0,730000000.0,9016000000.0,9746000000.0,0.0,1292000000.0,219000000.0,0.022,1.175,2342000000.0,3634000000.0,0.282,3634000000.0,2342000000.0,1590000000.0,3.33,3.31,3.33,8444000000.0,8217000000.0,8444000000.0,25416544064.0,11.0,6.994,420000000.0,1.288,1.0,3693000000.0,0.287,0.0,752000000.0,41569000000.0,41120500000.0,432000000.0,6579000000.0,190000000.0,6389000000.0,27869000000.0,4256000000.0,23613000000.0,17388544064.0,-354000000.0,9000000.0,0.0,-68000000.0,-378000000.0,-928000000.0,-2670000000.0,344000000.0,3244000000.0,0.0,1098000000.0,1098000000.0,1098000000.0,0.0,207000000.0,0.085,1184000000.0,2509000000.0,979000000.0,0.353,2.059,15.837,16.027,22309000000.0,0.0,53.37,1.351,1.352,1403000000.0,6311000000.0,12868000000.0,12868000000.0,0.0,0.029,0.134,0.057,0.182,37000000.0,0.0,1.0,325811206.0,326000000,331000000.0,39.472,37523000000.0,167000000.0,492000000.0,5359000000.0,115.101,-12000000.0
55,EIX,MRT,2007-09-30,2007-09-30,2007-09-30,2021-07-29,-33000000.0,37820000000.0,36925750000.0,5163000000.0,32657000000.0,0.339,25.733,-2712000000.0,1518000000.0,1518000000.0,8453000000.0,1175000000.0,1.118,3.362,9546000000.0,490000000.0,9056000000.0,9546000000.0,0.0,1240000000.0,217000000.0,0.021,1.16,2408000000.0,3648000000.0,0.291,3648000000.0,2408000000.0,1633000000.0,3.57,3.53,3.57,8389000000.0,8033250000.0,8389000000.0,26613231373.0,11.0,7.295,646000000.0,1.982,1.0,4062000000.0,0.325,0.0,775000000.0,41230000000.0,40686500000.0,426000000.0,7057000000.0,553000000.0,6504000000.0,28207000000.0,4618000000.0,23589000000.0,18066231373.0,-746000000.0,-39000000.0,-164000000.0,-243000000.0,-371000000.0,-1017000000.0,-3087000000.0,-117000000.0,3358000000.0,0.0,1175000000.0,1175000000.0,1175000000.0,-23000000.0,0.0,0.094,1563000000.0,2499000000.0,850000000.0,0.325,2.154,15.376,15.532,21634000000.0,0.0,55.45,1.444,1.444,1788000000.0,6306000000.0,12515000000.0,12515000000.0,0.0,0.032,0.146,0.059,0.192,75000000.0,0.0,1.0,325811206.0,326000000,330000000.0,38.39,37820000000.0,240000000.0,458000000.0,5721000000.0,116.012,545000000.0
56,EIX,MRT,2007-06-30,2007-06-30,2007-06-30,2021-07-29,-18000000.0,36983000000.0,36543500000.0,4991000000.0,31992000000.0,0.339,24.647,-2619000000.0,1271000000.0,1271000000.0,8085000000.0,1172000000.0,1.166,3.453,9818000000.0,727000000.0,9091000000.0,9818000000.0,0.0,1221000000.0,212000000.0,0.02,1.14,2460000000.0,3681000000.0,0.297,3681000000.0,2460000000.0,1677000000.0,3.55,3.52,3.55,8035000000.0,7820500000.0,8035000000.0,26273524881.0,11.0,7.138,1203000000.0,3.69,1.0,4290000000.0,0.347,0.0,783000000.0,41251000000.0,40026000000.0,415000000.0,6953000000.0,594000000.0,6359000000.0,27741000000.0,4279000000.0,23462000000.0,18284524881.0,-639000000.0,20000000.0,-164000000.0,-674000000.0,-365000000.0,-1453000000.0,-3008000000.0,-154000000.0,3822000000.0,0.0,1172000000.0,1172000000.0,1172000000.0,-25000000.0,0.0,0.095,1726000000.0,2564000000.0,853000000.0,0.321,2.276,15.601,15.808,21078000000.0,0.0,56.12,1.478,1.478,1530000000.0,5947000000.0,12375000000.0,12375000000.0,0.0,0.032,0.15,0.061,0.199,66000000.0,0.0,1.0,325811206.0,326000000,330000000.0,37.96,36983000000.0,349000000.0,505000000.0,5591000000.0,113.445,712000000.0
57,EIX,MRT,2007-03-31,2007-03-31,2007-03-31,2021-07-29,-76000000.0,36639000000.0,36085500000.0,5277000000.0,31362000000.0,0.342,24.54,-2628000000.0,1758000000.0,1758000000.0,7901000000.0,1256000000.0,1.258,3.433,9747000000.0,656000000.0,9091000000.0,9747000000.0,0.0,1235000000.0,207000000.0,0.023,1.12,2660000000.0,3895000000.0,0.316,3895000000.0,2660000000.0,1856000000.0,3.8,3.78,3.8,8000000000.0,7582750000.0,8000000000.0,23882104551.0,9.0,6.131,1065000000.0,3.267,1.0,4428000000.0,0.359,0.0,804000000.0,40432000000.0,39510500000.0,395000000.0,6970000000.0,680000000.0,6290000000.0,27463000000.0,4196000000.0,23267000000.0,16007104551.0,-196000000.0,28000000.0,-110000000.0,-99000000.0,-358000000.0,-866000000.0,-3023000000.0,-355000000.0,3693000000.0,0.0,1256000000.0,1256000000.0,1256000000.0,-27000000.0,0.0,0.102,1774000000.0,2654000000.0,662000000.0,0.295,2.001,12.745,12.929,20648000000.0,0.0,49.13,1.298,1.299,1240000000.0,5994000000.0,12329000000.0,12329000000.0,0.0,0.035,0.166,0.067,0.216,53000000.0,0.0,1.0,325811206.0,326000000,330000000.0,37.819,36639000000.0,299000000.0,600000000.0,5569000000.0,112.39,1081000000.0
58,EIX,MRT,2006-12-31,2006-12-31,2006-12-31,2021-07-29,78000000.0,36261000000.0,35588500000.0,5482000000.0,30779000000.0,0.342,23.647,-2447000000.0,1854000000.0,1854000000.0,8577000000.0,1181000000.0,1.274,3.55,9729000000.0,628000000.0,9101000000.0,9729000000.0,0.0,1204000000.0,198000000.0,0.024,1.1,2569000000.0,3773000000.0,0.31,3773000000.0,2569000000.0,1763000000.0,3.58,3.57,3.58,7709000000.0,7307500000.0,7709000000.0,22130893649.0,9.0,5.866,1121000000.0,3.439,1.0,3592000000.0,0.295,0.0,806000000.0,39833000000.0,39012750000.0,392000000.0,7186000000.0,886000000.0,6300000000.0,27366000000.0,4303000000.0,23063000000.0,14817893649.0,-98000000.0,7000000.0,-107000000.0,-124000000.0,-352000000.0,-703000000.0,-2963000000.0,-486000000.0,3568000000.0,0.0,1181000000.0,1181000000.0,1181000000.0,-97000000.0,0.0,0.097,1103000000.0,2489000000.0,926000000.0,0.307,1.922,12.547,12.704,20269000000.0,0.0,45.48,1.218,1.218,1317000000.0,5551000000.0,12169000000.0,12169000000.0,0.0,0.033,0.162,0.066,0.211,47000000.0,0.0,1.0,325811206.0,326000000,330000000.0,37.328,36261000000.0,203000000.0,582000000.0,5574000000.0,111.23,1179000000.0
59,EIX,MRT,2006-09-30,2006-09-30,2006-09-30,2021-07-29,100000000.0,36291000000.0,35221000000.0,6363000000.0,29928000000.0,0.356,23.123,-2235000000.0,2268000000.0,2268000000.0,9475000000.0,1166000000.0,1.269,3.653,9581000000.0,598000000.0,8983000000.0,9581000000.0,0.0,1286000000.0,191000000.0,0.026,1.08,2659000000.0,3945000000.0,0.315,3945000000.0,2659000000.0,1872000000.0,3.53,3.54,3.53,7538000000.0,7034000000.0,7538000000.0,21969778618.0,8.0,5.569,1227000000.0,3.764,1.0,3053000000.0,0.244,0.0,787000000.0,38588000000.0,38483000000.0,401000000.0,6488000000.0,366000000.0,6122000000.0,27534000000.0,5016000000.0,22518000000.0,13566778618.0,-371000000.0,13000000.0,-101000000.0,-544000000.0,-346000000.0,-962000000.0,-2871000000.0,-583000000.0,3462000000.0,0.0,1166000000.0,1166000000.0,1166000000.0,-50000000.0,0.0,0.093,424000000.0,2629000000.0,819000000.0,0.306,1.8,11.635,11.796,19651000000.0,0.0,41.64,1.083,1.084,1813000000.0,5380000000.0,12528000000.0,12528000000.0,0.0,0.033,0.166,0.069,0.212,48000000.0,0.0,1.0,325811206.0,326000000,330000000.0,38.429,36291000000.0,306000000.0,706000000.0,6338000000.0,111.322,1347000000.0
60,EIX,MRT,2006-06-30,2006-06-30,2006-06-30,2021-07-29,20000000.0,35151000000.0,35025250000.0,5625000000.0,29526000000.0,0.357,21.73,-2212000000.0,1909000000.0,1909000000.0,8897000000.0,1170000000.0,1.289,3.79,10312000000.0,1080000000.0,9232000000.0,10312000000.0,0.0,1268000000.0,188000000.0,0.027,1.06,2481000000.0,3749000000.0,0.3,3749000000.0,2481000000.0,1695000000.0,3.56,3.55,3.56,7084000000.0,6741000000.0,7084000000.0,20561637034.0,8.0,5.485,259000000.0,0.794,1.0,3612000000.0,0.289,0.0,786000000.0,39189000000.0,37996000000.0,426000000.0,6008000000.0,0.0,6008000000.0,26848000000.0,4365000000.0,22483000000.0,12706637034.0,-261000000.0,-95000000.0,-122000000.0,123000000.0,-339000000.0,-125000000.0,-2607000000.0,-411000000.0,2471000000.0,0.0,1170000000.0,1170000000.0,1170000000.0,-79000000.0,0.0,0.094,1103000000.0,2509000000.0,820000000.0,0.298,1.794,10.86,10.955,19292000000.0,0.0,39.0,1.016,1.016,1594000000.0,5022000000.0,12509000000.0,12509000000.0,0.0,0.033,0.174,0.065,0.198,48000000.0,0.0,1.0,325811206.0,326000000,330000000.0,38.371,35151000000.0,0.0,525000000.0,5804000000.0,107.825,1260000000.0
61,EIX,MRT,2006-03-31,2006-03-31,2006-03-31,2021-07-29,-69000000.0,34651000000.0,34621750000.0,5435000000.0,29216000000.0,0.351,21.163,-1991000000.0,1951000000.0,1951000000.0,8779000000.0,1194000000.0,1.337,3.847,9806000000.0,761000000.0,9045000000.0,9806000000.0,0.0,1200000000.0,184000000.0,0.025,1.04,2439000000.0,3639000000.0,0.299,3639000000.0,2439000000.0,1658000000.0,3.63,3.62,3.63,6899000000.0,6525250000.0,6899000000.0,21298905463.0,9.0,5.853,549000000.0,1.684,1.0,3378000000.0,0.278,0.0,781000000.0,38441000000.0,37328250000.0,392000000.0,6070000000.0,0.0,6070000000.0,26538000000.0,4065000000.0,22473000000.0,13416905463.0,-467000000.0,-56000000.0,-143000000.0,-647000000.0,-333000000.0,-666000000.0,-2343000000.0,-360000000.0,2540000000.0,-1000000.0,1194000000.0,1194000000.0,1194000000.0,-96000000.0,0.0,0.098,1051000000.0,2327000000.0,734000000.0,0.287,1.945,11.237,11.344,18904000000.0,0.0,41.18,1.104,1.104,1163000000.0,4945000000.0,12157000000.0,12157000000.0,0.0,0.034,0.183,0.065,0.201,48000000.0,0.0,1.0,325811206.0,326000000,331000000.0,37.291,34651000000.0,0.0,464000000.0,5749000000.0,106.291,1370000000.0
62,EIX,MRT,2005-12-31,2005-12-31,2005-12-31,2021-07-29,-226000000.0,34791000000.0,34324750000.0,5959000000.0,28832000000.0,0.345,20.291,-1858000000.0,1953000000.0,1953000000.0,8041000000.0,1137000000.0,1.202,4.105,9835000000.0,1002000000.0,8833000000.0,9835000000.0,0.0,1168000000.0,183000000.0,0.023,1.02,2388000000.0,3556000000.0,0.3,3556000000.0,2388000000.0,1594000000.0,3.47,3.45,3.47,6615000000.0,6325500000.0,6615000000.0,21441626694.0,9.0,6.03,389000000.0,1.193,1.0,3811000000.0,0.322,0.0,794000000.0,37714000000.0,36971250000.0,341000000.0,6659000000.0,527000000.0,6132000000.0,27156000000.0,4959000000.0,22197000000.0,14208626694.0,-794000000.0,105000000.0,-107000000.0,-1080000000.0,-326000000.0,-1244000000.0,-1799000000.0,-163000000.0,2247000000.0,-1000000.0,1137000000.0,1137000000.0,1137000000.0,-30000000.0,0.0,0.096,1498000000.0,2313000000.0,961000000.0,0.294,2.148,12.497,12.568,18588000000.0,0.0,43.61,1.199,1.2,1511000000.0,4798000000.0,11852000000.0,11852000000.0,0.0,0.033,0.18,0.065,0.201,48000000.0,0.0,1.0,325811206.0,326000000,332000000.0,36.356,34791000000.0,218000000.0,457000000.0,5648000000.0,106.721,1000000000.0
63,EIX,MRT,2005-09-30,2005-09-30,2005-09-30,2021-07-29,-303000000.0,35508000000.0,33944250000.0,7395000000.0,28113000000.0,0.33,19.528,-1909000000.0,2714000000.0,2714000000.0,7312000000.0,1243000000.0,1.212,4.414,9947000000.0,994000000.0,8953000000.0,9947000000.0,0.0,1163000000.0,181000000.0,0.021,1.0,2318000000.0,3481000000.0,0.311,3481000000.0,2318000000.0,1458000000.0,3.79,3.75,3.79,6366000000.0,6184000000.0,6366000000.0,23005353820.0,10.0,6.609,308000000.0,0.945,1.0,3896000000.0,0.348,0.0,860000000.0,36640000000.0,36862250000.0,331000000.0,5970000000.0,0.0,5970000000.0,28099000000.0,6101000000.0,21998000000.0,15404353820.0,5000000.0,2106000000.0,-112000000.0,-2285000000.0,-310000000.0,-2585000000.0,374000000.0,-93000000.0,2217000000.0,49000000.0,1243000000.0,1243000000.0,1243000000.0,-175000000.0,0.0,0.111,1742000000.0,2154000000.0,835000000.0,0.264,2.42,12.393,12.475,18051000000.0,0.0,47.28,1.374,1.375,1694000000.0,4665000000.0,11208000000.0,11208000000.0,0.0,0.037,0.201,0.063,0.207,0.0,0.0,1.0,325811206.0,326000000,332000000.0,34.38,35508000000.0,680000000.0,215000000.0,5889000000.0,108.92,1294000000.0
64,EIX,MRT,2005-06-30,2005-06-30,2005-06-30,2021-07-29,-68000000.0,33537000000.0,33501750000.0,5548000000.0,27989000000.0,0.317,19.083,-1793000000.0,2417000000.0,2417000000.0,7576000000.0,1594000000.0,1.201,4.256,10018000000.0,1146000000.0,8872000000.0,10018000000.0,0.0,1123000000.0,177000000.0,0.023,0.95,2774000000.0,3897000000.0,0.367,3897000000.0,2774000000.0,1861000000.0,4.87,4.82,4.87,6221000000.0,6004500000.0,6221000000.0,21261644403.0,8.0,5.456,491000000.0,1.506,1.0,3037000000.0,0.286,0.0,913000000.0,36518000000.0,37406500000.0,335000000.0,6007000000.0,0.0,6007000000.0,26479000000.0,4620000000.0,21859000000.0,13211644403.0,-476000000.0,2916000000.0,-94000000.0,-3418000000.0,-294000000.0,-3882000000.0,1113000000.0,-150000000.0,2284000000.0,49000000.0,1594000000.0,1594000000.0,1594000000.0,-647000000.0,0.0,0.15,938000000.0,2099000000.0,717000000.0,0.195,2.124,8.288,8.326,17746000000.0,0.0,40.55,1.245,1.246,1450000000.0,4296000000.0,10613000000.0,10613000000.0,0.0,0.048,0.265,0.074,0.261,0.0,0.0,1.0,325811206.0,326000000,331000000.0,32.555,33537000000.0,445000000.0,267000000.0,5872000000.0,102.874,928000000.0
65,EIX,MRT,2005-03-31,2005-03-31,2005-03-31,2021-07-29,-79000000.0,33463000000.0,34175750000.0,5518000000.0,27945000000.0,0.308,18.712,-1780000000.0,2526000000.0,2526000000.0,7319000000.0,1019000000.0,1.226,4.415,10576000000.0,1210000000.0,9366000000.0,10576000000.0,0.0,1122000000.0,173000000.0,0.026,0.9,1949000000.0,3071000000.0,0.292,3071000000.0,1949000000.0,988000000.0,3.11,3.06,3.11,6100000000.0,5696000000.0,6100000000.0,19203165072.0,10.0,6.253,-658000000.0,-2.018,1.0,3210000000.0,0.305,0.0,961000000.0,37013000000.0,39005250000.0,319000000.0,6099000000.0,0.0,6099000000.0,26933000000.0,4500000000.0,22433000000.0,11312165072.0,-323000000.0,2875000000.0,-69000000.0,-1976000000.0,-277000000.0,-2645000000.0,1159000000.0,-73000000.0,1122000000.0,50000000.0,1019000000.0,1019000000.0,1019000000.0,-652000000.0,0.0,0.097,1902000000.0,1308000000.0,641000000.0,0.289,1.854,11.101,11.164,17558000000.0,0.0,34.72,1.074,1.075,1150000000.0,4194000000.0,10529000000.0,10529000000.0,0.0,0.03,0.179,0.05,0.185,0.0,0.0,1.0,325811206.0,326000000,331000000.0,32.298,33463000000.0,287000000.0,-31000000.0,5677000000.0,102.647,1018000000.0
66,EIX,MRT,2004-12-31,2004-12-31,2004-12-31,2021-07-29,-4000000.0,33269000000.0,34764500000.0,5515000000.0,27754000000.0,0.293,18.555,-1900000000.0,2761000000.0,2761000000.0,7289000000.0,916000000.0,1.366,4.427,10807000000.0,1129000000.0,9678000000.0,10807000000.0,0.0,1120000000.0,168000000.0,0.032,1.022,1809000000.0,2929000000.0,0.287,2929000000.0,1809000000.0,824000000.0,2.81,2.77,2.81,6049000000.0,5524750000.0,6049000000.0,19915732928.0,11.0,6.799,-781000000.0,-2.396,1.0,2910000000.0,0.285,0.0,985000000.0,37278000000.0,39976750000.0,304000000.0,6075000000.0,0.0,6075000000.0,26778000000.0,4037000000.0,22741000000.0,10435732928.0,510000000.0,2781000000.0,-61000000.0,-788000000.0,-261000000.0,-1402000000.0,698000000.0,-229000000.0,1119000000.0,50000000.0,916000000.0,916000000.0,916000000.0,-690000000.0,0.0,0.09,1810000000.0,1100000000.0,749000000.0,0.364,1.725,11.393,11.399,17397000000.0,0.0,32.03,1.023,1.024,1166000000.0,4078000000.0,10199000000.0,10199000000.0,0.0,0.026,0.166,0.045,0.177,0.0,0.0,1.0,325811206.0,326000000,331000000.0,31.285,33269000000.0,288000000.0,-92000000.0,5597000000.0,102.052,1478000000.0
67,EIX,MRT,2004-09-30,2004-09-30,2004-09-30,2021-07-29,-129000000.0,33738000000.0,36014000000.0,5136000000.0,28602000000.0,0.283,17.325,-1629000000.0,2634000000.0,2634000000.0,7106000000.0,733000000.0,1.167,4.888,12114000000.0,985000000.0,11129000000.0,12114000000.0,0.0,1182000000.0,0.0,0.029,0.772,1577000000.0,2759000000.0,0.27,2759000000.0,1577000000.0,568000000.0,2.24,2.21,2.24,5648000000.0,5358250000.0,5648000000.0,21236255071.0,13.0,7.697,-498000000.0,-1.528,1.0,3102000000.0,0.304,0.0,1009000000.0,38817000000.0,41111750000.0,312000000.0,5878000000.0,0.0,5878000000.0,27606000000.0,4401000000.0,23205000000.0,8637255071.0,-675000000.0,946000000.0,-35000000.0,-453000000.0,-195000000.0,-622000000.0,-1283000000.0,-86000000.0,1131000000.0,5000000.0,733000000.0,733000000.0,733000000.0,-630000000.0,0.0,0.072,2238000000.0,864000000.0,1164000000.0,0.345,1.529,11.783,11.835,16948000000.0,0.0,26.51,0.846,0.847,1782000000.0,3792000000.0,10208000000.0,10208000000.0,0.0,0.02,0.137,0.038,0.154,0.0,0.0,1.0,325811206.0,326000000,330000000.0,31.313,33738000000.0,340000000.0,-165000000.0,5619000000.0,103.491,735000000.0
68,EIX,MRT,2004-06-30,2004-06-30,2004-06-30,2021-07-29,-47000000.0,36233000000.0,36485000000.0,5822000000.0,30411000000.0,0.286,15.298,-1488000000.0,2958000000.0,2958000000.0,6950000000.0,464000000.0,1.149,6.068,15557000000.0,1327000000.0,14230000000.0,15557000000.0,0.0,1133000000.0,0.0,0.022,0.572,1398000000.0,2531000000.0,0.242,2531000000.0,1398000000.0,378000000.0,1.42,1.4,1.42,4987000000.0,5249500000.0,4987000000.0,19975992537.0,14.0,7.893,91000000.0,0.279,1.0,3491000000.0,0.334,854000000.0,1020000000.0,42913000000.0,40923750000.0,363000000.0,6953000000.0,0.0,6953000000.0,30261000000.0,5065000000.0,25196000000.0,8330992537.0,216000000.0,502000000.0,-25000000.0,153000000.0,-130000000.0,132000000.0,-1569000000.0,-96000000.0,1579000000.0,-14000000.0,464000000.0,464000000.0,464000000.0,-215000000.0,0.0,0.044,2585000000.0,906000000.0,1230000000.0,0.403,1.671,17.955,18.007,20973000000.0,0.0,25.57,0.798,0.798,1776000000.0,3054000000.0,10441000000.0,10441000000.0,0.0,0.013,0.088,0.034,0.134,0.0,0.0,1.0,325811206.0,326000000,326000000.0,32.028,35379000000.0,725000000.0,-86000000.0,6555000000.0,108.525,757000000.0
69,EIX,MRT,2004-03-31,2004-03-31,2004-03-31,2021-07-29,-55000000.0,35818000000.0,36224750000.0,5317000000.0,30501000000.0,0.304,16.61,-1365000000.0,3092000000.0,3092000000.0,7085000000.0,862000000.0,0.937,5.433,14737000000.0,2064000000.0,12673000000.0,14737000000.0,0.0,1119000000.0,0.0,0.015,0.372,2085000000.0,3204000000.0,0.291,3204000000.0,2085000000.0,1027000000.0,2.64,2.62,2.64,5415000000.0,5152750000.0,5415000000.0,19339954194.0,9.0,6.036,1519000000.0,4.66,1.0,3916000000.0,0.356,888000000.0,1058000000.0,40899000000.0,40159500000.0,340000000.0,6884000000.0,0.0,6884000000.0,29417000000.0,5676000000.0,23741000000.0,7913954194.0,356000000.0,470000000.0,-22000000.0,-1180000000.0,-65000000.0,-1117000000.0,-1463000000.0,-146000000.0,2884000000.0,-2000000.0,862000000.0,862000000.0,862000000.0,-189000000.0,0.0,0.078,2404000000.0,1512000000.0,1037000000.0,0.141,1.461,9.181,9.201,21058000000.0,0.0,24.29,0.719,0.72,1524000000.0,3497000000.0,11001000000.0,11001000000.0,0.0,0.024,0.167,0.052,0.19,0.0,0.0,1.0,325811206.0,326000000,330000000.0,33.745,34930000000.0,423000000.0,165000000.0,6730000000.0,107.147,-359000000.0
70,EIX,MRT,2003-12-31,2003-12-31,2003-12-31,2021-07-29,-53000000.0,38267000000.0,36066250000.0,4550000000.0,33717000000.0,0.298,16.512,-1191000000.0,2273000000.0,2273000000.0,6601000000.0,821000000.0,0.796,5.989,11542000000.0,2322000000.0,9220000000.0,11542000000.0,0.0,1155000000.0,152000000.0,0.0,0.0,1965000000.0,3120000000.0,0.291,3120000000.0,1965000000.0,945000000.0,2.52,2.5,2.52,5383000000.0,4927000000.0,5383000000.0,17309039748.0,9.0,5.548,2061000000.0,6.322,1.0,4131000000.0,0.385,0.0,1020000000.0,41818000000.0,39909250000.0,305000000.0,5892000000.0,0.0,5892000000.0,32238000000.0,5718000000.0,26520000000.0,7145039748.0,-289000000.0,109000000.0,-19000000.0,-2088000000.0,0.0,-1960000000.0,-1586000000.0,-106000000.0,3252000000.0,5000000.0,821000000.0,821000000.0,821000000.0,-175000000.0,0.0,0.077,2676000000.0,1455000000.0,548000000.0,0.0,1.327,8.703,8.702,15893000000.0,0.0,21.93,0.666,0.666,1119000000.0,3466000000.0,10732000000.0,10732000000.0,0.0,0.023,0.167,0.049,0.183,0.0,0.0,1.0,325811206.0,326000000,329000000.0,32.92,38267000000.0,563000000.0,124000000.0,5978000000.0,117.383,-1168000000.0
71,EIX,MRT,2003-09-30,2003-09-30,2003-09-30,2021-07-29,-104000000.0,35622000000.0,34901250000.0,5907000000.0,29715000000.0,0.301,15.991,-1200000000.0,3553000000.0,3553000000.0,6251000000.0,601000000.0,0.852,5.716,13717000000.0,2347000000.0,11370000000.0,13717000000.0,0.0,1006000000.0,0.0,0.0,0.0,1722000000.0,2728000000.0,0.26,2728000000.0,1722000000.0,726000000.0,1.84,1.82,1.84,5213000000.0,4690500000.0,5213000000.0,17694994035.0,10.0,6.486,2209000000.0,6.776,1.0,4249000000.0,0.405,788000000.0,996000000.0,38065000000.0,38911250000.0,331000000.0,7079000000.0,0.0,7079000000.0,29800000000.0,6933000000.0,22867000000.0,6222994035.0,696000000.0,-75000000.0,-7000000.0,-1515000000.0,0.0,-1517000000.0,-1305000000.0,0.0,3409000000.0,5000000.0,601000000.0,601000000.0,601000000.0,-87000000.0,0.0,0.057,2974000000.0,1275000000.0,1044000000.0,0.0,1.194,10.354,10.38,17700000000.0,0.0,19.1,0.593,0.593,1817000000.0,3335000000.0,10500000000.0,10500000000.0,0.0,0.017,0.128,0.044,0.164,0.0,0.0,1.0,325811206.0,326000000,329000000.0,32.209,34834000000.0,140000000.0,125000000.0,6918000000.0,106.853,-1026000000.0
72,EIX,MRT,2003-06-30,2003-06-30,2003-06-30,2021-07-29,-170000000.0,35192000000.0,34464000000.0,5131000000.0,30061000000.0,0.313,14.11,-1491000000.0,2686000000.0,2686000000.0,6183000000.0,409000000.0,0.851,6.65,14158000000.0,1800000000.0,12358000000.0,14158000000.0,0.0,1078000000.0,0.0,0.0,0.0,1489000000.0,2567000000.0,0.238,2567000000.0,1489000000.0,449000000.0,1.25,1.24,1.25,4600000000.0,4491500000.0,4600000000.0,16939078115.0,11.0,6.599,2179000000.0,6.684,1.0,4602000000.0,0.427,776000000.0,1040000000.0,39856000000.0,39444500000.0,342000000.0,7102000000.0,0.0,7102000000.0,30592000000.0,6032000000.0,24560000000.0,5353078115.0,782000000.0,-382000000.0,-7000000.0,-1322000000.0,0.0,-1338000000.0,-1665000000.0,0.0,3670000000.0,15000000.0,409000000.0,409000000.0,409000000.0,-10000000.0,0.0,0.038,3453000000.0,1149000000.0,1056000000.0,0.0,1.164,13.088,13.144,17529000000.0,0.0,16.43,0.496,0.497,1817000000.0,2791000000.0,10785000000.0,10785000000.0,0.0,0.012,0.091,0.038,0.138,0.0,0.0,1.0,325811206.0,326000000,329000000.0,33.083,34416000000.0,238000000.0,40000000.0,6807000000.0,105.571,-901000000.0
73,EIX,MRT,2003-03-31,2003-03-31,2003-03-31,2021-07-29,-230000000.0,35184000000.0,34240500000.0,5106000000.0,30078000000.0,0.306,13.84,-1473000000.0,2724000000.0,2724000000.0,6024000000.0,1050000000.0,0.832,6.798,14310000000.0,2037000000.0,12273000000.0,14310000000.0,0.0,1088000000.0,0.0,0.0,0.0,2459000000.0,3547000000.0,0.338,3547000000.0,2459000000.0,1393000000.0,3.22,3.19,3.22,4512000000.0,4375500000.0,4512000000.0,16382355410.0,7.0,4.619,2148000000.0,6.589,1.0,4460000000.0,0.425,736000000.0,1066000000.0,39898000000.0,39922750000.0,330000000.0,6877000000.0,0.0,6877000000.0,30672000000.0,6136000000.0,24536000000.0,4460355410.0,450000000.0,-349000000.0,-7000000.0,-1561000000.0,0.0,-1672000000.0,-1623000000.0,0.0,3621000000.0,24000000.0,1050000000.0,1050000000.0,1050000000.0,-19000000.0,0.0,0.1,2332000000.0,2128000000.0,969000000.0,0.0,0.989,4.248,4.252,17553000000.0,0.0,13.69,0.425,0.426,1528000000.0,2768000000.0,10484000000.0,10484000000.0,0.0,0.031,0.24,0.062,0.235,0.0,0.0,1.0,325811206.0,326000000,328000000.0,32.16,34448000000.0,151000000.0,343000000.0,6892000000.0,105.669,-1030000000.0
74,EIX,MRT,2002-12-31,2002-12-31,2002-12-31,2021-07-29,-247000000.0,33607000000.0,33873750000.0,5659000000.0,27948000000.0,0.309,13.61,-1531000000.0,2933000000.0,2933000000.0,5682000000.0,1077000000.0,0.857,6.172,14417000000.0,2839000000.0,11578000000.0,14417000000.0,0.0,1041000000.0,0.0,0.0,0.0,2533000000.0,3574000000.0,0.342,3574000000.0,2533000000.0,1407000000.0,3.31,3.28,3.31,4437000000.0,4102000000.0,4437000000.0,16087862791.0,6.0,4.501,480000000.0,1.472,1.0,4769000000.0,0.456,661000000.0,1126000000.0,37826000000.0,40248500000.0,343000000.0,6790000000.0,0.0,6790000000.0,27387000000.0,6604000000.0,20783000000.0,3860862791.0,-1586000000.0,41000000.0,-7000000.0,-2318000000.0,0.0,-2487000000.0,-1225000000.0,0.0,2011000000.0,15000000.0,1077000000.0,1077000000.0,1077000000.0,-22000000.0,0.0,0.103,2643000000.0,2126000000.0,786000000.0,0.0,0.87,3.585,3.58,19048000000.0,0.0,11.85,0.369,0.37,1548000000.0,2711000000.0,10451000000.0,10451000000.0,0.0,0.032,0.263,0.063,0.242,0.0,0.0,1.0,325811206.0,326000000,328000000.0,32.058,32946000000.0,527000000.0,330000000.0,7121000000.0,101.061,-945000000.0
75,EIX,MRT,2002-09-30,2002-09-30,2002-09-30,2021-07-29,-296000000.0,33873000000.0,34665500000.0,5395000000.0,28478000000.0,0.333,13.549,-661000000.0,2548000000.0,2548000000.0,6374000000.0,3268000000.0,1.029,6.669,14775000000.0,1236000000.0,13539000000.0,14775000000.0,0.0,1145000000.0,0.0,0.0,0.0,6625000000.0,7770000000.0,0.672,7770000000.0,6625000000.0,5241000000.0,10.03,9.99,10.03,4417000000.0,3810750000.0,4417000000.0,16871112060.0,3.0,2.171,1405000000.0,4.31,1.0,5182000000.0,0.448,659000000.0,1384000000.0,40198000000.0,40519750000.0,330000000.0,6776000000.0,0.0,6776000000.0,29456000000.0,5243000000.0,24213000000.0,3258112060.0,-1543000000.0,58000000.0,0.0,-3065000000.0,0.0,-4164000000.0,541000000.0,0.0,2066000000.0,14000000.0,3268000000.0,3268000000.0,3268000000.0,-16000000.0,0.0,0.283,-600000000.0,5782000000.0,1020000000.0,0.0,0.738,0.997,0.997,15056000000.0,0.0,10.0,0.282,0.282,2011000000.0,2735000000.0,11556000000.0,11556000000.0,0.0,0.094,0.858,0.164,0.573,0.0,0.0,1.0,325811206.0,326000000,329000000.0,35.448,33214000000.0,85000000.0,1973000000.0,7020000000.0,101.883,152000000.0
76,EIX,MRT,2002-06-30,2002-06-30,2002-06-30,2021-07-29,-219000000.0,34298000000.0,35462750000.0,4755000000.0,29543000000.0,0.331,12.687,-270000000.0,1593000000.0,1593000000.0,6323000000.0,2503000000.0,0.871,7.293,15206000000.0,1563000000.0,13643000000.0,15206000000.0,0.0,1128000000.0,0.0,0.0,0.0,6388000000.0,7516000000.0,0.641,7516000000.0,6388000000.0,4861000000.0,7.68,7.65,7.68,4136000000.0,2980250000.0,4136000000.0,19333790502.0,3.0,2.572,1450000000.0,4.448,1.0,5409000000.0,0.461,684000000.0,1527000000.0,41769000000.0,40072750000.0,349000000.0,6949000000.0,0.0,6949000000.0,30162000000.0,5458000000.0,24704000000.0,5538790502.0,-1630000000.0,95000000.0,0.0,-2811000000.0,0.0,-3937000000.0,535000000.0,-1000000.0,1720000000.0,52000000.0,2503000000.0,2503000000.0,2503000000.0,1205000000.0,0.0,0.213,-1444000000.0,6853000000.0,1066000000.0,0.0,1.339,2.213,2.214,14772000000.0,0.0,17.0,0.472,0.472,1816000000.0,2383000000.0,11732000000.0,11732000000.0,0.0,0.071,0.84,0.159,0.544,0.0,0.0,1.0,325811206.0,326000000,329000000.0,35.988,33614000000.0,694000000.0,2358000000.0,7238000000.0,103.11,-703000000.0
77,EIX,MRT,2002-03-31,2002-03-31,2002-03-31,2021-07-29,-270000000.0,33717000000.0,36237750000.0,5101000000.0,28616000000.0,0.313,10.485,-51000000.0,1823000000.0,1823000000.0,6470000000.0,1736000000.0,0.901,8.865,15618000000.0,1866000000.0,13752000000.0,15618000000.0,0.0,1090000000.0,0.0,0.0,0.0,5393000000.0,6483000000.0,0.571,6483000000.0,5393000000.0,3835000000.0,5.33,5.32,5.33,3418000000.0,2308750000.0,3418000000.0,18084337700.0,3.0,2.79,1099000000.0,3.371,1.0,4884000000.0,0.43,649000000.0,1558000000.0,41201000000.0,39270000000.0,342000000.0,7069000000.0,0.0,7069000000.0,30299000000.0,5662000000.0,24637000000.0,5457337700.0,-1051000000.0,-97000000.0,0.0,-1843000000.0,0.0,-2855000000.0,636000000.0,68000000.0,1150000000.0,18000000.0,1736000000.0,1736000000.0,1736000000.0,1375000000.0,0.0,0.153,-1219000000.0,6103000000.0,958000000.0,0.0,1.597,3.144,3.143,14518000000.0,0.0,16.75,0.481,0.481,1552000000.0,1718000000.0,11354000000.0,11354000000.0,0.0,0.048,0.752,0.137,0.475,0.0,0.0,1.0,325811206.0,326000000,329000000.0,34.828,33068000000.0,1006000000.0,2099000000.0,7006000000.0,101.436,-561000000.0
78,EIX,MRT,2001-12-31,2001-12-31,2001-12-31,2021-07-29,-328000000.0,36774000000.0,36874500000.0,7500000000.0,29274000000.0,0.3,10.037,99000000.0,3991000000.0,3991000000.0,7927000000.0,1035000000.0,0.761,10.239,16618000000.0,3944000000.0,12674000000.0,16618000000.0,0.0,1065000000.0,0.0,0.0,0.0,4264000000.0,5329000000.0,0.482,5329000000.0,4264000000.0,2682000000.0,3.18,3.17,3.18,3272000000.0,1813000000.0,3272000000.0,20236749211.0,5.0,3.797,3073000000.0,9.426,1.0,3135000000.0,0.283,633000000.0,1582000000.0,38911000000.0,38656500000.0,327000000.0,7140000000.0,0.0,7140000000.0,33502000000.0,9857000000.0,23645000000.0,4919749211.0,2081000000.0,-122000000.0,0.0,-298000000.0,0.0,-1557000000.0,701000000.0,68000000.0,2974000000.0,-37000000.0,1035000000.0,1035000000.0,1035000000.0,1367000000.0,0.0,0.094,-1947000000.0,5082000000.0,3414000000.0,0.0,1.504,4.753,4.748,14427000000.0,0.0,15.1,0.445,0.445,1710000000.0,1634000000.0,11062000000.0,11062000000.0,0.0,0.028,0.571,0.11,0.385,0.0,0.0,1.0,325811206.0,326000000,326000000.0,33.933,36141000000.0,1092000000.0,1647000000.0,6722000000.0,110.862,-2357000000.0
79,EIX,MRT,2001-09-30,2001-09-30,2001-09-30,2021-07-29,-336000000.0,37062000000.0,36456000000.0,8556000000.0,28506000000.0,0.269,3.359,-829000000.0,4094000000.0,4094000000.0,8339000000.0,-3682000000.0,0.612,32.847,19411000000.0,7149000000.0,12262000000.0,19411000000.0,0.0,1066000000.0,0.0,0.021,0.28,-3576000000.0,-2510000000.0,-0.256,-2510000000.0,-3576000000.0,-5000000000.0,-11.12,-11.12,-11.12,1095000000.0,1600000000.0,1095000000.0,20472675471.0,-6.0,-8.156,1461000000.0,4.482,1.0,1482000000.0,0.151,0.0,1424000000.0,38410000000.0,39176750000.0,467000000.0,6965000000.0,0.0,6965000000.0,35967000000.0,13969000000.0,21998000000.0,4287675471.0,3017000000.0,-67000000.0,0.0,2073000000.0,-91000000.0,1762000000.0,-1009000000.0,71000000.0,2290000000.0,-26000000.0,-3682000000.0,-3682000000.0,-3682000000.0,1367000000.0,0.0,-0.375,4088000000.0,-2606000000.0,3566000000.0,-0.025,3.916,-1.164,-1.183,16813000000.0,0.0,13.16,0.437,0.437,2235000000.0,-533000000.0,9821000000.0,9821000000.0,0.0,-0.101,-2.301,-0.091,-0.364,0.0,0.0,1.0,325811206.0,326000000,326000000.0,30.126,37062000000.0,1399000000.0,-1318000000.0,5627000000.0,113.687,-5413000000.0
80,EIX,MRT,2001-06-30,2001-06-30,2001-06-30,2021-07-29,-390000000.0,37398000000.0,36670157000.0,7355000000.0,30043000000.0,0.262,4.448,660000000.0,3229000000.0,3229000000.0,9484000000.0,-2909000000.0,0.49,24.792,19414000000.0,8697000000.0,10717000000.0,19414000000.0,0.0,1375000000.0,0.0,0.025,0.28,-3194000000.0,-1819000000.0,-0.19,-1819000000.0,-3194000000.0,-4514000000.0,-8.74,-8.75,-8.74,1450000000.0,2546128750.0,1450000000.0,19344794947.0,-6.0,-10.635,1932000000.0,5.926,1.0,108000000.0,0.011,0.0,1320000000.0,38558000000.0,40582334250.0,482000000.0,7202000000.0,0.0,7202000000.0,35948000000.0,15025000000.0,20923000000.0,3632794947.0,2364000000.0,-248000000.0,0.0,1627000000.0,-183000000.0,1273000000.0,-120000000.0,-199000000.0,1272000000.0,-61000000.0,-2909000000.0,-2909000000.0,-2909000000.0,153000000.0,0.0,-0.303,3527000000.0,-3419000000.0,3460000000.0,-0.032,2.505,-1.249,-1.276,18345000000.0,0.0,11.15,0.379,0.379,1903000000.0,-120000000.0,9592000000.0,9592000000.0,0.0,-0.079,-1.143,-0.079,-0.333,0.0,0.0,1.0,325811206.0,326000000,326000000.0,29.423,37398000000.0,1385000000.0,-1605000000.0,5681000000.0,114.718,-7670000000.0
81,EIX,MRT,2001-03-31,2001-03-31,2001-03-31,2021-07-29,-508000000.0,36264000000.0,36552791250.0,6539000000.0,29725000000.0,0.271,4.402,354000000.0,2934000000.0,2934000000.0,9427000000.0,-2670000000.0,0.494,24.271,18646000000.0,6854000000.0,11792000000.0,18646000000.0,278000000.0,1658000000.0,0.0,0.066,0.84,-2903000000.0,-1245000000.0,-0.126,-1245000000.0,-2903000000.0,-4214000000.0,-8.02,-8.03,-8.02,1435000000.0,3360304750.0,1435000000.0,19866779644.0,-7.0,-15.957,2077000000.0,6.371,1.0,468000000.0,0.047,0.0,1311000000.0,38747000000.0,42186277750.0,428000000.0,7693000000.0,0.0,7693000000.0,34829000000.0,13229000000.0,21600000000.0,4118253644.0,2016000000.0,-121000000.0,-239000000.0,1504000000.0,-277000000.0,799000000.0,-423000000.0,-227000000.0,1723000000.0,-83000000.0,-2670000000.0,-2670000000.0,-2670000000.0,-8000000.0,0.0,-0.27,3783000000.0,-3315000000.0,3069000000.0,-0.105,2.87,-1.542,-1.576,17695000000.0,0.0,12.64,0.416,0.416,1463000000.0,-18000000.0,9895000000.0,9895000000.0,0.0,-0.073,-0.795,-0.069,-0.293,0.0,0.0,1.0,325811206.0,326000000,326000000.0,30.353,36264000000.0,1331000000.0,-1544000000.0,5757000000.0,111.239,-6690000000.0
82,EIX,MRT,2000-12-31,2000-12-31,2000-12-31,2021-07-29,-139000000.0,35100000000.0,36602201500.0,4965000000.0,30135000000.0,0.285,7.267,254000000.0,1604000000.0,1604000000.0,8310000000.0,-1943000000.0,0.541,13.504,16970000000.0,4820000000.0,12150000000.0,16970000000.0,0.0,1952000000.0,0.0,0.071,1.11,-1705000000.0,247000000.0,0.024,247000000.0,-1705000000.0,-2962000000.0,-5.84,-5.84,-5.84,2420000000.0,4257645500.0,2420000000.0,20840955150.0,-12.0,84.376,1658000000.0,4.979,1.0,2114000000.0,0.203,291000000.0,1257000000.0,40992000000.0,43884552000.0,256000000.0,7643000000.0,0.0,7643000000.0,32680000000.0,9183000000.0,23497000000.0,5092429150.0,1465000000.0,-289000000.0,-386000000.0,1408000000.0,-371000000.0,758000000.0,-665000000.0,-197000000.0,1404000000.0,-32000000.0,-1943000000.0,-1943000000.0,-1943000000.0,4000000.0,0.0,-0.186,4189000000.0,-2075000000.0,1199000000.0,-0.19,2.104,-2.621,-2.676,15117000000.0,0.0,15.63,0.489,0.499,1355000000.0,599000000.0,10424000000.0,10424000000.0,0.0,-0.053,-0.456,-0.039,-0.164,0.0,0.0,1.0,325811206.0,333000000,333000000.0,31.303,34809000000.0,1339000000.0,-1019000000.0,5286000000.0,104.532,-4218000000.0
83,EIX,MRT,2000-09-30,2000-09-30,2000-09-30,2021-07-29,-230361000.0,37918628000.0,36884451500.0,4407351000.0,33511277000.0,0.302,14.968,-1424498000.0,1076098000.0,1076098000.0,7732378000.0,703030000.0,0.457,6.771,16824624000.0,4336786000.0,12487838000.0,16824624000.0,412265000.0,2064034000.0,0.0,0.043,0.83,2398656000.0,4462690000.0,0.401,4462690000.0,2398656000.0,1191123000.0,2.11,2.11,2.11,4879515000.0,4955395500.0,4879515000.0,22943098612.0,10.0,5.141,131219000.0,0.403,1.0,3389025000.0,0.305,0.0,1207533000.0,44032337000.0,45082802000.0,452829000.0,7853138000.0,0.0,7853138000.0,33039113000.0,9634817000.0,23404296000.0,6297930612.0,-142081000.0,-327974000.0,-385977000.0,2016368000.0,-373997000.0,2840127000.0,-4487925000.0,-215466000.0,1555717000.0,-50000000.0,703030000.0,703030000.0,703030000.0,58000000.0,0.0,0.063,950607000.0,2438418000.0,957663000.0,0.393,1.291,8.958,9.161,17618155000.0,0.0,19.33,0.566,0.567,1804768000.0,3149355000.0,11121403000.0,11121403000.0,0.0,0.019,0.142,0.053,0.216,0.0,0.0,1.0,325811206.0,326000000,327000000.0,34.115,37918628000.0,1729252000.0,488093000.0,7058611000.0,116.315,-5227466000.0
84,EIX,MRT,2000-06-30,2000-06-30,2000-06-30,2021-07-29,-134519000.0,36928537000.0,35440500000.0,3544402000.0,33384135000.0,0.294,14.177,-5287185000.0,864163000.0,864163000.0,6748987000.0,598367000.0,0.412,6.846,17509331000.0,4620670000.0,12888661000.0,17509331000.0,2017020000.0,1999308000.0,0.0,0.054,1.1,2066993000.0,4066301000.0,0.39,4066301000.0,2066993000.0,959652000.0,1.74,1.74,1.74,4706704000.0,5042943250.0,4706704000.0,23219035273.0,11.0,5.71,-3125385000.0,-9.414,1.0,3682213000.0,0.353,0.0,1107341000.0,44973774000.0,43716129000.0,495831000.0,7359241000.0,0.0,7359241000.0,32221833000.0,8599931000.0,23621902000.0,6812074273.0,-73373000.0,-304757000.0,-385977000.0,4192506000.0,-375742000.0,5543504000.0,-7734677000.0,55534000.0,2161800000.0,-44000000.0,598367000.0,598367000.0,598367000.0,58000000.0,0.0,0.057,1562864000.0,2119349000.0,657996000.0,0.632,1.447,11.384,11.782,19390398000.0,0.0,20.5,0.653,0.652,1561366000.0,2880702000.0,10431200000.0,10431200000.0,0.0,0.017,0.119,0.047,0.198,0.0,0.0,1.0,332296306.0,332000000,332000000.0,31.419,36928537000.0,1761969000.0,361285000.0,6736520000.0,111.231,-5055529000.0
85,EIX,MRT,2000-03-31,2000-03-31,2000-03-31,2021-07-29,-12269000.0,36461641000.0,33198419250.0,2971507000.0,33490134000.0,0.295,14.563,-5228996000.0,917474000.0,917474000.0,6340623000.0,589789000.0,0.405,6.257,17324435000.0,3754045000.0,13570390000.0,17324435000.0,2104937000.0,1918330000.0,0.0,0.049,0.81,1908170000.0,3826500000.0,0.39,3826500000.0,1908170000.0,933726000.0,1.7,1.7,1.7,5024363000.0,4594982750.0,5024363000.0,22149501723.0,12.0,5.788,-3087735000.0,-8.95,1.0,3462476000.0,0.353,0.0,974444000.0,45540097000.0,40910258250.0,494497000.0,7276085000.0,0.0,7276085000.0,31437278000.0,7328505000.0,24108773000.0,5751501723.0,306921000.0,-953759000.0,-146977000.0,4738517000.0,-375487000.0,6538889000.0,-8364229000.0,14534000.0,2141261000.0,-9000000.0,589789000.0,589789000.0,589789000.0,58000000.0,0.0,0.06,1521704000.0,1940772000.0,506082000.0,0.476,1.145,9.752,9.741,19478312000.0,0.0,16.56,0.587,0.583,1336599000.0,3001361000.0,9803099000.0,9803099000.0,0.0,0.018,0.128,0.047,0.195,0.0,0.0,1.0,347312906.0,345000000,346000000.0,28.415,36461641000.0,1433515000.0,343937000.0,6425467000.0,105.686,-4356998000.0
86,EIX,MRT,1999-12-31,1999-12-31,1999-12-31,2021-07-29,42000000.0,36229000000.0,30774916250.0,2670000000.0,33559000000.0,0.298,14.974,-6962000000.0,508000000.0,508000000.0,6287000000.0,623000000.0,0.39,5.952,16906000000.0,3515000000.0,13391000000.0,16906000000.0,300000000.0,1826000000.0,0.0,0.031,0.81,1812000000.0,3638000000.0,0.396,3638000000.0,1812000000.0,971000000.0,1.79,1.79,1.79,5211000000.0,4070656750.0,5211000000.0,21698244106.0,12.0,5.964,-4925000000.0,-14.152,1.0,2889000000.0,0.315,0.0,841000000.0,45785000000.0,37318296250.0,440000000.0,7079000000.0,0.0,7079000000.0,31018000000.0,6842000000.0,24176000000.0,9093354106.0,-76000000.0,-853000000.0,-92000000.0,6058000000.0,-373000000.0,7921000000.0,-10031000000.0,-15000000.0,2037000000.0,-3000000.0,623000000.0,623000000.0,623000000.0,58000000.0,0.0,0.068,1072000000.0,1817000000.0,625000000.0,0.453,1.745,14.596,14.631,19683000000.0,0.0,26.19,0.991,0.993,1378000000.0,3079000000.0,9176000000.0,9176000000.0,0.0,0.02,0.153,0.049,0.197,0.0,0.0,1.0,347207106.0,348000000,349000000.0,26.368,36229000000.0,191000000.0,348000000.0,6389000000.0,104.106,-4172000000.0
87,EIX,MRT,1999-09-30,1999-09-30,1999-09-30,2021-07-29,61843000.0,32142822000.0,27892166250.0,3636340000.0,28506482000.0,0.338,15.062,-4298877000.0,1218637000.0,1218637000.0,6479106000.0,689360000.0,0.588,5.146,13823527000.0,2566255000.0,11257272000.0,13823527000.0,1857314000.0,1874208000.0,0.0,0.044,1.06,1825176000.0,3699384000.0,0.392,3699384000.0,1825176000.0,1037551000.0,1.98,1.97,1.98,5229706000.0,4042656750.0,5229706000.0,19640649747.0,11.0,5.309,-2204992000.0,-6.351,1.0,2958248000.0,0.313,0.0,787625000.0,38565645000.0,33202296250.0,361947000.0,6786995000.0,0.0,6786995000.0,26913116000.0,6182067000.0,20731049000.0,8440604747.0,22632000.0,-904019000.0,-152283000.0,4185091000.0,-371133000.0,4428353000.0,-6496606000.0,32975000.0,2093885000.0,-3000000.0,689360000.0,689360000.0,689360000.0,0.0,0.0,0.073,1143274000.0,1814974000.0,727444000.0,0.535,1.614,12.244,12.278,15554468000.0,0.0,24.31,0.894,0.894,1604096000.0,3077675000.0,9437354000.0,9437354000.0,0.0,0.025,0.171,0.055,0.193,0.0,0.0,1.0,347207106.0,347207000,347207000.0,27.181,32142822000.0,1495784000.0,348191000.0,6505627000.0,92.575,-2545727000.0
88,EIX,MRT,1999-06-30,1999-06-30,1999-06-30,2021-07-29,-1423000.0,27960214000.0,26110204250.0,3770659000.0,24189555000.0,0.353,8.395,-1978538000.0,937929000.0,937929000.0,6610207000.0,650320000.0,0.697,8.592,12137974000.0,2513780000.0,9624194000.0,12137974000.0,1734469000.0,1798044000.0,0.0,0.04,1.06,1767261000.0,3565305000.0,0.386,3565305000.0,1767261000.0,1041682000.0,1.85,1.84,1.85,2914862000.0,3478170750.0,2914862000.0,19988625086.0,11.0,5.606,-354674000.0,-1.022,1.0,2617998000.0,0.284,0.0,725579000.0,33750291000.0,30771678500.0,239957000.0,6684656000.0,0.0,6684656000.0,25045352000.0,5409968000.0,19635384000.0,9287790086.0,-717982000.0,-1063607000.0,-219726000.0,2509307000.0,-369753000.0,2147915000.0,-4486761000.0,-88897000.0,1623864000.0,-3000000.0,650320000.0,650320000.0,650320000.0,0.0,0.0,0.07,910506000.0,1707492000.0,413474000.0,0.573,3.186,14.282,14.459,12254572000.0,0.0,26.75,1.006,1.006,1353070000.0,2916285000.0,9228205000.0,9228205000.0,0.0,0.025,0.187,0.057,0.192,0.0,0.0,1.0,347207106.0,347204000,347204000.0,26.579,27960214000.0,1533415000.0,391362000.0,5370982000.0,80.53,-1639309000.0
89,EIX,MRT,1999-03-31,1999-03-31,1999-03-31,2021-07-29,44403000.0,26767629000.0,25266295250.0,3266579000.0,23501050000.0,0.358,8.403,-1904948000.0,610635000.0,610635000.0,6009881000.0,667201000.0,0.519,8.145,11311470000.0,3488283000.0,7823187000.0,11311470000.0,1608823000.0,1776284000.0,0.0,0.059,1.31,1771221000.0,3547505000.0,0.392,3547505000.0,1771221000.0,1082921000.0,1.88,1.87,1.88,2927059000.0,3479264750.0,2927059000.0,16634260008.0,9.0,4.689,-495434000.0,-1.422,1.0,3036460000.0,0.336,0.0,688300000.0,31172249000.0,29533640000.0,213852000.0,5841818000.0,0.0,5841818000.0,23840570000.0,6296215000.0,17544355000.0,7725260008.0,-749985000.0,-362873000.0,-542708000.0,1346919000.0,-371187000.0,375444000.0,-2531943000.0,-88897000.0,1409514000.0,-3000000.0,667201000.0,667201000.0,667201000.0,0.0,0.0,0.074,1309762000.0,1726698000.0,393337000.0,0.697,2.639,11.579,11.835,12148391000.0,0.0,22.25,0.854,0.857,1282475000.0,2882656000.0,9046341000.0,9046341000.0,0.0,0.026,0.192,0.06,0.196,0.0,0.0,1.0,347202697.0,348327000,348327000.0,25.971,26767629000.0,1592750000.0,415720000.0,5455720000.0,76.846,-3029636000.0
90,EIX,MRT,1998-12-31,1998-12-31,1998-12-31,2021-07-29,84000000.0,24698000000.0,24797973000.0,2767000000.0,21931000000.0,0.357,14.203,-6000000.0,584000000.0,584000000.0,6296000000.0,668000000.0,0.646,3.844,9493000000.0,1485000000.0,8008000000.0,9493000000.0,1442000000.0,1758000000.0,0.0,0.037,1.04,1840000000.0,3598000000.0,0.406,3598000000.0,1840000000.0,1130000000.0,1.86,1.84,1.86,5099000000.0,3529995500.0,5099000000.0,18145906532.0,10.0,5.043,1426000000.0,3.972,1.0,2564000000.0,0.289,0.0,710000000.0,29321000000.0,29227173500.0,167000000.0,6049000000.0,0.0,6049000000.0,19599000000.0,4286000000.0,15313000000.0,9833504532.0,-1323000000.0,-401000000.0,-714000000.0,-579000000.0,-374000000.0,-1724000000.0,-1028000000.0,-426000000.0,1432000000.0,-3000000.0,668000000.0,668000000.0,668000000.0,0.0,0.0,0.075,780000000.0,1784000000.0,490000000.0,0.559,1.929,14.721,14.989,10326000000.0,0.0,27.88,1.11,1.13,1316000000.0,2906000000.0,8860000000.0,8860000000.0,0.0,0.027,0.189,0.063,0.208,0.0,0.0,1.0,352708197.0,359000000,364000000.0,24.68,24698000000.0,1738000000.0,462000000.0,5492000000.0,68.797,-1519000000.0
91,EIX,MRT,1998-09-30,1998-09-30,1998-09-30,2021-07-29,88865000.0,25014974000.0,24898723000.0,3661658000.0,21353316000.0,0.359,8.412,-1042496000.0,1195954000.0,1195954000.0,6586185000.0,644986000.0,0.817,7.418,9508356000.0,1217921000.0,8290435000.0,9508356000.0,1516769000.0,1658377000.0,0.0,0.04,1.02,1884046000.0,3542423000.0,0.397,3542423000.0,1884046000.0,1173346000.0,1.77,1.74,1.77,2971762000.0,3636995500.0,2971762000.0,17037748274.0,9.0,4.81,733097000.0,2.075,1.0,2345367000.0,0.263,0.0,710700000.0,28843174000.0,29280673500.0,171969000.0,5541389000.0,0.0,5541389000.0,22043212000.0,4484202000.0,17559010000.0,9084975274.0,611023000.0,-254188000.0,-942054000.0,770660000.0,-379516000.0,-642401000.0,-522169000.0,-458559000.0,1775593000.0,0.0,644986000.0,644986000.0,644986000.0,0.0,0.0,0.072,466687000.0,1878680000.0,685863000.0,0.576,3.057,14.086,14.514,10354853000.0,0.0,25.69,1.017,1.016,1407221000.0,2882897000.0,8931552000.0,8931552000.0,0.0,0.026,0.177,0.064,0.211,0.0,0.0,1.0,353638586.0,353285000,353285000.0,25.281,25014974000.0,1726289000.0,528360000.0,5541796000.0,70.807,-822544000.0
92,EIX,MRT,1998-06-30,1998-06-30,1998-06-30,2021-07-29,106617000.0,24584578000.0,,3404605000.0,21179973000.0,,8.103,-977575000.0,1655860000.0,1655860000.0,5905208000.0,705480000.0,0.911,7.422,9608633000.0,930905000.0,8677728000.0,9608633000.0,1385007000.0,1588459000.0,0.0,0.043,1.27,1936671000.0,3525130000.0,0.395,3525130000.0,1936671000.0,1230593000.0,1.86,1.84,1.86,2919238000.0,,2919238000.0,19356182987.0,10.0,5.491,895437000.0,2.486,1.0,3010477000.0,0.338,0.0,706078000.0,28798137000.0,,167643000.0,5072941000.0,0.0,5072941000.0,21665340000.0,3739214000.0,17926126000.0,10707432987.0,760212000.0,-22560000.0,-1263673000.0,809592000.0,-386561000.0,-940358000.0,-172442000.0,-393011000.0,1873012000.0,0.0,705480000.0,705480000.0,705480000.0,0.0,0.0,0.079,1010824000.0,1999653000.0,443642000.0,0.683,3.668,15.178,15.892,10411583000.0,0.0,29.56,1.201,1.194,1163372000.0,2812621000.0,8915685000.0,8915685000.0,0.0,,,,0.217,0.0,0.0,1.0,362227097.0,360251000,360251000.0,24.749,24584578000.0,1872696000.0,525113000.0,5392247000.0,68.243,-334609000.0
93,EIX,MRT,1998-03-31,1998-03-31,1998-03-31,2021-07-29,112818000.0,24894340000.0,,3016806000.0,21877534000.0,,8.453,-790048000.0,1360569000.0,1360569000.0,6039734000.0,699199000.0,0.839,6.954,10009319000.0,1140960000.0,8868359000.0,10009319000.0,1168265000.0,1522685000.0,0.0,0.034,1.0,1954480000.0,3477165000.0,0.38,3477165000.0,1954480000.0,1238843000.0,1.8,1.78,1.8,3129982000.0,,3129982000.0,19001160374.0,10.0,5.465,1236309000.0,3.339,1.0,3104098000.0,0.339,0.0,715637000.0,29946383000.0,,184742000.0,5025193000.0,0.0,5025193000.0,21764358000.0,3596707000.0,18167651000.0,10839160374.0,627266000.0,-161134000.0,-1225766000.0,1942039000.0,-395308000.0,191954000.0,-1591045000.0,-663637000.0,2026357000.0,0.0,699199000.0,699199000.0,699199000.0,0.0,0.0,0.076,1059713000.0,2044385000.0,429570000.0,0.556,3.463,15.502,16.322,13722778000.0,0.0,29.38,1.185,1.19,898689000.0,3017164000.0,9143832000.0,9143832000.0,0.0,,,,0.214,0.0,0.0,1.0,368929897.0,370279000,373340000.0,24.694,24894340000.0,1549631000.0,539644000.0,5086046000.0,67.231,-579901000.0
94,EIX,MRT,1997-12-31,1997-12-31,1997-12-31,2021-07-29,90000000.0,25101000000.0,24830000000.0,3597000000.0,21504000000.0,0.372,13.818,-783000000.0,1907000000.0,1907000000.0,6119000000.0,700000000.0,0.965,3.542,10069000000.0,1198000000.0,8871000000.0,10069000000.0,1285000000.0,1450000000.0,0.0,0.037,1.0,1898000000.0,3348000000.0,0.363,3348000000.0,1898000000.0,1199000000.0,1.75,1.73,1.75,5527000000.0,5962000000.0,5527000000.0,,,,1351000000.0,3.377,1.0,3116000000.0,0.337,0.0,699000000.0,29535000000.0,29111500000.0,191000000.0,4393000000.0,0.0,4393000000.0,19574000000.0,3728000000.0,15846000000.0,10031203899.0,1010000000.0,-131000000.0,-1173000000.0,1808000000.0,-408000000.0,113000000.0,-1237000000.0,-327000000.0,2134000000.0,0.0,700000000.0,700000000.0,700000000.0,0.0,0.0,0.076,1081000000.0,2035000000.0,441000000.0,0.571,1.815,14.33,15.537,14117000000.0,0.0,27.19,1.086,1.178,1077000000.0,3176000000.0,9235000000.0,9235000000.0,0.0,0.028,0.117,0.065,0.206,0.0,0.0,1.0,368929897.0,400000000,405000000.0,23.087,25101000000.0,123000000.0,499000000.0,5013000000.0,62.752,-131000000.0
95,EIX,MRT,1997-09-30,1997-09-30,1997-09-30,2021-07-29,,,,,,,,,,,,,,,,,,,,,,0.04,1.0,,,,,,,,,,,,,,,,,,1.0,,,,,,,,,,,,,,,,,,,,,,,,,,,,,,,,,,,,,,,,25.25,,,,,,,,,,,,,,1.0,,394076000,,,,,,,,
96,EIX,MRT,1997-06-30,1997-06-30,1997-06-30,2021-07-29,,,,,,,,,,,,,,,,,,,,,,0.04,1.0,,,,,,,,,,,,,,,,,,1.0,,,,,,,,,,,,,,,,,,,,,,,,,,,,,,,,,,,,,,,,24.88,,,,,,,,,,,,,,1.0,,408310000,,,,,,,,
97,EIX,MRT,1997-03-31,1997-03-31,1997-03-31,2021-07-29,,,,,,,,,,,,,,,,,,,,,,0.044,1.0,,,,,,,,,,,,,,,,,,1.0,,,,,,,,,,,,,,,,,,,,,,,,,,,,,,,,,,,,,,,,22.5,,,,,,,,,,,,,,1.0,,419665000,,,,,,,,
98,EIX,MRT,1996-12-31,1996-12-31,1996-12-31,2021-07-29,97000000.0,24559000000.0,,2572000000.0,21987000000.0,,14.638,-744000000.0,897000000.0,897000000.0,3805000000.0,717000000.0,0.748,2.839,8464000000.0,989000000.0,7475000000.0,8464000000.0,1059000000.0,1269000000.0,0.0,0.063,1.25,1974000000.0,3243000000.0,0.38,3243000000.0,1974000000.0,1280000000.0,1.64,1.63,1.64,6397000000.0,,6397000000.0,,,,1453000000.0,3.325,1.0,4740000000.0,0.555,0.0,694000000.0,28688000000.0,,226000000.0,3546000000.0,0.0,3546000000.0,18162000000.0,3438000000.0,14724000000.0,,390000000.0,-336000000.0,-344000000.0,-262000000.0,-440000000.0,-587000000.0,-1220000000.0,3000000.0,2197000000.0,0.0,717000000.0,717000000.0,717000000.0,0.0,0.0,0.084,2699000000.0,2041000000.0,438000000.0,0.762,,,12.122,15273000000.0,0.0,19.88,,1.017,1095000000.0,3753000000.0,8545000000.0,8545000000.0,0.0,,,,0.231,0.0,0.0,1.0,,437000000,439000000.0,19.554,24559000000.0,1981000000.0,563000000.0,5185000000.0,56.199,-866000000.0
99,EIX,MRT,1995-12-31,1995-12-31,1995-12-31,2021-07-29,,,,,,,,-1984000000.0,,,3635000000.0,739000000.0,,,,,,,,1087000000.0,,0.043,0.75,1887000000.0,2974000000.0,0.354,2974000000.0,1887000000.0,1267000000.0,1.66,1.65,1.66,,,,,,,134000000.0,0.3,1.0,4770000000.0,0.568,,620000000.0,,,,,,,,,,,-27000000.0,-45000000.0,-70000000.0,490000000.0,-447000000.0,-8000000.0,-2137000000.0,0.0,2118000000.0,0.0,739000000.0,739000000.0,739000000.0,0.0,0.0,0.088,2865000000.0,1905000000.0,,0.452,,,10.62,,0.0,17.63,,0.936,,,8405000000.0,8405000000.0,0.0,,,,0.225,0.0,0.0,1.0,,446000000,446000000.0,18.845,,,528000000.0,,,
