None,ticker,dimension,calendardate,datekey,reportperiod,lastupdated,accoci,assets,assetsavg,assetsc,assetsnc,assetturnover,bvps,capex,cashneq,cashnequsd,cor,consolinc,currentratio,de,debt,debtc,debtnc,debtusd,deferredrev,depamor,deposits,divyield,dps,ebit,ebitda,ebitdamargin,ebitdausd,ebitusd,ebt,eps,epsdil,epsusd,equity,equityavg,equityusd,ev,evebit,evebitda,fcf,fcfps,fxusd,gp,grossmargin,intangibles,intexp,invcap,invcapavg,inventory,investments,investmentsc,investmentsnc,liabilities,liabilitiesc,liabilitiesnc,marketcap,ncf,ncfbus,ncfcommon,ncfdebt,ncfdiv,ncff,ncfi,ncfinv,ncfo,ncfx,netinc,netinccmn,netinccmnusd,netincdis,netincnci,netmargin,opex,opinc,payables,payoutratio,pb,pe,pe1,ppnenet,prefdivis,price,ps,ps1,receivables,retearn,revenue,revenueusd,rnd,roa,roe,roic,ros,sbcomp,sgna,sharefactor,sharesbas,shareswa,shareswadil,sps,tangibles,taxassets,taxexp,taxliabilities,tbvps,workingcapital
0,KBH,MRY,2020-12-31,2020-11-30,2020-11-30,2021-10-08,-22276000.0,5356442000.0,5157176250.0,,,0.811,29.468,-28841000.0,681190000.0,681190000.0,3380451000.0,296243000.0,,1.009,1747175000.0,,,1747175000.0,0.0,28396000.0,0.0,0.012,0.42,364043000.0,392439000.0,0.094,392439000.0,364043000.0,364043000.0,3.26,3.13,3.26,2665769000.0,2541133750.0,2665769000.0,4212831698.0,12.0,10.735,281837000.0,3.115,1.0,802723000.0,0.192,0.0,0.0,6422427000.0,6307834000.0,3897482000.0,46785000.0,,,2690673000.0,,,3187160698.0,227671000.0,2278000.0,16058000.0,-24934000.0,-38065000.0,-56444000.0,-26563000.0,0.0,310678000.0,0.0,296243000.0,296243000.0,296243000.0,0.0,0.0,0.071,474862000.0,327861000.0,273368000.0,0.129,1.196,10.759,10.798,65547000.0,0.0,35.2,0.762,0.761,272659000.0,1868896000.0,4183174000.0,4183174000.0,0.0,0.057,0.117,0.058,0.087,21531000.0,470779000.0,1.0,90544338.0,90464000.0,94086000.0,46.241,5356442000.0,231067000.0,67800000.0,0.0,59.211,
1,KBH,MRY,2019-12-31,2019-11-30,2019-11-30,2021-10-08,-15506000.0,5015482000.0,5036065250.0,,,0.904,27.082,-34655000.0,453814000.0,453814000.0,3708928000.0,268775000.0,,1.105,1748747000.0,,,1748747000.0,0.0,27158000.0,0.0,0.011,0.39,348175000.0,375333000.0,0.082,375333000.0,348175000.0,348175000.0,3.04,2.85,3.04,2383122000.0,2242264500.0,2383122000.0,4733154698.0,14.0,12.611,216387000.0,2.459,1.0,843819000.0,0.185,0.0,0.0,6310415000.0,6620778500.0,3704602000.0,57038000.0,,,2632360000.0,,,3056813698.0,-120261000.0,-6289000.0,30524000.0,-322097000.0,-20370000.0,-330359000.0,-40944000.0,0.0,251042000.0,0.0,268775000.0,268775000.0,268775000.0,0.0,0.0,0.059,501683000.0,342136000.0,262772000.0,0.128,1.283,11.373,11.375,65043000.0,0.0,34.58,0.671,0.668,249055000.0,2157183000.0,4552747000.0,4552747000.0,0.0,0.053,0.12,0.053,0.076,18312000.0,497350000.0,1.0,88398314.0,87996000.0,93838000.0,51.738,5015482000.0,364493000.0,79400000.0,0.0,56.997,
2,KBH,MRY,2018-12-31,2018-11-30,2018-11-30,2021-10-08,-9565000.0,5073571000.0,5025024250.0,,,0.905,23.783,-7370000.0,574359000.0,574359000.0,3743920000.0,170365000.0,,1.43,2060263000.0,,,2060263000.0,0.0,2530000.0,0.0,0.005,0.1,367965000.0,370495000.0,0.081,370495000.0,367965000.0,367965000.0,1.93,1.71,1.93,2087500000.0,1967703500.0,2087500000.0,3574635160.0,10.0,9.648,214142000.0,2.44,1.0,803082000.0,0.177,0.0,0.0,6559475000.0,6694533000.0,3582839000.0,61960000.0,,,2986071000.0,,,1865869160.0,-145742000.0,-12737000.0,-15028000.0,-314751000.0,-8892000.0,-347147000.0,-20107000.0,0.0,221512000.0,0.0,170365000.0,170365000.0,170365000.0,0.0,0.0,0.037,447998000.0,355084000.0,258045000.0,0.052,0.894,10.952,10.938,24283000.0,0.0,21.11,0.41,0.407,292830000.0,1897168000.0,4547002000.0,4547002000.0,0.0,0.034,0.087,0.055,0.081,15861000.0,444154000.0,1.0,88387928.0,87773000.0,101059000.0,51.804,5073571000.0,441820000.0,197600000.0,0.0,57.803,
3,KBH,MRY,2017-12-31,2017-11-30,2017-11-30,2021-10-08,-16924000.0,5041515000.0,5005612250.0,,,0.873,22.44,-8085000.0,720630000.0,720630000.0,3646468000.0,180595000.0,,1.617,2324845000.0,,,2324845000.0,0.0,2791000.0,0.0,0.003,0.1,290617000.0,293408000.0,0.067,293408000.0,290617000.0,289995000.0,2.09,1.85,2.09,1926311000.0,1819025250.0,1926311000.0,4720975628.0,16.0,16.09,505134000.0,5.884,1.0,722061000.0,0.165,0.0,622000.0,6645730000.0,6987273000.0,3263386000.0,64794000.0,,,3115204000.0,,,2712649628.0,127861000.0,-7659000.0,23162000.0,-376708000.0,-8642000.0,-369614000.0,-15744000.0,0.0,513219000.0,0.0,180595000.0,180595000.0,180595000.0,0.0,0.0,0.041,429824000.0,292237000.0,213463000.0,0.048,1.408,15.021,15.005,0.0,0.0,31.36,0.621,0.616,244213000.0,1735695000.0,4368529000.0,4368529000.0,0.0,0.036,0.099,0.042,0.067,13675000.0,426394000.0,1.0,86500307.0,85842000.0,98316000.0,50.89,5041515000.0,633637000.0,109400000.0,0.0,58.73,
4,KBH,MRY,2016-12-31,2016-11-30,2016-11-30,2021-10-08,-16057000.0,5131624000.0,4999321000.0,,,0.719,20.105,-4784000.0,592086000.0,592086000.0,3041101000.0,105615000.0,,1.978,2640149000.0,,,2640149000.0,0.0,3637000.0,0.0,0.006,0.1,155215000.0,158852000.0,0.044,158852000.0,155215000.0,149315000.0,1.23,1.12,1.23,1723145000.0,1664455500.0,1723145000.0,3682329793.0,24.0,23.181,183871000.0,2.145,1.0,553545000.0,0.154,0.0,5900000.0,7179687000.0,7265976000.0,3403228000.0,64016000.0,,,3408479000.0,,,1342805793.0,32659000.0,-1295000.0,-80595000.0,-67845000.0,-8586000.0,-149917000.0,-6079000.0,0.0,188655000.0,0.0,105615000.0,105615000.0,105615000.0,0.0,0.0,0.029,393258000.0,160287000.0,215331000.0,0.081,0.779,12.714,12.878,0.0,0.0,15.84,0.374,0.378,231665000.0,1563742000.0,3594646000.0,3594646000.0,0.0,0.021,0.063,0.021,0.043,16664000.0,389441000.0,1.0,84773093.0,85706000.0,96278000.0,41.942,5131624000.0,738985000.0,43700000.0,0.0,59.875,
5,KBH,MRY,2015-12-31,2015-11-30,2015-11-30,2021-10-08,-17319000.0,5086905000.0,5016079500.0,,,0.604,18.368,-4677000.0,568386000.0,568386000.0,2539368000.0,84643000.0,,2.009,2601754000.0,,,2601754000.0,0.0,3411000.0,0.0,0.007,0.1,148899000.0,152310000.0,0.05,152310000.0,148899000.0,127043000.0,0.92,0.85,0.92,1690834000.0,1637866500.0,1690834000.0,3550040816.0,24.0,23.308,176508000.0,1.917,1.0,492662000.0,0.162,0.0,21856000.0,7120273000.0,7238340000.0,3313747000.0,71558000.0,,,3396071000.0,,,1297288816.0,201573000.0,-6626000.0,173000.0,22656000.0,-9186000.0,31691000.0,-11303000.0,0.0,181185000.0,0.0,84643000.0,84643000.0,84643000.0,0.0,0.0,0.028,346709000.0,145953000.0,183770000.0,0.109,0.767,15.327,15.315,0.0,0.0,14.09,0.428,0.428,247998000.0,1466713000.0,3032030000.0,3032030000.0,0.0,0.017,0.052,0.021,0.049,16986000.0,342998000.0,1.0,92071598.0,92054000.0,102857000.0,32.938,5086905000.0,782196000.0,42400000.0,0.0,55.26,
6,KBH,MRY,2014-12-31,2014-11-30,2014-11-30,2021-10-08,-21008000.0,4757550000.0,3930284750.0,,,0.611,17.878,-5795000.0,383601000.0,383601000.0,1985651000.0,918349000.0,,1.981,2576525000.0,,,2576525000.0,0.0,2420000.0,0.0,0.006,0.1,125699000.0,128119000.0,0.053,128119000.0,125699000.0,94949000.0,10.26,9.25,10.26,1595910000.0,899121000.0,1595910000.0,3864325994.0,31.0,30.162,-636486000.0,-7.13,1.0,415298000.0,0.173,0.0,30750000.0,6950474000.0,6010114500.0,3218387000.0,79441000.0,,,3161640000.0,,,1613039994.0,-173755000.0,-38987000.0,138395000.0,357634000.0,-8982000.0,501718000.0,-44782000.0,0.0,-630691000.0,0.0,918349000.0,918349000.0,918349000.0,0.0,0.0,0.382,291469000.0,123829000.0,172716000.0,0.01,1.011,1.756,1.712,0.0,0.0,17.57,0.672,0.653,125488000.0,1391256000.0,2400949000.0,2400949000.0,0.0,0.234,1.021,0.021,0.052,9099000.0,288023000.0,1.0,91806488.0,89265000.0,99314000.0,26.897,4757550000.0,825232000.0,-823400000.0,0.0,53.297,
7,KBH,MRY,2013-12-31,2013-11-30,2013-11-30,2021-10-08,-17516000.0,3193635000.0,2992808500.0,,,0.701,6.488,-2391000.0,572001000.0,572001000.0,1737086000.0,39963000.0,,4.957,2150498000.0,,,2150498000.0,0.0,1857000.0,0.0,0.006,0.1,101053000.0,102910000.0,0.049,102910000.0,101053000.0,38363000.0,0.48,0.46,0.48,536086000.0,494510750.0,536086000.0,2979655251.0,29.0,28.954,-445877000.0,-5.396,1.0,360044000.0,0.172,0.0,62690000.0,4772132000.0,4429828750.0,2298577000.0,130192000.0,,,2657549000.0,,,1467543251.0,6835000.0,-14359000.0,103196000.0,371785000.0,-8366000.0,467071000.0,-16750000.0,0.0,-443486000.0,0.0,39963000.0,39963000.0,39963000.0,0.0,0.0,0.019,258850000.0,101194000.0,148282000.0,0.208,2.738,36.723,36.521,0.0,0.0,17.53,0.7,0.691,75749000.0,481889000.0,2097130000.0,2097130000.0,0.0,0.013,0.081,0.023,0.048,5699000.0,255808000.0,1.0,83716101.0,82630000.0,91559000.0,25.38,3193635000.0,0.0,-1600000.0,0.0,38.65,
8,KBH,MRY,2012-12-31,2012-11-30,2012-11-30,2021-10-08,-27958000.0,2561698000.0,2477810000.0,,,0.63,4.887,-1749000.0,567127000.0,567127000.0,1332045000.0,-58953000.0,,5.798,1722815000.0,,,1722815000.0,0.0,1622000.0,0.0,0.01,0.138,-9249000.0,-7627000.0,-0.005,-7627000.0,-9249000.0,-79053000.0,-0.76,-0.76,-0.76,376806000.0,378161500.0,376806000.0,2368758904.0,-256.0,-310.575,32868000.0,0.426,1.0,228070000.0,0.146,0.0,69804000.0,3717386000.0,3688200750.0,1706571000.0,123674000.0,,,2184892000.0,,,1107584904.0,107614000.0,989000.0,-1206000.0,63443000.0,-10599000.0,73757000.0,-760000.0,0.0,34617000.0,0.0,-58953000.0,-58953000.0,-58953000.0,0.0,0.0,-0.038,239634000.0,-11564000.0,118544000.0,-0.182,2.939,-18.788,-18.895,0.0,0.0,14.36,0.71,0.71,64821000.0,450292000.0,1560115000.0,1560115000.0,0.0,-0.024,-0.156,-0.003,-0.006,6713000.0,236643000.0,1.0,77129868.0,77106000.0,77106000.0,20.233,2561698000.0,0.0,-20100000.0,0.0,33.223,
9,KBH,MRY,2011-12-31,2011-11-30,2011-11-30,2021-10-08,-26152000.0,2512542000.0,2748988250.0,,,0.479,5.746,80358000.0,479531000.0,479531000.0,1157280000.0,-178768000.0,,4.676,1583571000.0,,,1583571000.0,0.0,2031000.0,0.0,0.034,0.25,-131964000.0,-129933000.0,-0.099,-129933000.0,-131964000.0,-181168000.0,-2.32,-2.32,-2.32,442657000.0,458167750.0,442657000.0,1563036161.0,-12.0,-12.03,-267187000.0,-3.468,1.0,158586000.0,0.121,0.0,49204000.0,3616582000.0,3724310250.0,1731629000.0,127926000.0,,,2069885000.0,,,566925161.0,-490356000.0,-67260000.0,1796000.0,-189461000.0,-19240000.0,-155909000.0,13098000.0,0.0,-347545000.0,0.0,-178768000.0,-178768000.0,-178768000.0,0.0,0.0,-0.136,224103000.0,-65517000.0,104414000.0,-0.108,1.281,-3.171,-3.168,0.0,0.0,7.35,0.431,0.43,66179000.0,519844000.0,1315866000.0,1315866000.0,0.0,-0.065,-0.39,-0.035,-0.1,8054000.0,220591000.0,1.0,77132675.0,77043000.0,77043000.0,17.08,2512542000.0,0.0,-2400000.0,0.0,32.612,
10,KBH,MRY,2010-12-31,2010-11-30,2010-11-30,2021-10-08,-22657000.0,3109749000.0,3193474000.0,,,0.498,8.218,-420000.0,1019878000.0,1019878000.0,1308288000.0,-69368000.0,,3.921,1775529000.0,,,1775529000.0,0.0,3289000.0,0.0,0.022,0.25,-8061000.0,-4772000.0,-0.003,-4772000.0,-8061000.0,-76368000.0,-0.9,-0.9,-0.9,631878000.0,627030750.0,631878000.0,1759624569.0,-218.0,-368.739,-134384000.0,-1.748,1.0,281708000.0,0.177,0.0,68307000.0,3865400000.0,3870622000.0,1696721000.0,105583000.0,,,2477871000.0,,,994940569.0,-269531000.0,-15669000.0,1501000.0,-101154000.0,-19223000.0,-119478000.0,-16089000.0,0.0,-133964000.0,0.0,-69368000.0,-69368000.0,-69368000.0,0.0,0.0,-0.044,292639000.0,-10931000.0,233217000.0,-0.278,1.575,-14.343,-12.556,0.0,0.0,11.3,0.626,0.546,108048000.0,717852000.0,1589996000.0,1589996000.0,0.0,-0.022,-0.111,-0.002,-0.005,7491000.0,289520000.0,1.0,88047838.0,76889000.0,76889000.0,20.679,3109749000.0,0.0,-7000000.0,0.0,40.445,
11,KBH,MRY,2009-12-31,2009-11-30,2009-11-30,2021-10-08,-22244000.0,3435989000.0,3474297000.0,,,0.525,9.225,-1375000.0,1289007000.0,1289007000.0,1749911000.0,-101784000.0,,3.858,1820370000.0,,,1820370000.0,0.0,5235000.0,0.0,0.018,0.25,-259421000.0,-254186000.0,-0.139,-254186000.0,-259421000.0,-311184000.0,-1.33,-1.33,-1.33,707224000.0,692873500.0,707224000.0,1948537147.0,-8.0,-7.666,348537000.0,4.547,1.0,74939000.0,0.041,0.0,51763000.0,3967352000.0,4100439500.0,1501394000.0,119668000.0,,,2728765000.0,,,1193388147.0,36443000.0,-19922000.0,2458000.0,-272351000.0,-19097000.0,-292172000.0,-21297000.0,0.0,349912000.0,0.0,-101784000.0,-101784000.0,-101784000.0,0.0,0.0,-0.056,306275000.0,-231336000.0,340977000.0,-0.188,1.687,-11.725,-10.188,0.0,0.0,13.55,0.654,0.569,337930000.0,806443000.0,1824850000.0,1824850000.0,0.0,-0.029,-0.147,-0.063,-0.142,8070000.0,303024000.0,1.0,88072926.0,76660000.0,76660000.0,23.804,3435989000.0,0.0,-209400000.0,0.0,44.821,
12,KBH,MRY,2008-12-31,2008-11-30,2008-11-30,2021-10-08,-17402000.0,4044300000.0,4593327250.0,,,0.661,10.716,7073000.0,1250803000.0,1250803000.0,3314815000.0,-976131000.0,,3.869,1941537000.0,,,1941537000.0,0.0,9317000.0,0.0,0.07,0.812,-954965000.0,-945648000.0,-0.312,-945648000.0,-954965000.0,-967931000.0,-12.59,-12.59,-12.59,830605000.0,1200829750.0,830605000.0,1977234840.0,-2.0,-2.091,348395000.0,4.495,1.0,-280879000.0,-0.093,0.0,12966000.0,4735034000.0,5386299000.0,2106716000.0,177649000.0,,,3213695000.0,,,1042323840.0,-202224000.0,-59625000.0,5991000.0,-318614000.0,-62967000.0,-490994000.0,-52552000.0,0.0,341322000.0,0.0,-976131000.0,-976131000.0,-976131000.0,0.0,0.0,-0.322,573486000.0,-854365000.0,541294000.0,-0.064,1.255,-1.068,-0.924,0.0,0.0,11.63,0.344,0.297,357719000.0,927324000.0,3033936000.0,3033936000.0,0.0,-0.213,-0.813,-0.177,-0.315,7115000.0,501027000.0,1.0,89623718.0,77509000.0,77509000.0,39.143,4044300000.0,0.0,8200000.0,0.0,52.178,
13,KBH,MRY,2007-12-31,2007-11-30,2007-11-30,2021-10-08,-22923000.0,5705956000.0,7381008250.0,,,0.869,20.458,685000.0,1325255000.0,1325255000.0,6826379000.0,-929414000.0,,2.083,2161794000.0,,,2161794000.0,0.0,17274000.0,0.0,0.048,1.0,-975414000.0,-958140000.0,-0.149,-958140000.0,-975414000.0,-975414000.0,-12.04,-12.04,-12.04,1850687000.0,2555585500.0,1850687000.0,3405295306.0,-3.0,-3.554,1047584000.0,11.58,1.0,-409853000.0,-0.064,67970000.0,0.0,6474525000.0,9176702500.0,3312420000.0,297010000.0,,,3855269000.0,,,1889805306.0,539560000.0,654576000.0,5414000.0,-658968000.0,-77170000.0,-1150488000.0,643149000.0,0.0,1046899000.0,0.0,-929414000.0,-929414000.0,-929414000.0,-47252000.0,0.0,-0.145,937343000.0,-1347196000.0,699851000.0,-0.083,1.021,-2.033,-1.735,0.0,0.0,20.89,0.295,0.295,295739000.0,1968881000.0,6416526000.0,6416526000.0,0.0,-0.126,-0.364,-0.106,-0.152,8472000.0,824621000.0,1.0,90464591.0,90464591.0,,70.929,5637986000.0,222458000.0,-46000000.0,0.0,62.323,
14,KBH,MRY,2006-12-31,2006-11-30,2006-11-30,2021-10-08,63197000.0,9263738000.0,9148224250.0,,,1.025,32.006,-17638000.0,700041000.0,700041000.0,7666019000.0,482351000.0,,2.17,2920334000.0,,,2920334000.0,0.0,18091000.0,0.0,0.019,1.0,661251000.0,679342000.0,0.072,679342000.0,661251000.0,661251000.0,6.12,5.82,6.12,2922748000.0,2948103250.0,2922748000.0,8292048323.0,13.0,12.206,633480000.0,6.937,1.0,1714064000.0,0.183,177333000.0,0.0,11306698000.0,12058859750.0,5751643000.0,381242000.0,,,6340990000.0,,,4720244323.0,479209000.0,-121417000.0,-329028000.0,614358000.0,-78258000.0,-29149000.0,-142760000.0,0.0,651118000.0,0.0,482351000.0,482351000.0,482351000.0,-89404000.0,0.0,0.051,1129431000.0,584633000.0,626243000.0,0.163,1.615,9.786,8.446,0.0,0.0,51.69,0.503,0.503,224077000.0,2975465000.0,9380083000.0,9380083000.0,0.0,0.053,0.164,0.055,0.07,3974000.0,1123508000.0,1.0,91318327.0,91318327.0,,102.719,9086405000.0,430806000.0,178900000.0,0.0,99.503,
15,KBH,MRY,2005-12-31,2005-11-30,2005-11-30,2021-10-08,28704000.0,7741379000.0,6951716250.0,,,1.173,28.701,-22059000.0,144783000.0,144783000.0,5954768000.0,823712000.0,,1.791,2463814000.0,,,2463814000.0,0.0,17546000.0,0.0,0.011,0.75,1270712000.0,1288258000.0,0.158,1288258000.0,1270712000.0,1270712000.0,10.06,9.32,10.06,2773797000.0,2483078000.0,2773797000.0,9347146188.0,7.0,7.256,-106306000.0,-1.1,1.0,2199913000.0,0.27,234771000.0,0.0,9825639000.0,9079436750.0,6128342000.0,275378000.0,,,4967582000.0,,,6743007188.0,-66032000.0,-117633000.0,-32964000.0,369062000.0,-61577000.0,116189000.0,-97974000.0,42396000.0,-84247000.0,0.0,823712000.0,823712000.0,823712000.0,-69178000.0,0.0,0.101,1000010000.0,1199903000.0,892727000.0,0.075,2.431,8.186,6.935,0.0,0.0,69.77,0.827,0.827,580931000.0,2571372000.0,8154681000.0,8154681000.0,0.0,0.118,0.332,0.14,0.156,42739000.0,979610000.0,1.0,96646226.0,96646226.0,,84.377,7506608000.0,223091000.0,447000000.0,0.0,77.671,
16,KBH,MRY,2004-12-31,2004-11-30,2004-11-30,2021-10-08,59968000.0,5835956000.0,5183895750.0,,,1.36,22.19,-23170000.0,190660000.0,190660000.0,5325856000.0,474036000.0,,1.839,1975600000.0,,,1975600000.0,0.0,21848000.0,0.0,0.011,0.5,733490000.0,755338000.0,0.107,755338000.0,733490000.0,715336000.0,6.05,5.62,6.05,2055681000.0,1819845500.0,2055681000.0,6165292578.0,8.0,8.162,-102092000.0,-1.102,1.0,1726828000.0,0.245,249313000.0,18154000.0,7371583000.0,6724074250.0,4143254000.0,168425000.0,,,3780275000.0,,,4070986578.0,96077000.0,-250280000.0,-23957000.0,594226000.0,-39163000.0,442775000.0,-267776000.0,5674000.0,-78922000.0,0.0,474036000.0,474036000.0,474036000.0,0.0,0.0,0.067,945807000.0,781021000.0,749050000.0,0.083,1.98,8.588,7.264,0.0,0.0,43.945,0.577,0.577,513974000.0,1848944000.0,7052684000.0,7052684000.0,0.0,0.091,0.26,0.109,0.104,13365000.0,910078000.0,1.0,92638220.0,92638220.0,,76.131,5586643000.0,217618000.0,241300000.0,0.0,60.306,
17,KBH,MRY,2003-12-31,2003-11-30,2003-11-30,2021-10-08,38488000.0,4235859000.0,4054419750.0,,,1.443,17.182,-13052000.0,138119000.0,138119000.0,4479019000.0,370764000.0,,1.659,1393005000.0,,,1393005000.0,0.0,21509000.0,0.0,0.004,0.15,577244000.0,598753000.0,0.102,598753000.0,577244000.0,553464000.0,4.71,4.4,4.71,1592851000.0,1424573750.0,1592851000.0,4735654627.0,8.0,7.909,456403000.0,4.923,1.0,1371535000.0,0.234,228999000.0,23780000.0,5261746000.0,5237430750.0,2883482000.0,252329000.0,,,2643008000.0,,,3192721627.0,-191866000.0,-115340000.0,-78410000.0,-357192000.0,-11809000.0,-546242000.0,-115079000.0,13313000.0,469455000.0,0.0,370764000.0,370764000.0,370764000.0,0.0,0.0,0.063,772859000.0,598676000.0,586245000.0,0.032,2.004,8.611,7.312,0.0,0.0,34.44,0.546,0.546,430266000.0,1462342000.0,5850554000.0,5850554000.0,0.0,0.091,0.26,0.11,0.099,6896000.0,733511000.0,1.0,92703880.0,92703880.0,,63.11,4006860000.0,165896000.0,182700000.0,0.0,43.222,
18,KBH,MRY,2002-12-31,2002-11-30,2002-11-30,2021-10-08,8895000.0,4025540000.0,3624541750.0,,,1.413,13.307,-31145000.0,329985000.0,329985000.0,3890243000.0,314350000.0,,2.159,1688706000.0,,,1688706000.0,0.0,17173000.0,0.0,0.007,0.15,480717000.0,497890000.0,0.097,497890000.0,480717000.0,469250000.0,3.785,3.575,3.785,1274351000.0,1172257500.0,1274351000.0,3606725235.0,8.0,7.244,325845000.0,3.403,1.0,1232495000.0,0.241,194614000.0,11467000.0,5189647000.0,4812550000.0,2173497000.0,620592000.0,,,2751189000.0,,,2139832235.0,48652000.0,-31558000.0,-133554000.0,-79720000.0,-12371000.0,-255527000.0,-52811000.0,9892000.0,356990000.0,0.0,314350000.0,314350000.0,314350000.0,0.0,0.0,0.061,618683000.0,613812000.0,521341000.0,0.04,1.679,6.807,5.904,0.0,0.0,22.345,0.418,0.418,403957000.0,1103387000.0,5122738000.0,5122738000.0,0.0,0.087,0.268,0.1,0.094,0.0,618683000.0,1.0,95763358.0,95763358.0,,53.494,3830926000.0,178022000.0,154900000.0,0.0,40.004,
19,KBH,MRY,2001-12-31,2001-11-30,2001-11-30,2021-10-08,-3084000.0,3692866000.0,3250665250.0,,,1.429,10.855,-12189000.0,281333000.0,281333000.0,3612936000.0,214217000.0,,2.38,1706009000.0,,,1706009000.0,0.0,43858000.0,0.0,0.009,0.15,342953000.0,386811000.0,0.083,386811000.0,342953000.0,324517000.0,2.86,2.75,2.86,1092481000.0,878285750.0,1092481000.0,3291474803.0,10.0,8.509,33731000.0,0.335,1.0,1033717000.0,0.222,190785000.0,18436000.0,4926757000.0,4562171500.0,1884761000.0,695247000.0,,,2600385000.0,,,1691797803.0,248252000.0,-48286000.0,37909000.0,271267000.0,-11183000.0,250582000.0,-48250000.0,12225000.0,45920000.0,0.0,214217000.0,214217000.0,214217000.0,0.0,0.0,0.046,556725000.0,476992000.0,479568000.0,0.052,1.549,7.898,5.878,0.0,0.0,16.81,0.364,0.364,437043000.0,801408000.0,4646653000.0,4646653000.0,0.0,0.066,0.244,0.075,0.074,0.0,556725000.0,1.0,100642344.0,100642344.0,,46.17,3502081000.0,118584000.0,110300000.0,0.0,34.797,
20,KBH,MRY,2000-12-31,2000-11-30,2000-11-30,2021-10-08,-9564000.0,2828921000.0,2798752500.0,,,1.426,7.637,-18500000.0,33081000.0,33081000.0,3123869000.0,209960000.0,,3.321,1403202000.0,,,1403202000.0,0.0,41298000.0,0.0,0.007,0.112,317034000.0,358332000.0,0.09,358332000.0,317034000.0,297660000.0,2.695,2.62,2.695,654759000.0,676572500.0,654759000.0,2630427053.0,8.0,7.341,34408000.0,0.401,1.0,867359000.0,0.217,202177000.0,19374000.0,3996865000.0,3899233000.0,1657401000.0,468530000.0,,,2174162000.0,,,1345234053.0,4714000.0,-10407000.0,-157592000.0,78672000.0,-11465000.0,-23257000.0,-24937000.0,3970000.0,52908000.0,0.0,209960000.0,209960000.0,209960000.0,0.0,0.0,0.053,475174000.0,392185000.0,322672000.0,0.042,2.055,6.407,5.822,0.0,0.0,15.69,0.337,0.337,294760000.0,598374000.0,3991228000.0,3991228000.0,0.0,0.075,0.31,0.081,0.079,0.0,475174000.0,1.0,85738308.0,85738308.0,,46.551,2626744000.0,73842000.0,87700000.0,0.0,30.637,
21,KBH,MRY,1999-12-31,1999-11-30,1999-11-30,2021-10-08,-1584000.0,2664235000.0,2600055250.0,,,1.5,7.094,-19160000.0,28367000.0,28367000.0,3051698000.0,147469000.0,,2.938,1227309000.0,,,1227309000.0,0.0,38251000.0,0.0,0.0,0.0,243810000.0,282061000.0,0.072,282061000.0,243810000.0,226869000.0,1.58,1.54,1.58,676583000.0,662083250.0,676583000.0,2377070758.0,10.0,8.428,83710000.0,0.878,1.0,848771000.0,0.218,205618000.0,16941000.0,3657559000.0,3608900000.0,1521265000.0,513148000.0,,,1987652000.0,,,1055349758.0,-34986000.0,-26668000.0,-77977000.0,105327000.0,-14199000.0,-103901000.0,-33955000.0,11873000.0,102870000.0,0.0,147469000.0,147469000.0,147469000.0,0.0,0.0,0.038,472930000.0,375841000.0,338239000.0,0.0,1.56,7.156,7.003,0.0,0.0,11.065,0.271,0.271,205847000.0,376626000.0,3900469000.0,3900469000.0,0.0,0.057,0.223,0.068,0.063,0.0,472930000.0,1.0,95377294.0,95377294.0,,40.895,2458617000.0,99519000.0,79400000.0,0.0,25.778,
22,KBH,MRY,1998-12-31,1998-11-30,1998-11-30,2021-10-08,-2357000.0,1860204000.0,1649624750.0,,,1.513,5.946,-15859000.0,63353000.0,63353000.0,1949729000.0,95267000.0,,2.92,818523000.0,,,818523000.0,0.0,16178000.0,0.0,0.0,0.0,161613000.0,177791000.0,0.071,177791000.0,161613000.0,146567000.0,1.205,1.16,1.205,474511000.0,425128500.0,474511000.0,1783836724.0,11.0,10.033,-28708000.0,-0.36,1.0,546029000.0,0.219,45533000.0,15046000.0,2569841000.0,2384099500.0,1134402000.0,367642000.0,,,1385693000.0,,,1005153724.0,-4889000.0,-160604000.0,0.0,233920000.0,-11871000.0,169804000.0,-161844000.0,14619000.0,-12849000.0,0.0,95267000.0,95267000.0,95267000.0,0.0,0.0,0.038,314502000.0,231527000.0,220304000.0,0.0,2.118,10.551,10.452,0.0,0.0,12.595,0.403,0.403,140771000.0,243356000.0,2495758000.0,2495758000.0,0.0,0.058,0.224,0.068,0.065,0.0,314502000.0,1.0,79805774.0,79805774.0,,31.273,1814671000.0,24094000.0,51300000.0,0.0,22.739,
23,KBH,MRY,1997-12-31,1997-11-30,1997-11-30,2021-10-08,-1987000.0,1418991000.0,1285387500.0,,,1.489,4.915,-5917000.0,68242000.0,68242000.0,1512766000.0,58230000.0,,2.704,757755000.0,,,757755000.0,0.0,11860000.0,0.0,0.0,0.0,103729000.0,115589000.0,0.06,115589000.0,103729000.0,91030000.0,0.75,0.725,0.75,383056000.0,355663500.0,383056000.0,1543609955.0,15.0,13.354,-34961000.0,-0.449,1.0,401066000.0,0.21,31283000.0,12699000.0,2077221000.0,1916691500.0,790243000.0,286568000.0,,,1035935000.0,,,845142955.0,58461000.0,1921000.0,0.0,100551000.0,-11668000.0,81349000.0,6156000.0,10152000.0,-29044000.0,0.0,58230000.0,58230000.0,58230000.0,0.0,0.0,0.03,236999000.0,164067000.0,170946000.0,0.0,2.206,14.514,14.46,0.0,0.0,10.845,0.442,0.442,169988000.0,159960000.0,1913832000.0,1913832000.0,0.0,0.045,0.164,0.054,0.054,0.0,236999000.0,1.0,77929272.0,77929272.0,,24.559,1387708000.0,0.0,32800000.0,0.0,17.807,
24,KBH,MRY,1996-12-31,1996-11-30,1996-11-30,2021-10-08,4323000.0,1243494000.0,1408836500.0,,,1.292,4.384,-2799000.0,9781000.0,9781000.0,1435081000.0,-61244000.0,,2.654,645966000.0,,,645966000.0,0.0,10819000.0,0.0,0.0,0.0,-82282000.0,-71463000.0,-0.039,-71463000.0,-82282000.0,-95744000.0,-0.9,-0.9,-0.9,340350000.0,377914000.0,340350000.0,,,,327985000.0,4.225,1.0,385822000.0,0.212,39356000.0,13462000.0,1840323000.0,2116287500.0,780302000.0,243307000.0,,,903144000.0,,,499988089.0,-33601000.0,-88200000.0,0.0,-218226000.0,-16107000.0,-290459000.0,-73926000.0,17073000.0,330784000.0,0.0,-61244000.0,-61244000.0,-61244000.0,0.0,0.0,-0.034,398320000.0,-12498000.0,159272000.0,0.0,1.469,-8.164,-7.156,0.0,0.0,6.44,0.275,0.275,107037000.0,113398000.0,1820903000.0,1820903000.0,0.0,-0.043,-0.162,-0.039,-0.045,0.0,227563000.0,1.0,77637902.0,77637902.0,,23.454,1204138000.0,0.0,-34500000.0,0.0,15.51,
25,KBH,MRY,1995-12-31,1995-11-30,1995-11-30,2021-10-08,2243000.0,1574179000.0,,,,,,0.0,43382000.0,43382000.0,1119405000.0,29059000.0,,2.789,875339000.0,,,875339000.0,0.0,6274000.0,0.0,0.0,0.0,60280000.0,66554000.0,0.047,66554000.0,60280000.0,45459000.0,0.365,0.365,0.365,415478000.0,,415478000.0,,,,-52870000.0,,1.0,306781000.0,0.215,13884000.0,14821000.0,2392252000.0,,1059179000.0,300590000.0,,,1158701000.0,,,,-11426000.0,685000.0,0.0,79062000.0,-19592000.0,31478000.0,9966000.0,13533000.0,-52870000.0,0.0,29059000.0,29059000.0,29059000.0,0.0,0.0,0.02,187421000.0,119360000.0,165758000.0,0.0,,,17.808,0.0,0.0,6.5,,,111620000.0,190749000.0,1426186000.0,1426186000.0,0.0,,,,0.042,0.0,187421000.0,1.0,,,,,1560295000.0,0.0,16400000.0,24448000.0,,
26,KBH,MRY,1994-12-31,1994-11-30,1994-11-30,2021-10-08,,,,,,,,0.0,,,1048323000.0,46550000.0,,,,,,,,3408000.0,,0.0,0.0,91001000.0,94409000.0,0.069,94409000.0,91001000.0,73850000.0,0.58,0.58,0.58,,,,,,,-111080000.0,,1.0,316649000.0,0.232,,17151000.0,,,,,,,,,,,-20314000.0,-5329000.0,-73677000.0,166217000.0,-19606000.0,53297000.0,37469000.0,49245000.0,-111080000.0,0.0,46550000.0,46550000.0,46550000.0,0.0,0.0,0.034,176471000.0,140178000.0,,0.0,,,10.991,,0.0,6.375,,,,,1364972000.0,1364972000.0,0.0,,,,0.067,0.0,176471000.0,1.0,,,,,,,27300000.0,,,
0,KBH,MRQ,2021-09-30,2021-08-31,2021-08-31,2021-10-08,-22276000.0,5756347000.0,,,,,31.548,-9933000.0,350141000.0,350141000.0,1147642000.0,150097000.0,,1.026,1863501000.0,,,1863501000.0,0.0,6800000.0,0.0,0.014,0.15,174197000.0,180997000.0,0.123,180997000.0,174197000.0,174197000.0,1.66,1.6,1.66,2841733000.0,,2841733000.0,5104295378.0,9.0,8.159,-172091000.0,-1.911,1.0,319460000.0,0.218,0.0,0.0,7269707000.0,,4655875000.0,39484000.0,,,2914614000.0,,,3964917378.0,-257702000.0,5449000.0,-188175000.0,110283000.0,-13168000.0,-91060000.0,-4484000.0,0.0,-162158000.0,0.0,150097000.0,150097000.0,150097000.0,0.0,0.0,0.102,145559000.0,173901000.0,340540000.0,0.09,1.395,7.984,7.924,72470000.0,0.0,43.03,0.756,0.739,295092000.0,2218217000.0,1467102000.0,1467102000.0,0.0,,,,,6114000.0,144325000.0,1.0,92143095.0,90076000.0,93264000.0,16.287,5756347000.0,194845000.0,24100000.0,0.0,63.905,
1,KBH,MRQ,2021-06-30,2021-05-31,2021-05-31,2021-10-08,-22276000.0,5618933000.0,,,,,31.349,-9188000.0,608069000.0,608069000.0,1128018000.0,143364000.0,,0.946,1747447000.0,,,1747447000.0,0.0,7416000.0,0.0,0.012,0.15,173664000.0,181080000.0,0.126,181080000.0,173664000.0,173664000.0,1.55,1.5,1.55,2886865000.0,,2886865000.0,5485252657.0,10.0,9.919,52010000.0,0.565,1.0,312874000.0,0.217,0.0,0.0,6758311000.0,,4272566000.0,45358000.0,,,2732068000.0,,,4308038657.0,38088000.0,-1157000.0,968000.0,0.0,-13733000.0,-12765000.0,-10345000.0,0.0,61198000.0,0.0,143364000.0,143364000.0,143364000.0,0.0,0.0,0.099,146368000.0,166506000.0,316989000.0,0.097,1.492,10.138,10.11,69336000.0,0.0,46.81,0.902,0.903,271080000.0,2081288000.0,1440892000.0,1440892000.0,0.0,,,,,8082000.0,145115000.0,1.0,92032443.0,92087000.0,95379000.0,15.647,5618933000.0,199445000.0,30300000.0,0.0,61.018,
2,KBH,MRQ,2021-03-31,2021-02-28,2021-02-28,2021-10-08,-22276000.0,5426784000.0,,,,,29.964,-9098000.0,569793000.0,569793000.0,901909000.0,97051000.0,,0.975,1747007000.0,,,1747007000.0,0.0,7080000.0,0.0,0.012,0.15,123551000.0,130631000.0,0.114,130631000.0,123551000.0,123551000.0,1.05,1.02,1.05,2748184000.0,,2748184000.0,4766318193.0,11.0,10.665,-88363000.0,-0.963,1.0,239829000.0,0.21,0.0,0.0,6603998000.0,,4123953000.0,46453000.0,,,2678600000.0,,,3700333193.0,-111570000.0,-2625000.0,2538000.0,-600000.0,-14064000.0,-20582000.0,-11723000.0,0.0,-79265000.0,0.0,97051000.0,97051000.0,97051000.0,0.0,0.0,0.085,123205000.0,116624000.0,280541000.0,0.143,1.346,11.094,11.063,67558000.0,0.0,40.38,0.871,0.872,249234000.0,1951657000.0,1141738000.0,1141738000.0,0.0,,,,,5572000.0,122005000.0,1.0,91637771.0,91716000.0,94903000.0,12.449,5426784000.0,215145000.0,26500000.0,0.0,59.169,
3,KBH,MRQ,2020-12-31,2020-11-30,2020-11-30,2021-10-08,-22276000.0,5356442000.0,,,,,29.301,-7687000.0,681190000.0,681190000.0,951450000.0,106091000.0,,1.009,1747175000.0,,,1747175000.0,0.0,6813000.0,0.0,0.012,0.15,126091000.0,132904000.0,0.111,132904000.0,126091000.0,126091000.0,1.17,1.11,1.17,2665769000.0,,2665769000.0,4212831698.0,12.0,10.735,-26220000.0,-0.288,1.0,242806000.0,0.203,0.0,0.0,6422427000.0,,3897482000.0,46785000.0,,,2690673000.0,,,3187160698.0,-40597000.0,-490000.0,7654000.0,-4620000.0,-13637000.0,-13887000.0,-8177000.0,0.0,-18533000.0,0.0,106091000.0,106091000.0,106091000.0,0.0,0.0,0.089,123879000.0,118927000.0,273368000.0,0.128,1.196,10.759,10.798,65547000.0,0.0,35.2,0.762,0.761,272659000.0,1868896000.0,1194256000.0,1194256000.0,0.0,,,,,8764000.0,122697000.0,1.0,90544338.0,90980000.0,94980000.0,13.127,5356442000.0,231067000.0,20000000.0,0.0,58.875,
4,KBH,MRQ,2020-09-30,2020-08-31,2020-08-31,2021-10-08,-17149000.0,5177427000.0,,,,,28.335,-5930000.0,722033000.0,722033000.0,798495000.0,78415000.0,,1.018,1747704000.0,,,1747704000.0,0.0,7073000.0,0.0,0.01,0.09,101315000.0,108388000.0,0.108,108388000.0,101315000.0,101315000.0,0.86,0.83,0.86,2565308000.0,,2565308000.0,4428781166.0,11.0,10.256,168587000.0,1.862,1.0,200518000.0,0.201,0.0,0.0,6203098000.0,,3671129000.0,48821000.0,,,2612119000.0,,,3237248166.0,147093000.0,5854000.0,0.0,-19251000.0,-8097000.0,-27348000.0,-76000.0,0.0,174517000.0,0.0,78415000.0,78415000.0,78415000.0,0.0,0.0,0.078,108766000.0,91752000.0,231821000.0,0.105,1.262,10.332,10.276,64619000.0,0.0,35.76,0.712,0.712,269651000.0,2326060000.0,999013000.0,999013000.0,0.0,,,,,4636000.0,107710000.0,1.0,90527074.0,90535000.0,94105000.0,11.035,5177427000.0,241171000.0,22900000.0,0.0,57.187,
5,KBH,MRQ,2020-06-30,2020-05-31,2020-05-31,2021-10-08,-17149000.0,5042002000.0,,,,,27.52,-8553000.0,575006000.0,575006000.0,744453000.0,51989000.0,,1.025,1766539000.0,,,1766539000.0,0.0,7194000.0,0.0,0.009,0.09,67789000.0,74983000.0,0.082,74983000.0,67789000.0,67789000.0,0.57,0.55,0.57,2490354000.0,,2490354000.0,4311469382.0,11.0,10.206,156007000.0,1.724,1.0,169517000.0,0.185,0.0,0.0,6233535000.0,,3607465000.0,57823000.0,,,2551648000.0,,,2992027382.0,145106000.0,-1918000.0,178000.0,-1063000.0,-8098000.0,-8983000.0,-10471000.0,0.0,164560000.0,0.0,51989000.0,51989000.0,51989000.0,0.0,0.0,0.057,115121000.0,54396000.0,180868000.0,0.158,1.201,9.873,9.758,65764000.0,0.0,33.08,0.635,0.636,312928000.0,2255742000.0,913970000.0,913970000.0,0.0,,,,,3181000.0,114238000.0,1.0,90448228.0,90493000.0,93472000.0,10.1,5042002000.0,257571000.0,15800000.0,0.0,55.717,
6,KBH,MRQ,2020-03-31,2020-02-29,2020-02-29,2021-10-08,-17149000.0,5052834000.0,,,,,27.193,-6671000.0,429706000.0,429706000.0,886053000.0,59748000.0,,1.068,1749148000.0,,,1749148000.0,0.0,7316000.0,0.0,0.007,0.09,68848000.0,76164000.0,0.071,76164000.0,68848000.0,68848000.0,0.66,0.63,0.66,2443104000.0,,2443104000.0,4215210497.0,11.0,10.267,-16537000.0,-0.184,1.0,189882000.0,0.176,0.0,0.0,6372276000.0,,3728616000.0,57147000.0,,,2609730000.0,,,2920277497.0,-23931000.0,-1168000.0,8226000.0,0.0,-8233000.0,-6226000.0,-7839000.0,0.0,-9866000.0,0.0,59748000.0,59748000.0,59748000.0,0.0,0.0,0.056,127096000.0,62786000.0,236981000.0,0.136,1.195,9.783,9.699,64453000.0,0.0,32.59,0.606,0.608,297215000.0,2211851000.0,1075935000.0,1075935000.0,0.0,,,,,4950000.0,126134000.0,1.0,89606551.0,89842000.0,94205000.0,11.976,5052834000.0,312166000.0,9100000.0,0.0,56.241,
7,KBH,MRQ,2019-12-31,2019-11-30,2019-11-30,2021-10-08,-15506000.0,5015482000.0,,,,,26.748,-8248000.0,453814000.0,453814000.0,1250575000.0,123167000.0,,1.105,1748747000.0,,,1748747000.0,0.0,7333000.0,0.0,0.011,0.09,164967000.0,172300000.0,0.111,172300000.0,164967000.0,164967000.0,1.39,1.3,1.39,2383122000.0,,2383122000.0,4733154698.0,14.0,12.611,394938000.0,4.433,1.0,308100000.0,0.198,0.0,0.0,6310415000.0,,3704602000.0,57038000.0,,,2632360000.0,,,3056813698.0,270021000.0,-3634000.0,11795000.0,-109989000.0,-8018000.0,-121283000.0,-11882000.0,0.0,403186000.0,0.0,123167000.0,123167000.0,123167000.0,0.0,0.0,0.079,141568000.0,166532000.0,262772000.0,0.065,1.283,11.373,11.375,65043000.0,0.0,34.58,0.671,0.668,249055000.0,2157183000.0,1558675000.0,1558675000.0,0.0,,,,,3833000.0,140302000.0,1.0,88398314.0,89094000.0,93256000.0,17.495,5015482000.0,364493000.0,41800000.0,0.0,56.294,
8,KBH,MRQ,2019-09-30,2019-08-31,2019-08-31,2021-10-08,-9565000.0,5035170000.0,,,,,25.631,-9947000.0,183794000.0,183794000.0,943754000.0,68136000.0,,1.226,1860135000.0,,,1860135000.0,0.0,7045000.0,0.0,0.012,0.025,91936000.0,98981000.0,0.085,98981000.0,91936000.0,91936000.0,0.77,0.73,0.77,2262229000.0,,2262229000.0,4153952329.0,13.0,12.489,18243000.0,0.207,1.0,217032000.0,0.187,0.0,0.0,6711511000.0,,3919076000.0,57168000.0,,,2772941000.0,,,2478272329.0,5073000.0,-3411000.0,2267000.0,-4129000.0,-7897000.0,-9759000.0,-13358000.0,0.0,28190000.0,0.0,68136000.0,68136000.0,68136000.0,0.0,0.0,0.059,128629000.0,88403000.0,281855000.0,0.032,1.096,10.222,10.215,64119000.0,0.0,28.09,0.571,0.571,291492000.0,2042034000.0,1160786000.0,1160786000.0,0.0,,,,,4513000.0,127626000.0,1.0,88226142.0,88262000.0,92842000.0,13.152,5035170000.0,402095000.0,23800000.0,0.0,57.048,
9,KBH,MRQ,2019-06-30,2019-05-31,2019-05-31,2021-10-08,-9565000.0,4919953000.0,,,,,25.048,-12239000.0,178876000.0,178876000.0,843744000.0,47461000.0,,1.241,1854556000.0,,,1854556000.0,0.0,6334000.0,0.0,0.013,0.025,56761000.0,63095000.0,0.062,63095000.0,56761000.0,56761000.0,0.54,0.51,0.54,2195210000.0,,2195210000.0,3881579134.0,12.0,11.124,5637000.0,0.064,1.0,178059000.0,0.174,0.0,0.0,6595633000.0,,3780853000.0,56446000.0,,,2724743000.0,,,2189680134.0,-332643000.0,-1718000.0,15630000.0,-350000000.0,-2189000.0,-336562000.0,-13957000.0,0.0,17876000.0,0.0,47461000.0,47461000.0,47461000.0,0.0,0.0,0.046,123868000.0,54191000.0,262920000.0,0.046,0.997,8.364,8.461,61221000.0,0.0,25.13,0.497,0.5,299708000.0,1981795000.0,1021803000.0,1021803000.0,0.0,,,,,5814000.0,122828000.0,1.0,87134108.0,87641000.0,92366000.0,11.659,4919953000.0,424395000.0,9300000.0,0.0,56.138,
10,KBH,MRQ,2019-03-31,2019-02-28,2019-02-28,2021-10-08,-9565000.0,5173656000.0,,,,,24.473,-4221000.0,511690000.0,511690000.0,670855000.0,30011000.0,,1.431,2203589000.0,,,2203589000.0,0.0,6446000.0,0.0,0.014,0.25,34511000.0,40957000.0,0.05,40957000.0,34511000.0,34511000.0,0.34,0.31,0.34,2128497000.0,,2128497000.0,3468667630.0,10.0,9.509,-202431000.0,-2.328,1.0,140628000.0,0.173,0.0,0.0,6865555000.0,,3683763000.0,57134000.0,,,3045159000.0,,,1982763630.0,-62712000.0,2474000.0,832000.0,142021000.0,-2266000.0,137245000.0,-1747000.0,0.0,-198210000.0,0.0,30011000.0,30011000.0,30011000.0,0.0,0.0,0.037,107618000.0,33010000.0,209015000.0,0.735,0.932,7.299,7.406,55330000.0,0.0,22.81,0.442,0.442,313609000.0,1936523000.0,811483000.0,811483000.0,0.0,,,,,4152000.0,106594000.0,1.0,86925192.0,86972000.0,96962000.0,9.33,5173656000.0,433295000.0,4500000.0,0.0,59.486,
11,KBH,MRQ,2018-12-31,2018-11-30,2018-11-30,2021-10-08,-9565000.0,5073571000.0,,,,,23.615,-3233000.0,574359000.0,574359000.0,1101689000.0,96836000.0,,1.43,2060263000.0,,,2060263000.0,0.0,648000.0,0.0,0.005,0.025,128936000.0,129584000.0,0.096,129584000.0,128936000.0,128936000.0,1.1,0.96,1.1,2087500000.0,,2087500000.0,3574635160.0,10.0,9.648,267787000.0,3.029,1.0,246920000.0,0.183,0.0,0.0,6559475000.0,,3582839000.0,61960000.0,,,2986071000.0,,,1865869160.0,220143000.0,-7031000.0,-32461000.0,-4257000.0,-2206000.0,-40613000.0,-10264000.0,0.0,271020000.0,0.0,96836000.0,96836000.0,96836000.0,0.0,0.0,0.072,121435000.0,125485000.0,258045000.0,0.023,0.894,10.952,10.938,24283000.0,0.0,21.11,0.41,0.407,292830000.0,1897168000.0,1348609000.0,1348609000.0,0.0,,,,,3712000.0,120446000.0,1.0,88387928.0,88397000.0,100597000.0,15.256,5073571000.0,441820000.0,32100000.0,0.0,57.395,
12,KBH,MRQ,2018-09-30,2018-08-31,2018-08-31,2021-10-08,-16924000.0,4974689000.0,,,,,22.921,-710000.0,354361000.0,354361000.0,1001509000.0,87476000.0,,1.468,2063127000.0,,,2063127000.0,0.0,631000.0,0.0,0.004,0.025,114676000.0,115307000.0,0.094,115307000.0,114676000.0,114676000.0,0.99,0.87,0.99,2015949000.0,,2015949000.0,3863116705.0,10.0,10.351,-30849000.0,-0.351,1.0,223838000.0,0.183,0.0,0.0,6683455000.0,,3688855000.0,62436000.0,,,2958740000.0,,,2179066705.0,-315578000.0,4795000.0,12662000.0,-300000000.0,-2186000.0,-289524000.0,4085000.0,0.0,-30139000.0,0.0,87476000.0,87476000.0,87476000.0,0.0,0.0,0.071,115698000.0,108140000.0,259947000.0,0.025,1.081,13.802,13.883,0.0,0.0,24.85,0.474,0.475,279608000.0,1802538000.0,1225347000.0,1225347000.0,0.0,,,,,3354000.0,114753000.0,1.0,87688801.0,87951000.0,101072000.0,13.932,4974689000.0,468969000.0,27200000.0,0.0,56.562,
13,KBH,MRQ,2018-06-30,2018-05-31,2018-05-31,2021-10-08,-16924000.0,5094736000.0,,,,,21.861,-1503000.0,669798000.0,669798000.0,911244000.0,57308000.0,,1.661,2353848000.0,,,2353848000.0,0.0,623000.0,0.0,0.004,0.025,78308000.0,78931000.0,0.072,78931000.0,78308000.0,78308000.0,0.65,0.57,0.65,1914643000.0,,1914643000.0,4104229098.0,12.0,12.151,120808000.0,1.379,1.0,190179000.0,0.173,0.0,0.0,6778786000.0,,3464002000.0,69015000.0,,,3180093000.0,,,2304914098.0,109748000.0,-3575000.0,1825000.0,-7132000.0,-2178000.0,-7485000.0,-5078000.0,0.0,122311000.0,0.0,57308000.0,57308000.0,57308000.0,0.0,0.0,0.052,114188000.0,75991000.0,230606000.0,0.038,1.204,19.111,19.087,0.0,0.0,26.34,0.51,0.51,275620000.0,1717248000.0,1101423000.0,1101423000.0,0.0,,,,,4966000.0,113231000.0,1.0,87506230.0,87581000.0,101159000.0,12.576,5094736000.0,495969000.0,21000000.0,0.0,58.172,
14,KBH,MRQ,2018-03-31,2018-02-28,2018-02-28,2021-10-08,-16924000.0,4957101000.0,,,,,21.258,-1924000.0,560255000.0,560255000.0,729478000.0,-71255000.0,,1.676,2359570000.0,,,2359570000.0,0.0,628000.0,0.0,0.004,0.025,46045000.0,46673000.0,0.054,46673000.0,46045000.0,46045000.0,-0.82,-0.82,-0.82,1852722000.0,,1852722000.0,4019804354.0,13.0,12.904,-143604000.0,-1.648,1.0,142145000.0,0.163,0.0,0.0,6756416000.0,,3441574000.0,68176000.0,,,3104379000.0,,,2415589354.0,-160055000.0,-6926000.0,2946000.0,-3362000.0,-2322000.0,-9525000.0,-8850000.0,0.0,-141680000.0,0.0,-71255000.0,-71255000.0,-71255000.0,0.0,0.0,-0.082,96677000.0,45468000.0,192843000.0,-0.03,1.304,25.406,25.227,0.0,0.0,27.75,0.546,0.547,250472000.0,1662118000.0,871623000.0,871623000.0,0.0,,,,,3829000.0,95724000.0,1.0,87048265.0,87155000.0,87155000.0,10.001,4957101000.0,516569000.0,117300000.0,0.0,56.877,
15,KBH,MRQ,2017-12-31,2017-11-30,2017-11-30,2021-10-08,-16924000.0,5041515000.0,,,,,22.188,-1442000.0,720630000.0,720630000.0,1146791000.0,84346000.0,,1.617,2324845000.0,,,2324845000.0,0.0,640000.0,0.0,0.003,0.025,131661000.0,132301000.0,0.094,132301000.0,131661000.0,137346000.0,0.97,0.85,0.97,1926311000.0,,1926311000.0,4720975628.0,16.0,16.09,408507000.0,4.705,1.0,256347000.0,0.183,0.0,-5685000.0,6645730000.0,,3263386000.0,64794000.0,,,3115204000.0,,,2712649628.0,226054000.0,-664000.0,2485000.0,-177228000.0,-2163000.0,-181789000.0,-2106000.0,0.0,409949000.0,0.0,84346000.0,84346000.0,84346000.0,0.0,0.0,0.06,121398000.0,134949000.0,213463000.0,0.026,1.408,15.021,15.005,0.0,0.0,31.36,0.621,0.616,244213000.0,1735695000.0,1403138000.0,1403138000.0,0.0,,,,,3782000.0,120493000.0,1.0,86500307.0,86817000.0,100392000.0,16.162,5041515000.0,633637000.0,53000000.0,0.0,58.071,
16,KBH,MRQ,2017-09-30,2017-08-31,2017-08-31,2021-10-08,-16057000.0,5099559000.0,,,,,21.413,-2543000.0,494053000.0,494053000.0,955001000.0,50208000.0,,1.77,2502379000.0,,,2502379000.0,0.0,651000.0,0.0,0.005,0.025,79208000.0,79859000.0,0.07,79859000.0,79208000.0,79208000.0,0.58,0.51,0.58,1840942000.0,,1840942000.0,3992264544.0,19.0,18.377,165307000.0,1.923,1.0,189000000.0,0.165,0.0,0.0,7107885000.0,,3513794000.0,64513000.0,,,3258617000.0,,,1830731544.0,145435000.0,-2848000.0,17628000.0,-32514000.0,-2138000.0,-17024000.0,-5391000.0,0.0,167850000.0,0.0,50208000.0,50208000.0,50208000.0,0.0,0.0,0.044,109985000.0,79015000.0,189535000.0,0.043,0.994,13.685,13.718,0.0,0.0,21.4,0.44,0.443,229033000.0,1653512000.0,1144001000.0,1144001000.0,0.0,,,,,2856000.0,109095000.0,1.0,85548203.0,85974000.0,98912000.0,13.306,5099559000.0,683085000.0,29000000.0,0.0,59.315,
17,KBH,MRQ,2017-06-30,2017-05-31,2017-05-31,2021-10-08,-16057000.0,4958795000.0,,,,,20.743,-3085000.0,348588000.0,348588000.0,846596000.0,31782000.0,,1.798,2510121000.0,,,2510121000.0,0.0,698000.0,0.0,0.005,0.025,51982000.0,52680000.0,0.053,52680000.0,51982000.0,51982000.0,0.37,0.33,0.37,1772388000.0,,1772388000.0,3941605771.0,21.0,20.553,9377000.0,0.11,1.0,156198000.0,0.156,0.0,0.0,7120328000.0,,3488204000.0,64000000.0,,,3186407000.0,,,1789036771.0,-3078000.0,3496000.0,2387000.0,-16212000.0,-2126000.0,-15951000.0,411000.0,0.0,12462000.0,0.0,31782000.0,31782000.0,31782000.0,0.0,0.0,0.032,104733000.0,51465000.0,186993000.0,0.068,1.009,14.553,14.569,0.0,0.0,20.98,0.456,0.457,234712000.0,1605442000.0,1002794000.0,1002794000.0,0.0,,,,,3885000.0,103917000.0,1.0,85273440.0,85445000.0,97732000.0,11.736,4958795000.0,711885000.0,20200000.0,0.0,58.035,
18,KBH,MRQ,2017-03-31,2017-02-28,2017-02-28,2021-10-08,-16057000.0,4922580000.0,,,,,20.4,-1015000.0,351880000.0,351880000.0,698080000.0,14259000.0,,1.835,2504449000.0,,,2504449000.0,0.0,802000.0,0.0,0.006,0.025,27766000.0,28568000.0,0.035,28568000.0,27766000.0,21459000.0,0.17,0.15,0.17,1736460000.0,,1736460000.0,3558103336.0,22.0,21.332,-78057000.0,-0.917,1.0,120516000.0,0.147,0.0,6307000.0,7075149000.0,,3423344000.0,64916000.0,,,3186120000.0,,,1510040336.0,-240550000.0,-7643000.0,662000.0,-150754000.0,-2215000.0,-154850000.0,-8658000.0,0.0,-77042000.0,0.0,14259000.0,14259000.0,14259000.0,0.0,0.0,0.017,93708000.0,26808000.0,178491000.0,0.147,0.87,14.146,14.2,0.0,0.0,17.75,0.404,0.405,238358000.0,1575786000.0,818596000.0,818596000.0,0.0,,,,,3152000.0,92889000.0,1.0,85072695.0,85122000.0,96273000.0,9.617,4922580000.0,731885000.0,7200000.0,0.0,57.83,
19,KBH,MRQ,2016-12-31,2016-11-30,2016-11-30,2021-10-08,-16057000.0,5131624000.0,,,,,20.28,-2104000.0,592086000.0,592086000.0,1023079000.0,37528000.0,,1.978,2640149000.0,,,2640149000.0,0.0,874000.0,0.0,0.006,0.025,55261000.0,56135000.0,0.047,56135000.0,55261000.0,55028000.0,0.44,0.4,0.44,1723145000.0,,1723145000.0,3682329793.0,24.0,23.181,289163000.0,3.403,1.0,168863000.0,0.142,0.0,233000.0,7179687000.0,,3403228000.0,64016000.0,,,3408479000.0,,,1342805793.0,255278000.0,-3790000.0,-415000.0,-25932000.0,-2115000.0,-30095000.0,-5894000.0,0.0,291267000.0,0.0,37528000.0,37528000.0,37528000.0,0.0,0.0,0.031,110751000.0,58112000.0,215331000.0,0.057,0.779,12.714,12.878,0.0,0.0,15.84,0.374,0.378,231665000.0,1563742000.0,1191942000.0,1191942000.0,0.0,,,,,6484000.0,109555000.0,1.0,84773093.0,84968000.0,95801000.0,14.028,5131624000.0,738985000.0,17500000.0,0.0,60.395,
20,KBH,MRQ,2016-09-30,2016-08-31,2016-08-31,2021-10-08,-17319000.0,5027761000.0,,,,,19.921,196000.0,335271000.0,335271000.0,760490000.0,39363000.0,,1.988,2674795000.0,,,2674795000.0,0.0,931000.0,0.0,0.006,0.025,53463000.0,54394000.0,0.06,54394000.0,53463000.0,53463000.0,0.46,0.42,0.46,1682450000.0,,1682450000.0,3676425194.0,21.0,20.712,65043000.0,0.77,1.0,152793000.0,0.167,0.0,0.0,7367285000.0,,3597673000.0,61526000.0,,,3345311000.0,,,1322664194.0,61173000.0,3245000.0,7351000.0,-15274000.0,-2107000.0,-7115000.0,3441000.0,0.0,64847000.0,0.0,39363000.0,39363000.0,39363000.0,0.0,0.0,0.043,99035000.0,53758000.0,195785000.0,0.054,0.786,11.799,12.362,0.0,0.0,15.7,0.39,0.391,149219000.0,1528329000.0,913283000.0,913283000.0,0.0,,,,,2674000.0,98144000.0,1.0,84246127.0,84457000.0,95203000.0,10.814,5027761000.0,756596000.0,14100000.0,0.0,59.53,
21,KBH,MRQ,2016-06-30,2016-05-31,2016-05-31,2021-10-08,-17319000.0,4915843000.0,,,,,19.421,-1463000.0,278366000.0,278366000.0,688714000.0,15597000.0,,2.006,2632127000.0,,,2632127000.0,0.0,932000.0,0.0,0.007,0.025,26767000.0,27699000.0,0.034,27699000.0,26767000.0,24797000.0,0.18,0.17,0.18,1635169000.0,,1635169000.0,3497930324.0,22.0,21.544,-25609000.0,-0.304,1.0,122336000.0,0.151,0.0,1970000.0,7269604000.0,,3525089000.0,65213000.0,,,3280674000.0,,,1172658324.0,-48307000.0,-459000.0,-5000.0,-20980000.0,-2094000.0,-22239000.0,-1922000.0,0.0,-24146000.0,0.0,15597000.0,15597000.0,15597000.0,0.0,0.0,0.019,94681000.0,27655000.0,190327000.0,0.139,0.717,12.216,13.151,0.0,0.0,13.94,0.353,0.354,151066000.0,1491073000.0,811050000.0,811050000.0,0.0,,,,,4613000.0,93810000.0,1.0,84121831.0,84196000.0,94720000.0,9.633,4915843000.0,770396000.0,9200000.0,0.0,58.386,
22,KBH,MRQ,2016-03-31,2016-02-29,2016-02-29,2021-10-08,-17319000.0,4922056000.0,,,,,18.121,-1413000.0,327433000.0,327433000.0,568818000.0,13127000.0,,2.044,2652705000.0,,,2652705000.0,0.0,900000.0,0.0,0.008,0.025,19724000.0,20624000.0,0.03,20624000.0,19724000.0,16027000.0,0.15,0.14,0.15,1617058000.0,,1617058000.0,3182913028.0,21.0,20.365,-144726000.0,-1.622,1.0,109553000.0,0.161,0.0,3697000.0,7247328000.0,,3468644000.0,68572000.0,,,3304998000.0,,,1125763028.0,-235485000.0,-291000.0,-87526000.0,-5659000.0,-2270000.0,-90468000.0,-1704000.0,0.0,-143313000.0,0.0,13127000.0,13127000.0,13127000.0,0.0,0.0,0.019,88791000.0,20762000.0,167575000.0,0.167,0.696,12.513,12.449,0.0,0.0,12.2,0.36,0.348,152089000.0,1477570000.0,678371000.0,678371000.0,0.0,,,,,2893000.0,87932000.0,1.0,92275658.0,89239000.0,99427000.0,7.602,4922056000.0,779396000.0,2900000.0,0.0,55.156,
23,KBH,MRQ,2015-12-31,2015-11-30,2015-11-30,2021-10-08,-17319000.0,5086905000.0,,,,,18.339,-2577000.0,568386000.0,568386000.0,813392000.0,44017000.0,,2.009,2601754000.0,,,2601754000.0,0.0,864000.0,0.0,0.007,0.025,73923000.0,74787000.0,0.076,74787000.0,73923000.0,69917000.0,0.48,0.43,0.48,1690834000.0,,1690834000.0,3550040816.0,24.0,23.308,200692000.0,2.177,1.0,172391000.0,0.175,0.0,4006000.0,7120273000.0,,3313747000.0,71558000.0,,,3396071000.0,,,1297288816.0,205462000.0,329000.0,37000.0,-9141000.0,-2296000.0,4441000.0,-2248000.0,0.0,203269000.0,0.0,44017000.0,44017000.0,44017000.0,0.0,0.0,0.045,99229000.0,73162000.0,183770000.0,0.052,0.767,15.327,15.315,0.0,0.0,14.09,0.428,0.428,247998000.0,1466713000.0,985783000.0,985783000.0,0.0,,,,,6542000.0,98320000.0,1.0,92071598.0,92201000.0,106613000.0,10.692,5086905000.0,782196000.0,25900000.0,0.0,55.172,
24,KBH,MRQ,2015-09-30,2015-08-31,2015-08-31,2021-10-08,-21008000.0,4948496000.0,,,,,17.816,-510000.0,377980000.0,377980000.0,709148000.0,23254000.0,,2.017,2630732000.0,,,2630732000.0,0.0,901000.0,0.0,0.007,0.025,38348000.0,39249000.0,0.047,39249000.0,38348000.0,33954000.0,0.25,0.23,0.25,1640226000.0,,1640226000.0,3700428658.0,34.0,33.239,113306000.0,1.231,1.0,134009000.0,0.159,0.0,4394000.0,7201248000.0,,3401737000.0,72800000.0,,,3308270000.0,,,1348051658.0,-87209000.0,6289000.0,411000.0,-207109000.0,-2291000.0,-206804000.0,5779000.0,0.0,113816000.0,0.0,23254000.0,23254000.0,23254000.0,0.0,0.0,0.028,95984000.0,38025000.0,178604000.0,0.1,0.822,1.509,1.472,0.0,0.0,14.65,0.474,0.475,159576000.0,1424992000.0,843157000.0,843157000.0,0.0,,,,,3016000.0,95074000.0,1.0,92017178.0,92065000.0,101874000.0,9.158,4948496000.0,810016000.0,10700000.0,0.0,53.75,
25,KBH,MRQ,2015-06-30,2015-05-31,2015-05-31,2021-10-08,-21008000.0,5039060000.0,,,,,17.564,-1004000.0,467133000.0,467133000.0,524410000.0,9573000.0,,2.119,2819510000.0,,,2819510000.0,0.0,841000.0,0.0,0.007,0.025,20791000.0,21632000.0,0.035,21632000.0,20791000.0,12673000.0,0.1,0.1,0.1,1615836000.0,,1615836000.0,3609598619.0,34.0,33.47,-87995000.0,-0.957,1.0,98559000.0,0.158,0.0,8118000.0,7391437000.0,,3393672000.0,77935000.0,,,3423224000.0,,,1359053619.0,-105991000.0,-10830000.0,-254000.0,-5383000.0,-2300000.0,-7166000.0,-11834000.0,0.0,-86991000.0,0.0,9573000.0,9573000.0,9573000.0,0.0,0.0,0.015,79460000.0,19099000.0,164614000.0,0.25,0.841,1.513,1.477,0.0,0.0,14.78,0.525,0.525,151578000.0,1404029000.0,622969000.0,622969000.0,0.0,,,,,4247000.0,78532000.0,1.0,91952207.0,91995000.0,101544000.0,6.772,5039060000.0,819532000.0,3100000.0,0.0,54.775,
26,KBH,MRQ,2015-03-31,2015-02-28,2015-02-28,2021-10-08,-21008000.0,4989857000.0,,,,,17.45,-586000.0,573625000.0,573625000.0,492418000.0,7799000.0,,2.11,2824170000.0,,,2824170000.0,0.0,805000.0,0.0,0.007,0.025,15837000.0,16642000.0,0.029,16642000.0,15837000.0,10499000.0,0.08,0.08,0.08,1604570000.0,,1604570000.0,3475681058.0,29.0,28.43,-49495000.0,-0.538,1.0,87703000.0,0.151,0.0,5338000.0,7240402000.0,,3246383000.0,73502000.0,,,3385287000.0,,,1282757058.0,189311000.0,-2414000.0,-21000.0,244289000.0,-2299000.0,241220000.0,-3000000.0,0.0,-48909000.0,0.0,7799000.0,7799000.0,7799000.0,0.0,0.0,0.013,72036000.0,15667000.0,161902000.0,0.312,0.799,1.401,1.366,0.0,0.0,13.95,0.507,0.507,143697000.0,1396756000.0,580121000.0,580121000.0,0.0,,,,,3181000.0,71072000.0,1.0,91953911.0,91954000.0,101700000.0,6.309,4989857000.0,822632000.0,2700000.0,0.0,54.265,
27,KBH,MRQ,2014-12-31,2014-11-30,2014-11-30,2021-10-08,-21008000.0,4757550000.0,,,,,17.367,-1637000.0,383601000.0,383601000.0,680393000.0,852801000.0,,1.981,2576525000.0,,,2576525000.0,0.0,743000.0,0.0,0.006,0.025,33062000.0,33805000.0,0.042,33805000.0,33062000.0,28601000.0,9.52,8.57,9.52,1595910000.0,,1595910000.0,3864325994.0,31.0,30.162,84334000.0,0.918,1.0,115648000.0,0.145,0.0,4461000.0,6950474000.0,,3218387000.0,79441000.0,,,3161640000.0,,,1613039994.0,59760000.0,-15063000.0,1194000.0,-13626000.0,-2300000.0,-9511000.0,-16700000.0,0.0,85971000.0,0.0,852801000.0,852801000.0,852801000.0,0.0,0.0,1.071,83191000.0,32457000.0,172716000.0,0.003,1.011,1.756,1.712,0.0,0.0,17.57,0.672,0.653,125488000.0,1391256000.0,796041000.0,796041000.0,0.0,,,,,3140000.0,82308000.0,1.0,91806488.0,91893000.0,101414000.0,8.663,4757550000.0,825232000.0,-824200000.0,0.0,51.773,
28,KBH,MRQ,2014-09-30,2014-08-31,2014-08-31,2021-10-08,-17516000.0,3887391000.0,,,,,8.111,-1146000.0,329514000.0,329514000.0,479424000.0,28361000.0,,4.221,2580800000.0,,,2580800000.0,0.0,651000.0,0.0,0.006,0.025,35116000.0,35767000.0,0.061,35767000.0,35116000.0,28661000.0,0.31,0.28,0.31,744567000.0,,744567000.0,3674569912.0,26.0,25.395,-163279000.0,-1.779,1.0,109790000.0,0.186,0.0,6455000.0,6138677000.0,,3240320000.0,73607000.0,,,3142824000.0,,,1629298912.0,-188262000.0,-17792000.0,138000.0,-16816000.0,-2294000.0,-7191000.0,-18938000.0,0.0,-162133000.0,0.0,28361000.0,28361000.0,28361000.0,0.0,0.0,0.048,73756000.0,36034000.0,167983000.0,0.081,2.188,17.395,16.435,0.0,0.0,17.75,0.733,0.733,117425000.0,540755000.0,589214000.0,589214000.0,0.0,,,,,2234000.0,72897000.0,1.0,91791488.0,91793000.0,102070000.0,6.419,3887391000.0,0.0,300000.0,0.0,42.35,
29,KBH,MRQ,2014-06-30,2014-05-31,2014-05-31,2021-10-08,-17516000.0,3828026000.0,,,,,7.927,-1436000.0,528709000.0,528709000.0,456560000.0,26624000.0,,4.394,2573980000.0,,,2573980000.0,0.0,559000.0,0.0,0.006,0.025,35482000.0,36041000.0,0.064,36041000.0,35482000.0,26924000.0,0.3,0.27,0.3,709673000.0,,709673000.0,3209947821.0,22.0,21.792,-334902000.0,-3.741,1.0,108447000.0,0.192,0.0,8558000.0,5873297000.0,,3006118000.0,67594000.0,,,3118353000.0,,,1380109821.0,180820000.0,-7624000.0,137063000.0,390731000.0,-2294000.0,523346000.0,-9060000.0,0.0,-333466000.0,0.0,26624000.0,26624000.0,26624000.0,0.0,0.0,0.047,72396000.0,36051000.0,154170000.0,0.083,1.945,14.907,15.119,0.0,0.0,16.48,0.632,0.676,99779000.0,514688000.0,565007000.0,565007000.0,0.0,,,,,1946000.0,71544000.0,1.0,83744528.0,89529000.0,99508000.0,6.311,3828026000.0,0.0,300000.0,0.0,42.757,
30,KBH,MRQ,2014-03-31,2014-02-28,2014-02-28,2021-10-08,-17516000.0,3248172000.0,,,,,6.524,-1576000.0,345352000.0,345352000.0,369274000.0,10563000.0,,4.945,2175190000.0,,,2175190000.0,0.0,467000.0,0.0,0.005,0.025,22039000.0,22506000.0,0.05,22506000.0,22039000.0,10763000.0,0.13,0.12,0.13,546334000.0,,546334000.0,3286885371.0,27.0,26.926,-222639000.0,-2.659,1.0,81413000.0,0.181,0.0,11276000.0,5078010000.0,,2634944000.0,60648000.0,,,2701838000.0,,,1708388371.0,-226073000.0,1492000.0,0.0,-2655000.0,-2094000.0,-4926000.0,-84000.0,0.0,-221063000.0,0.0,10563000.0,10563000.0,10563000.0,0.0,0.0,0.023,62126000.0,19287000.0,138213000.0,0.192,3.127,27.124,27.2,0.0,0.0,20.4,0.797,0.797,87355000.0,490358000.0,450687000.0,450687000.0,0.0,,,,,1779000.0,61274000.0,1.0,83744528.0,83745000.0,93946000.0,5.382,3248172000.0,0.0,200000.0,0.0,38.786,
31,KBH,MRQ,2013-12-31,2013-11-30,2013-11-30,2021-10-08,-17516000.0,3193635000.0,,,,,6.402,-1032000.0,572001000.0,572001000.0,504442000.0,28116000.0,,4.957,2150498000.0,,,2150498000.0,0.0,452000.0,0.0,0.006,0.025,49933000.0,50385000.0,0.081,50385000.0,49933000.0,28316000.0,0.34,0.32,0.34,536086000.0,,536086000.0,2979655251.0,29.0,28.954,-43059000.0,-0.514,1.0,114089000.0,0.184,0.0,21617000.0,4772132000.0,,2298577000.0,130192000.0,,,2657549000.0,,,1467543251.0,146058000.0,-4303000.0,-487000.0,196276000.0,-2094000.0,193420000.0,-5335000.0,0.0,-42027000.0,0.0,28116000.0,28116000.0,28116000.0,0.0,0.0,0.045,63963000.0,50126000.0,148282000.0,0.074,2.738,36.723,36.521,0.0,0.0,17.53,0.7,0.691,75749000.0,481889000.0,618531000.0,618531000.0,0.0,,,,,2103000.0,63156000.0,1.0,83716101.0,83737000.0,91559000.0,7.387,3193635000.0,0.0,200000.0,0.0,38.139,
32,KBH,MRQ,2013-09-30,2013-08-31,2013-08-31,2021-10-08,-27958000.0,2964841000.0,,,,,5.949,-607000.0,424945000.0,424945000.0,446381000.0,27278000.0,,4.953,1937057000.0,,,1937057000.0,0.0,465000.0,0.0,0.006,0.025,37904000.0,38369000.0,0.07,38369000.0,37904000.0,26578000.0,0.32,0.3,0.32,498006000.0,,498006000.0,2704309068.0,39.0,37.869,-134466000.0,-1.606,1.0,102593000.0,0.187,0.0,11326000.0,4476953000.0,,2229720000.0,126549000.0,,,2466835000.0,,,1341927068.0,-154741000.0,-4405000.0,-7893000.0,-6575000.0,-2093000.0,-15870000.0,-5012000.0,0.0,-133859000.0,0.0,27278000.0,27278000.0,27278000.0,0.0,0.0,0.05,64220000.0,38373000.0,146147000.0,0.078,2.695,68.567,72.864,0.0,0.0,16.03,0.652,0.652,72345000.0,455867000.0,548974000.0,548974000.0,0.0,,,,,1552000.0,63456000.0,1.0,83713479.0,83714000.0,94047000.0,6.558,2964841000.0,0.0,-700000.0,0.0,35.416,
33,KBH,MRQ,2013-06-30,2013-05-31,2013-05-31,2021-10-08,-27958000.0,2912121000.0,,,,,5.631,-322000.0,580893000.0,580893000.0,442998000.0,-2973000.0,,5.185,1943275000.0,,,1943275000.0,0.0,475000.0,0.0,0.005,0.025,10334000.0,10809000.0,0.021,10809000.0,10334000.0,-4173000.0,-0.04,-0.04,-0.04,470816000.0,,470816000.0,3146551020.0,67.0,64.175,-56890000.0,-0.68,1.0,81408000.0,0.155,0.0,14507000.0,4274503000.0,,2029390000.0,122800000.0,,,2441305000.0,,,1851461020.0,-84352000.0,-5347000.0,1713000.0,-24035000.0,-2090000.0,-22115000.0,-5669000.0,0.0,-56568000.0,0.0,-2973000.0,-2973000.0,-2973000.0,0.0,0.0,-0.006,70735000.0,10673000.0,117804000.0,-0.625,3.932,-416.433,-369.333,0.0,0.0,22.16,0.958,0.959,66121000.0,430682000.0,524406000.0,524406000.0,0.0,,,,,1031000.0,70099000.0,1.0,83549685.0,83605000.0,83605000.0,6.272,2912121000.0,0.0,-1200000.0,0.0,34.832,
34,KBH,MRQ,2013-03-31,2013-02-28,2013-02-28,2021-10-08,-27958000.0,2900637000.0,,,,,5.959,-430000.0,668663000.0,668663000.0,343265000.0,-12458000.0,,5.131,1963753000.0,,,1963753000.0,0.0,465000.0,0.0,0.005,0.025,2882000.0,3347000.0,0.008,3347000.0,2882000.0,-12358000.0,-0.16,-0.16,-0.16,473135000.0,,473135000.0,2598963162.0,114.0,106.323,-211462000.0,-2.663,1.0,61954000.0,0.153,0.0,15240000.0,4195727000.0,,1937774000.0,123210000.0,,,2427502000.0,,,1443275162.0,99870000.0,-304000.0,109863000.0,206119000.0,-2089000.0,311636000.0,-734000.0,0.0,-211032000.0,0.0,-12458000.0,-12458000.0,-12458000.0,0.0,0.0,-0.031,59932000.0,2022000.0,108325000.0,-0.156,3.05,-56.358,-56.636,0.0,0.0,18.69,0.844,0.867,65630000.0,435745000.0,405219000.0,405219000.0,0.0,,,,,1013000.0,59097000.0,1.0,77221785.0,79401000.0,79401000.0,5.103,2900637000.0,0.0,100000.0,0.0,36.531,
35,KBH,MRQ,2012-12-31,2012-11-30,2012-11-30,2021-10-08,-27958000.0,2561698000.0,,,,,4.887,-697000.0,567127000.0,567127000.0,495816000.0,7724000.0,,5.798,1722815000.0,,,1722815000.0,0.0,475000.0,0.0,0.01,0.025,18413000.0,18888000.0,0.033,18888000.0,18413000.0,2424000.0,0.1,0.1,0.1,376806000.0,,376806000.0,2368758904.0,-256.0,-310.575,109720000.0,1.423,1.0,82385000.0,0.142,0.0,15989000.0,3717386000.0,,1706571000.0,123674000.0,,,2184892000.0,,,1107584904.0,102564000.0,-1876000.0,-1657000.0,-5449000.0,-1925000.0,-5280000.0,-2573000.0,0.0,110417000.0,0.0,7724000.0,7724000.0,7724000.0,0.0,0.0,0.013,63753000.0,18632000.0,118544000.0,0.25,2.939,-18.788,-18.895,0.0,0.0,14.36,0.71,0.71,64821000.0,450292000.0,578201000.0,578201000.0,0.0,,,,,2029000.0,62999000.0,1.0,77129868.0,77103000.0,77103000.0,7.499,2561698000.0,0.0,-5300000.0,0.0,33.224,
36,KBH,MRQ,2012-09-30,2012-08-31,2012-08-31,2021-10-08,-26152000.0,2549464000.0,,,,,4.829,-460000.0,466505000.0,466505000.0,351356000.0,3261000.0,,5.845,1727679000.0,,,1727679000.0,0.0,366000.0,0.0,0.016,0.025,15621000.0,15987000.0,0.038,15987000.0,15621000.0,-7439000.0,0.04,0.04,0.04,372441000.0,,372441000.0,2056721535.0,-521.0,-854.475,13621000.0,0.177,1.0,73148000.0,0.172,0.0,23060000.0,3810638000.0,,1769043000.0,122155000.0,,,2177023000.0,,,851373535.0,105163000.0,-1685000.0,98000.0,77988000.0,-1928000.0,93227000.0,-2145000.0,0.0,14081000.0,0.0,3261000.0,3261000.0,3261000.0,0.0,0.0,0.008,60041000.0,13107000.0,103933000.0,0.625,2.286,-16.135,-16.235,0.0,0.0,11.04,0.582,0.582,94832000.0,444493000.0,424504000.0,424504000.0,0.0,,,,,1479000.0,59332000.0,1.0,77117168.0,77127000.0,77358000.0,5.504,2549464000.0,0.0,-10700000.0,0.0,33.055,
37,KBH,MRQ,2012-06-30,2012-05-31,2012-05-31,2021-10-08,-26152000.0,2394005000.0,,,,,4.793,-163000.0,377440000.0,377440000.0,253041000.0,-24136000.0,,5.478,1582788000.0,,,1582788000.0,0.0,389000.0,0.0,0.029,0.025,-14167000.0,-13778000.0,-0.045,-13778000.0,-14167000.0,-28636000.0,-0.31,-0.31,-0.31,369531000.0,,369531000.0,1778298768.0,-105.0,-116.801,19540000.0,0.253,1.0,49811000.0,0.164,0.0,14469000.0,3599353000.0,,1727640000.0,121408000.0,,,2024474000.0,,,558945768.0,10586000.0,-1997000.0,178000.0,-5915000.0,-1928000.0,-6957000.0,-2160000.0,0.0,19703000.0,0.0,-24136000.0,-24136000.0,-24136000.0,0.0,0.0,-0.08,63793000.0,-13982000.0,91805000.0,-0.081,1.513,-8.511,-8.529,0.0,0.0,7.25,0.398,0.398,74028000.0,443160000.0,302852000.0,302852000.0,0.0,,,,,1549000.0,63100000.0,1.0,77095968.0,77105000.0,77105000.0,3.928,2394005000.0,0.0,-4500000.0,0.0,31.049,
38,KBH,MRQ,2012-03-31,2012-02-29,2012-02-29,2021-10-08,-26152000.0,2406073000.0,,,,,5.109,-429000.0,368061000.0,368061000.0,231832000.0,-45802000.0,,5.109,1587414000.0,,,1587414000.0,0.0,392000.0,0.0,0.022,0.062,-29116000.0,-28724000.0,-0.113,-28724000.0,-29116000.0,-45402000.0,-0.59,-0.59,-0.59,393868000.0,,393868000.0,1984433701.0,-34.0,-35.082,-110013000.0,-1.427,1.0,22726000.0,0.089,0.0,16286000.0,3625426000.0,,1748377000.0,121307000.0,,,2012205000.0,,,880393701.0,-110699000.0,6547000.0,175000.0,-3181000.0,-4818000.0,-7233000.0,6118000.0,0.0,-109584000.0,0.0,-45802000.0,-45802000.0,-45802000.0,0.0,0.0,-0.18,52047000.0,-29321000.0,80900000.0,-0.105,2.235,-8.0,-7.986,0.0,0.0,11.42,0.641,0.641,72442000.0,469224000.0,254558000.0,254558000.0,0.0,,,,,1656000.0,51212000.0,1.0,77092268.0,77090000.0,77090000.0,3.302,2406073000.0,0.0,400000.0,0.0,31.211,
39,KBH,MRQ,2011-12-31,2011-11-30,2011-11-30,2021-10-08,-26152000.0,2512542000.0,,,,,5.737,-168000.0,479531000.0,479531000.0,433195000.0,13911000.0,,4.676,1583571000.0,,,1583571000.0,0.0,395000.0,0.0,0.034,0.062,23713000.0,24108000.0,0.05,24108000.0,23713000.0,11411000.0,0.18,0.18,0.18,442657000.0,,442657000.0,1563036161.0,-12.0,-12.03,-37774000.0,-0.49,1.0,46677000.0,0.097,0.0,12302000.0,3616582000.0,,1731629000.0,127926000.0,,,2069885000.0,,,566925161.0,-62199000.0,-65286000.0,370000.0,-3397000.0,-4817000.0,40861000.0,-65454000.0,0.0,-37606000.0,0.0,13911000.0,13911000.0,13911000.0,0.0,0.0,0.029,49312000.0,-2635000.0,104414000.0,0.344,1.281,-3.171,-3.168,0.0,0.0,7.35,0.431,0.43,66179000.0,519844000.0,479872000.0,479872000.0,0.0,,,,,2289000.0,48281000.0,1.0,77132675.0,77160000.0,77160000.0,6.219,2512542000.0,0.0,-2500000.0,0.0,32.563,
40,KBH,MRQ,2011-09-30,2011-08-31,2011-08-31,2021-10-08,-22657000.0,2721817000.0,,,,,5.607,34000.0,590592000.0,590592000.0,302908000.0,-9649000.0,,5.301,1586703000.0,,,1586703000.0,0.0,476000.0,0.0,0.038,0.062,2693000.0,3169000.0,0.009,3169000.0,2693000.0,-9649000.0,-0.13,-0.13,-0.13,431967000.0,,431967000.0,1463855444.0,-12.0,-12.025,-38581000.0,-0.501,1.0,64408000.0,0.175,0.0,12342000.0,3717928000.0,,1900580000.0,51255000.0,,,2289850000.0,,,507463444.0,-146923000.0,-55000.0,984000.0,-105238000.0,-4810000.0,-108287000.0,-21000.0,0.0,-38615000.0,0.0,-9649000.0,-9649000.0,-9649000.0,0.0,0.0,-0.026,61014000.0,3394000.0,117593000.0,-0.477,1.175,-2.896,-2.89,0.0,0.0,6.59,0.394,0.395,79180000.0,510750000.0,367316000.0,367316000.0,0.0,,,,,1990000.0,60185000.0,1.0,77005075.0,77047000.0,77047000.0,4.767,2721817000.0,0.0,0.0,0.0,35.327,
41,KBH,MRQ,2011-06-30,2011-05-31,2011-05-31,2021-10-08,-22657000.0,2860348000.0,,,,,5.76,-34000.0,735267000.0,735267000.0,250381000.0,-68504000.0,,5.45,1691659000.0,,,1691659000.0,0.0,564000.0,0.0,0.02,0.062,-55683000.0,-55119000.0,-0.203,-55119000.0,-55683000.0,-68804000.0,-0.89,-0.89,-0.89,443452000.0,,443452000.0,1789981729.0,-15.0,-15.623,-106459000.0,-1.383,1.0,21357000.0,0.079,0.0,13121000.0,3816740000.0,,1894981000.0,51136000.0,,,2416896000.0,,,945236729.0,-115302000.0,-1308000.0,373000.0,-10325000.0,-4807000.0,-7535000.0,-1342000.0,0.0,-106425000.0,0.0,-68504000.0,-68504000.0,-68504000.0,0.0,0.0,-0.252,63307000.0,-41950000.0,127576000.0,-0.07,2.132,-5.661,-5.659,0.0,0.0,12.28,0.665,0.666,70353000.0,525209000.0,271738000.0,271738000.0,0.0,,,,,1795000.0,62520000.0,1.0,76973675.0,76991000.0,76991000.0,3.529,2860348000.0,0.0,-300000.0,0.0,37.152,
42,KBH,MRQ,2011-03-31,2011-02-28,2011-02-28,2021-10-08,-22657000.0,2901246000.0,,,,,6.685,80526000.0,856953000.0,856953000.0,170796000.0,-114526000.0,,4.638,1701698000.0,,,1701698000.0,0.0,596000.0,0.0,0.019,0.062,-102687000.0,-102091000.0,-0.518,-102091000.0,-102687000.0,-114126000.0,-1.49,-1.49,-1.49,514595000.0,,514595000.0,1775544522.0,-23.0,-24.437,-84373000.0,-1.096,1.0,26144000.0,0.133,0.0,11439000.0,3745991000.0,,1774400000.0,50171000.0,,,2386651000.0,,,1019893522.0,-165932000.0,-611000.0,69000.0,-70501000.0,-4806000.0,-80948000.0,79915000.0,0.0,-164899000.0,0.0,-114526000.0,-114526000.0,-114526000.0,0.0,0.0,-0.582,50470000.0,-24326000.0,111049000.0,-0.042,1.982,-7.895,-7.887,0.0,0.0,13.25,0.67,0.67,104433000.0,598520000.0,196940000.0,196940000.0,0.0,,,,,1980000.0,49605000.0,1.0,76973096.0,76974000.0,76974000.0,2.559,2901246000.0,0.0,400000.0,0.0,37.691,
43,KBH,MRQ,2010-12-31,2010-11-30,2010-11-30,2021-10-08,-22657000.0,3109749000.0,,,,,8.211,222000.0,1019878000.0,1019878000.0,363092000.0,17442000.0,,3.921,1775529000.0,,,1775529000.0,0.0,661000.0,0.0,0.022,0.062,31641000.0,32302000.0,0.072,32302000.0,31641000.0,15442000.0,0.23,0.23,0.23,631878000.0,,631878000.0,1759624569.0,-218.0,-368.739,30401000.0,0.395,1.0,87871000.0,0.195,0.0,16199000.0,3865400000.0,,1696721000.0,105583000.0,,,2477871000.0,,,994940569.0,-15177000.0,-14136000.0,242000.0,-27783000.0,-4808000.0,-31442000.0,-13914000.0,0.0,30179000.0,0.0,17442000.0,17442000.0,17442000.0,0.0,0.0,0.039,56205000.0,31666000.0,233217000.0,0.27,1.575,-14.343,-12.556,0.0,0.0,11.3,0.626,0.546,108048000.0,717852000.0,450963000.0,450963000.0,0.0,,,,,-83000.0,55725000.0,1.0,88047838.0,76958000.0,76958000.0,5.86,3109749000.0,0.0,-2000000.0,0.0,40.408,
44,KBH,MRQ,2010-09-30,2010-08-31,2010-08-31,2021-10-08,-22244000.0,3176452000.0,,,,,7.976,-188000.0,1036235000.0,1036235000.0,411813000.0,-1397000.0,,4.178,1800919000.0,,,1800919000.0,0.0,848000.0,0.0,0.024,0.062,9486000.0,10334000.0,0.021,10334000.0,9486000.0,-6697000.0,-0.02,-0.02,-0.02,613450000.0,,613450000.0,1569626210.0,-14.0,-14.166,-51727000.0,-0.673,1.0,89190000.0,0.178,0.0,16183000.0,3941136000.0,,1721468000.0,101435000.0,,,2563002000.0,,,907773210.0,-65770000.0,223000.0,712000.0,-1543000.0,-4808000.0,-14266000.0,35000.0,0.0,-51539000.0,0.0,-1397000.0,-1397000.0,-1397000.0,0.0,0.0,-0.003,79356000.0,9834000.0,288974000.0,-3.1,1.48,65.265,57.278,0.0,0.0,10.31,0.501,0.437,137337000.0,705218000.0,501003000.0,501003000.0,0.0,,,,,1946000.0,78602000.0,1.0,88047838.0,76909000.0,76909000.0,6.514,3176452000.0,0.0,-5300000.0,0.0,41.301,
45,KBH,MRQ,2010-06-30,2010-05-31,2010-05-31,2021-10-08,-22244000.0,3202237000.0,,,,,8.005,-263000.0,1093513000.0,1093513000.0,306843000.0,-30709000.0,,4.205,1755366000.0,,,1755366000.0,0.0,888000.0,0.0,0.017,0.062,-14091000.0,-13203000.0,-0.035,-13203000.0,-14091000.0,-30609000.0,-0.4,-0.4,-0.4,615181000.0,,615181000.0,1801018134.0,-10.0,-9.924,-131131000.0,-1.706,1.0,67209000.0,0.18,0.0,16518000.0,3864090000.0,,1686289000.0,103605000.0,,,2587056000.0,,,1274614134.0,-212384000.0,584000.0,665000.0,-60746000.0,-4804000.0,-81837000.0,321000.0,0.0,-130868000.0,0.0,-30709000.0,-30709000.0,-30709000.0,0.0,0.0,-0.082,83982000.0,-16773000.0,321585000.0,-0.155,2.072,-25.12,-21.612,0.0,0.0,14.48,0.72,0.628,137033000.0,711423000.0,374052000.0,374052000.0,0.0,,,,,1513000.0,82990000.0,1.0,88025838.0,76854000.0,76854000.0,4.867,3202237000.0,0.0,100000.0,0.0,41.666,
46,KBH,MRQ,2010-03-31,2010-02-28,2010-02-28,2021-10-08,-22244000.0,3285458000.0,,,,,8.429,-191000.0,1288857000.0,1288857000.0,226540000.0,-54704000.0,,4.073,1815261000.0,,,1815261000.0,0.0,892000.0,0.0,0.015,0.062,-35097000.0,-34205000.0,-0.13,-34205000.0,-35097000.0,-54504000.0,-0.71,-0.71,-0.71,647614000.0,,647614000.0,1965190235.0,-8.0,-8.224,18073000.0,0.235,1.0,37438000.0,0.142,0.0,19407000.0,3811862000.0,,1580130000.0,105737000.0,,,2637844000.0,,,1433827235.0,23800000.0,-2340000.0,-118000.0,-11082000.0,-4803000.0,8067000.0,-2531000.0,0.0,18264000.0,0.0,-54704000.0,-54704000.0,-54704000.0,0.0,0.0,-0.207,73096000.0,-35658000.0,312672000.0,-0.087,2.214,-14.569,-12.523,0.0,0.0,16.28,0.805,0.702,126304000.0,746936000.0,263978000.0,263978000.0,0.0,,,,,4115000.0,72203000.0,1.0,88072926.0,76834000.0,76834000.0,3.436,3285458000.0,0.0,200000.0,0.0,42.76,
47,KBH,MRQ,2009-12-31,2009-11-30,2009-11-30,2021-10-08,-22244000.0,3435989000.0,,,,,9.224,-130000.0,1289007000.0,1289007000.0,667568000.0,100719000.0,,3.858,1820370000.0,,,1820370000.0,0.0,992000.0,0.0,0.018,0.062,-74720000.0,-73728000.0,-0.109,-73728000.0,-74720000.0,-90981000.0,1.31,1.31,1.31,707224000.0,,707224000.0,1948537147.0,-8.0,-7.666,236565000.0,3.085,1.0,7000000.0,0.01,0.0,16261000.0,3967352000.0,,1501394000.0,119668000.0,,,2728765000.0,,,1193388147.0,222578000.0,49000.0,878000.0,-78983000.0,-4802000.0,-14036000.0,-81000.0,0.0,236695000.0,0.0,100719000.0,100719000.0,100719000.0,0.0,0.0,0.149,86059000.0,-79059000.0,340977000.0,0.047,1.687,-11.725,-10.188,0.0,0.0,13.55,0.654,0.569,337930000.0,806443000.0,674568000.0,674568000.0,0.0,,,,,1759000.0,85377000.0,1.0,88072926.0,76672000.0,76672000.0,8.798,3435989000.0,0.0,-191700000.0,0.0,44.814,
48,KBH,MRQ,2009-09-30,2009-08-31,2009-08-31,2021-10-08,-17402000.0,3393284000.0,,,,,8.038,-331000.0,1057690000.0,1057690000.0,414575000.0,-66048000.0,,4.531,1812839000.0,,,1812839000.0,0.0,1323000.0,0.0,0.014,0.062,-61669000.0,-60346000.0,-0.132,-60346000.0,-61669000.0,-77048000.0,-0.87,-0.87,-0.87,613512000.0,,613512000.0,2216016982.0,-5.0,-4.831,29364000.0,0.385,1.0,43876000.0,0.096,0.0,15379000.0,4148433000.0,,1911317000.0,172147000.0,,,2779772000.0,,,1603807982.0,-44130000.0,-27281000.0,505000.0,6632000.0,-4771000.0,-46213000.0,-27612000.0,0.0,29695000.0,0.0,-66048000.0,-66048000.0,-66048000.0,0.0,0.0,-0.144,84793000.0,-40917000.0,427463000.0,-0.071,2.614,-3.146,-2.755,0.0,0.0,18.21,0.775,0.672,137836000.0,710526000.0,458451000.0,458451000.0,0.0,,,,,729000.0,83878000.0,1.0,88072926.0,76329000.0,76329000.0,6.006,3393284000.0,0.0,-11000000.0,0.0,44.456,
49,KBH,MRQ,2009-06-30,2009-05-31,2009-05-31,2021-10-08,-17402000.0,3429894000.0,,,,,8.955,-93000.0,1099517000.0,1099517000.0,376810000.0,-78383000.0,,4.021,1711726000.0,,,1711726000.0,0.0,1434000.0,0.0,0.029,0.062,-72112000.0,-70678000.0,-0.184,-70678000.0,-72112000.0,-83583000.0,-1.03,-1.03,-1.03,683097000.0,,683097000.0,1926942890.0,-3.0,-3.518,-20090000.0,-0.263,1.0,7660000.0,0.02,0.0,11471000.0,4042103000.0,,1893963000.0,171181000.0,,,2746797000.0,,,1321093890.0,-27731000.0,15058000.0,896000.0,0.0,-4768000.0,-22699000.0,14965000.0,0.0,-19997000.0,0.0,-78383000.0,-78383000.0,-78383000.0,0.0,0.0,-0.204,73388000.0,-65728000.0,454027000.0,-0.06,1.934,-2.245,-1.971,0.0,0.0,15.0,0.576,0.499,144542000.0,781345000.0,384470000.0,384470000.0,0.0,,,,,3962000.0,72594000.0,1.0,88072926.0,76281000.0,76281000.0,5.04,3429894000.0,0.0,-5200000.0,0.0,44.964,
50,KBH,MRQ,2009-03-31,2009-02-28,2009-02-28,2021-10-08,-17402000.0,3638021000.0,,,,,9.921,-821000.0,1132119000.0,1132119000.0,290958000.0,-58072000.0,,3.739,1737968000.0,,,1737968000.0,0.0,1486000.0,0.0,0.07,0.062,-50920000.0,-49434000.0,-0.161,-49434000.0,-50920000.0,-59572000.0,-0.75,-0.75,-0.75,767661000.0,,767661000.0,1488244479.0,-2.0,-2.039,102698000.0,1.327,1.0,16403000.0,0.053,0.0,8652000.0,4243870000.0,,2021765000.0,174993000.0,,,2870360000.0,,,797510479.0,-114274000.0,-7748000.0,179000.0,-200000000.0,-4756000.0,-209224000.0,-8569000.0,0.0,103519000.0,0.0,-58072000.0,-58072000.0,-58072000.0,0.0,0.0,-0.189,62035000.0,-45632000.0,477591000.0,-0.083,1.039,-1.041,-0.901,0.0,0.0,8.9,0.313,0.27,161031000.0,864496000.0,307361000.0,307361000.0,0.0,,,,,1620000.0,61175000.0,1.0,89607919.0,77375000.0,77375000.0,3.972,3638021000.0,0.0,-1500000.0,0.0,47.018,
51,KBH,MRQ,2008-12-31,2008-11-30,2008-11-30,2021-10-08,-17402000.0,4044300000.0,,,,,10.698,949000.0,1250803000.0,1250803000.0,992602000.0,-307284000.0,,3.869,1941537000.0,,,1941537000.0,0.0,1775000.0,0.0,0.07,0.062,-280018000.0,-278243000.0,-0.303,-278243000.0,-280018000.0,-292984000.0,-3.96,-3.96,-3.96,830605000.0,,830605000.0,1977234840.0,-2.0,-2.091,312028000.0,4.019,1.0,-73565000.0,-0.08,0.0,12966000.0,4735034000.0,,2106716000.0,177649000.0,,,3213695000.0,,,1042323840.0,185301000.0,1839000.0,1437000.0,-12800000.0,-4865000.0,-128566000.0,2788000.0,0.0,311079000.0,0.0,-307284000.0,-307284000.0,-307284000.0,0.0,0.0,-0.334,165685000.0,-239250000.0,541294000.0,-0.016,1.255,-1.068,-0.924,0.0,0.0,11.63,0.344,0.297,357719000.0,927324000.0,919037000.0,919037000.0,0.0,,,,,1188000.0,121113000.0,1.0,89623718.0,77644000.0,77644000.0,11.837,4044300000.0,0.0,14300000.0,0.0,52.088,
52,KBH,MRQ,2008-09-30,2008-08-31,2008-08-31,2021-10-08,-22923000.0,4377945000.0,,,,,14.617,1746000.0,942451000.0,942451000.0,653732000.0,-144745000.0,,2.861,1877362000.0,,,1877362000.0,0.0,2381000.0,0.0,0.048,0.25,-151745000.0,-149364000.0,-0.219,-149364000.0,-151745000.0,-151745000.0,-1.87,-1.87,-1.87,1133770000.0,,1133770000.0,2719947779.0,-3.0,-2.56,-34731000.0,-0.448,1.0,27878000.0,0.041,43400000.0,0.0,5269456000.0,,2562682000.0,250425000.0,,,3244175000.0,,,1863804779.0,-362411000.0,-2274000.0,1518000.0,-305814000.0,-19379000.0,-325406000.0,-528000.0,0.0,-36477000.0,0.0,-144745000.0,-144745000.0,-144745000.0,0.0,0.0,-0.212,134296000.0,-106418000.0,646185000.0,-0.134,1.644,-1.293,-1.115,0.0,0.0,20.8,0.445,0.385,188312000.0,1239473000.0,681610000.0,681610000.0,0.0,,,,,1250000.0,133211000.0,1.0,89605999.0,77565000.0,77565000.0,8.788,4334545000.0,222458000.0,-7000000.0,0.0,55.883,
53,KBH,MRQ,2008-06-30,2008-05-31,2008-05-31,2021-10-08,-22923000.0,4841008000.0,,,,,16.452,-998000.0,1305077000.0,1305077000.0,755840000.0,-255930000.0,,2.799,2161220000.0,,,2161220000.0,0.0,2364000.0,0.0,0.049,0.25,-255330000.0,-252966000.0,-0.396,-252966000.0,-255330000.0,-255330000.0,-3.3,-3.3,-3.3,1274429000.0,,1274429000.0,2682069150.0,-2.0,-2.143,43376000.0,0.56,1.0,-116775000.0,-0.183,43400000.0,0.0,5653751000.0,,2608823000.0,294504000.0,,,3566579000.0,,,1837200150.0,-9944000.0,-34741000.0,1771000.0,0.0,-19368000.0,-18579000.0,-35739000.0,0.0,44374000.0,0.0,-255930000.0,-255930000.0,-255930000.0,0.0,0.0,-0.4,144748000.0,-261523000.0,609989000.0,-0.076,1.442,-1.379,-1.19,0.0,0.0,20.51,0.364,0.315,190010000.0,1384218000.0,639065000.0,639065000.0,0.0,,,,,1627000.0,119065000.0,1.0,89575824.0,77462000.0,77462000.0,8.25,4797608000.0,222458000.0,600000.0,0.0,61.935,
54,KBH,MRQ,2008-03-31,2008-02-29,2008-02-29,2021-10-08,-22923000.0,5110056000.0,,,,,20.223,5376000.0,1316949000.0,1316949000.0,912641000.0,-268172000.0,,2.266,2161818000.0,,,2161818000.0,0.0,2797000.0,0.0,0.042,0.25,-267872000.0,-265075000.0,-0.334,-265075000.0,-267872000.0,-267872000.0,-3.47,-3.47,-3.47,1564515000.0,,1564515000.0,2978876510.0,-2.0,-2.364,27722000.0,0.358,1.0,-118417000.0,-0.149,67970000.0,0.0,5886955000.0,,2853908000.0,281273000.0,,,3545541000.0,,,2142337510.0,-15170000.0,-24449000.0,1265000.0,0.0,-19355000.0,-18443000.0,-19073000.0,0.0,22346000.0,0.0,-268172000.0,-268172000.0,-268172000.0,0.0,0.0,-0.338,128757000.0,-247174000.0,596109000.0,-0.072,1.369,-1.749,-1.508,0.0,0.0,23.93,0.368,0.318,191352000.0,1678895000.0,794224000.0,794224000.0,0.0,,,,,3050000.0,127638000.0,1.0,89525178.0,77363000.0,77363000.0,10.266,5042086000.0,222458000.0,300000.0,0.0,65.174,
55,KBH,MRQ,2007-12-31,2007-11-30,2007-11-30,2021-10-08,-22923000.0,5705956000.0,,,,,20.458,3267000.0,1325255000.0,1325255000.0,2168314000.0,-772653000.0,,2.083,2161794000.0,,,2161794000.0,0.0,3913000.0,0.0,0.048,0.25,-398953000.0,-395040000.0,-0.191,-395040000.0,-398953000.0,-398953000.0,-10.01,-10.01,-10.01,1850687000.0,,1850687000.0,3405295306.0,-3.0,-3.554,730850000.0,8.079,1.0,-97734000.0,-0.047,67970000.0,0.0,6474525000.0,,3312420000.0,297010000.0,,,3855269000.0,,,1889805306.0,682973000.0,-28219000.0,-500000.0,0.0,-19326000.0,-19658000.0,-24952000.0,0.0,727583000.0,0.0,-772653000.0,-772653000.0,-772653000.0,0.0,0.0,-0.373,229922000.0,-327656000.0,699851000.0,-0.025,1.021,-2.033,-1.735,0.0,0.0,20.89,0.295,0.295,295739000.0,1968881000.0,2070580000.0,2070580000.0,0.0,,,,,3083000.0,228650000.0,1.0,90464591.0,90464591.0,,22.888,5637986000.0,222458000.0,373700000.0,0.0,62.323,
56,KBH,MRQ,2007-09-30,2007-08-31,2007-08-31,2021-10-08,0.0,6587679000.0,,,,,34.443,1309000.0,645933000.0,645933000.0,2002381000.0,-35612000.0,,1.475,2161423000.0,,,2161423000.0,0.0,4301000.0,0.0,0.033,0.25,-342712000.0,-338411000.0,-0.219,-338411000.0,-342712000.0,-342712000.0,-0.46,-0.46,-0.46,2661276000.0,,2661276000.0,5255704828.0,-7.0,-7.516,204679000.0,2.649,1.0,-458481000.0,-0.297,69407000.0,0.0,8033762000.0,,4422198000.0,368756000.0,,,3926403000.0,,,2715860828.0,189157000.0,769525000.0,1876000.0,-658968000.0,-19311000.0,-787655000.0,773442000.0,0.0,203370000.0,0.0,-35612000.0,-35612000.0,-35612000.0,-4904000.0,0.0,-0.023,306203000.0,-764684000.0,597744000.0,-0.543,1.021,-13.158,-11.625,0.0,0.0,30.34,0.369,0.319,229138000.0,2760860000.0,1543900000.0,1543900000.0,0.0,,,,,2533000.0,197164000.0,1.0,89514200.0,77265000.0,77265000.0,19.982,6518272000.0,668676000.0,-307100000.0,0.0,84.363,
57,KBH,MRQ,2007-06-30,2007-05-31,2007-05-31,2021-10-08,68153000.0,8614459000.0,,,,,36.039,-1021000.0,272088000.0,272088000.0,1479405000.0,-148686000.0,,2.1,2811932000.0,,,2811932000.0,0.0,4457000.0,0.0,0.022,0.25,-265886000.0,-261429000.0,-0.185,-261429000.0,-265886000.0,-265886000.0,-1.93,-1.93,-1.93,2778651000.0,,2778651000.0,6938617954.0,-48.0,-55.175,286278000.0,3.713,1.0,-66197000.0,-0.047,177333000.0,0.0,10976970000.0,,5238312000.0,379334000.0,,,5835808000.0,,,4099231954.0,15082000.0,-54205000.0,5914000.0,0.0,-19295000.0,-205781000.0,-66436000.0,0.0,287299000.0,0.0,-148686000.0,-148686000.0,-148686000.0,-25466000.0,0.0,-0.105,194656000.0,-260853000.0,399022000.0,-0.13,1.475,-233.216,-254.944,0.0,0.0,45.89,0.506,0.437,235274000.0,2815783000.0,1413208000.0,1413208000.0,0.0,,,,,953000.0,193585000.0,1.0,89327347.0,77102000.0,77102000.0,18.329,8437126000.0,548440000.0,-117200000.0,0.0,109.428,
58,KBH,MRQ,2007-03-31,2007-02-28,2007-02-28,2021-10-08,62800000.0,8615939000.0,,,,,38.08,-2870000.0,327924000.0,327924000.0,1176279000.0,27537000.0,,1.939,3167310000.0,,,3167310000.0,0.0,4603000.0,0.0,0.02,0.25,32137000.0,36740000.0,0.026,36740000.0,32137000.0,32137000.0,0.36,0.34,0.36,2931728000.0,,2931728000.0,6913292263.0,16.0,15.058,-174223000.0,-2.263,1.0,212559000.0,0.153,233772000.0,0.0,11221553000.0,,6291090000.0,430365000.0,,,5684211000.0,,,4426700263.0,-347652000.0,-32525000.0,-1876000.0,0.0,-19238000.0,-137394000.0,-38905000.0,0.0,-171353000.0,0.0,27537000.0,27537000.0,27537000.0,-16882000.0,0.0,0.02,206562000.0,5997000.0,981283000.0,0.694,1.51,13.153,11.412,0.0,0.0,49.53,0.498,0.429,677671000.0,2983764000.0,1388838000.0,1388838000.0,0.0,,,,,1903000.0,205222000.0,1.0,89374122.0,76988000.0,80593000.0,18.04,8382167000.0,411600000.0,4600000.0,0.0,108.876,
59,KBH,MRQ,2006-12-31,2006-11-30,2006-11-30,2021-10-08,63197000.0,9263738000.0,,,,,32.006,-5334000.0,700041000.0,700041000.0,2834001000.0,-49642000.0,,2.17,2920334000.0,,,2920334000.0,0.0,4710000.0,0.0,0.019,0.25,-140842000.0,-136132000.0,-0.045,-136132000.0,-140842000.0,-140842000.0,-0.58,-0.54,-0.58,2922748000.0,,2922748000.0,8292048323.0,13.0,12.206,1312745000.0,14.375,1.0,177671000.0,0.059,177333000.0,0.0,11306698000.0,,5751643000.0,381242000.0,,,6340990000.0,,,4720244323.0,493305000.0,-49747000.0,-2921000.0,-645000000.0,-19275000.0,-769447000.0,-55327000.0,0.0,1318079000.0,0.0,-49642000.0,-49642000.0,-49642000.0,-30300000.0,0.0,-0.016,332788000.0,-155117000.0,626243000.0,-0.431,1.615,9.786,8.446,0.0,0.0,51.69,0.503,0.503,224077000.0,2975465000.0,3011672000.0,3011672000.0,0.0,,,,,-2679000.0,331494000.0,1.0,91318327.0,91318327.0,,32.98,9086405000.0,430806000.0,-91200000.0,0.0,99.503,
60,KBH,MRQ,2006-09-30,2006-08-31,2006-08-31,2021-10-08,52504000.0,9566535000.0,,,,,38.243,-3456000.0,98496000.0,98496000.0,1800308000.0,153214000.0,,2.218,3810561000.0,,,3810561000.0,0.0,4150000.0,0.0,0.022,0.25,230914000.0,235064000.0,0.103,235064000.0,230914000.0,230914000.0,1.97,1.9,1.97,2972385000.0,,2972385000.0,7476575663.0,6.0,5.804,-215870000.0,-2.777,1.0,483557000.0,0.212,239335000.0,0.0,13039265000.0,,7894610000.0,363065000.0,,,6594150000.0,,,3904771663.0,-115689000.0,39674000.0,-84240000.0,228700000.0,-19257000.0,61458000.0,35267000.0,0.0,-212414000.0,0.0,153214000.0,153214000.0,153214000.0,-23872000.0,0.0,0.067,288407000.0,195150000.0,987724000.0,0.127,1.314,4.669,4.115,0.0,0.0,42.76,0.457,0.389,563112000.0,3044382000.0,2283865000.0,2283865000.0,0.0,,,,,4406000.0,287015000.0,1.0,91318327.0,77724000.0,80618000.0,29.384,9327200000.0,189363000.0,77700000.0,0.0,120.004,
61,KBH,MRQ,2006-06-30,2006-05-31,2006-05-31,2021-10-08,52612000.0,9188576000.0,,,,,37.654,-4057000.0,9680000.0,9680000.0,1636331000.0,205445000.0,,2.069,3581484000.0,,,3581484000.0,0.0,4548000.0,0.0,0.017,0.25,318902000.0,323450000.0,0.147,323450000.0,318902000.0,309745000.0,2.59,2.45,2.59,2994321000.0,,2994321000.0,7809565725.0,6.0,5.523,9642000.0,0.121,1.0,565944000.0,0.257,247171000.0,9157000.0,12513209000.0,,7568977000.0,386312000.0,,,6194255000.0,,,4764171725.0,166315000.0,-40840000.0,-125848000.0,386542000.0,-19723000.0,200036000.0,-47420000.0,-15000.0,13699000.0,0.0,205445000.0,205445000.0,205445000.0,-21016000.0,0.0,0.093,269044000.0,296900000.0,935110000.0,0.097,1.591,5.259,4.608,0.0,0.0,51.2,0.542,0.464,573219000.0,2961558000.0,2202275000.0,2202275000.0,0.0,,,,,2017000.0,267554000.0,1.0,93050229.0,79522000.0,83978000.0,27.694,8941405000.0,201278000.0,104300000.0,0.0,112.439,
62,KBH,MRQ,2006-03-31,2006-02-28,2006-02-28,2021-10-08,31791000.0,8574048000.0,,,,,35.825,-4791000.0,71224000.0,71224000.0,1618315000.0,173334000.0,,1.954,3116618000.0,,,3116618000.0,0.0,4683000.0,0.0,0.012,0.25,272287000.0,276970000.0,0.126,276970000.0,272287000.0,267534000.0,2.14,2.01,2.14,2902959000.0,,2902959000.0,8639817561.0,6.0,6.284,-473037000.0,-5.838,1.0,573335000.0,0.262,243175000.0,4753000.0,11376267000.0,,6953844000.0,348350000.0,,,5671089000.0,,,6320786561.0,-64722000.0,-70504000.0,-116019000.0,644116000.0,-20003000.0,478804000.0,-75280000.0,15000.0,-468246000.0,0.0,173334000.0,173334000.0,173334000.0,0.0,0.0,0.079,297416000.0,275919000.0,945232000.0,0.117,2.177,7.167,6.241,0.0,0.0,67.03,0.726,0.624,568663000.0,2774709000.0,2191650000.0,2191650000.0,0.0,,,,,230000.0,295669000.0,1.0,94297875.0,81031000.0,86248000.0,27.047,8330873000.0,211940000.0,94200000.0,0.0,102.811,
63,KBH,MRQ,2005-12-31,2005-11-30,2005-11-30,2021-10-08,28704000.0,7741379000.0,,,,,28.701,-6472000.0,144783000.0,144783000.0,1361618000.0,304373000.0,,1.791,2463814000.0,,,2463814000.0,0.0,1904000.0,0.0,0.011,0.188,450746000.0,452650000.0,0.243,452650000.0,450746000.0,461473000.0,3.69,3.44,3.69,2773797000.0,,2773797000.0,9347146188.0,7.0,7.256,457922000.0,4.738,1.0,501553000.0,0.269,234771000.0,-10727000.0,9825639000.0,,6128342000.0,275378000.0,,,4967582000.0,,,6743007188.0,66837000.0,-50245000.0,-122502000.0,-193627000.0,-15412000.0,-381807000.0,-15750000.0,41645000.0,464394000.0,0.0,304373000.0,304373000.0,304373000.0,-69178000.0,0.0,0.163,163678000.0,337875000.0,892727000.0,0.051,2.431,8.186,6.935,0.0,0.0,69.77,0.827,0.827,580931000.0,2571372000.0,1863171000.0,1863171000.0,0.0,,,,,38200000.0,167794000.0,1.0,96646226.0,96646226.0,,19.278,7506608000.0,223091000.0,157100000.0,0.0,77.671,
64,KBH,MRQ,2005-09-30,2005-08-31,2005-08-31,2021-10-08,40232000.0,7238200000.0,,,,,31.473,-4054000.0,101327000.0,101327000.0,1828499000.0,222708000.0,,1.78,2705466000.0,,,2705466000.0,0.0,5482000.0,0.0,0.009,0.188,355518000.0,361000000.0,0.143,361000000.0,355518000.0,351208000.0,2.69,2.5,2.69,2603959000.0,,2603959000.0,9393947844.0,8.0,8.267,-236335000.0,-2.857,1.0,696565000.0,0.276,245030000.0,4310000.0,9597309000.0,,5743820000.0,284787000.0,,,4634241000.0,,,7119179844.0,-4787000.0,-34483000.0,25705000.0,281884000.0,-15651000.0,265681000.0,-38187000.0,350000.0,-232281000.0,0.0,222708000.0,222708000.0,222708000.0,0.0,0.0,0.088,322861000.0,373704000.0,844847000.0,0.07,2.734,10.072,8.49,0.0,0.0,74.2,0.824,0.711,492870000.0,2325020000.0,2525064000.0,2525064000.0,0.0,,,,,4539000.0,315007000.0,1.0,95945820.0,82735000.0,89243000.0,30.52,6993170000.0,207439000.0,128500000.0,0.0,84.525,
65,KBH,MRQ,2005-06-30,2005-05-31,2005-05-31,2021-10-08,40488000.0,6567719000.0,,,,,28.975,-5389000.0,106114000.0,106114000.0,1552276000.0,181513000.0,,1.776,2380882000.0,,,2380882000.0,0.0,5157000.0,0.0,0.009,0.188,279014000.0,284171000.0,0.133,284171000.0,279014000.0,275013000.0,2.22,2.06,2.22,2366273000.0,,2366273000.0,8754023611.0,9.0,9.144,40560000.0,0.497,1.0,578050000.0,0.271,244887000.0,4001000.0,8597600000.0,,5094819000.0,277284000.0,,,4201446000.0,,,6467311611.0,-56834000.0,-13949000.0,27572000.0,-54681000.0,-15321000.0,-83629000.0,-19154000.0,184000.0,45949000.0,0.0,181513000.0,181513000.0,181513000.0,0.0,0.0,0.085,282923000.0,295127000.0,820220000.0,0.085,2.733,10.743,8.934,0.0,0.0,67.54,0.822,0.701,461174000.0,2113150000.0,2130326000.0,2130326000.0,0.0,,,,,0.0,273285000.0,1.0,95755280.0,81665000.0,88044000.0,26.086,6322832000.0,216720000.0,93500000.0,0.0,77.424,
66,KBH,MRQ,2005-03-31,2005-02-28,2005-02-28,2021-10-08,60821000.0,6259567000.0,,,,,27.287,-6144000.0,162948000.0,162948000.0,1212375000.0,122744000.0,,1.86,2449660000.0,,,2449660000.0,0.0,5003000.0,0.0,0.009,0.188,188460000.0,193463000.0,0.118,193463000.0,188460000.0,186044000.0,1.53,1.41,1.53,2188283000.0,,2188283000.0,7772102216.0,10.0,9.344,-368453000.0,-4.595,1.0,423745000.0,0.259,249080000.0,2416000.0,8297199000.0,,4678998000.0,320201000.0,,,4071284000.0,,,5958051216.0,-71248000.0,-18956000.0,36261000.0,335486000.0,-15193000.0,315944000.0,-24883000.0,217000.0,-362309000.0,0.0,122744000.0,122744000.0,122744000.0,0.0,0.0,0.075,227522000.0,196223000.0,784926000.0,0.123,2.723,11.401,9.412,0.0,0.0,62.4,0.814,0.683,457159000.0,1947017000.0,1636120000.0,1636120000.0,0.0,,,,,0.0,220498000.0,1.0,95481590.0,80194000.0,87096000.0,20.402,6010487000.0,213015000.0,63300000.0,0.0,74.949,
67,KBH,MRQ,2004-12-31,2004-11-30,2004-11-30,2021-10-08,59968000.0,5835956000.0,,,,,22.19,-8832000.0,190660000.0,190660000.0,1773097000.0,179868000.0,,1.839,1975600000.0,,,1975600000.0,0.0,6379000.0,0.0,0.011,0.125,291253000.0,297632000.0,0.127,297632000.0,291253000.0,276168000.0,2.3,2.13,2.3,2055681000.0,,2055681000.0,6165292578.0,8.0,8.162,359784000.0,3.884,1.0,574922000.0,0.245,249313000.0,15085000.0,7371583000.0,,4143254000.0,168425000.0,,,3780275000.0,,,4070986578.0,195428000.0,-48754000.0,11730000.0,-101224000.0,-9781000.0,-119006000.0,-54182000.0,3404000.0,368616000.0,0.0,179868000.0,179868000.0,179868000.0,0.0,0.0,0.077,312281000.0,262641000.0,749050000.0,0.054,1.98,8.588,7.264,0.0,0.0,43.945,0.577,0.577,513974000.0,1848944000.0,2348019000.0,2348019000.0,0.0,,,,,13365000.0,276552000.0,1.0,92638220.0,92638220.0,,25.346,5586643000.0,217618000.0,96300000.0,0.0,60.306,
68,KBH,MRQ,2004-09-30,2004-08-31,2004-08-31,2021-10-08,40565000.0,5375774000.0,,,,,23.45,-3831000.0,38768000.0,38768000.0,1319387000.0,117854000.0,,1.945,2133074000.0,,,2133074000.0,0.0,5021000.0,0.0,0.012,0.125,177058000.0,182079000.0,0.104,182079000.0,177058000.0,175954000.0,1.51,1.42,1.51,1825126000.0,,1825126000.0,4968021709.0,7.0,7.21,-166017000.0,-2.133,1.0,437659000.0,0.249,244315000.0,1104000.0,7225765000.0,,4059936000.0,312696000.0,,,3550648000.0,,,3184468709.0,-55113000.0,-96405000.0,1428000.0,267221000.0,-9724000.0,206768000.0,-99695000.0,541000.0,-162186000.0,0.0,117854000.0,117854000.0,117854000.0,0.0,0.0,0.067,235867000.0,201792000.0,680415000.0,0.083,1.745,7.356,6.224,0.0,0.0,34.385,0.488,0.41,400593000.0,1727128000.0,1757046000.0,1757046000.0,0.0,,,,,0.0,235867000.0,1.0,92612148.0,77832000.0,82988000.0,22.575,5131459000.0,155912000.0,58100000.0,0.0,65.93,
69,KBH,MRQ,2004-06-30,2004-05-31,2004-05-31,2021-10-08,42195000.0,4895287000.0,,,,,21.741,-6390000.0,93881000.0,93881000.0,1190304000.0,102106000.0,,1.851,1877434000.0,,,1877434000.0,0.0,5215000.0,0.0,0.01,0.125,153408000.0,158623000.0,0.1,158623000.0,153408000.0,152506000.0,1.29,1.2,1.29,1716832000.0,,1716832000.0,4544104290.0,7.0,6.887,-150246000.0,-1.903,1.0,392376000.0,0.248,236835000.0,902000.0,6442005000.0,,3553784000.0,270405000.0,,,3178455000.0,,,3077515290.0,-135296000.0,-55941000.0,-52660000.0,146201000.0,-9841000.0,70067000.0,-61507000.0,824000.0,-143856000.0,0.0,102106000.0,102106000.0,102106000.0,0.0,0.0,0.065,209890000.0,182486000.0,632011000.0,0.097,1.793,7.454,6.25,0.0,0.0,32.94,0.494,0.418,429169000.0,1618998000.0,1582680000.0,1582680000.0,0.0,,,,,0.0,209890000.0,1.0,93427908.0,78968000.0,85156000.0,20.042,4658452000.0,152254000.0,50400000.0,0.0,58.992,
70,KBH,MRQ,2004-03-31,2004-02-29,2004-02-29,2021-10-08,47078000.0,4628566000.0,,,,,21.474,-4117000.0,229177000.0,229177000.0,1043068000.0,74208000.0,,1.752,1695766000.0,,,1695766000.0,0.0,5233000.0,0.0,0.007,0.125,111771000.0,117004000.0,0.086,117004000.0,111771000.0,110708000.0,0.95,0.88,0.95,1681743000.0,,1681743000.0,4896495859.0,8.0,7.775,-145613000.0,-1.859,1.0,321871000.0,0.236,238211000.0,1063000.0,5856944000.0,,3216485000.0,197746000.0,,,2946823000.0,,,3353562859.0,91058000.0,-49180000.0,15545000.0,282028000.0,-9817000.0,284946000.0,-52392000.0,905000.0,-141496000.0,0.0,74208000.0,74208000.0,74208000.0,0.0,0.0,0.054,187769000.0,134102000.0,658716000.0,0.132,1.994,8.552,7.228,0.0,0.0,36.175,0.549,0.464,432569000.0,1526733000.0,1364939000.0,1364939000.0,0.0,,,,,0.0,187769000.0,1.0,92703880.0,78314000.0,84712000.0,17.429,4390355000.0,162360000.0,36500000.0,0.0,56.061,
71,KBH,MRQ,2003-12-31,2003-11-30,2003-11-30,2021-10-08,38488000.0,4235859000.0,,,,,17.182,-1886000.0,138119000.0,138119000.0,1422714000.0,138736000.0,,1.659,1393005000.0,,,1393005000.0,0.0,5567000.0,0.0,0.004,0.037,225784000.0,231351000.0,0.127,231351000.0,225784000.0,207136000.0,1.775,1.645,1.775,1592851000.0,,1592851000.0,4735654627.0,8.0,7.909,352317000.0,3.8,1.0,393601000.0,0.217,228999000.0,18648000.0,5261746000.0,,2883482000.0,252329000.0,,,2643008000.0,,,3192721627.0,67608000.0,-35922000.0,8286000.0,-244604000.0,-2922000.0,-250215000.0,-36380000.0,1428000.0,354203000.0,0.0,138736000.0,138736000.0,138736000.0,0.0,0.0,0.076,230905000.0,162696000.0,586245000.0,0.021,2.004,8.611,7.312,0.0,0.0,34.44,0.546,0.546,430266000.0,1462342000.0,1816315000.0,1816315000.0,0.0,,,,,6896000.0,191557000.0,1.0,92703880.0,92703880.0,,19.593,4006860000.0,165896000.0,68400000.0,0.0,43.222,
72,KBH,MRQ,2003-09-30,2003-08-31,2003-08-31,2021-10-08,23297000.0,4116750000.0,,,,,18.335,-1642000.0,70511000.0,70511000.0,1097389000.0,97815000.0,,1.886,1613444000.0,,,1613444000.0,0.0,5503000.0,0.0,0.005,0.037,147309000.0,152812000.0,0.104,152812000.0,147309000.0,146015000.0,1.255,1.165,1.255,1426297000.0,,1426297000.0,4149285016.0,8.0,7.41,-39743000.0,-0.511,1.0,369054000.0,0.252,215520000.0,1294000.0,5444163000.0,,2867152000.0,293327000.0,,,2690453000.0,,,2691577016.0,-9449000.0,1427000.0,-46384000.0,94388000.0,-2903000.0,26733000.0,1919000.0,2134000.0,-38101000.0,0.0,97815000.0,97815000.0,97815000.0,0.0,0.0,0.067,192498000.0,176556000.0,557626000.0,0.029,1.887,7.566,6.422,0.0,0.0,28.61,0.469,0.388,369088000.0,1326528000.0,1466443000.0,1466443000.0,0.0,,,,,0.0,192498000.0,1.0,94078190.0,77790000.0,83892000.0,18.851,3901230000.0,158329000.0,48200000.0,0.0,50.151,
73,KBH,MRQ,2003-06-30,2003-05-31,2003-05-31,2021-10-08,27099000.0,4063455000.0,,,,,17.43,-7437000.0,79960000.0,79960000.0,1110887000.0,81374000.0,,1.942,1537668000.0,,,1537668000.0,0.0,5470000.0,0.0,0.005,0.037,123142000.0,128612000.0,0.088,128612000.0,123142000.0,121474000.0,1.025,0.97,1.025,1381205000.0,,1381205000.0,4303966812.0,8.0,7.981,90527000.0,1.142,1.0,348435000.0,0.239,218576000.0,1668000.0,5302587000.0,,2672686000.0,309176000.0,,,2682250000.0,,,2972424812.0,-173825000.0,-77110000.0,-29800000.0,-118370000.0,-2955000.0,-191727000.0,-80062000.0,4485000.0,97964000.0,0.0,81374000.0,81374000.0,81374000.0,0.0,0.0,0.056,195139000.0,153296000.0,598804000.0,0.036,2.152,8.695,7.388,0.0,0.0,31.25,0.531,0.443,474805000.0,1231616000.0,1459322000.0,1459322000.0,0.0,,,,,0.0,195139000.0,1.0,95117594.0,79244000.0,83958000.0,18.416,3844879000.0,160144000.0,40100000.0,0.0,48.519,
74,KBH,MRQ,2003-03-31,2003-02-28,2003-02-28,2021-10-08,-7178000.0,3801615000.0,,,,,16.154,-2087000.0,253785000.0,253785000.0,848029000.0,52839000.0,,1.929,1585327000.0,,,1585327000.0,0.0,4969000.0,0.0,0.006,0.037,81009000.0,85978000.0,0.078,85978000.0,81009000.0,78839000.0,0.66,0.625,0.66,1297942000.0,,1297942000.0,3611712392.0,7.0,7.04,53302000.0,0.663,1.0,260445000.0,0.235,191930000.0,2170000.0,4941227000.0,,2309822000.0,388306000.0,,,2503673000.0,,,2252991392.0,-76200000.0,-3735000.0,-10512000.0,-88606000.0,-3029000.0,-131033000.0,-556000.0,5266000.0,55389000.0,0.0,52839000.0,52839000.0,52839000.0,0.0,0.0,0.048,154317000.0,106128000.0,481488000.0,0.056,1.736,6.942,5.929,0.0,0.0,23.45,0.425,0.356,349550000.0,1153197000.0,1108474000.0,1108474000.0,0.0,,,,,0.0,154317000.0,1.0,96076392.0,80350000.0,84558000.0,13.796,3609685000.0,177131000.0,26000000.0,0.0,44.925,
75,KBH,MRQ,2002-12-31,2002-11-30,2002-11-30,2021-10-08,8895000.0,4025540000.0,,,,,13.307,-25293000.0,329985000.0,329985000.0,1286735000.0,123732000.0,,2.159,1688706000.0,,,1688706000.0,0.0,4852000.0,0.0,0.007,0.037,187687000.0,192539000.0,0.113,192539000.0,187687000.0,184732000.0,1.515,1.43,1.515,1274351000.0,,1274351000.0,3606725235.0,8.0,7.244,106792000.0,1.115,1.0,422009000.0,0.247,194614000.0,2955000.0,5189647000.0,,2173497000.0,620592000.0,,,2751189000.0,,,2139832235.0,209106000.0,-35073000.0,15805000.0,68232000.0,-3004000.0,135561000.0,-58540000.0,1826000.0,132085000.0,0.0,123732000.0,123732000.0,123732000.0,0.0,0.0,0.072,191190000.0,230819000.0,521341000.0,0.024,1.679,6.807,5.904,0.0,0.0,22.345,0.418,0.418,403957000.0,1103387000.0,1708744000.0,1708744000.0,0.0,,,,,0.0,191190000.0,1.0,95763358.0,95763358.0,,17.843,3830926000.0,178022000.0,61000000.0,0.0,40.004,
76,KBH,MRQ,2002-09-30,2002-08-31,2002-08-31,2021-10-08,-391000.0,3612706000.0,,,,,13.86,-3276000.0,120879000.0,120879000.0,995908000.0,83892000.0,,2.202,1587772000.0,,,1587772000.0,0.0,4003000.0,0.0,0.006,0.037,128147000.0,132150000.0,0.1,132150000.0,128147000.0,125192000.0,1.03,0.975,1.03,1128166000.0,,1128166000.0,3747427536.0,9.0,8.243,3884000.0,0.048,1.0,323304000.0,0.245,194163000.0,2955000.0,4885436000.0,,2199884000.0,492192000.0,,,2484540000.0,,,2388677536.0,-2247000.0,281000.0,-95568000.0,155929000.0,-2994000.0,-8902000.0,-505000.0,2490000.0,7160000.0,0.0,83892000.0,83892000.0,83892000.0,0.0,0.0,0.064,158704000.0,164600000.0,476510000.0,0.036,2.117,8.558,7.072,0.0,0.0,23.975,0.489,0.399,367707000.0,982659000.0,1319212000.0,1319212000.0,0.0,,,,,0.0,158704000.0,1.0,99632014.0,81396000.0,86140000.0,16.207,3418543000.0,119667000.0,41300000.0,0.0,41.999,
77,KBH,MRQ,2002-06-30,2002-05-31,2002-05-31,2021-10-08,-6813000.0,3426672000.0,,,,,13.304,-2339000.0,123126000.0,123126000.0,887799000.0,64062000.0,,2.016,1481876000.0,,,1481876000.0,0.0,4102000.0,0.0,0.006,0.037,98227000.0,102329000.0,0.088,102329000.0,98227000.0,95662000.0,0.75,0.71,0.75,1136047000.0,,1136047000.0,3984364286.0,10.0,9.26,134866000.0,1.579,1.0,274864000.0,0.236,192192000.0,2565000.0,4593230000.0,,2112687000.0,414360000.0,,,2290625000.0,,,2646026286.0,-73024000.0,2624000.0,-82962000.0,-114065000.0,-3172000.0,-212705000.0,2476000.0,2191000.0,137205000.0,0.0,64062000.0,64062000.0,64062000.0,0.0,0.0,0.055,147182000.0,127682000.0,432898000.0,0.049,2.329,10.351,8.115,0.0,0.0,25.765,0.548,0.456,376579000.0,901761000.0,1162663000.0,1162663000.0,0.0,,,,,0.0,147182000.0,1.0,102698478.0,85392000.0,90350000.0,13.616,3234480000.0,114471000.0,31600000.0,0.0,37.878,
78,KBH,MRQ,2002-03-31,2002-02-28,2002-02-28,2021-10-08,-14100000.0,3433249000.0,,,,,13.487,-237000.0,196150000.0,196150000.0,719801000.0,42664000.0,,1.984,1534488000.0,,,1534488000.0,0.0,4216000.0,0.0,0.007,0.037,66656000.0,70872000.0,0.076,70872000.0,66656000.0,63664000.0,0.5,0.475,0.5,1150466000.0,,1150466000.0,3658498011.0,10.0,9.073,80303000.0,0.941,1.0,212318000.0,0.228,189700000.0,2992000.0,4581887000.0,,1986669000.0,453546000.0,,,2282783000.0,,,2233822011.0,-85183000.0,610000.0,29171000.0,-189816000.0,-3201000.0,-169481000.0,3758000.0,3385000.0,80540000.0,0.0,42664000.0,42664000.0,42664000.0,0.0,0.0,0.046,121607000.0,90711000.0,423267000.0,0.074,1.942,9.668,7.324,0.0,0.0,21.825,0.471,0.392,401190000.0,840871000.0,932119000.0,932119000.0,0.0,,,,,0.0,121607000.0,1.0,102351524.0,85300000.0,89886000.0,10.928,3243549000.0,117694000.0,21000000.0,0.0,38.025,
79,KBH,MRQ,2001-12-31,2001-11-30,2001-11-30,2021-10-08,-3084000.0,3692866000.0,,,,,10.855,-6395000.0,281333000.0,281333000.0,1132447000.0,88508000.0,,2.38,1706009000.0,,,1706009000.0,0.0,11292000.0,0.0,0.009,0.037,137992000.0,149284000.0,0.101,149284000.0,137992000.0,134008000.0,1.11,1.07,1.11,1092481000.0,,1092481000.0,3291474803.0,10.0,8.509,219970000.0,2.186,1.0,342856000.0,0.232,190785000.0,3984000.0,4926757000.0,,1884761000.0,695247000.0,,,2600385000.0,,,1691797803.0,236152000.0,-23320000.0,2140000.0,48978000.0,-3160000.0,35759000.0,-25972000.0,3743000.0,226365000.0,0.0,88508000.0,88508000.0,88508000.0,0.0,0.0,0.06,164822000.0,178034000.0,479568000.0,0.033,1.549,7.898,5.878,0.0,0.0,16.81,0.364,0.364,437043000.0,801408000.0,1475303000.0,1475303000.0,0.0,,,,,0.0,164822000.0,1.0,100642344.0,100642344.0,,14.659,3502081000.0,118584000.0,45500000.0,0.0,34.797,
80,KBH,MRQ,2001-09-30,2001-08-31,2001-08-31,2021-10-08,-7173000.0,3299198000.0,,,,,13.366,-2098000.0,45181000.0,45181000.0,976975000.0,60387000.0,,2.334,1644858000.0,,,1644858000.0,0.0,10798000.0,0.0,0.009,0.037,97005000.0,107803000.0,0.086,107803000.0,97005000.0,91487000.0,0.815,0.79,0.815,989545000.0,,989545000.0,2967073880.0,9.0,8.139,-32973000.0,-0.445,1.0,278503000.0,0.222,192399000.0,5518000.0,4706476000.0,,1969675000.0,549018000.0,,,2309653000.0,,,1433433880.0,27620000.0,-28583000.0,14378000.0,87165000.0,-2708000.0,85615000.0,-27120000.0,3561000.0,-30875000.0,0.0,60387000.0,60387000.0,60387000.0,0.0,0.0,0.048,143585000.0,134918000.0,358893000.0,0.045,1.449,7.199,5.907,0.0,0.0,16.185,0.323,0.27,371581000.0,716060000.0,1255478000.0,1255478000.0,0.0,,,,,0.0,143585000.0,1.0,88565578.0,74032000.0,76398000.0,16.959,3106799000.0,66633000.0,31100000.0,0.0,41.966,
81,KBH,MRQ,2001-06-30,2001-05-31,2001-05-31,2021-10-08,-11949000.0,3049377000.0,,,,,10.28,-1883000.0,17561000.0,17561000.0,850662000.0,39504000.0,,3.156,1551201000.0,,,1551201000.0,0.0,10746000.0,0.0,0.012,0.037,64542000.0,75288000.0,0.07,75288000.0,64542000.0,59904000.0,0.555,0.535,0.555,733772000.0,,733772000.0,2579569831.0,9.0,7.627,-73945000.0,-1.036,1.0,231275000.0,0.214,186261000.0,4638000.0,4396756000.0,,1883206000.0,475836000.0,,,2315605000.0,,,1125049831.0,-15517000.0,1788000.0,6219000.0,63911000.0,-2675000.0,53102000.0,3443000.0,3538000.0,-72062000.0,0.0,39504000.0,39504000.0,39504000.0,0.0,0.0,0.037,137902000.0,93373000.0,312193000.0,0.067,1.533,6.135,5.062,0.0,0.0,12.705,0.269,0.217,311246000.0,658381000.0,1081937000.0,1081937000.0,0.0,,,,,0.0,137902000.0,1.0,88551738.0,71382000.0,73606000.0,15.157,2863116000.0,69294000.0,20400000.0,0.0,40.11,
82,KBH,MRQ,2001-03-31,2001-02-28,2001-02-28,2021-10-08,-5328000.0,2961220000.0,,,,,9.972,-1813000.0,33078000.0,33078000.0,652852000.0,25818000.0,,3.246,1487598000.0,,,1487598000.0,0.0,11022000.0,0.0,0.011,0.037,43414000.0,54436000.0,0.065,54436000.0,43414000.0,39118000.0,0.37,0.35,0.37,697345000.0,,697345000.0,2599192958.0,9.0,8.114,-79321000.0,-1.134,1.0,181083000.0,0.217,197043000.0,4296000.0,4218697000.0,,1852879000.0,359662000.0,,,2263875000.0,,,1229071958.0,-3000.0,1829000.0,15172000.0,71213000.0,-2640000.0,76106000.0,1399000.0,1383000.0,-77508000.0,0.0,25818000.0,25818000.0,25818000.0,0.0,0.0,0.031,110416000.0,70667000.0,323850000.0,0.1,1.763,7.164,6.063,0.0,0.0,13.975,0.306,0.244,338933000.0,621552000.0,833935000.0,833935000.0,0.0,,,,,0.0,110416000.0,1.0,87947904.0,69928000.0,73784000.0,11.926,2764177000.0,72224000.0,13300000.0,0.0,39.529,
83,KBH,MRQ,2000-12-31,2000-11-30,2000-11-30,2021-10-08,-9564000.0,2828921000.0,,,,,7.637,-6868000.0,33081000.0,33081000.0,974527000.0,73407000.0,,3.321,1403202000.0,,,1403202000.0,0.0,10801000.0,0.0,0.007,0.037,116225000.0,127026000.0,0.101,127026000.0,116225000.0,111107000.0,1.0,0.96,1.0,654759000.0,,654759000.0,2630427053.0,8.0,7.341,52005000.0,0.607,1.0,288455000.0,0.228,202177000.0,5118000.0,3996865000.0,,1657401000.0,468530000.0,,,2174162000.0,,,1345234053.0,-12111000.0,-10558000.0,-20128000.0,-14648000.0,-2551000.0,-51598000.0,-19386000.0,-1960000.0,58873000.0,0.0,73407000.0,73407000.0,73407000.0,0.0,0.0,0.058,134898000.0,153557000.0,322672000.0,0.037,2.055,6.407,5.822,0.0,0.0,15.69,0.337,0.337,294760000.0,598374000.0,1262982000.0,1262982000.0,0.0,,,,,0.0,134898000.0,1.0,85738308.0,85738308.0,,14.731,2626744000.0,73842000.0,37700000.0,0.0,30.637,
84,KBH,MRQ,2000-09-30,2000-08-31,2000-08-31,2021-10-08,-8984000.0,2836110000.0,,,,,8.965,-4411000.0,45192000.0,45192000.0,775106000.0,44639000.0,,3.133,1330385000.0,,,1330385000.0,0.0,10384000.0,0.0,0.006,0.037,71084000.0,81468000.0,0.082,81468000.0,71084000.0,66439000.0,0.585,0.57,0.585,686160000.0,,686160000.0,2303576349.0,8.0,6.659,76191000.0,0.996,1.0,221568000.0,0.222,194219000.0,4645000.0,3927084000.0,,1758298000.0,397311000.0,,,2149950000.0,,,976443349.0,15386000.0,338000.0,-28531000.0,-23679000.0,-2850000.0,-64049000.0,-1167000.0,2906000.0,80602000.0,0.0,44639000.0,44639000.0,44639000.0,0.0,0.0,0.045,119309000.0,102259000.0,379516000.0,0.063,1.423,4.856,5.201,0.0,0.0,12.405,0.246,0.239,243579000.0,527518000.0,996674000.0,996674000.0,0.0,,,,,0.0,119309000.0,1.0,78713692.0,76534000.0,78436000.0,13.023,2641891000.0,89171000.0,21800000.0,0.0,34.519,
85,KBH,MRQ,2000-06-30,2000-05-31,2000-05-31,2021-10-08,-4378000.0,2794685000.0,,,,,8.476,-4761000.0,29806000.0,29806000.0,733605000.0,27700000.0,,3.141,1356939000.0,,,1356939000.0,0.0,9952000.0,0.0,0.004,0.037,47435000.0,57387000.0,0.062,57387000.0,47435000.0,42700000.0,0.35,0.34,0.35,674951000.0,,674951000.0,1938324820.0,7.0,5.733,-70772000.0,-0.889,1.0,185022000.0,0.201,194578000.0,4735000.0,3927240000.0,,1694418000.0,425740000.0,,,2119734000.0,,,725532820.0,-9004000.0,1330000.0,-38149000.0,111946000.0,-2946000.0,59119000.0,-2112000.0,1319000.0,-66011000.0,0.0,27700000.0,27700000.0,27700000.0,0.0,0.0,0.03,114164000.0,70858000.0,334481000.0,0.106,1.075,3.728,4.007,0.0,0.0,8.815,0.179,0.173,250738000.0,485729000.0,918627000.0,918627000.0,0.0,,,,,0.0,114164000.0,1.0,82306616.0,79634000.0,81424000.0,11.536,2600107000.0,96023000.0,15000000.0,0.0,32.651,
86,KBH,MRQ,2000-03-31,2000-02-29,2000-02-29,2021-10-08,-1837000.0,2735294000.0,,,,,8.092,-2460000.0,38810000.0,38810000.0,640631000.0,64214000.0,,2.962,1251602000.0,,,1251602000.0,0.0,10161000.0,0.0,0.0,0.0,82290000.0,92451000.0,0.114,92451000.0,82290000.0,77414000.0,0.755,0.735,0.755,690420000.0,,690420000.0,1995143198.0,7.0,5.9,-23016000.0,-0.27,1.0,172314000.0,0.212,202343000.0,4876000.0,3745743000.0,,1681679000.0,389875000.0,,,2044874000.0,,,796201198.0,10443000.0,-1517000.0,-70784000.0,5053000.0,-3118000.0,33271000.0,-2272000.0,1705000.0,-20556000.0,0.0,64214000.0,64214000.0,64214000.0,0.0,0.0,0.079,106803000.0,65511000.0,352563000.0,0.0,1.153,4.073,4.449,0.0,0.0,9.565,0.199,0.204,228428000.0,460975000.0,812945000.0,812945000.0,0.0,,,,,0.0,106803000.0,1.0,83241108.0,85324000.0,87532000.0,9.528,2532951000.0,98308000.0,13200000.0,0.0,29.686,
87,KBH,MRQ,1999-12-31,1999-11-30,1999-11-30,2021-10-08,-1584000.0,2664235000.0,,,,,7.094,-3805000.0,28367000.0,28367000.0,966682000.0,64527000.0,,2.938,1227309000.0,,,1227309000.0,0.0,10569000.0,0.0,0.0,0.0,104059000.0,114628000.0,0.092,114628000.0,104059000.0,99227000.0,0.695,0.675,0.695,676583000.0,,676583000.0,2377070758.0,10.0,8.428,243726000.0,2.555,1.0,276880000.0,0.223,205618000.0,4832000.0,3657559000.0,,1521265000.0,513148000.0,,,1987652000.0,,,1055349758.0,-11410000.0,-1340000.0,-69973000.0,-143724000.0,-3409000.0,-255162000.0,-3779000.0,1366000.0,247531000.0,0.0,64527000.0,64527000.0,64527000.0,0.0,0.0,0.052,137370000.0,139510000.0,338239000.0,0.0,1.56,7.156,7.003,0.0,0.0,11.065,0.271,0.271,205847000.0,376626000.0,1243562000.0,1243562000.0,0.0,,,,,0.0,137370000.0,1.0,95377294.0,95377294.0,,13.038,2458617000.0,99519000.0,34700000.0,0.0,25.778,
88,KBH,MRQ,1999-09-30,1999-08-31,1999-08-31,2021-10-08,-3935000.0,2818943000.0,,,,,7.162,-4967000.0,39777000.0,39777000.0,836497000.0,38181000.0,,3.107,1361498000.0,,,1361498000.0,0.0,10314000.0,0.0,0.0,0.0,63324000.0,73638000.0,0.069,73638000.0,63324000.0,58781000.0,0.4,0.39,0.4,686301000.0,,686301000.0,2225079306.0,11.0,9.242,-29962000.0,-0.313,1.0,237316000.0,0.221,213271000.0,4543000.0,3927393000.0,,1716163000.0,452673000.0,,,2132642000.0,,,979351306.0,35643000.0,-18457000.0,-8004000.0,118260000.0,-3605000.0,79182000.0,-18544000.0,4880000.0,-24995000.0,0.0,38181000.0,38181000.0,38181000.0,0.0,0.0,0.036,125860000.0,111456000.0,327107000.0,0.0,1.427,7.848,7.248,0.0,0.0,10.22,0.28,0.28,228439000.0,315508000.0,1073813000.0,1073813000.0,0.0,,,,,0.0,125860000.0,1.0,95826938.0,95822000.0,97782000.0,11.206,2605672000.0,67755000.0,20600000.0,0.0,27.193,
89,KBH,MRQ,1999-06-30,1999-05-31,1999-05-31,2021-10-08,-7023000.0,2520161000.0,,,,,6.826,-5115000.0,4134000.0,4134000.0,688574000.0,28575000.0,,2.853,1249862000.0,,,1249862000.0,0.0,9674000.0,0.0,0.0,0.0,47785000.0,57459000.0,0.066,57459000.0,47785000.0,43975000.0,0.3,0.29,0.3,654047000.0,,654047000.0,2271884263.0,12.0,10.408,-103208000.0,-1.077,1.0,188443000.0,0.215,210583000.0,3810000.0,3555306000.0,,1596695000.0,305332000.0,,,1866114000.0,,,1155834263.0,-7228000.0,-62000.0,0.0,137438000.0,-3593000.0,93646000.0,-2781000.0,2396000.0,-98093000.0,0.0,28575000.0,28575000.0,28575000.0,0.0,0.0,0.033,113392000.0,75051000.0,233881000.0,0.0,1.767,10.076,8.871,0.0,0.0,12.065,0.373,0.373,236843000.0,280932000.0,877017000.0,877017000.0,0.0,,,,,0.0,113392000.0,1.0,95800602.0,95814000.0,98104000.0,9.153,2309578000.0,73096000.0,15400000.0,0.0,24.105,
90,KBH,MRQ,1999-03-31,1999-02-28,1999-02-28,2021-10-08,-4491000.0,2396882000.0,,,,,7.071,-5273000.0,11362000.0,11362000.0,559945000.0,16186000.0,,2.796,1127412000.0,,,1127412000.0,0.0,7694000.0,0.0,0.0,0.0,28642000.0,36336000.0,0.051,36336000.0,28642000.0,24886000.0,0.18,0.175,0.18,631402000.0,,631402000.0,1832806555.0,11.0,9.417,-26846000.0,-0.301,1.0,146132000.0,0.207,217590000.0,3756000.0,3295342000.0,,1487385000.0,296032000.0,,,1765480000.0,,,1077636555.0,-51991000.0,-6809000.0,0.0,-6647000.0,-3592000.0,-21567000.0,-8851000.0,3231000.0,-21573000.0,0.0,16186000.0,16186000.0,16186000.0,0.0,0.0,0.023,96308000.0,49824000.0,231854000.0,0.0,1.707,10.427,8.789,0.0,0.0,11.25,0.39,0.363,226108000.0,255950000.0,706077000.0,706077000.0,0.0,,,,,0.0,96308000.0,1.0,95789916.0,89296000.0,92244000.0,7.907,2179292000.0,68310000.0,8700000.0,0.0,24.405,
91,KBH,MRQ,1998-12-31,1998-11-30,1998-11-30,2021-10-08,-2357000.0,1860204000.0,,,,,5.946,-2778000.0,63353000.0,63353000.0,649603000.0,41849000.0,,2.92,818523000.0,,,818523000.0,0.0,4854000.0,0.0,0.0,0.0,68459000.0,73313000.0,0.087,73313000.0,68459000.0,64349000.0,0.53,0.51,0.53,474511000.0,,474511000.0,1783836724.0,11.0,10.033,33207000.0,0.416,1.0,191783000.0,0.228,45533000.0,4110000.0,2569841000.0,,1134402000.0,367642000.0,,,1385693000.0,,,1005153724.0,53528000.0,1112000.0,0.0,27847000.0,-2992000.0,17038000.0,505000.0,2171000.0,35985000.0,0.0,41849000.0,41849000.0,41849000.0,0.0,0.0,0.05,102694000.0,89089000.0,220304000.0,0.0,2.118,10.551,10.452,0.0,0.0,12.595,0.403,0.403,140771000.0,243356000.0,841386000.0,841386000.0,0.0,,,,,0.0,102694000.0,1.0,79805774.0,79805774.0,,10.543,1814671000.0,24094000.0,22500000.0,0.0,22.739,
92,KBH,MRQ,1998-09-30,1998-08-31,1998-08-31,2021-10-08,-3892000.0,1734629000.0,,,,,5.358,-3425000.0,9825000.0,9825000.0,526254000.0,28098000.0,,3.058,788508000.0,,,788508000.0,0.0,4083000.0,0.0,0.0,0.0,47098000.0,51181000.0,0.076,51181000.0,47098000.0,43298000.0,0.35,0.34,0.35,427425000.0,,427425000.0,1750397149.0,12.0,11.303,-20268000.0,-0.254,1.0,144736000.0,0.216,47994000.0,3800000.0,2465318000.0,,1135328000.0,269622000.0,,,1307204000.0,,,852072149.0,-7861000.0,-13747000.0,0.0,57882000.0,-2992000.0,22195000.0,-13213000.0,9025000.0,-16843000.0,0.0,28098000.0,28098000.0,28098000.0,0.0,0.0,0.042,80072000.0,64664000.0,185022000.0,0.0,1.994,10.476,10.329,0.0,0.0,10.69,0.368,0.369,172888000.0,204499000.0,670990000.0,670990000.0,0.0,,,,,0.0,80072000.0,1.0,79707404.0,79774000.0,82746000.0,8.411,1686635000.0,0.0,15200000.0,0.0,21.143,
93,KBH,MRQ,1998-06-30,1998-05-31,1998-05-31,2021-10-08,-3441000.0,1631455000.0,,,,,5.216,-6046000.0,17686000.0,17686000.0,428993000.0,17222000.0,,2.977,916011000.0,,,916011000.0,0.0,4024000.0,0.0,0.0,0.0,29779000.0,33803000.0,0.062,33803000.0,29779000.0,26222000.0,0.22,0.21,0.22,410237000.0,,410237000.0,1686804281.0,14.0,12.67,-56737000.0,-0.721,1.0,119208000.0,0.217,50469000.0,3557000.0,2479311000.0,,1049788000.0,249098000.0,,,1221218000.0,,,1007787281.0,-23525000.0,-148927000.0,0.0,183180000.0,-2946000.0,176303000.0,-149137000.0,770000.0,-50691000.0,0.0,17222000.0,17222000.0,17222000.0,0.0,0.0,0.031,72272000.0,46936000.0,189124000.0,0.0,2.457,14.734,14.597,0.0,0.0,12.845,0.476,0.477,169760000.0,179393000.0,548201000.0,548201000.0,0.0,,,,,0.0,72272000.0,1.0,78457554.0,78648000.0,82282000.0,6.97,1580986000.0,0.0,9000000.0,0.0,20.102,
94,KBH,MRQ,1998-03-31,1998-02-28,1998-02-28,2021-10-08,-3716000.0,1372211000.0,,,,,4.969,-3610000.0,41211000.0,41211000.0,344879000.0,8098000.0,,2.534,720228000.0,,,720228000.0,0.0,3217000.0,0.0,0.0,0.0,16277000.0,19494000.0,0.045,19494000.0,16277000.0,12698000.0,0.105,0.1,0.105,388341000.0,,388341000.0,1703455384.0,16.0,13.967,15090000.0,0.193,1.0,90302000.0,0.208,29300000.0,3579000.0,2021928000.0,,838270000.0,228516000.0,,,983870000.0,,,1013942384.0,-27031000.0,958000.0,0.0,-34989000.0,-2941000.0,-45732000.0,1000.0,2653000.0,18700000.0,0.0,8098000.0,8098000.0,8098000.0,0.0,0.0,0.019,59464000.0,30838000.0,150470000.0,0.0,2.611,16.385,16.25,0.0,0.0,13.0,0.508,0.509,153944000.0,165117000.0,435181000.0,435181000.0,0.0,,,,,0.0,59464000.0,1.0,77995568.0,78148000.0,81178000.0,5.569,1342911000.0,0.0,4600000.0,0.0,17.184,
95,KBH,MRQ,1997-12-31,1997-11-30,1997-11-30,2021-10-08,-1987000.0,1418991000.0,,,,,4.915,-5917000.0,68242000.0,68242000.0,518277000.0,27918000.0,,2.704,757755000.0,,,757755000.0,0.0,3071000.0,0.0,0.0,0.0,47307000.0,50378000.0,0.077,50378000.0,47307000.0,43618000.0,0.36,0.345,0.36,383056000.0,,383056000.0,1543609955.0,15.0,13.354,17746000.0,0.228,1.0,139941000.0,0.213,31283000.0,3689000.0,2077221000.0,,790243000.0,286568000.0,,,1035935000.0,,,845142955.0,57447000.0,-460000.0,0.0,39836000.0,-2923000.0,34505000.0,-721000.0,2556000.0,23663000.0,0.0,27918000.0,27918000.0,27918000.0,0.0,0.0,0.042,76571000.0,63370000.0,170946000.0,0.0,2.206,14.514,14.46,0.0,0.0,10.845,0.442,0.442,169988000.0,159960000.0,658218000.0,658218000.0,0.0,,,,,0.0,76571000.0,1.0,77929272.0,77929272.0,,8.446,1387708000.0,0.0,15700000.0,0.0,17.807,
96,KBH,MRQ,1997-09-30,1997-08-31,1997-08-31,2021-10-08,-2551000.0,1325815000.0,,,,,4.583,0.0,10795000.0,10795000.0,379963000.0,15163000.0,,2.718,709262000.0,,,709262000.0,0.0,2906000.0,0.0,0.0,0.0,26551000.0,29457000.0,0.062,29457000.0,26551000.0,23763000.0,0.195,0.19,0.195,356637000.0,,356637000.0,1425862720.0,16.0,13.911,-46343000.0,-0.596,1.0,97835000.0,0.205,33135000.0,2788000.0,1991147000.0,,852793000.0,214280000.0,,,969178000.0,,,777009720.0,-6992000.0,1744000.0,0.0,39203000.0,-2921000.0,34999000.0,4352000.0,4217000.0,-46343000.0,0.0,15163000.0,15163000.0,15163000.0,0.0,0.0,0.032,56825000.0,41010000.0,161175000.0,0.0,2.179,15.479,19.608,0.0,0.0,10.0,0.435,0.435,140356000.0,134965000.0,477798000.0,477798000.0,0.0,,,,,0.0,56825000.0,1.0,77700972.0,77814000.0,80398000.0,6.14,1292680000.0,0.0,8600000.0,0.0,16.612,
97,KBH,MRQ,1997-06-30,1997-05-31,1997-05-31,2021-10-08,-326000.0,1223493000.0,,,,,4.446,0.0,17787000.0,17787000.0,334938000.0,10705000.0,,2.543,666640000.0,,,666640000.0,0.0,2949000.0,0.0,0.0,0.0,19681000.0,22630000.0,0.054,22630000.0,19681000.0,16705000.0,0.14,0.135,0.14,345318000.0,,345318000.0,1212631636.0,14.0,12.114,-18132000.0,-0.233,1.0,88021000.0,0.208,35192000.0,2976000.0,1837154000.0,,789296000.0,191636000.0,,,878175000.0,,,587491636.0,6709000.0,-10000.0,0.0,29497000.0,-2913000.0,24989000.0,-9243000.0,1343000.0,-18132000.0,0.0,10705000.0,10705000.0,10705000.0,0.0,0.0,0.025,53457000.0,34564000.0,134205000.0,0.0,1.701,12.163,15.76,0.0,0.0,7.565,0.326,0.327,121593000.0,122723000.0,422959000.0,422959000.0,0.0,,,,,0.0,53457000.0,1.0,77659172.0,77672000.0,79458000.0,5.445,1188301000.0,0.0,6000000.0,0.0,15.299,
98,KBH,MRQ,1997-03-31,1997-02-28,1997-02-28,2021-10-08,67000.0,1173251000.0,,,,,4.348,0.0,11078000.0,11078000.0,279588000.0,4444000.0,,2.475,636218000.0,,,636218000.0,0.0,2934000.0,0.0,0.0,0.0,10190000.0,13124000.0,0.037,13124000.0,10190000.0,6944000.0,0.055,0.055,0.055,337643000.0,,337643000.0,1184696778.0,-14.0,-16.925,11768000.0,0.152,1.0,75269000.0,0.212,37147000.0,3246000.0,1761244000.0,,759897000.0,182957000.0,,,835608000.0,,,548511778.0,1297000.0,647000.0,0.0,-7985000.0,-2911000.0,-13144000.0,11768000.0,2036000.0,11768000.0,0.0,4444000.0,4444000.0,4444000.0,0.0,0.0,0.013,50146000.0,25123000.0,120087000.0,0.0,1.625,-9.009,-7.894,0.0,0.0,7.065,0.294,0.294,115230000.0,114931000.0,354857000.0,354857000.0,0.0,,,,,0.0,50146000.0,1.0,77637902.0,77658000.0,79384000.0,4.569,1136104000.0,0.0,2500000.0,0.0,14.63,
99,KBH,MRQ,1996-12-31,1996-11-30,1996-11-30,2021-10-08,4323000.0,1243494000.0,,,,,4.384,-2799000.0,9781000.0,9781000.0,1332998000.0,19885000.0,,2.654,645966000.0,,,645966000.0,0.0,3034000.0,0.0,0.0,0.0,34256000.0,37290000.0,0.07,37290000.0,34256000.0,31085000.0,0.12,0.12,0.12,340350000.0,,340350000.0,,,,123229000.0,1.587,1.0,-800504000.0,-1.503,39356000.0,3171000.0,1840323000.0,,780302000.0,243307000.0,,,903144000.0,,,499988089.0,-13555000.0,-2517000.0,0.0,-123903000.0,-2911000.0,-141911000.0,2328000.0,2220000.0,126028000.0,0.0,19885000.0,19885000.0,19885000.0,0.0,0.0,0.037,64897000.0,-865401000.0,159272000.0,0.0,1.469,-8.164,-7.156,0.0,0.0,6.44,0.275,0.275,107037000.0,113398000.0,532494000.0,532494000.0,0.0,,,,,0.0,64897000.0,1.0,77637902.0,77637902.0,,6.859,1204138000.0,0.0,11200000.0,0.0,15.51,
100,KBH,MRQ,1996-09-30,1996-08-31,1996-08-31,2021-10-08,,,,,,,,0.0,,,388505000.0,13267000.0,,,,,,,,2995000.0,,0.0,0.0,24063000.0,27058000.0,0.055,27058000.0,24063000.0,20667000.0,0.165,0.165,0.165,,,,,,,60165000.0,0.756,1.0,100680000.0,0.206,,3396000.0,,,,,,,,,,,-9675000.0,-187000.0,0.0,-67109000.0,-2915000.0,-73109000.0,3269000.0,3717000.0,60165000.0,0.0,13267000.0,13267000.0,13267000.0,0.0,0.0,0.027,59935000.0,40745000.0,,0.0,,,,,0.0,6.125,,,,,489185000.0,489185000.0,0.0,,,,,0.0,59935000.0,1.0,,79584000.0,79584000.0,6.147,,,7400000.0,,,
101,KBH,MRQ,1996-06-30,1996-05-31,1996-05-31,2021-10-08,,,,,,,,0.0,,,388376000.0,-98482000.0,,,,,,,,2989000.0,,0.0,0.0,-150456000.0,-147467000.0,-0.301,-147467000.0,-150456000.0,-153882000.0,-1.235,-1.235,-1.235,,,,,,,122170000.0,1.533,1.0,101713000.0,0.208,,3426000.0,,,,,,,,,,,-2130000.0,-87203000.0,0.0,-20886000.0,-5385000.0,-40056000.0,-84244000.0,7836000.0,122170000.0,0.0,-98482000.0,-98482000.0,-98482000.0,0.0,0.0,-0.201,232505000.0,-130792000.0,,0.0,,,,,0.0,7.312,,,,,490089000.0,490089000.0,0.0,,,,,0.0,61748000.0,1.0,,79678000.0,79678000.0,6.151,,,-55400000.0,,,
102,KBH,MRQ,1996-03-31,1996-02-29,1996-02-29,2021-10-08,,,,,,,,0.0,,,243956000.0,4086000.0,,,,,,,,1801000.0,,0.0,0.0,9855000.0,11656000.0,0.038,11656000.0,9855000.0,6386000.0,0.05,,0.05,,,,,,,22421000.0,0.282,1.0,65179000.0,0.211,,3469000.0,,,,,,,,,,,-8241000.0,1707000.0,0.0,-6328000.0,-4896000.0,-35383000.0,4721000.0,3300000.0,22421000.0,0.0,4086000.0,4086000.0,4086000.0,0.0,0.0,0.013,40983000.0,24196000.0,,0.0,,,,,0.0,7.688,,,,,309135000.0,309135000.0,0.0,,,,,0.0,40983000.0,1.0,,79642000.0,,3.882,,,2300000.0,,,
103,KBH,MRQ,1995-12-31,1995-11-30,1995-11-30,2021-10-08,2243000.0,1574179000.0,,,,,,,43382000.0,43382000.0,,,,2.789,875339000.0,,,875339000.0,0.0,,0.0,0.0,0.0,,,,,,,,,,415478000.0,,415478000.0,,,,,,1.0,,,13884000.0,,2392252000.0,,1059179000.0,300590000.0,,,1158701000.0,,,,,,,,,,,,,,,,,,,,,,165758000.0,,,,17.808,0.0,,6.5,,,111620000.0,190749000.0,,,,,,,,,,1.0,,,,,1560295000.0,0.0,,24448000.0,,
0,KBH,MRT,2021-09-30,2021-08-31,2021-08-31,2021-10-08,-22276000.0,5756347000.0,5539626500.0,,,0.947,31.548,-35906000.0,350141000.0,350141000.0,4129019000.0,496603000.0,,1.026,1863501000.0,,,1863501000.0,0.0,28109000.0,0.0,0.014,0.6,597503000.0,625612000.0,0.119,625612000.0,597503000.0,597503000.0,5.43,5.23,5.43,2841733000.0,2785637750.0,2841733000.0,5104295378.0,9.0,8.159,-234664000.0,-2.605,1.0,1114969000.0,0.213,0.0,0.0,7269707000.0,6763610750.0,4655875000.0,39484000.0,,,2914614000.0,,,3964917378.0,-371781000.0,1177000.0,-177015000.0,105063000.0,-54602000.0,-138294000.0,-34729000.0,0.0,-198758000.0,0.0,496603000.0,496603000.0,496603000.0,0.0,0.0,0.095,539011000.0,575958000.0,340540000.0,0.11,1.395,7.984,7.924,72470000.0,0.0,43.03,0.756,0.739,295092000.0,2218217000.0,5243988000.0,5243988000.0,0.0,0.09,0.178,0.088,0.114,28532000.0,534142000.0,1.0,92143095.0,90076000.0,93264000.0,58.217,5756347000.0,194845000.0,100900000.0,0.0,63.905,
1,KBH,MRT,2021-06-30,2021-05-31,2021-05-31,2021-10-08,-22276000.0,5618933000.0,5394896500.0,,,0.885,31.349,-31903000.0,608069000.0,608069000.0,3779872000.0,424921000.0,,0.946,1747447000.0,,,1747447000.0,0.0,28382000.0,0.0,0.012,0.54,524621000.0,553003000.0,0.116,553003000.0,524621000.0,524621000.0,4.63,4.46,4.63,2886865000.0,2716531500.0,2886865000.0,5485252657.0,10.0,9.919,106014000.0,1.151,1.0,996027000.0,0.209,0.0,0.0,6758311000.0,6496958500.0,4272566000.0,45358000.0,,,2732068000.0,,,4308038657.0,33014000.0,1582000.0,11160000.0,-24471000.0,-49531000.0,-74582000.0,-30321000.0,0.0,137917000.0,0.0,424921000.0,424921000.0,424921000.0,0.0,0.0,0.089,502218000.0,493809000.0,316989000.0,0.117,1.492,10.138,10.11,69336000.0,0.0,46.81,0.902,0.903,271080000.0,2081288000.0,4775899000.0,4775899000.0,0.0,0.079,0.156,0.081,0.11,27054000.0,497527000.0,1.0,92032443.0,92087000.0,95379000.0,51.863,5618933000.0,199445000.0,99700000.0,0.0,61.018,
2,KBH,MRT,2021-03-31,2021-02-28,2021-02-28,2021-10-08,-22276000.0,5426784000.0,5250663750.0,,,0.809,29.964,-31268000.0,569793000.0,569793000.0,3396307000.0,333546000.0,,0.975,1747007000.0,,,1747007000.0,0.0,28160000.0,0.0,0.012,0.48,418746000.0,446906000.0,0.105,446906000.0,418746000.0,418746000.0,3.65,3.51,3.65,2748184000.0,2617403750.0,2748184000.0,4766318193.0,11.0,10.665,210011000.0,2.29,1.0,852670000.0,0.201,0.0,0.0,6603998000.0,6365764500.0,4123953000.0,46453000.0,,,2678600000.0,,,3700333193.0,140032000.0,821000.0,10370000.0,-25534000.0,-43896000.0,-70800000.0,-30447000.0,0.0,241279000.0,0.0,333546000.0,333546000.0,333546000.0,0.0,0.0,0.079,470971000.0,381699000.0,280541000.0,0.132,1.346,11.094,11.063,67558000.0,0.0,40.38,0.871,0.872,249234000.0,1951657000.0,4248977000.0,4248977000.0,0.0,0.064,0.127,0.066,0.099,22153000.0,466650000.0,1.0,91637771.0,91716000.0,94903000.0,46.328,5426784000.0,215145000.0,85200000.0,0.0,59.169,
3,KBH,MRT,2020-12-31,2020-11-30,2020-11-30,2021-10-08,-22276000.0,5356442000.0,5157176250.0,,,0.811,29.468,-28841000.0,681190000.0,681190000.0,3380451000.0,296243000.0,,1.009,1747175000.0,,,1747175000.0,0.0,28396000.0,0.0,0.012,0.42,364043000.0,392439000.0,0.094,392439000.0,364043000.0,364043000.0,3.26,3.13,3.26,2665769000.0,2541133750.0,2665769000.0,4212831698.0,12.0,10.735,281837000.0,3.115,1.0,802723000.0,0.192,0.0,0.0,6422427000.0,6307834000.0,3897482000.0,46785000.0,,,2690673000.0,,,3187160698.0,227671000.0,2278000.0,16058000.0,-24934000.0,-38065000.0,-56444000.0,-26563000.0,0.0,310678000.0,0.0,296243000.0,296243000.0,296243000.0,0.0,0.0,0.071,474862000.0,327861000.0,273368000.0,0.129,1.196,10.759,10.798,65547000.0,0.0,35.2,0.762,0.761,272659000.0,1868896000.0,4183174000.0,4183174000.0,0.0,0.057,0.117,0.058,0.087,21531000.0,470779000.0,1.0,90544338.0,90464000.0,94086000.0,46.241,5356442000.0,231067000.0,67800000.0,0.0,59.211,
4,KBH,MRT,2020-09-30,2020-08-31,2020-08-31,2021-10-08,-17149000.0,5177427000.0,5071936250.0,,,0.897,28.335,-29402000.0,722033000.0,722033000.0,3679576000.0,313319000.0,,1.018,1747704000.0,,,1747704000.0,0.0,28916000.0,0.0,0.01,0.36,402919000.0,431835000.0,0.095,431835000.0,402919000.0,402919000.0,3.48,3.31,3.48,2565308000.0,2470472000.0,2565308000.0,4428781166.0,11.0,10.256,702995000.0,7.765,1.0,868017000.0,0.191,0.0,0.0,6203098000.0,6279831000.0,3671129000.0,48821000.0,,,2612119000.0,,,3237248166.0,538289000.0,-866000.0,20199000.0,-130303000.0,-32446000.0,-163840000.0,-30268000.0,0.0,732397000.0,0.0,313319000.0,313319000.0,313319000.0,0.0,0.0,0.069,492551000.0,375466000.0,231821000.0,0.103,1.262,10.332,10.276,64619000.0,0.0,35.76,0.712,0.712,269651000.0,2326060000.0,4547593000.0,4547593000.0,0.0,0.062,0.127,0.064,0.089,16600000.0,488384000.0,1.0,90527074.0,90535000.0,94105000.0,50.23,5177427000.0,241171000.0,89600000.0,0.0,57.187,
5,KBH,MRT,2020-06-30,2020-05-31,2020-05-31,2021-10-08,-17149000.0,5042002000.0,5036372000.0,,,0.935,27.52,-33419000.0,575006000.0,575006000.0,3824835000.0,303040000.0,,1.025,1766539000.0,,,1766539000.0,0.0,28888000.0,0.0,0.009,0.295,393540000.0,422428000.0,0.09,422428000.0,393540000.0,393540000.0,3.39,3.21,3.39,2490354000.0,2394702250.0,2490354000.0,4311469382.0,11.0,10.206,552651000.0,6.107,1.0,884531000.0,0.188,0.0,0.0,6233535000.0,6406934250.0,3607465000.0,57823000.0,,,2551648000.0,,,2992027382.0,396269000.0,-10131000.0,22466000.0,-115181000.0,-32246000.0,-146251000.0,-43550000.0,0.0,586070000.0,0.0,303040000.0,303040000.0,303040000.0,0.0,0.0,0.064,512414000.0,372117000.0,180868000.0,0.087,1.201,9.873,9.758,65764000.0,0.0,33.08,0.635,0.636,312928000.0,2255742000.0,4709366000.0,4709366000.0,0.0,0.06,0.127,0.061,0.084,16477000.0,508300000.0,1.0,90448228.0,90493000.0,93472000.0,52.041,5042002000.0,257571000.0,90500000.0,0.0,55.717,
6,KBH,MRT,2020-03-31,2020-02-29,2020-02-29,2021-10-08,-17149000.0,5052834000.0,5005859750.0,,,0.962,27.193,-37105000.0,429706000.0,429706000.0,3924126000.0,298512000.0,,1.068,1749148000.0,,,1749148000.0,0.0,28028000.0,0.0,0.007,0.23,382512000.0,410540000.0,0.085,410540000.0,382512000.0,382512000.0,3.36,3.17,3.36,2443104000.0,2320916250.0,2443104000.0,4215210497.0,11.0,10.267,402281000.0,4.478,1.0,893073000.0,0.185,0.0,0.0,6372276000.0,6497458750.0,3728616000.0,57147000.0,,,2609730000.0,,,2920277497.0,-81480000.0,-9931000.0,37918000.0,-464118000.0,-26337000.0,-473830000.0,-47036000.0,0.0,439386000.0,0.0,298512000.0,298512000.0,298512000.0,0.0,0.0,0.062,521161000.0,371912000.0,236981000.0,0.068,1.195,9.783,9.699,64453000.0,0.0,32.59,0.606,0.608,297215000.0,2211851000.0,4817199000.0,4817199000.0,0.0,0.06,0.129,0.059,0.079,19110000.0,516890000.0,1.0,89606551.0,89842000.0,94205000.0,53.619,5052834000.0,312166000.0,84000000.0,0.0,56.241,
7,KBH,MRT,2019-12-31,2019-11-30,2019-11-30,2021-10-08,-15506000.0,5015482000.0,5036065250.0,,,0.904,27.082,-34655000.0,453814000.0,453814000.0,3708928000.0,268775000.0,,1.105,1748747000.0,,,1748747000.0,0.0,27158000.0,0.0,0.011,0.39,348175000.0,375333000.0,0.082,375333000.0,348175000.0,348175000.0,3.04,2.85,3.04,2383122000.0,2242264500.0,2383122000.0,4733154698.0,14.0,12.611,216387000.0,2.459,1.0,843819000.0,0.185,0.0,0.0,6310415000.0,6620778500.0,3704602000.0,57038000.0,,,2632360000.0,,,3056813698.0,-120261000.0,-6289000.0,30524000.0,-322097000.0,-20370000.0,-330359000.0,-40944000.0,0.0,251042000.0,0.0,268775000.0,268775000.0,268775000.0,0.0,0.0,0.059,501683000.0,342136000.0,262772000.0,0.128,1.283,11.373,11.375,65043000.0,0.0,34.58,0.671,0.668,249055000.0,2157183000.0,4552747000.0,4552747000.0,0.0,0.053,0.12,0.053,0.076,18312000.0,497350000.0,1.0,88398314.0,87996000.0,93838000.0,51.738,5015482000.0,364493000.0,79400000.0,0.0,56.997,
8,KBH,MRT,2019-09-30,2019-08-31,2019-08-31,2021-10-08,-9565000.0,5035170000.0,5050587500.0,,,0.86,25.631,-29640000.0,183794000.0,183794000.0,3560042000.0,242444000.0,,1.226,1860135000.0,,,1860135000.0,0.0,20473000.0,0.0,0.012,0.325,312144000.0,332617000.0,0.077,332617000.0,312144000.0,312144000.0,2.75,2.51,2.75,2262229000.0,2168359000.0,2262229000.0,4153952329.0,13.0,12.489,89236000.0,1.011,1.0,782639000.0,0.18,0.0,0.0,6711511000.0,6683043500.0,3919076000.0,57168000.0,,,2772941000.0,,,2478272329.0,-170139000.0,-9686000.0,-13732000.0,-216365000.0,-14558000.0,-249689000.0,-39326000.0,0.0,118876000.0,0.0,242444000.0,242444000.0,242444000.0,0.0,0.0,0.056,481550000.0,301089000.0,281855000.0,0.118,1.096,10.222,10.215,64119000.0,0.0,28.09,0.571,0.571,291492000.0,2042034000.0,4342681000.0,4342681000.0,0.0,0.048,0.112,0.047,0.072,18191000.0,477494000.0,1.0,88226142.0,88262000.0,92842000.0,49.202,5035170000.0,402095000.0,69700000.0,0.0,57.048,
9,KBH,MRT,2019-06-30,2019-05-31,2019-05-31,2021-10-08,-9565000.0,4919953000.0,5035467250.0,,,0.875,25.048,-20403000.0,178876000.0,178876000.0,3617797000.0,261784000.0,,1.241,1854556000.0,,,1854556000.0,0.0,14059000.0,0.0,0.013,0.325,334884000.0,348943000.0,0.079,348943000.0,334884000.0,334884000.0,2.97,2.65,2.97,2195210000.0,2106789000.0,2195210000.0,3881579134.0,12.0,11.124,40144000.0,0.458,1.0,789445000.0,0.179,0.0,0.0,6595633000.0,6676029500.0,3780853000.0,56446000.0,,,2724743000.0,,,2189680134.0,-490790000.0,-1480000.0,-3337000.0,-512236000.0,-8847000.0,-529454000.0,-21883000.0,0.0,60547000.0,0.0,261784000.0,261784000.0,261784000.0,0.0,0.0,0.059,468619000.0,320826000.0,262920000.0,0.109,0.997,8.364,8.461,61221000.0,0.0,25.13,0.497,0.5,299708000.0,1981795000.0,4407242000.0,4407242000.0,0.0,0.052,0.124,0.05,0.076,17032000.0,464621000.0,1.0,87134108.0,87641000.0,92366000.0,50.287,4919953000.0,424395000.0,73100000.0,0.0,56.138,
10,KBH,MRT,2019-03-31,2019-02-28,2019-02-28,2021-10-08,-9565000.0,5173656000.0,5079163000.0,,,0.883,24.473,-9667000.0,511690000.0,511690000.0,3685297000.0,271631000.0,,1.431,2203589000.0,,,2203589000.0,0.0,8348000.0,0.0,0.014,0.325,356431000.0,364779000.0,0.081,364779000.0,356431000.0,356431000.0,3.08,2.71,3.08,2128497000.0,2036647250.0,2128497000.0,3468667630.0,10.0,9.509,155315000.0,1.786,1.0,801565000.0,0.179,0.0,0.0,6865555000.0,6721817750.0,3683763000.0,57134000.0,,,3045159000.0,,,1982763630.0,-48399000.0,-3337000.0,-17142000.0,-169368000.0,-8836000.0,-200377000.0,-13004000.0,0.0,164982000.0,0.0,271631000.0,271631000.0,271631000.0,0.0,0.0,0.061,458939000.0,342626000.0,209015000.0,0.106,0.932,7.299,7.406,55330000.0,0.0,22.81,0.442,0.442,313609000.0,1936523000.0,4486862000.0,4486862000.0,0.0,0.053,0.133,0.053,0.079,16184000.0,455024000.0,1.0,86925192.0,86972000.0,96962000.0,51.59,5173656000.0,433295000.0,84800000.0,0.0,59.486,
11,KBH,MRT,2018-12-31,2018-11-30,2018-11-30,2021-10-08,-9565000.0,5073571000.0,5025024250.0,,,0.905,23.783,-7370000.0,574359000.0,574359000.0,3743920000.0,170365000.0,,1.43,2060263000.0,,,2060263000.0,0.0,2530000.0,0.0,0.005,0.1,367965000.0,370495000.0,0.081,370495000.0,367965000.0,367965000.0,1.93,1.71,1.93,2087500000.0,1967703500.0,2087500000.0,3574635160.0,10.0,9.648,214142000.0,2.44,1.0,803082000.0,0.177,0.0,0.0,6559475000.0,6694533000.0,3582839000.0,61960000.0,,,2986071000.0,,,1865869160.0,-145742000.0,-12737000.0,-15028000.0,-314751000.0,-8892000.0,-347147000.0,-20107000.0,0.0,221512000.0,0.0,170365000.0,170365000.0,170365000.0,0.0,0.0,0.037,447998000.0,355084000.0,258045000.0,0.052,0.894,10.952,10.938,24283000.0,0.0,21.11,0.41,0.407,292830000.0,1897168000.0,4547002000.0,4547002000.0,0.0,0.034,0.087,0.055,0.081,15861000.0,444154000.0,1.0,88387928.0,87773000.0,101059000.0,51.804,5073571000.0,441820000.0,197600000.0,0.0,57.803,
12,KBH,MRT,2018-09-30,2018-08-31,2018-08-31,2021-10-08,-16924000.0,4974689000.0,5017010250.0,,,0.917,22.921,-5579000.0,354361000.0,354361000.0,3789022000.0,157875000.0,,1.468,2063127000.0,,,2063127000.0,0.0,2522000.0,0.0,0.004,0.1,370690000.0,373212000.0,0.081,373212000.0,370690000.0,376375000.0,1.79,1.47,1.79,2015949000.0,1927406250.0,2015949000.0,3863116705.0,10.0,10.351,354862000.0,4.035,1.0,812509000.0,0.177,0.0,-5685000.0,6683455000.0,6716096750.0,3688855000.0,62436000.0,,,2958740000.0,,,2179066705.0,-139831000.0,-6370000.0,19918000.0,-487722000.0,-8849000.0,-488323000.0,-11949000.0,0.0,360441000.0,0.0,157875000.0,157875000.0,157875000.0,0.0,0.0,0.034,447961000.0,364548000.0,259947000.0,0.056,1.081,13.802,13.883,0.0,0.0,24.85,0.474,0.475,279608000.0,1802538000.0,4601531000.0,4601531000.0,0.0,0.031,0.082,0.055,0.081,15931000.0,444201000.0,1.0,87688801.0,87951000.0,101072000.0,52.319,4974689000.0,468969000.0,218500000.0,0.0,56.562,
13,KBH,MRT,2018-06-30,2018-05-31,2018-05-31,2021-10-08,-16924000.0,5094736000.0,5048227750.0,,,0.895,21.861,-7412000.0,669798000.0,669798000.0,3742514000.0,120607000.0,,1.661,2353848000.0,,,2353848000.0,0.0,2542000.0,0.0,0.004,0.1,335222000.0,337764000.0,0.075,337764000.0,335222000.0,340907000.0,1.38,1.11,1.38,1914643000.0,1883654500.0,1914643000.0,4104229098.0,12.0,12.151,551018000.0,6.292,1.0,777671000.0,0.172,0.0,-5685000.0,6778786000.0,6822204250.0,3464002000.0,69015000.0,,,3180093000.0,,,2304914098.0,321182000.0,-14013000.0,24884000.0,-220236000.0,-8801000.0,-215823000.0,-21425000.0,0.0,558430000.0,0.0,120607000.0,120607000.0,120607000.0,0.0,0.0,0.027,442248000.0,335423000.0,230606000.0,0.072,1.204,19.111,19.087,0.0,0.0,26.34,0.51,0.51,275620000.0,1717248000.0,4520185000.0,4520185000.0,0.0,0.024,0.064,0.049,0.074,15433000.0,438543000.0,1.0,87506230.0,87581000.0,101159000.0,51.611,5094736000.0,495969000.0,220300000.0,0.0,58.172,
14,KBH,MRT,2018-03-31,2018-02-28,2018-02-28,2021-10-08,-16924000.0,4957101000.0,5014242500.0,,,0.882,21.258,-8994000.0,560255000.0,560255000.0,3677866000.0,95081000.0,,1.676,2359570000.0,,,2359570000.0,0.0,2617000.0,0.0,0.004,0.1,308896000.0,311513000.0,0.07,311513000.0,308896000.0,314581000.0,1.1,0.87,1.1,1852722000.0,1848090750.0,1852722000.0,4019804354.0,13.0,12.904,439587000.0,5.044,1.0,743690000.0,0.168,0.0,-5685000.0,6756416000.0,6907589750.0,3441574000.0,68176000.0,,,3104379000.0,,,2415589354.0,208356000.0,-6942000.0,25446000.0,-229316000.0,-8749000.0,-224289000.0,-15936000.0,0.0,448581000.0,0.0,95081000.0,95081000.0,95081000.0,0.0,0.0,0.022,432793000.0,310897000.0,192843000.0,0.091,1.304,25.406,25.227,0.0,0.0,27.75,0.546,0.547,250472000.0,1662118000.0,4421556000.0,4421556000.0,0.0,0.019,0.051,0.045,0.07,14352000.0,429229000.0,1.0,87048265.0,87155000.0,87155000.0,50.732,4957101000.0,516569000.0,219500000.0,0.0,56.877,
15,KBH,MRT,2017-12-31,2017-11-30,2017-11-30,2021-10-08,-16924000.0,5041515000.0,5005612250.0,,,0.873,22.44,-8085000.0,720630000.0,720630000.0,3646468000.0,180595000.0,,1.617,2324845000.0,,,2324845000.0,0.0,2791000.0,0.0,0.003,0.1,290617000.0,293408000.0,0.067,293408000.0,290617000.0,289995000.0,2.09,1.85,2.09,1926311000.0,1819025250.0,1926311000.0,4720975628.0,16.0,16.09,505134000.0,5.884,1.0,722061000.0,0.165,0.0,622000.0,6645730000.0,6987273000.0,3263386000.0,64794000.0,,,3115204000.0,,,2712649628.0,127861000.0,-7659000.0,23162000.0,-376708000.0,-8642000.0,-369614000.0,-15744000.0,0.0,513219000.0,0.0,180595000.0,180595000.0,180595000.0,0.0,0.0,0.041,429824000.0,292237000.0,213463000.0,0.048,1.408,15.021,15.005,0.0,0.0,31.36,0.621,0.616,244213000.0,1735695000.0,4368529000.0,4368529000.0,0.0,0.036,0.099,0.042,0.067,13675000.0,426394000.0,1.0,86500307.0,85842000.0,98316000.0,50.89,5041515000.0,633637000.0,109400000.0,0.0,58.73,
16,KBH,MRT,2017-09-30,2017-08-31,2017-08-31,2021-10-08,-16057000.0,5099559000.0,5028139500.0,,,0.827,21.413,-8747000.0,494053000.0,494053000.0,3522756000.0,133777000.0,,1.77,2502379000.0,,,2502379000.0,0.0,3025000.0,0.0,0.005,0.1,214217000.0,217242000.0,0.052,217242000.0,214217000.0,207677000.0,1.56,1.39,1.56,1840942000.0,1768233750.0,1840942000.0,3992264544.0,19.0,18.377,385790000.0,4.487,1.0,634577000.0,0.153,0.0,6540000.0,7107885000.0,7120762250.0,3513794000.0,64513000.0,,,3258617000.0,,,1830731544.0,157085000.0,-10785000.0,20262000.0,-225412000.0,-8594000.0,-217920000.0,-19532000.0,0.0,394537000.0,0.0,133777000.0,133777000.0,133777000.0,0.0,0.0,0.032,419177000.0,215400000.0,189535000.0,0.064,0.994,13.685,13.718,0.0,0.0,21.4,0.44,0.443,229033000.0,1653512000.0,4157333000.0,4157333000.0,0.0,0.027,0.076,0.03,0.052,16377000.0,415456000.0,1.0,85548203.0,85974000.0,98912000.0,48.356,5099559000.0,683085000.0,73900000.0,0.0,59.315,
17,KBH,MRT,2017-06-30,2017-05-31,2017-05-31,2021-10-08,-16057000.0,4958795000.0,5010190000.0,,,0.784,20.743,-6008000.0,348588000.0,348588000.0,3328245000.0,122932000.0,,1.798,2510121000.0,,,2510121000.0,0.0,3305000.0,0.0,0.005,0.1,188472000.0,191777000.0,0.049,191777000.0,188472000.0,181932000.0,1.44,1.3,1.44,1772388000.0,1728610750.0,1772388000.0,3941605771.0,21.0,20.553,285526000.0,3.342,1.0,598370000.0,0.152,0.0,6540000.0,7120328000.0,7185612250.0,3488204000.0,64000000.0,,,3186407000.0,,,1789036771.0,72823000.0,-4692000.0,9985000.0,-208172000.0,-8563000.0,-208011000.0,-10700000.0,0.0,291534000.0,0.0,122932000.0,122932000.0,122932000.0,0.0,0.0,0.031,408227000.0,190143000.0,186993000.0,0.069,1.009,14.553,14.569,0.0,0.0,20.98,0.456,0.457,234712000.0,1605442000.0,3926615000.0,3926615000.0,0.0,0.025,0.071,0.026,0.048,16195000.0,404505000.0,1.0,85273440.0,85445000.0,97732000.0,45.955,4958795000.0,711885000.0,59000000.0,0.0,58.035,
18,KBH,MRT,2017-03-31,2017-02-28,2017-02-28,2021-10-08,-16057000.0,4922580000.0,4999452000.0,,,0.747,20.4,-4386000.0,351880000.0,351880000.0,3170363000.0,106747000.0,,1.835,2504449000.0,,,2504449000.0,0.0,3539000.0,0.0,0.006,0.1,163257000.0,166796000.0,0.045,166796000.0,163257000.0,154747000.0,1.25,1.14,1.25,1736460000.0,1694306000.0,1736460000.0,3558103336.0,22.0,21.332,250540000.0,2.943,1.0,564508000.0,0.151,0.0,8510000.0,7075149000.0,7222931250.0,3423344000.0,64916000.0,,,3186120000.0,,,1510040336.0,27594000.0,-8647000.0,7593000.0,-212940000.0,-8531000.0,-214299000.0,-13033000.0,0.0,254926000.0,0.0,106747000.0,106747000.0,106747000.0,0.0,0.0,0.029,398175000.0,166333000.0,178491000.0,0.08,0.87,14.146,14.2,0.0,0.0,17.75,0.404,0.405,238358000.0,1575786000.0,3734871000.0,3734871000.0,0.0,0.021,0.063,0.023,0.044,16923000.0,394398000.0,1.0,85072695.0,85122000.0,96273000.0,43.877,4922580000.0,731885000.0,48000000.0,0.0,57.83,
19,KBH,MRT,2016-12-31,2016-11-30,2016-11-30,2021-10-08,-16057000.0,5131624000.0,4999321000.0,,,0.719,20.105,-4784000.0,592086000.0,592086000.0,3041101000.0,105615000.0,,1.978,2640149000.0,,,2640149000.0,0.0,3637000.0,0.0,0.006,0.1,155215000.0,158852000.0,0.044,158852000.0,155215000.0,149315000.0,1.23,1.12,1.23,1723145000.0,1664455500.0,1723145000.0,3682329793.0,24.0,23.181,183871000.0,2.145,1.0,553545000.0,0.154,0.0,5900000.0,7179687000.0,7265976000.0,3403228000.0,64016000.0,,,3408479000.0,,,1342805793.0,32659000.0,-1295000.0,-80595000.0,-67845000.0,-8586000.0,-149917000.0,-6079000.0,0.0,188655000.0,0.0,105615000.0,105615000.0,105615000.0,0.0,0.0,0.029,393258000.0,160287000.0,215331000.0,0.081,0.779,12.714,12.878,0.0,0.0,15.84,0.374,0.378,231665000.0,1563742000.0,3594646000.0,3594646000.0,0.0,0.021,0.063,0.021,0.043,16664000.0,389441000.0,1.0,84773093.0,85706000.0,96278000.0,41.942,5131624000.0,738985000.0,43700000.0,0.0,59.875,
20,KBH,MRT,2016-09-30,2016-08-31,2016-08-31,2021-10-08,-17319000.0,5027761000.0,4988141250.0,,,0.679,19.921,-5257000.0,335271000.0,335271000.0,2831414000.0,112104000.0,,1.988,2674795000.0,,,2674795000.0,0.0,3627000.0,0.0,0.006,0.1,173877000.0,177504000.0,0.052,177504000.0,173877000.0,164204000.0,1.27,1.16,1.27,1682450000.0,1656377750.0,1682450000.0,3676425194.0,21.0,20.712,95400000.0,1.13,1.0,557073000.0,0.164,0.0,9673000.0,7367285000.0,7251122500.0,3597673000.0,61526000.0,,,3345311000.0,,,1322664194.0,-17157000.0,2824000.0,-80143000.0,-51054000.0,-8767000.0,-115381000.0,-2433000.0,0.0,100657000.0,0.0,112104000.0,112104000.0,112104000.0,0.0,0.0,0.033,381736000.0,175337000.0,195785000.0,0.079,0.786,11.799,12.362,0.0,0.0,15.7,0.39,0.391,149219000.0,1528329000.0,3388487000.0,3388487000.0,0.0,0.022,0.068,0.024,0.051,16722000.0,378206000.0,1.0,84246127.0,84457000.0,95203000.0,40.121,5027761000.0,756596000.0,52100000.0,0.0,59.53,
21,KBH,MRT,2016-06-30,2016-05-31,2016-05-31,2021-10-08,-17319000.0,4915843000.0,4968325000.0,,,0.668,19.421,-5963000.0,278366000.0,278366000.0,2780072000.0,95995000.0,,2.006,2632127000.0,,,2632127000.0,0.0,3597000.0,0.0,0.007,0.1,158762000.0,162359000.0,0.049,162359000.0,158762000.0,144695000.0,1.06,0.97,1.06,1635169000.0,1645821750.0,1635169000.0,3497930324.0,22.0,21.544,143663000.0,1.706,1.0,538289000.0,0.162,0.0,14067000.0,7269604000.0,7209613250.0,3525089000.0,65213000.0,,,3280674000.0,,,1172658324.0,-165539000.0,5868000.0,-87083000.0,-242889000.0,-8951000.0,-315070000.0,-95000.0,0.0,149626000.0,0.0,95995000.0,95995000.0,95995000.0,0.0,0.0,0.029,378685000.0,159604000.0,190327000.0,0.094,0.717,12.216,13.151,0.0,0.0,13.94,0.353,0.354,151066000.0,1491073000.0,3318361000.0,3318361000.0,0.0,0.019,0.058,0.022,0.048,17064000.0,375136000.0,1.0,84121831.0,84196000.0,94720000.0,39.412,4915843000.0,770396000.0,48700000.0,0.0,58.386,
22,KBH,MRT,2016-03-31,2016-02-29,2016-02-29,2021-10-08,-17319000.0,4922056000.0,4999129250.0,,,0.626,18.121,-5504000.0,327433000.0,327433000.0,2615768000.0,89971000.0,,2.044,2652705000.0,,,2652705000.0,0.0,3506000.0,0.0,0.008,0.1,152786000.0,156292000.0,0.05,156292000.0,152786000.0,132571000.0,0.98,0.9,0.98,1617058000.0,1640988500.0,1617058000.0,3182913028.0,21.0,20.365,81277000.0,0.911,1.0,514512000.0,0.164,0.0,20215000.0,7247328000.0,7240071500.0,3468644000.0,68572000.0,,,3304998000.0,,,1125763028.0,-223223000.0,-4503000.0,-87332000.0,-227292000.0,-9157000.0,-299997000.0,-10007000.0,0.0,86781000.0,0.0,89971000.0,89971000.0,89971000.0,0.0,0.0,0.029,363464000.0,151048000.0,167575000.0,0.102,0.696,12.513,12.449,0.0,0.0,12.2,0.36,0.348,152089000.0,1477570000.0,3130280000.0,3130280000.0,0.0,0.018,0.055,0.021,0.049,16698000.0,359858000.0,1.0,92275658.0,89239000.0,99427000.0,35.077,4922056000.0,779396000.0,42600000.0,0.0,55.156,
23,KBH,MRT,2015-12-31,2015-11-30,2015-11-30,2021-10-08,-17319000.0,5086905000.0,5016079500.0,,,0.604,18.368,-4677000.0,568386000.0,568386000.0,2539368000.0,84643000.0,,2.009,2601754000.0,,,2601754000.0,0.0,3411000.0,0.0,0.007,0.1,148899000.0,152310000.0,0.05,152310000.0,148899000.0,127043000.0,0.92,0.85,0.92,1690834000.0,1637866500.0,1690834000.0,3550040816.0,24.0,23.308,176508000.0,1.917,1.0,492662000.0,0.162,0.0,21856000.0,7120273000.0,7238340000.0,3313747000.0,71558000.0,,,3396071000.0,,,1297288816.0,201573000.0,-6626000.0,173000.0,22656000.0,-9186000.0,31691000.0,-11303000.0,0.0,181185000.0,0.0,84643000.0,84643000.0,84643000.0,0.0,0.0,0.028,346709000.0,145953000.0,183770000.0,0.109,0.767,15.327,15.315,0.0,0.0,14.09,0.428,0.428,247998000.0,1466713000.0,3032030000.0,3032030000.0,0.0,0.017,0.052,0.021,0.049,16986000.0,342998000.0,1.0,92071598.0,92054000.0,102857000.0,32.938,5086905000.0,782196000.0,42400000.0,0.0,55.26,
24,KBH,MRT,2015-09-30,2015-08-31,2015-08-31,2021-10-08,-21008000.0,4948496000.0,4933740750.0,,,0.576,17.816,-3737000.0,377980000.0,377980000.0,2406369000.0,893427000.0,,2.017,2630732000.0,,,2630732000.0,0.0,3290000.0,0.0,0.007,0.1,108038000.0,111328000.0,0.039,111328000.0,108038000.0,85727000.0,9.95,8.98,9.95,1640226000.0,1614135500.0,1640226000.0,3700428658.0,34.0,33.239,60150000.0,0.653,1.0,435919000.0,0.153,0.0,22311000.0,7201248000.0,7195890250.0,3401737000.0,72800000.0,,,3308270000.0,,,1348051658.0,55871000.0,-22018000.0,1330000.0,18171000.0,-9190000.0,17739000.0,-25755000.0,0.0,63887000.0,0.0,893427000.0,893427000.0,893427000.0,0.0,0.0,0.314,330671000.0,105248000.0,178604000.0,0.01,0.822,1.509,1.472,0.0,0.0,14.65,0.474,0.475,159576000.0,1424992000.0,2842288000.0,2842288000.0,0.0,0.181,0.554,0.015,0.038,13584000.0,326986000.0,1.0,92017178.0,92065000.0,101874000.0,30.873,4948496000.0,810016000.0,-807700000.0,0.0,53.75,
25,KBH,MRT,2015-06-30,2015-05-31,2015-05-31,2021-10-08,-21008000.0,5039060000.0,4668464500.0,,,0.554,17.564,-4373000.0,467133000.0,467133000.0,2176645000.0,898534000.0,,2.119,2819510000.0,,,2819510000.0,0.0,3040000.0,0.0,0.007,0.1,104806000.0,107846000.0,0.042,107846000.0,104806000.0,80434000.0,10.01,9.03,10.01,1615836000.0,1390220750.0,1615836000.0,3609598619.0,34.0,33.47,-216435000.0,-2.353,1.0,411700000.0,0.159,0.0,24372000.0,7391437000.0,6930247500.0,3393672000.0,77935000.0,,,3423224000.0,,,1359053619.0,-45182000.0,-46099000.0,1057000.0,208464000.0,-9193000.0,217352000.0,-50472000.0,0.0,-212062000.0,0.0,898534000.0,898534000.0,898534000.0,0.0,0.0,0.347,308443000.0,103257000.0,164614000.0,0.01,0.841,1.513,1.477,0.0,0.0,14.78,0.525,0.525,151578000.0,1404029000.0,2588345000.0,2588345000.0,0.0,0.192,0.646,0.015,0.04,12802000.0,304809000.0,1.0,91952207.0,91995000.0,101544000.0,28.136,5039060000.0,819532000.0,-818100000.0,0.0,54.775,
26,KBH,MRT,2015-03-31,2015-02-28,2015-02-28,2021-10-08,-21008000.0,4989857000.0,4365706000.0,,,0.58,17.45,-4805000.0,573625000.0,573625000.0,2108795000.0,915585000.0,,2.11,2824170000.0,,,2824170000.0,0.0,2758000.0,0.0,0.007,0.1,119497000.0,122255000.0,0.048,122255000.0,119497000.0,94685000.0,10.21,9.2,10.21,1604570000.0,1163680000.0,1604570000.0,3475681058.0,29.0,28.43,-463342000.0,-5.039,1.0,421588000.0,0.167,0.0,24812000.0,7240402000.0,6550712500.0,3246383000.0,73502000.0,,,3385287000.0,,,1282757058.0,241629000.0,-42893000.0,138374000.0,604578000.0,-9187000.0,747864000.0,-47698000.0,0.0,-458537000.0,0.0,915585000.0,915585000.0,915585000.0,0.0,0.0,0.362,301379000.0,120209000.0,161902000.0,0.01,0.799,1.401,1.366,0.0,0.0,13.95,0.507,0.507,143697000.0,1396756000.0,2530383000.0,2530383000.0,0.0,0.21,0.787,0.018,0.047,10501000.0,297821000.0,1.0,91953911.0,91954000.0,101700000.0,27.518,4989857000.0,822632000.0,-820900000.0,0.0,54.265,
27,KBH,MRT,2014-12-31,2014-11-30,2014-11-30,2021-10-08,-21008000.0,4757550000.0,3930284750.0,,,0.611,17.878,-5795000.0,383601000.0,383601000.0,1985651000.0,918349000.0,,1.981,2576525000.0,,,2576525000.0,0.0,2420000.0,0.0,0.006,0.1,125699000.0,128119000.0,0.053,128119000.0,125699000.0,94949000.0,10.26,9.25,10.26,1595910000.0,899121000.0,1595910000.0,3864325994.0,31.0,30.162,-636486000.0,-7.13,1.0,415298000.0,0.173,0.0,30750000.0,6950474000.0,6010114500.0,3218387000.0,79441000.0,,,3161640000.0,,,1613039994.0,-173755000.0,-38987000.0,138395000.0,357634000.0,-8982000.0,501718000.0,-44782000.0,0.0,-630691000.0,0.0,918349000.0,918349000.0,918349000.0,0.0,0.0,0.382,291469000.0,123829000.0,172716000.0,0.01,1.011,1.756,1.712,0.0,0.0,17.57,0.672,0.653,125488000.0,1391256000.0,2400949000.0,2400949000.0,0.0,0.234,1.021,0.021,0.052,9099000.0,288023000.0,1.0,91806488.0,89265000.0,99314000.0,26.897,4757550000.0,825232000.0,-823400000.0,0.0,53.297,
28,KBH,MRT,2014-09-30,2014-08-31,2014-08-31,2021-10-08,-17516000.0,3887391000.0,3539306000.0,,,0.628,8.111,-5190000.0,329514000.0,329514000.0,1809700000.0,93664000.0,,4.221,2580800000.0,,,2580800000.0,0.0,2129000.0,0.0,0.006,0.1,142570000.0,144699000.0,0.065,144699000.0,142570000.0,94664000.0,1.08,0.99,1.08,744567000.0,634165000.0,744567000.0,3674569912.0,26.0,25.395,-763879000.0,-8.322,1.0,413739000.0,0.186,0.0,47906000.0,6138677000.0,5465529000.0,3240320000.0,73607000.0,,,3142824000.0,,,1629298912.0,-87457000.0,-28227000.0,136714000.0,567536000.0,-8776000.0,704649000.0,-33417000.0,0.0,-758689000.0,0.0,93664000.0,93664000.0,93664000.0,0.0,0.0,0.042,272241000.0,141498000.0,167983000.0,0.093,2.188,17.395,16.435,0.0,0.0,17.75,0.733,0.733,117425000.0,540755000.0,2223439000.0,2223439000.0,0.0,0.026,0.148,0.026,0.064,8062000.0,268871000.0,1.0,91791488.0,91793000.0,102070000.0,24.222,3887391000.0,0.0,1000000.0,0.0,42.35,
29,KBH,MRT,2014-06-30,2014-05-31,2014-05-31,2021-10-08,-17516000.0,3828026000.0,3308668500.0,,,0.66,7.927,-4651000.0,528709000.0,528709000.0,1776657000.0,92581000.0,,4.394,2573980000.0,,,2573980000.0,0.0,1943000.0,0.0,0.006,0.1,145358000.0,147301000.0,0.067,147301000.0,145358000.0,92581000.0,1.09,1.01,1.09,709673000.0,572524750.0,709673000.0,3209947821.0,22.0,21.792,-735066000.0,-8.21,1.0,406542000.0,0.186,0.0,52777000.0,5873297000.0,5050098000.0,3006118000.0,67594000.0,,,3118353000.0,,,1380109821.0,-53936000.0,-14840000.0,128683000.0,577777000.0,-8575000.0,695970000.0,-19491000.0,0.0,-730415000.0,0.0,92581000.0,92581000.0,92581000.0,0.0,0.0,0.042,262705000.0,143837000.0,154170000.0,0.092,1.945,14.907,15.119,0.0,0.0,16.48,0.632,0.676,99779000.0,514688000.0,2183199000.0,2183199000.0,0.0,0.028,0.162,0.029,0.067,7380000.0,259430000.0,1.0,83744528.0,89529000.0,99508000.0,24.385,3828026000.0,0.0,0.0,0.0,42.757,
30,KBH,MRT,2014-03-31,2014-02-28,2014-02-28,2021-10-08,-17516000.0,3248172000.0,3079692250.0,,,0.696,6.524,-3537000.0,345352000.0,345352000.0,1763095000.0,62984000.0,,4.945,2175190000.0,,,2175190000.0,0.0,1859000.0,0.0,0.005,0.1,120210000.0,122069000.0,0.057,122069000.0,120210000.0,61484000.0,0.75,0.7,0.75,546334000.0,512810500.0,546334000.0,3286885371.0,27.0,26.926,-457054000.0,-5.458,1.0,379503000.0,0.177,0.0,58726000.0,5078010000.0,4650399500.0,2634944000.0,60648000.0,,,2701838000.0,,,1708388371.0,-319108000.0,-12563000.0,-6667000.0,163011000.0,-8371000.0,150509000.0,-16100000.0,0.0,-453517000.0,0.0,62984000.0,62984000.0,62984000.0,0.0,0.0,0.029,261044000.0,118459000.0,138213000.0,0.133,3.127,27.124,27.2,0.0,0.0,20.4,0.797,0.797,87355000.0,490358000.0,2142598000.0,2142598000.0,0.0,0.02,0.123,0.026,0.056,6465000.0,257985000.0,1.0,83744528.0,83745000.0,93946000.0,25.585,3248172000.0,0.0,-1500000.0,0.0,38.786,
31,KBH,MRT,2013-12-31,2013-11-30,2013-11-30,2021-10-08,-17516000.0,3193635000.0,2992808500.0,,,0.701,6.488,-2391000.0,572001000.0,572001000.0,1737086000.0,39963000.0,,4.957,2150498000.0,,,2150498000.0,0.0,1857000.0,0.0,0.006,0.1,101053000.0,102910000.0,0.049,102910000.0,101053000.0,38363000.0,0.48,0.46,0.48,536086000.0,494510750.0,536086000.0,2979655251.0,29.0,28.954,-445877000.0,-5.396,1.0,360044000.0,0.172,0.0,62690000.0,4772132000.0,4429828750.0,2298577000.0,130192000.0,,,2657549000.0,,,1467543251.0,6835000.0,-14359000.0,103196000.0,371785000.0,-8366000.0,467071000.0,-16750000.0,0.0,-443486000.0,0.0,39963000.0,39963000.0,39963000.0,0.0,0.0,0.019,258850000.0,101194000.0,148282000.0,0.208,2.738,36.723,36.521,0.0,0.0,17.53,0.7,0.691,75749000.0,481889000.0,2097130000.0,2097130000.0,0.0,0.013,0.081,0.023,0.048,5699000.0,255808000.0,1.0,83716101.0,82630000.0,91559000.0,25.38,3193635000.0,0.0,-1600000.0,0.0,38.65,
32,KBH,MRT,2013-09-30,2013-08-31,2013-08-31,2021-10-08,-27958000.0,2964841000.0,2834824250.0,,,0.726,5.949,-2056000.0,424945000.0,424945000.0,1728460000.0,19571000.0,,4.953,1937057000.0,,,1937057000.0,0.0,1880000.0,0.0,0.006,0.1,69533000.0,71413000.0,0.035,71413000.0,69533000.0,12471000.0,0.22,0.2,0.22,498006000.0,454690750.0,498006000.0,2704309068.0,39.0,37.869,-293098000.0,-3.501,1.0,328340000.0,0.16,0.0,57062000.0,4476953000.0,4166142250.0,2229720000.0,126549000.0,,,2466835000.0,,,1341927068.0,-36659000.0,-11932000.0,102026000.0,170060000.0,-8197000.0,268371000.0,-13988000.0,0.0,-291042000.0,0.0,19571000.0,19571000.0,19571000.0,0.0,0.0,0.01,258640000.0,69700000.0,146147000.0,0.455,2.695,68.567,72.864,0.0,0.0,16.03,0.652,0.652,72345000.0,455867000.0,2056800000.0,2056800000.0,0.0,0.007,0.043,0.017,0.034,5625000.0,255651000.0,1.0,83713479.0,83714000.0,94047000.0,24.569,2964841000.0,0.0,-7100000.0,0.0,35.416,
33,KBH,MRT,2013-06-30,2013-05-31,2013-05-31,2021-10-08,-27958000.0,2912121000.0,2730980000.0,,,0.708,5.631,-1909000.0,580893000.0,580893000.0,1633435000.0,-4446000.0,,5.185,1943275000.0,,,1943275000.0,0.0,1781000.0,0.0,0.005,0.1,47250000.0,49031000.0,0.025,49031000.0,47250000.0,-21546000.0,-0.06,-0.06,-0.06,470816000.0,423299500.0,470816000.0,3146551020.0,67.0,64.175,-145011000.0,-1.734,1.0,298895000.0,0.155,0.0,68796000.0,4274503000.0,3999563500.0,2029390000.0,122800000.0,,,2441305000.0,,,1851461020.0,223245000.0,-9212000.0,110017000.0,254623000.0,-8032000.0,377468000.0,-11121000.0,0.0,-143102000.0,0.0,-4446000.0,-4446000.0,-4446000.0,0.0,0.0,-0.002,254461000.0,44434000.0,117804000.0,-1.667,3.932,-416.433,-369.333,0.0,0.0,22.16,0.958,0.959,66121000.0,430682000.0,1932330000.0,1932330000.0,0.0,-0.002,-0.011,0.012,0.024,5552000.0,251527000.0,1.0,83549685.0,83605000.0,83605000.0,23.113,2912121000.0,0.0,-17100000.0,0.0,34.832,
34,KBH,MRT,2013-03-31,2013-02-28,2013-02-28,2021-10-08,-27958000.0,2900637000.0,2601451000.0,,,0.658,5.959,-1750000.0,668663000.0,668663000.0,1443478000.0,-25609000.0,,5.131,1963753000.0,,,1963753000.0,0.0,1695000.0,0.0,0.005,0.1,22749000.0,24444000.0,0.014,24444000.0,22749000.0,-46009000.0,-0.33,-0.33,-0.33,473135000.0,397978250.0,473135000.0,2598963162.0,114.0,106.323,-68581000.0,-0.864,1.0,267298000.0,0.156,0.0,68758000.0,4195727000.0,3830776000.0,1937774000.0,123210000.0,,,2427502000.0,,,1443275162.0,318183000.0,-5862000.0,108482000.0,272743000.0,-7870000.0,392626000.0,-7612000.0,0.0,-66831000.0,0.0,-25609000.0,-25609000.0,-25609000.0,0.0,0.0,-0.015,247519000.0,19779000.0,108325000.0,-0.303,3.05,-56.358,-56.636,0.0,0.0,18.69,0.844,0.867,65630000.0,435745000.0,1710776000.0,1710776000.0,0.0,-0.01,-0.064,0.006,0.013,6070000.0,244528000.0,1.0,77221785.0,79401000.0,79401000.0,21.546,2900637000.0,0.0,-20400000.0,0.0,36.531,
35,KBH,MRT,2012-12-31,2012-11-30,2012-11-30,2021-10-08,-27958000.0,2561698000.0,2477810000.0,,,0.63,4.887,-1749000.0,567127000.0,567127000.0,1332045000.0,-58953000.0,,5.798,1722815000.0,,,1722815000.0,0.0,1622000.0,0.0,0.01,0.138,-9249000.0,-7627000.0,-0.005,-7627000.0,-9249000.0,-79053000.0,-0.76,-0.76,-0.76,376806000.0,378161500.0,376806000.0,2368758904.0,-256.0,-310.575,32868000.0,0.426,1.0,228070000.0,0.146,0.0,69804000.0,3717386000.0,3688200750.0,1706571000.0,123674000.0,,,2184892000.0,,,1107584904.0,107614000.0,989000.0,-1206000.0,63443000.0,-10599000.0,73757000.0,-760000.0,0.0,34617000.0,0.0,-58953000.0,-58953000.0,-58953000.0,0.0,0.0,-0.038,239634000.0,-11564000.0,118544000.0,-0.182,2.939,-18.788,-18.895,0.0,0.0,14.36,0.71,0.71,64821000.0,450292000.0,1560115000.0,1560115000.0,0.0,-0.024,-0.156,-0.003,-0.006,6713000.0,236643000.0,1.0,77129868.0,77106000.0,77106000.0,20.233,2561698000.0,0.0,-20100000.0,0.0,33.223,
36,KBH,MRT,2012-09-30,2012-08-31,2012-08-31,2021-10-08,-26152000.0,2549464000.0,2465521000.0,,,0.593,4.829,-1220000.0,466505000.0,466505000.0,1269424000.0,-52766000.0,,5.845,1727679000.0,,,1727679000.0,0.0,1542000.0,0.0,0.016,0.175,-3949000.0,-2407000.0,-0.002,-2407000.0,-3949000.0,-70066000.0,-0.68,-0.68,-0.68,372441000.0,394624250.0,372441000.0,2056721535.0,-521.0,-854.475,-114626000.0,-1.486,1.0,192362000.0,0.132,0.0,66117000.0,3810638000.0,3662999750.0,1769043000.0,122155000.0,,,2177023000.0,,,851373535.0,-57149000.0,-62421000.0,821000.0,65495000.0,-13491000.0,119898000.0,-63641000.0,0.0,-113406000.0,0.0,-52766000.0,-52766000.0,-52766000.0,0.0,0.0,-0.036,225193000.0,-32831000.0,103933000.0,-0.257,2.286,-16.135,-16.235,0.0,0.0,11.04,0.582,0.582,94832000.0,444493000.0,1461786000.0,1461786000.0,0.0,-0.021,-0.134,-0.001,-0.003,6973000.0,221925000.0,1.0,77117168.0,77127000.0,77358000.0,18.953,2549464000.0,0.0,-17300000.0,0.0,33.055,
37,KBH,MRT,2012-06-30,2012-05-31,2012-05-31,2021-10-08,-26152000.0,2394005000.0,2508609250.0,,,0.56,4.793,-726000.0,377440000.0,377440000.0,1220976000.0,-65676000.0,,5.478,1582788000.0,,,1582788000.0,0.0,1652000.0,0.0,0.029,0.212,-16877000.0,-15225000.0,-0.011,-15225000.0,-16877000.0,-72276000.0,-0.85,-0.85,-0.85,369531000.0,409505750.0,369531000.0,1778298768.0,-105.0,-116.801,-166828000.0,-2.164,1.0,183622000.0,0.131,0.0,55399000.0,3599353000.0,3639822250.0,1727640000.0,121408000.0,,,2024474000.0,,,558945768.0,-309235000.0,-60791000.0,1707000.0,-117731000.0,-16373000.0,-81616000.0,-61517000.0,0.0,-166102000.0,0.0,-65676000.0,-65676000.0,-65676000.0,0.0,0.0,-0.047,226166000.0,-42544000.0,91805000.0,-0.249,1.513,-8.511,-8.529,0.0,0.0,7.25,0.398,0.398,74028000.0,443160000.0,1404598000.0,1404598000.0,0.0,-0.026,-0.16,-0.005,-0.012,7484000.0,222778000.0,1.0,77095968.0,77105000.0,77105000.0,18.217,2394005000.0,0.0,-6600000.0,0.0,31.049,
38,KBH,MRT,2012-03-31,2012-02-29,2012-02-29,2021-10-08,-26152000.0,2406073000.0,2625195000.0,,,0.523,5.109,-597000.0,368061000.0,368061000.0,1218316000.0,-110044000.0,,5.109,1587414000.0,,,1587414000.0,0.0,1827000.0,0.0,0.022,0.25,-58393000.0,-56566000.0,-0.041,-56566000.0,-58393000.0,-112444000.0,-1.43,-1.43,-1.43,393868000.0,427986000.0,393868000.0,1984433701.0,-34.0,-35.082,-292827000.0,-3.799,1.0,155168000.0,0.113,0.0,54051000.0,3625426000.0,3694169000.0,1748377000.0,121307000.0,,,2012205000.0,,,880393701.0,-435123000.0,-60102000.0,1902000.0,-122141000.0,-19252000.0,-82194000.0,-60699000.0,0.0,-292230000.0,0.0,-110044000.0,-110044000.0,-110044000.0,0.0,0.0,-0.08,225680000.0,-70512000.0,80900000.0,-0.175,2.235,-8.0,-7.986,0.0,0.0,11.42,0.641,0.641,72442000.0,469224000.0,1373484000.0,1373484000.0,0.0,-0.042,-0.257,-0.016,-0.043,7730000.0,222198000.0,1.0,77092268.0,77090000.0,77090000.0,17.817,2406073000.0,0.0,-2400000.0,0.0,31.211,
39,KBH,MRT,2011-12-31,2011-11-30,2011-11-30,2021-10-08,-26152000.0,2512542000.0,2748988250.0,,,0.479,5.746,80358000.0,479531000.0,479531000.0,1157280000.0,-178768000.0,,4.676,1583571000.0,,,1583571000.0,0.0,2031000.0,0.0,0.034,0.25,-131964000.0,-129933000.0,-0.099,-129933000.0,-131964000.0,-181168000.0,-2.32,-2.32,-2.32,442657000.0,458167750.0,442657000.0,1563036161.0,-12.0,-12.03,-267187000.0,-3.468,1.0,158586000.0,0.121,0.0,49204000.0,3616582000.0,3724310250.0,1731629000.0,127926000.0,,,2069885000.0,,,566925161.0,-490356000.0,-67260000.0,1796000.0,-189461000.0,-19240000.0,-155909000.0,13098000.0,0.0,-347545000.0,0.0,-178768000.0,-178768000.0,-178768000.0,0.0,0.0,-0.136,224103000.0,-65517000.0,104414000.0,-0.108,1.281,-3.171,-3.168,0.0,0.0,7.35,0.431,0.43,66179000.0,519844000.0,1315866000.0,1315866000.0,0.0,-0.065,-0.39,-0.035,-0.1,8054000.0,220591000.0,1.0,77132675.0,77043000.0,77043000.0,17.08,2512542000.0,0.0,-2400000.0,0.0,32.612,
40,KBH,MRT,2011-09-30,2011-08-31,2011-08-31,2021-10-08,-22657000.0,2721817000.0,2898290000.0,,,0.444,5.607,80748000.0,590592000.0,590592000.0,1087177000.0,-175237000.0,,5.301,1586703000.0,,,1586703000.0,0.0,2297000.0,0.0,0.038,0.25,-124036000.0,-121739000.0,-0.095,-121739000.0,-124036000.0,-177137000.0,-2.28,-2.28,-2.28,431967000.0,505473000.0,431967000.0,1463855444.0,-12.0,-12.025,-199012000.0,-2.583,1.0,199780000.0,0.155,0.0,53101000.0,3717928000.0,3786514750.0,1900580000.0,51255000.0,,,2289850000.0,,,507463444.0,-443334000.0,-16110000.0,1668000.0,-213847000.0,-19231000.0,-228212000.0,64638000.0,0.0,-279760000.0,0.0,-175237000.0,-175237000.0,-175237000.0,0.0,0.0,-0.136,230996000.0,-31216000.0,117593000.0,-0.11,1.175,-2.896,-2.89,0.0,0.0,6.59,0.394,0.395,79180000.0,510750000.0,1286957000.0,1286957000.0,0.0,-0.06,-0.347,-0.033,-0.096,5682000.0,228035000.0,1.0,77005075.0,77047000.0,77047000.0,16.704,2721817000.0,0.0,-1900000.0,0.0,35.327,
41,KBH,MRT,2011-06-30,2011-05-31,2011-05-31,2021-10-08,-22657000.0,2860348000.0,3011948750.0,,,0.472,5.76,80526000.0,735267000.0,735267000.0,1196082000.0,-166985000.0,,5.45,1691659000.0,,,1691659000.0,0.0,2669000.0,0.0,0.02,0.25,-117243000.0,-114574000.0,-0.081,-114574000.0,-117243000.0,-174185000.0,-2.17,-2.17,-2.17,443452000.0,550843750.0,443452000.0,1789981729.0,-15.0,-15.623,-212158000.0,-2.756,1.0,224562000.0,0.158,0.0,56942000.0,3816740000.0,3842316750.0,1894981000.0,51136000.0,,,2416896000.0,,,945236729.0,-362181000.0,-15832000.0,1396000.0,-110152000.0,-19229000.0,-134191000.0,64694000.0,0.0,-292684000.0,0.0,-166985000.0,-166985000.0,-166985000.0,0.0,0.0,-0.118,249338000.0,-24776000.0,127576000.0,-0.115,2.132,-5.661,-5.659,0.0,0.0,12.28,0.665,0.666,70353000.0,525209000.0,1420644000.0,1420644000.0,0.0,-0.055,-0.303,-0.031,-0.083,5638000.0,246452000.0,1.0,76973675.0,76991000.0,76991000.0,18.452,2860348000.0,0.0,-7200000.0,0.0,37.152,
42,KBH,MRT,2011-03-31,2011-02-28,2011-02-28,2021-10-08,-22657000.0,2901246000.0,3097421000.0,,,0.492,6.685,80297000.0,856953000.0,856953000.0,1252544000.0,-129190000.0,,4.638,1701698000.0,,,1701698000.0,0.0,2993000.0,0.0,0.019,0.25,-75651000.0,-72658000.0,-0.048,-72658000.0,-75651000.0,-135990000.0,-1.68,-1.68,-1.68,514595000.0,593776000.0,514595000.0,1775544522.0,-23.0,-24.437,-236830000.0,-3.077,1.0,270414000.0,0.178,0.0,60339000.0,3745991000.0,3854154250.0,1774400000.0,50171000.0,,,2386651000.0,,,1019893522.0,-459263000.0,-13940000.0,1688000.0,-160573000.0,-19226000.0,-208493000.0,66357000.0,0.0,-317127000.0,0.0,-129190000.0,-129190000.0,-129190000.0,0.0,0.0,-0.085,270013000.0,401000.0,111049000.0,-0.149,1.982,-7.895,-7.887,0.0,0.0,13.25,0.67,0.67,104433000.0,598520000.0,1522958000.0,1522958000.0,0.0,-0.042,-0.218,-0.02,-0.05,5356000.0,266922000.0,1.0,76973096.0,76974000.0,76974000.0,19.785,2901246000.0,0.0,-6800000.0,0.0,37.691,
43,KBH,MRT,2010-12-31,2010-11-30,2010-11-30,2021-10-08,-22657000.0,3109749000.0,3193474000.0,,,0.498,8.218,-420000.0,1019878000.0,1019878000.0,1308288000.0,-69368000.0,,3.921,1775529000.0,,,1775529000.0,0.0,3289000.0,0.0,0.022,0.25,-8061000.0,-4772000.0,-0.003,-4772000.0,-8061000.0,-76368000.0,-0.9,-0.9,-0.9,631878000.0,627030750.0,631878000.0,1759624569.0,-218.0,-368.739,-134384000.0,-1.748,1.0,281708000.0,0.177,0.0,68307000.0,3865400000.0,3870622000.0,1696721000.0,105583000.0,,,2477871000.0,,,994940569.0,-269531000.0,-15669000.0,1501000.0,-101154000.0,-19223000.0,-119478000.0,-16089000.0,0.0,-133964000.0,0.0,-69368000.0,-69368000.0,-69368000.0,0.0,0.0,-0.044,292639000.0,-10931000.0,233217000.0,-0.278,1.575,-14.343,-12.556,0.0,0.0,11.3,0.626,0.546,108048000.0,717852000.0,1589996000.0,1589996000.0,0.0,-0.022,-0.111,-0.002,-0.005,7491000.0,289520000.0,1.0,88047838.0,76889000.0,76889000.0,20.679,3109749000.0,0.0,-7000000.0,0.0,40.445,
44,KBH,MRT,2010-09-30,2010-08-31,2010-08-31,2021-10-08,-22244000.0,3176452000.0,3275034000.0,,,0.554,7.976,-772000.0,1036235000.0,1036235000.0,1612764000.0,13909000.0,,4.178,1800919000.0,,,1800919000.0,0.0,3620000.0,0.0,0.024,0.25,-114422000.0,-110802000.0,-0.061,-110802000.0,-114422000.0,-182791000.0,0.18,0.18,0.18,613450000.0,645867250.0,613450000.0,1569626210.0,-14.0,-14.166,71780000.0,0.933,1.0,200837000.0,0.111,0.0,68369000.0,3941136000.0,3896110000.0,1721468000.0,101435000.0,,,2563002000.0,,,907773210.0,-31776000.0,-1484000.0,2137000.0,-152354000.0,-19217000.0,-102072000.0,-2256000.0,0.0,72552000.0,0.0,13909000.0,13909000.0,13909000.0,0.0,0.0,0.008,322493000.0,-121656000.0,288974000.0,1.389,1.48,65.265,57.278,0.0,0.0,10.31,0.501,0.437,137337000.0,705218000.0,1813601000.0,1813601000.0,0.0,0.004,0.022,-0.029,-0.063,9333000.0,319172000.0,1.0,88047838.0,76909000.0,76909000.0,23.581,3176452000.0,0.0,-196700000.0,0.0,41.301,
45,KBH,MRT,2010-06-30,2010-05-31,2010-05-31,2021-10-08,-22244000.0,3202237000.0,3329242000.0,,,0.532,8.005,-915000.0,1093513000.0,1093513000.0,1615526000.0,-50742000.0,,4.205,1755366000.0,,,1755366000.0,0.0,4095000.0,0.0,0.017,0.25,-185577000.0,-181482000.0,-0.102,-181482000.0,-185577000.0,-253142000.0,-0.67,-0.67,-0.67,615181000.0,645882750.0,615181000.0,1801018134.0,-10.0,-9.924,152871000.0,1.989,1.0,155523000.0,0.088,0.0,67565000.0,3864090000.0,3947934250.0,1686289000.0,103605000.0,,,2587056000.0,,,1274614134.0,-10136000.0,-28988000.0,1930000.0,-144179000.0,-19180000.0,-134019000.0,-29903000.0,0.0,153786000.0,0.0,-50742000.0,-50742000.0,-50742000.0,0.0,0.0,-0.029,327930000.0,-172407000.0,321585000.0,-0.373,2.072,-25.12,-21.612,0.0,0.0,14.48,0.72,0.628,137033000.0,711423000.0,1771049000.0,1771049000.0,0.0,-0.015,-0.079,-0.047,-0.105,8116000.0,324448000.0,1.0,88025838.0,76854000.0,76854000.0,23.044,3202237000.0,0.0,-202400000.0,0.0,41.666,
46,KBH,MRT,2010-03-31,2010-02-28,2010-02-28,2021-10-08,-22244000.0,3285458000.0,3386156250.0,,,0.526,8.429,-745000.0,1288857000.0,1288857000.0,1685493000.0,-98416000.0,,4.073,1815261000.0,,,1815261000.0,0.0,4641000.0,0.0,0.015,0.25,-243598000.0,-238957000.0,-0.134,-238957000.0,-243598000.0,-306116000.0,-1.3,-1.3,-1.3,647614000.0,662861750.0,647614000.0,1965190235.0,-8.0,-8.224,263912000.0,3.435,1.0,95974000.0,0.054,0.0,62518000.0,3811862000.0,3992437500.0,1580130000.0,105737000.0,,,2637844000.0,,,1433827235.0,174517000.0,-14514000.0,2161000.0,-83433000.0,-19144000.0,-74881000.0,-15259000.0,0.0,264657000.0,0.0,-98416000.0,-98416000.0,-98416000.0,0.0,0.0,-0.055,317336000.0,-221362000.0,312672000.0,-0.192,2.214,-14.569,-12.523,0.0,0.0,16.28,0.805,0.702,126304000.0,746936000.0,1781467000.0,1781467000.0,0.0,-0.029,-0.148,-0.061,-0.137,10565000.0,314052000.0,1.0,88072926.0,76834000.0,76834000.0,23.186,3285458000.0,0.0,-207700000.0,0.0,42.76,
47,KBH,MRT,2009-12-31,2009-11-30,2009-11-30,2021-10-08,-22244000.0,3435989000.0,3474297000.0,,,0.525,9.225,-1375000.0,1289007000.0,1289007000.0,1749911000.0,-101784000.0,,3.858,1820370000.0,,,1820370000.0,0.0,5235000.0,0.0,0.018,0.25,-259421000.0,-254186000.0,-0.139,-254186000.0,-259421000.0,-311184000.0,-1.33,-1.33,-1.33,707224000.0,692873500.0,707224000.0,1948537147.0,-8.0,-7.666,348537000.0,4.547,1.0,74939000.0,0.041,0.0,51763000.0,3967352000.0,4100439500.0,1501394000.0,119668000.0,,,2728765000.0,,,1193388147.0,36443000.0,-19922000.0,2458000.0,-272351000.0,-19097000.0,-292172000.0,-21297000.0,0.0,349912000.0,0.0,-101784000.0,-101784000.0,-101784000.0,0.0,0.0,-0.056,306275000.0,-231336000.0,340977000.0,-0.188,1.687,-11.725,-10.188,0.0,0.0,13.55,0.654,0.569,337930000.0,806443000.0,1824850000.0,1824850000.0,0.0,-0.029,-0.147,-0.063,-0.142,8070000.0,303024000.0,1.0,88072926.0,76660000.0,76660000.0,23.804,3435989000.0,0.0,-209400000.0,0.0,44.821,
48,KBH,MRT,2009-09-30,2009-08-31,2009-08-31,2021-10-08,-17402000.0,3393284000.0,3626374750.0,,,0.571,8.038,-296000.0,1057690000.0,1057690000.0,2074945000.0,-509787000.0,,4.531,1812839000.0,,,1812839000.0,0.0,6018000.0,0.0,0.014,0.25,-464719000.0,-458701000.0,-0.222,-458701000.0,-464719000.0,-513187000.0,-6.61,-6.61,-6.61,613512000.0,723718750.0,613512000.0,2216016982.0,-5.0,-4.831,424000000.0,5.555,1.0,-5626000.0,-0.003,0.0,48468000.0,4148433000.0,4292360000.0,1911317000.0,172147000.0,,,2779772000.0,,,1603807982.0,-834000.0,-18132000.0,3017000.0,-206168000.0,-19160000.0,-406702000.0,-18428000.0,0.0,424296000.0,0.0,-509787000.0,-509787000.0,-509787000.0,0.0,0.0,-0.246,385901000.0,-391527000.0,427463000.0,-0.038,2.614,-3.146,-2.755,0.0,0.0,18.21,0.775,0.672,137836000.0,710526000.0,2069319000.0,2069319000.0,0.0,-0.141,-0.704,-0.108,-0.225,7499000.0,338760000.0,1.0,88072926.0,76329000.0,76329000.0,27.111,3393284000.0,0.0,-3400000.0,0.0,44.456,
49,KBH,MRT,2009-06-30,2009-05-31,2009-05-31,2021-10-08,-17402000.0,3429894000.0,3872540000.0,,,0.592,8.955,1781000.0,1099517000.0,1099517000.0,2314102000.0,-588484000.0,,4.021,1711726000.0,,,1711726000.0,0.0,7076000.0,0.0,0.029,0.438,-554795000.0,-547719000.0,-0.239,-547719000.0,-554795000.0,-587884000.0,-7.61,-7.61,-7.61,683097000.0,853783250.0,683097000.0,1926942890.0,-3.0,-3.518,359905000.0,4.718,1.0,-21624000.0,-0.009,0.0,33089000.0,4042103000.0,4572615750.0,1893963000.0,171181000.0,,,2746797000.0,,,1321093890.0,-319115000.0,6875000.0,4030000.0,-518614000.0,-33768000.0,-685895000.0,8656000.0,0.0,358124000.0,0.0,-588484000.0,-588484000.0,-588484000.0,0.0,0.0,-0.257,435404000.0,-457028000.0,454027000.0,-0.058,1.934,-2.245,-1.971,0.0,0.0,15.0,0.576,0.499,144542000.0,781345000.0,2292478000.0,2292478000.0,0.0,-0.152,-0.689,-0.121,-0.242,8020000.0,388093000.0,1.0,88072926.0,76281000.0,76281000.0,30.053,3429894000.0,0.0,600000.0,0.0,44.964,
50,KBH,MRT,2009-03-31,2009-02-28,2009-02-28,2021-10-08,-17402000.0,3638021000.0,4225318500.0,,,0.603,9.921,876000.0,1132119000.0,1132119000.0,2693132000.0,-766031000.0,,3.739,1737968000.0,,,1737968000.0,0.0,8006000.0,0.0,0.07,0.625,-738013000.0,-730007000.0,-0.287,-730007000.0,-738013000.0,-759631000.0,-9.88,-9.88,-9.88,767661000.0,1001616250.0,767661000.0,1488244479.0,-2.0,-2.039,423371000.0,5.472,1.0,-146059000.0,-0.057,0.0,21618000.0,4243870000.0,4975527750.0,2021765000.0,174993000.0,,,2870360000.0,,,797510479.0,-301328000.0,-42924000.0,4905000.0,-518614000.0,-48368000.0,-681775000.0,-42048000.0,0.0,422495000.0,0.0,-766031000.0,-766031000.0,-766031000.0,0.0,0.0,-0.301,506764000.0,-652823000.0,477591000.0,-0.063,1.039,-1.041,-0.901,0.0,0.0,8.9,0.313,0.27,161031000.0,864496000.0,2547073000.0,2547073000.0,0.0,-0.181,-0.765,-0.148,-0.29,5685000.0,434564000.0,1.0,89607919.0,77375000.0,77375000.0,32.919,3638021000.0,0.0,6400000.0,0.0,47.018,
51,KBH,MRT,2008-12-31,2008-11-30,2008-11-30,2021-10-08,-17402000.0,4044300000.0,4593327250.0,,,0.661,10.716,7073000.0,1250803000.0,1250803000.0,3314815000.0,-976131000.0,,3.869,1941537000.0,,,1941537000.0,0.0,9317000.0,0.0,0.07,0.812,-954965000.0,-945648000.0,-0.312,-945648000.0,-954965000.0,-967931000.0,-12.59,-12.59,-12.59,830605000.0,1200829750.0,830605000.0,1977234840.0,-2.0,-2.091,348395000.0,4.495,1.0,-280879000.0,-0.093,0.0,12966000.0,4735034000.0,5386299000.0,2106716000.0,177649000.0,,,3213695000.0,,,1042323840.0,-202224000.0,-59625000.0,5991000.0,-318614000.0,-62967000.0,-490994000.0,-52552000.0,0.0,341322000.0,0.0,-976131000.0,-976131000.0,-976131000.0,0.0,0.0,-0.322,573486000.0,-854365000.0,541294000.0,-0.064,1.255,-1.068,-0.924,0.0,0.0,11.63,0.344,0.297,357719000.0,927324000.0,3033936000.0,3033936000.0,0.0,-0.213,-0.813,-0.177,-0.315,7115000.0,501027000.0,1.0,89623718.0,77509000.0,77509000.0,39.143,4044300000.0,0.0,8200000.0,0.0,52.178,
52,KBH,MRT,2008-09-30,2008-08-31,2008-08-31,2021-10-08,-22923000.0,4377945000.0,5008741250.0,,,0.836,14.617,9391000.0,942451000.0,942451000.0,4490527000.0,-1441500000.0,,2.861,1877362000.0,,,1877362000.0,0.0,11455000.0,0.0,0.048,1.0,-1073900000.0,-1062445000.0,-0.254,-1062445000.0,-1073900000.0,-1073900000.0,-18.65,-18.65,-18.65,1133770000.0,1455850250.0,1133770000.0,2719947779.0,-3.0,-2.56,767217000.0,9.891,1.0,-305048000.0,-0.073,43400000.0,0.0,5269456000.0,5821171750.0,2562682000.0,250425000.0,,,3244175000.0,,,1863804779.0,295448000.0,-89683000.0,4054000.0,-305814000.0,-77428000.0,-382086000.0,-80292000.0,0.0,757826000.0,0.0,-1441500000.0,-1441500000.0,-1441500000.0,0.0,0.0,-0.344,637723000.0,-942771000.0,646185000.0,-0.054,1.644,-1.293,-1.115,0.0,0.0,20.8,0.445,0.385,188312000.0,1239473000.0,4185479000.0,4185479000.0,0.0,-0.288,-0.99,-0.184,-0.257,9010000.0,608564000.0,1.0,89605999.0,77565000.0,,53.961,4334545000.0,222458000.0,367600000.0,0.0,55.883,
53,KBH,MRT,2008-06-30,2008-05-31,2008-05-31,2021-10-08,-22923000.0,4841008000.0,5561174750.0,,,0.908,16.452,8954000.0,1305077000.0,1305077000.0,5839176000.0,-1332367000.0,,2.799,2161220000.0,,,2161220000.0,0.0,13375000.0,0.0,0.049,1.0,-1264867000.0,-1251492000.0,-0.248,-1251492000.0,-1264867000.0,-1264867000.0,-17.24,-17.24,-17.24,1274429000.0,1837726750.0,1274429000.0,2682069150.0,-2.0,-2.143,1006627000.0,12.995,1.0,-791407000.0,-0.157,43400000.0,0.0,5653751000.0,6512248250.0,2608823000.0,294504000.0,,,3566579000.0,,,1837200150.0,847016000.0,682116000.0,4412000.0,-658968000.0,-77360000.0,-844335000.0,693678000.0,0.0,997673000.0,0.0,-1332367000.0,-1332367000.0,-1332367000.0,-4904000.0,0.0,-0.264,809630000.0,-1601037000.0,609989000.0,-0.058,1.442,-1.379,-1.19,0.0,0.0,20.51,0.364,0.315,190010000.0,1384218000.0,5047769000.0,5047769000.0,0.0,-0.24,-0.725,-0.194,-0.251,10293000.0,672517000.0,1.0,89575824.0,77462000.0,,65.164,4797608000.0,222458000.0,67500000.0,0.0,61.935,
54,KBH,MRT,2008-03-31,2008-02-29,2008-02-29,2021-10-08,-22923000.0,5110056000.0,6504537500.0,,,0.895,20.223,8931000.0,1316949000.0,1316949000.0,6562741000.0,-1225123000.0,,2.266,2161818000.0,,,2161818000.0,0.0,15468000.0,0.0,0.042,1.0,-1275423000.0,-1259955000.0,-0.216,-1259955000.0,-1275423000.0,-1275423000.0,-15.87,-15.87,-15.87,1564515000.0,2213782250.0,1564515000.0,2978876510.0,-2.0,-2.364,1249529000.0,16.152,1.0,-740829000.0,-0.127,67970000.0,0.0,5886955000.0,7843053000.0,2853908000.0,281273000.0,,,3545541000.0,,,2142337510.0,872042000.0,662652000.0,8555000.0,-658968000.0,-77287000.0,-1031537000.0,662981000.0,0.0,1240598000.0,0.0,-1225123000.0,-1225123000.0,-1225123000.0,-30370000.0,0.0,-0.21,859538000.0,-1600367000.0,596109000.0,-0.063,1.369,-1.749,-1.508,0.0,0.0,23.93,0.368,0.318,191352000.0,1678895000.0,5821912000.0,5821912000.0,0.0,-0.188,-0.553,-0.163,-0.219,9619000.0,747037000.0,1.0,89525178.0,77363000.0,,75.254,5042086000.0,222458000.0,-50300000.0,0.0,65.174,
55,KBH,MRT,2007-12-31,2007-11-30,2007-11-30,2021-10-08,-22923000.0,5705956000.0,7381008250.0,,,0.869,20.458,685000.0,1325255000.0,1325255000.0,6826379000.0,-929414000.0,,2.083,2161794000.0,,,2161794000.0,0.0,17274000.0,0.0,0.048,1.0,-975414000.0,-958140000.0,-0.149,-958140000.0,-975414000.0,-975414000.0,-12.04,-12.04,-12.04,1850687000.0,2555585500.0,1850687000.0,3405295306.0,-3.0,-3.554,1047584000.0,11.58,1.0,-409853000.0,-0.064,67970000.0,0.0,6474525000.0,9176702500.0,3312420000.0,297010000.0,,,3855269000.0,,,1889805306.0,539560000.0,654576000.0,5414000.0,-658968000.0,-77170000.0,-1150488000.0,643149000.0,0.0,1046899000.0,0.0,-929414000.0,-929414000.0,-929414000.0,-47252000.0,0.0,-0.145,937343000.0,-1347196000.0,699851000.0,-0.083,1.021,-2.033,-1.735,0.0,0.0,20.89,0.295,0.295,295739000.0,1968881000.0,6416526000.0,6416526000.0,0.0,-0.126,-0.364,-0.106,-0.152,8472000.0,824621000.0,1.0,90464591.0,90464591.0,,70.929,5637986000.0,222458000.0,-46000000.0,0.0,62.323,
56,KBH,MRT,2007-09-30,2007-08-31,2007-08-31,2021-10-08,0.0,6587679000.0,8270453750.0,,,0.89,34.443,-7916000.0,645933000.0,645933000.0,7492066000.0,-206403000.0,,1.475,2161423000.0,,,2161423000.0,0.0,18071000.0,0.0,0.033,1.0,-717303000.0,-699232000.0,-0.095,-699232000.0,-717303000.0,-717303000.0,-2.61,-2.59,-2.61,2661276000.0,2823600750.0,2661276000.0,5255704828.0,-7.0,-7.516,1629479000.0,21.089,1.0,-134448000.0,-0.018,69407000.0,0.0,8033762000.0,10384745750.0,4422198000.0,368756000.0,,,3926403000.0,,,2715860828.0,349892000.0,633048000.0,2993000.0,-1303968000.0,-77119000.0,-1900277000.0,612774000.0,0.0,1637395000.0,0.0,-206403000.0,-206403000.0,-206403000.0,-77552000.0,0.0,-0.028,1040209000.0,-1174657000.0,597744000.0,-0.383,1.021,-13.158,-11.625,0.0,0.0,30.34,0.369,0.319,229138000.0,2760860000.0,7357618000.0,7357618000.0,0.0,-0.025,-0.073,-0.069,-0.097,2710000.0,927465000.0,1.0,89514200.0,77265000.0,,95.226,6518272000.0,668676000.0,-510900000.0,0.0,84.363,
57,KBH,MRT,2007-06-30,2007-05-31,2007-05-31,2021-10-08,68153000.0,8614459000.0,9015167750.0,,,0.898,36.039,-12681000.0,272088000.0,272088000.0,7289993000.0,-17577000.0,,2.1,2811932000.0,,,2811932000.0,0.0,17920000.0,0.0,0.022,1.0,-143677000.0,-125757000.0,-0.016,-125757000.0,-143677000.0,-143677000.0,-0.18,-0.23,-0.18,2778651000.0,2901378000.0,2778651000.0,6938617954.0,-48.0,-55.175,1208930000.0,15.68,1.0,807590000.0,0.1,177333000.0,0.0,10976970000.0,11636121500.0,5238312000.0,379334000.0,,,5835808000.0,,,4099231954.0,45046000.0,-96803000.0,-83123000.0,-416300000.0,-77065000.0,-1051164000.0,-125401000.0,0.0,1221611000.0,0.0,-17577000.0,-17577000.0,-17577000.0,-96520000.0,0.0,-0.002,1022413000.0,-214823000.0,399022000.0,-5.556,1.475,-233.216,-254.944,0.0,0.0,45.89,0.506,0.437,235274000.0,2815783000.0,8097583000.0,8097583000.0,0.0,-0.002,-0.006,-0.012,-0.018,4583000.0,1017316000.0,1.0,89327347.0,77102000.0,,105.024,8437126000.0,548440000.0,-126100000.0,0.0,109.428,
58,KBH,MRT,2007-03-31,2007-02-28,2007-02-28,2021-10-08,62800000.0,8615939000.0,9158697000.0,,,0.97,38.08,-15717000.0,327924000.0,327924000.0,7446919000.0,336554000.0,,1.939,3167310000.0,,,3167310000.0,0.0,18011000.0,0.0,0.02,1.0,441111000.0,459122000.0,0.052,459122000.0,441111000.0,431954000.0,4.34,4.15,4.34,2931728000.0,2955295500.0,2931728000.0,6913292263.0,16.0,15.058,932294000.0,12.11,1.0,1439731000.0,0.162,233772000.0,9157000.0,11221553000.0,12020181250.0,6291090000.0,430365000.0,,,5684211000.0,,,4426700263.0,196279000.0,-83438000.0,-214885000.0,-29758000.0,-77493000.0,-645347000.0,-106385000.0,-15000.0,948011000.0,0.0,336554000.0,336554000.0,336554000.0,-92070000.0,0.0,0.038,1096801000.0,342930000.0,981283000.0,0.23,1.51,13.153,11.412,0.0,0.0,49.53,0.498,0.429,677671000.0,2983764000.0,8886650000.0,8886650000.0,0.0,0.037,0.114,0.037,0.05,5647000.0,1091285000.0,1.0,89374122.0,76988000.0,,115.429,8382167000.0,411600000.0,95400000.0,0.0,108.876,
59,KBH,MRT,2006-12-31,2006-11-30,2006-11-30,2021-10-08,63197000.0,9263738000.0,9148224250.0,,,1.025,32.006,-17638000.0,700041000.0,700041000.0,7666019000.0,482351000.0,,2.17,2920334000.0,,,2920334000.0,0.0,18091000.0,0.0,0.019,1.0,661251000.0,679342000.0,0.072,679342000.0,661251000.0,661251000.0,6.12,5.82,6.12,2922748000.0,2948103250.0,2922748000.0,8292048323.0,13.0,12.206,633480000.0,6.937,1.0,1714064000.0,0.183,177333000.0,0.0,11306698000.0,12058859750.0,5751643000.0,381242000.0,,,6340990000.0,,,4720244323.0,479209000.0,-121417000.0,-329028000.0,614358000.0,-78258000.0,-29149000.0,-142760000.0,0.0,651118000.0,0.0,482351000.0,482351000.0,482351000.0,-89404000.0,0.0,0.051,1129431000.0,584633000.0,626243000.0,0.163,1.615,9.786,8.446,0.0,0.0,51.69,0.503,0.503,224077000.0,2975465000.0,9380083000.0,9380083000.0,0.0,0.053,0.164,0.055,0.07,3974000.0,1123508000.0,1.0,91318327.0,91318327.0,,102.719,9086405000.0,430806000.0,178900000.0,0.0,99.503,
60,KBH,MRT,2006-09-30,2006-08-31,2006-08-31,2021-10-08,52504000.0,9566535000.0,8767634500.0,,,0.974,38.243,-18776000.0,98496000.0,98496000.0,6416572000.0,836366000.0,,2.218,3810561000.0,,,3810561000.0,0.0,15285000.0,0.0,0.022,0.938,1272849000.0,1288134000.0,0.151,1288134000.0,1272849000.0,1269666000.0,10.39,9.8,10.39,2972385000.0,2910865500.0,2972385000.0,7476575663.0,6.0,5.804,-221343000.0,-2.848,1.0,2124389000.0,0.249,239335000.0,3183000.0,13039265000.0,11688595000.0,7894610000.0,363065000.0,,,6594150000.0,,,3904771663.0,52741000.0,-121915000.0,-448609000.0,1065731000.0,-74395000.0,358491000.0,-103183000.0,41645000.0,-202567000.0,0.0,836366000.0,836366000.0,836366000.0,-114066000.0,0.0,0.098,1018545000.0,1105844000.0,987724000.0,0.09,1.314,4.669,4.115,0.0,0.0,42.76,0.457,0.389,563112000.0,3044382000.0,8540961000.0,8540961000.0,0.0,0.095,0.287,0.109,0.149,44853000.0,1018032000.0,1.0,91318327.0,77724000.0,,109.888,9327200000.0,189363000.0,433300000.0,0.0,120.004,
61,KBH,MRT,2006-06-30,2006-05-31,2006-05-31,2021-10-08,52612000.0,9188576000.0,8185550750.0,,,1.073,37.654,-19374000.0,9680000.0,9680000.0,6444763000.0,905860000.0,,2.069,3581484000.0,,,3581484000.0,0.0,16617000.0,0.0,0.017,0.875,1397453000.0,1414070000.0,0.161,1414070000.0,1397453000.0,1389960000.0,11.11,10.4,11.11,2994321000.0,2818759000.0,2994321000.0,7809565725.0,6.0,5.523,-241808000.0,-3.041,1.0,2337397000.0,0.266,247171000.0,7493000.0,12513209000.0,10828106000.0,7568977000.0,386312000.0,,,6194255000.0,,,4764171725.0,163643000.0,-196072000.0,-338664000.0,1118915000.0,-70789000.0,562714000.0,-176637000.0,41995000.0,-222434000.0,0.0,905860000.0,905860000.0,905860000.0,-90194000.0,0.0,0.103,1052999000.0,1284398000.0,935110000.0,0.079,1.591,5.259,4.608,0.0,0.0,51.2,0.542,0.464,573219000.0,2961558000.0,8782160000.0,8782160000.0,0.0,0.111,0.321,0.129,0.159,44986000.0,1046024000.0,1.0,93050229.0,79522000.0,,110.437,8941405000.0,201278000.0,484100000.0,0.0,112.439,
62,KBH,MRT,2006-03-31,2006-02-28,2006-02-28,2021-10-08,31791000.0,8574048000.0,7530336500.0,,,1.157,35.825,-20706000.0,71224000.0,71224000.0,6360708000.0,881928000.0,,1.954,3116618000.0,,,3116618000.0,0.0,17226000.0,0.0,0.012,0.812,1357565000.0,1374791000.0,0.158,1374791000.0,1357565000.0,1355228000.0,10.74,10.01,10.74,2902959000.0,2661747000.0,2902959000.0,8639817561.0,6.0,6.284,-210890000.0,-2.603,1.0,2349503000.0,0.27,243175000.0,2337000.0,11376267000.0,9849203750.0,6953844000.0,348350000.0,,,5671089000.0,,,6320786561.0,-59506000.0,-169181000.0,-185244000.0,677692000.0,-66387000.0,279049000.0,-148371000.0,42194000.0,-190184000.0,0.0,881928000.0,881928000.0,881928000.0,-69178000.0,0.0,0.101,1066878000.0,1282625000.0,945232000.0,0.076,2.177,7.167,6.241,0.0,0.0,67.03,0.726,0.624,568663000.0,2774709000.0,8710211000.0,8710211000.0,0.0,0.117,0.331,0.138,0.156,42969000.0,1051755000.0,1.0,94297875.0,81031000.0,,107.492,8330873000.0,211940000.0,473300000.0,0.0,102.811,
63,KBH,MRT,2005-12-31,2005-11-30,2005-11-30,2021-10-08,28704000.0,7741379000.0,6951716250.0,,,1.173,28.701,-22059000.0,144783000.0,144783000.0,5954768000.0,823712000.0,,1.791,2463814000.0,,,2463814000.0,0.0,17546000.0,0.0,0.011,0.75,1270712000.0,1288258000.0,0.158,1288258000.0,1270712000.0,1270712000.0,10.06,9.32,10.06,2773797000.0,2483078000.0,2773797000.0,9347146188.0,7.0,7.256,-106306000.0,-1.1,1.0,2199913000.0,0.27,234771000.0,0.0,9825639000.0,9079436750.0,6128342000.0,275378000.0,,,4967582000.0,,,6743007188.0,-66032000.0,-117633000.0,-32964000.0,369062000.0,-61577000.0,116189000.0,-97974000.0,42396000.0,-84247000.0,0.0,823712000.0,823712000.0,823712000.0,-69178000.0,0.0,0.101,1000010000.0,1199903000.0,892727000.0,0.075,2.431,8.186,6.935,0.0,0.0,69.77,0.827,0.827,580931000.0,2571372000.0,8154681000.0,8154681000.0,0.0,0.118,0.332,0.14,0.156,42739000.0,979610000.0,1.0,96646226.0,96646226.0,,84.377,7506608000.0,223091000.0,447000000.0,0.0,77.671,
64,KBH,MRT,2005-09-30,2005-08-31,2005-08-31,2021-10-08,40232000.0,7238200000.0,6475360500.0,,,1.334,31.473,-24419000.0,101327000.0,101327000.0,6366247000.0,706833000.0,,1.78,2705466000.0,,,2705466000.0,0.0,22021000.0,0.0,0.009,0.688,1114245000.0,1136266000.0,0.132,1136266000.0,1114245000.0,1088433000.0,8.74,8.1,8.74,2603959000.0,2303549000.0,2603959000.0,9393947844.0,8.0,8.267,-204444000.0,-2.471,1.0,2273282000.0,0.263,245030000.0,25812000.0,9597309000.0,8465922750.0,5743820000.0,284787000.0,,,4634241000.0,,,7119179844.0,62559000.0,-116142000.0,101268000.0,461465000.0,-55946000.0,378990000.0,-136406000.0,4155000.0,-180025000.0,0.0,706833000.0,706833000.0,706833000.0,0.0,0.0,0.082,1145587000.0,1127695000.0,844847000.0,0.079,2.734,10.072,8.49,0.0,0.0,74.2,0.824,0.711,492870000.0,2325020000.0,8639529000.0,8639529000.0,0.0,0.109,0.307,0.132,0.129,17904000.0,1085342000.0,1.0,95945820.0,82735000.0,,104.424,6993170000.0,207439000.0,381600000.0,0.0,84.525,
65,KBH,MRT,2005-06-30,2005-05-31,2005-05-31,2021-10-08,40488000.0,6567719000.0,6009754000.0,,,1.31,28.975,-24196000.0,106114000.0,106114000.0,5857135000.0,601979000.0,,1.776,2380882000.0,,,2380882000.0,0.0,21560000.0,0.0,0.009,0.625,935785000.0,957345000.0,0.122,957345000.0,935785000.0,913179000.0,7.56,7.02,7.56,2366273000.0,2108840750.0,2366273000.0,8754023611.0,9.0,9.144,-134126000.0,-1.642,1.0,2014376000.0,0.256,244887000.0,22606000.0,8597600000.0,7873036750.0,5094819000.0,277284000.0,,,4201446000.0,,,6467311611.0,12233000.0,-178064000.0,76991000.0,446802000.0,-50019000.0,320077000.0,-197914000.0,4346000.0,-109930000.0,0.0,601979000.0,601979000.0,601979000.0,0.0,0.0,0.076,1058593000.0,955783000.0,820220000.0,0.083,2.733,10.743,8.934,0.0,0.0,67.54,0.822,0.701,461174000.0,2113150000.0,7871511000.0,7871511000.0,0.0,0.1,0.285,0.119,0.119,13365000.0,1006202000.0,1.0,95755280.0,81665000.0,,96.388,6322832000.0,216720000.0,311200000.0,0.0,77.424,
66,KBH,MRT,2005-03-31,2005-02-28,2005-02-28,2021-10-08,60821000.0,6259567000.0,5591646000.0,,,1.31,27.287,-25197000.0,162948000.0,162948000.0,5495163000.0,522572000.0,,1.86,2449660000.0,,,2449660000.0,0.0,21618000.0,0.0,0.009,0.562,810179000.0,831797000.0,0.114,831797000.0,810179000.0,790672000.0,6.63,6.16,6.63,2188283000.0,1946480500.0,2188283000.0,7772102216.0,10.0,9.344,-324932000.0,-4.052,1.0,1828702000.0,0.25,249080000.0,19507000.0,8297199000.0,7334138000.0,4678998000.0,320201000.0,,,4071284000.0,,,5958051216.0,-66229000.0,-220056000.0,-3241000.0,647684000.0,-44539000.0,473773000.0,-240267000.0,4986000.0,-299735000.0,0.0,522572000.0,522572000.0,522572000.0,0.0,0.0,0.071,985560000.0,843142000.0,784926000.0,0.085,2.723,11.401,9.412,0.0,0.0,62.4,0.814,0.683,457159000.0,1947017000.0,7323865000.0,7323865000.0,0.0,0.093,0.268,0.11,0.111,13365000.0,942807000.0,1.0,95481590.0,80194000.0,,91.327,6010487000.0,213015000.0,268100000.0,0.0,74.949,
67,KBH,MRT,2004-12-31,2004-11-30,2004-11-30,2021-10-08,59968000.0,5835956000.0,5183895750.0,,,1.36,22.19,-23170000.0,190660000.0,190660000.0,5325856000.0,474036000.0,,1.839,1975600000.0,,,1975600000.0,0.0,21848000.0,0.0,0.011,0.5,733490000.0,755338000.0,0.107,755338000.0,733490000.0,715336000.0,6.05,5.62,6.05,2055681000.0,1819845500.0,2055681000.0,6165292578.0,8.0,8.162,-102092000.0,-1.102,1.0,1726828000.0,0.245,249313000.0,18154000.0,7371583000.0,6724074250.0,4143254000.0,168425000.0,,,3780275000.0,,,4070986578.0,96077000.0,-250280000.0,-23957000.0,594226000.0,-39163000.0,442775000.0,-267776000.0,5674000.0,-78922000.0,0.0,474036000.0,474036000.0,474036000.0,0.0,0.0,0.067,945807000.0,781021000.0,749050000.0,0.083,1.98,8.588,7.264,0.0,0.0,43.945,0.577,0.577,513974000.0,1848944000.0,7052684000.0,7052684000.0,0.0,0.091,0.26,0.109,0.104,13365000.0,910078000.0,1.0,92638220.0,92638220.0,,76.131,5586643000.0,217618000.0,241300000.0,0.0,60.306,
68,KBH,MRT,2004-09-30,2004-08-31,2004-08-31,2021-10-08,40565000.0,5375774000.0,4783871500.0,,,1.363,23.45,-16224000.0,38768000.0,38768000.0,4975473000.0,432904000.0,,1.945,2133074000.0,,,2133074000.0,0.0,21036000.0,0.0,0.012,0.412,668021000.0,689057000.0,0.106,689057000.0,668021000.0,646304000.0,5.525,5.145,5.525,1825126000.0,1704138000.0,1825126000.0,4968021709.0,7.0,7.21,-109559000.0,-1.408,1.0,1545507000.0,0.237,244315000.0,21717000.0,7225765000.0,6196615000.0,4059936000.0,312696000.0,,,3550648000.0,,,3184468709.0,-31743000.0,-237448000.0,-27401000.0,450846000.0,-32304000.0,311566000.0,-249974000.0,3698000.0,-93335000.0,0.0,432904000.0,432904000.0,432904000.0,0.0,0.0,0.066,864431000.0,681076000.0,680415000.0,0.075,1.745,7.356,6.224,0.0,0.0,34.385,0.488,0.41,400593000.0,1727128000.0,6520980000.0,6520980000.0,0.0,0.09,0.254,0.108,0.102,6896000.0,825083000.0,1.0,92612148.0,77832000.0,,83.783,5131459000.0,155912000.0,213400000.0,0.0,65.93,
69,KBH,MRT,2004-06-30,2004-05-31,2004-05-31,2021-10-08,42195000.0,4895287000.0,4469115500.0,,,1.394,21.741,-14035000.0,93881000.0,93881000.0,4753475000.0,412865000.0,,1.851,1877434000.0,,,1877434000.0,0.0,21518000.0,0.0,0.01,0.325,638272000.0,659790000.0,0.106,659790000.0,638272000.0,616365000.0,5.27,4.89,5.27,1716832000.0,1604430750.0,1716832000.0,4544104290.0,7.0,6.887,16715000.0,0.212,1.0,1476902000.0,0.237,236835000.0,21907000.0,6442005000.0,5751214500.0,3553784000.0,270405000.0,,,3178455000.0,,,3077515290.0,13921000.0,-139616000.0,-75213000.0,278013000.0,-25483000.0,131531000.0,-148360000.0,5291000.0,30750000.0,0.0,412865000.0,412865000.0,412865000.0,0.0,0.0,0.066,821062000.0,655840000.0,632011000.0,0.062,1.793,7.454,6.25,0.0,0.0,32.94,0.494,0.418,429169000.0,1618998000.0,6230377000.0,6230377000.0,0.0,0.092,0.257,0.111,0.102,6896000.0,781714000.0,1.0,93427908.0,78968000.0,,78.897,4658452000.0,152254000.0,203500000.0,0.0,58.992,
70,KBH,MRT,2004-03-31,2004-02-29,2004-02-29,2021-10-08,47078000.0,4628566000.0,4261157500.0,,,1.433,21.474,-15082000.0,229177000.0,229177000.0,4674058000.0,392133000.0,,1.752,1695766000.0,,,1695766000.0,0.0,21773000.0,0.0,0.007,0.238,608006000.0,629779000.0,0.103,629779000.0,608006000.0,585333000.0,5.005,4.66,5.005,1681743000.0,1520524000.0,1681743000.0,4896495859.0,8.0,7.775,257488000.0,3.288,1.0,1432961000.0,0.235,238211000.0,22673000.0,5856944000.0,5466360000.0,3216485000.0,197746000.0,,,2946823000.0,,,3353562859.0,-24608000.0,-160785000.0,-52353000.0,13442000.0,-18597000.0,-130263000.0,-166915000.0,8952000.0,272570000.0,0.0,392133000.0,392133000.0,392133000.0,0.0,0.0,0.064,806311000.0,626650000.0,658716000.0,0.048,1.994,8.552,7.228,0.0,0.0,36.175,0.549,0.464,432569000.0,1526733000.0,6107019000.0,6107019000.0,0.0,0.092,0.258,0.111,0.1,6896000.0,766963000.0,1.0,92703880.0,78314000.0,,77.981,4390355000.0,162360000.0,193200000.0,0.0,56.061,
71,KBH,MRT,2003-12-31,2003-11-30,2003-11-30,2021-10-08,38488000.0,4235859000.0,4054419750.0,,,1.443,17.182,-13052000.0,138119000.0,138119000.0,4479019000.0,370764000.0,,1.659,1393005000.0,,,1393005000.0,0.0,21509000.0,0.0,0.004,0.15,577244000.0,598753000.0,0.102,598753000.0,577244000.0,553464000.0,4.71,4.4,4.71,1592851000.0,1424573750.0,1592851000.0,4735654627.0,8.0,7.909,456403000.0,4.923,1.0,1371535000.0,0.234,228999000.0,23780000.0,5261746000.0,5237430750.0,2883482000.0,252329000.0,,,2643008000.0,,,3192721627.0,-191866000.0,-115340000.0,-78410000.0,-357192000.0,-11809000.0,-546242000.0,-115079000.0,13313000.0,469455000.0,0.0,370764000.0,370764000.0,370764000.0,0.0,0.0,0.063,772859000.0,598676000.0,586245000.0,0.032,2.004,8.611,7.312,0.0,0.0,34.44,0.546,0.546,430266000.0,1462342000.0,5850554000.0,5850554000.0,0.0,0.091,0.26,0.11,0.099,6896000.0,733511000.0,1.0,92703880.0,92703880.0,,63.11,4006860000.0,165896000.0,182700000.0,0.0,43.222,
72,KBH,MRT,2003-09-30,2003-08-31,2003-08-31,2021-10-08,23297000.0,4116750000.0,4001840000.0,,,1.435,18.335,-36459000.0,70511000.0,70511000.0,4343040000.0,355760000.0,,1.886,1613444000.0,,,1613444000.0,0.0,20794000.0,0.0,0.005,0.15,539147000.0,559941000.0,0.098,559941000.0,539147000.0,531060000.0,4.455,4.19,4.455,1426297000.0,1344948750.0,1426297000.0,4149285016.0,8.0,7.41,210878000.0,2.711,1.0,1399943000.0,0.244,215520000.0,8087000.0,5444163000.0,5219406000.0,2867152000.0,293327000.0,,,2690453000.0,,,2691577016.0,-50368000.0,-114491000.0,-70891000.0,-44356000.0,-11891000.0,-160466000.0,-137239000.0,13711000.0,247337000.0,0.0,355760000.0,355760000.0,355760000.0,0.0,0.0,0.062,733144000.0,666799000.0,557626000.0,0.034,1.887,7.566,6.422,0.0,0.0,28.61,0.469,0.388,369088000.0,1326528000.0,5742983000.0,5742983000.0,0.0,0.089,0.265,0.103,0.094,0.0,733144000.0,1.0,94078190.0,77790000.0,,73.827,3901230000.0,158329000.0,175300000.0,0.0,50.151,
73,KBH,MRT,2003-06-30,2003-05-31,2003-05-31,2021-10-08,27099000.0,4063455000.0,3875829000.0,,,1.444,17.43,-38093000.0,79960000.0,79960000.0,4241559000.0,341837000.0,,1.942,1537668000.0,,,1537668000.0,0.0,19294000.0,0.0,0.005,0.15,519985000.0,539279000.0,0.096,539279000.0,519985000.0,510237000.0,4.23,4.0,4.23,1381205000.0,1270416000.0,1381205000.0,4303966812.0,8.0,7.981,254505000.0,3.212,1.0,1354193000.0,0.242,218576000.0,9748000.0,5302587000.0,5079724250.0,2672686000.0,309176000.0,,,2682250000.0,,,2972424812.0,-43166000.0,-115637000.0,-120075000.0,17185000.0,-11982000.0,-196101000.0,-139663000.0,14067000.0,292598000.0,0.0,341837000.0,341837000.0,341837000.0,0.0,0.0,0.061,699350000.0,654843000.0,598804000.0,0.035,2.152,8.695,7.388,0.0,0.0,31.25,0.531,0.443,474805000.0,1231616000.0,5595752000.0,5595752000.0,0.0,0.088,0.269,0.102,0.093,0.0,699350000.0,1.0,95117594.0,79244000.0,,70.614,3844879000.0,160144000.0,168400000.0,0.0,48.519,
74,KBH,MRT,2003-03-31,2003-02-28,2003-02-28,2021-10-08,-7178000.0,3801615000.0,3716633250.0,,,1.426,16.154,-32995000.0,253785000.0,253785000.0,4018471000.0,324525000.0,,1.929,1585327000.0,,,1585327000.0,0.0,17926000.0,0.0,0.006,0.15,495070000.0,512996000.0,0.097,512996000.0,495070000.0,484425000.0,3.955,3.74,3.955,1297942000.0,1209126500.0,1297942000.0,3611712392.0,7.0,7.04,298844000.0,3.719,1.0,1280622000.0,0.242,191930000.0,10645000.0,4941227000.0,4902385000.0,2309822000.0,388306000.0,,,2503673000.0,,,2252991392.0,57635000.0,-35903000.0,-173237000.0,21490000.0,-12199000.0,-217079000.0,-57125000.0,11773000.0,331839000.0,0.0,324525000.0,324525000.0,324525000.0,0.0,0.0,0.061,651393000.0,629229000.0,481488000.0,0.038,1.736,6.942,5.929,0.0,0.0,23.45,0.425,0.356,349550000.0,1153197000.0,5299093000.0,5299093000.0,0.0,0.087,0.268,0.101,0.093,0.0,651393000.0,1.0,96076392.0,80350000.0,,65.95,3609685000.0,177131000.0,159900000.0,0.0,44.925,
75,KBH,MRT,2002-12-31,2002-11-30,2002-11-30,2021-10-08,8895000.0,4025540000.0,3624541750.0,,,1.413,13.307,-31145000.0,329985000.0,329985000.0,3890243000.0,314350000.0,,2.159,1688706000.0,,,1688706000.0,0.0,17173000.0,0.0,0.007,0.15,480717000.0,497890000.0,0.097,497890000.0,480717000.0,469250000.0,3.785,3.575,3.785,1274351000.0,1172257500.0,1274351000.0,3606725235.0,8.0,7.244,325845000.0,3.403,1.0,1232495000.0,0.241,194614000.0,11467000.0,5189647000.0,4812550000.0,2173497000.0,620592000.0,,,2751189000.0,,,2139832235.0,48652000.0,-31558000.0,-133554000.0,-79720000.0,-12371000.0,-255527000.0,-52811000.0,9892000.0,356990000.0,0.0,314350000.0,314350000.0,314350000.0,0.0,0.0,0.061,618683000.0,613812000.0,521341000.0,0.04,1.679,6.807,5.904,0.0,0.0,22.345,0.418,0.418,403957000.0,1103387000.0,5122738000.0,5122738000.0,0.0,0.087,0.268,0.1,0.094,0.0,618683000.0,1.0,95763358.0,95763358.0,,53.494,3830926000.0,178022000.0,154900000.0,0.0,40.004,
76,KBH,MRT,2002-09-30,2002-08-31,2002-08-31,2021-10-08,-391000.0,3612706000.0,3541373250.0,,,1.381,13.86,-12247000.0,120879000.0,120879000.0,3735955000.0,279126000.0,,2.202,1587772000.0,,,1587772000.0,0.0,23613000.0,0.0,0.006,0.15,431022000.0,454635000.0,0.093,454635000.0,431022000.0,418526000.0,3.39,3.23,3.39,1128166000.0,1126790000.0,1128166000.0,3747427536.0,9.0,8.243,439023000.0,5.394,1.0,1153342000.0,0.236,194163000.0,12496000.0,4885436000.0,4746827500.0,2199884000.0,492192000.0,,,2484540000.0,,,2388677536.0,75698000.0,-19805000.0,-147219000.0,-98974000.0,-12527000.0,-355329000.0,-20243000.0,11809000.0,451270000.0,0.0,279126000.0,279126000.0,279126000.0,0.0,0.0,0.057,592315000.0,561027000.0,476510000.0,0.044,2.117,8.558,7.072,0.0,0.0,23.975,0.489,0.399,367707000.0,982659000.0,4889297000.0,4889297000.0,0.0,0.079,0.248,0.091,0.088,0.0,592315000.0,1.0,99632014.0,81396000.0,,60.068,3418543000.0,119667000.0,139400000.0,0.0,41.999,
77,KBH,MRT,2002-06-30,2002-05-31,2002-05-31,2021-10-08,-6813000.0,3426672000.0,3462996250.0,,,1.393,13.304,-11069000.0,123126000.0,123126000.0,3717022000.0,255621000.0,,2.016,1481876000.0,,,1481876000.0,0.0,30408000.0,0.0,0.006,0.15,399880000.0,430288000.0,0.089,430288000.0,399880000.0,384821000.0,3.175,3.045,3.175,1136047000.0,1092134750.0,1136047000.0,3984364286.0,10.0,9.26,402166000.0,4.71,1.0,1108541000.0,0.23,192192000.0,15059000.0,4593230000.0,4702087500.0,2112687000.0,414360000.0,,,2290625000.0,,,2646026286.0,105565000.0,-48669000.0,-37273000.0,-167738000.0,-12241000.0,-260812000.0,-46858000.0,12880000.0,413235000.0,0.0,255621000.0,255621000.0,255621000.0,0.0,0.0,0.053,577196000.0,531345000.0,432898000.0,0.047,2.329,10.351,8.115,0.0,0.0,25.765,0.548,0.456,376579000.0,901761000.0,4825563000.0,4825563000.0,0.0,0.074,0.234,0.085,0.083,0.0,577196000.0,1.0,102698478.0,85392000.0,,56.511,3234480000.0,114471000.0,129200000.0,0.0,37.878,
78,KBH,MRT,2002-03-31,2002-02-28,2002-02-28,2021-10-08,-14100000.0,3433249000.0,3368672500.0,,,1.409,13.487,-10613000.0,196150000.0,196150000.0,3679885000.0,231063000.0,,1.984,1534488000.0,,,1534488000.0,0.0,37052000.0,0.0,0.007,0.15,366195000.0,403247000.0,0.085,403247000.0,366195000.0,349063000.0,2.98,2.87,2.98,1150466000.0,991566000.0,1150466000.0,3658498011.0,10.0,9.073,193355000.0,2.267,1.0,1064952000.0,0.224,189700000.0,17132000.0,4581887000.0,4652969000.0,1986669000.0,453546000.0,,,2282783000.0,,,2233822011.0,163072000.0,-49505000.0,51908000.0,10238000.0,-11744000.0,4995000.0,-45891000.0,14227000.0,203968000.0,0.0,231063000.0,231063000.0,231063000.0,0.0,0.0,0.049,567916000.0,497036000.0,423267000.0,0.05,1.942,9.668,7.324,0.0,0.0,21.825,0.471,0.392,401190000.0,840871000.0,4744837000.0,4744837000.0,0.0,0.069,0.233,0.079,0.077,0.0,567916000.0,1.0,102351524.0,85300000.0,,55.625,3243549000.0,117694000.0,118000000.0,0.0,38.025,
79,KBH,MRT,2001-12-31,2001-11-30,2001-11-30,2021-10-08,-3084000.0,3692866000.0,3250665250.0,,,1.429,10.855,-12189000.0,281333000.0,281333000.0,3612936000.0,214217000.0,,2.38,1706009000.0,,,1706009000.0,0.0,43858000.0,0.0,0.009,0.15,342953000.0,386811000.0,0.083,386811000.0,342953000.0,324517000.0,2.86,2.75,2.86,1092481000.0,878285750.0,1092481000.0,3291474803.0,10.0,8.509,33731000.0,0.335,1.0,1033717000.0,0.222,190785000.0,18436000.0,4926757000.0,4562171500.0,1884761000.0,695247000.0,,,2600385000.0,,,1691797803.0,248252000.0,-48286000.0,37909000.0,271267000.0,-11183000.0,250582000.0,-48250000.0,12225000.0,45920000.0,0.0,214217000.0,214217000.0,214217000.0,0.0,0.0,0.046,556725000.0,476992000.0,479568000.0,0.052,1.549,7.898,5.878,0.0,0.0,16.81,0.364,0.364,437043000.0,801408000.0,4646653000.0,4646653000.0,0.0,0.066,0.244,0.075,0.074,0.0,556725000.0,1.0,100642344.0,100642344.0,,46.17,3502081000.0,118584000.0,110300000.0,0.0,34.797,
80,KBH,MRT,2001-09-30,2001-08-31,2001-08-31,2021-10-08,-7173000.0,3299198000.0,3034679000.0,,,1.461,13.366,-12662000.0,45181000.0,45181000.0,3455016000.0,199116000.0,,2.334,1644858000.0,,,1644858000.0,0.0,43367000.0,0.0,0.009,0.15,321186000.0,364553000.0,0.082,364553000.0,321186000.0,301616000.0,2.74,2.635,2.74,989545000.0,768855250.0,989545000.0,2967073880.0,9.0,8.139,-134234000.0,-1.813,1.0,979316000.0,0.221,192399000.0,19570000.0,4706476000.0,4329698500.0,1969675000.0,549018000.0,,,2309653000.0,,,1433433880.0,-11000.0,-35524000.0,15641000.0,207641000.0,-10574000.0,163225000.0,-41664000.0,6522000.0,-121572000.0,0.0,199116000.0,199116000.0,199116000.0,0.0,0.0,0.045,526801000.0,452515000.0,358893000.0,0.055,1.449,7.199,5.907,0.0,0.0,16.185,0.323,0.27,371581000.0,716060000.0,4434332000.0,4434332000.0,0.0,0.066,0.259,0.074,0.072,0.0,526801000.0,1.0,88565578.0,74032000.0,,59.898,3106799000.0,66633000.0,102500000.0,0.0,41.966,
81,KBH,MRT,2001-06-30,2001-05-31,2001-05-31,2021-10-08,-11949000.0,3049377000.0,2918907000.0,,,1.431,10.28,-14975000.0,17561000.0,17561000.0,3253147000.0,183368000.0,,3.156,1551201000.0,,,1551201000.0,0.0,42953000.0,0.0,0.012,0.15,295265000.0,338218000.0,0.081,338218000.0,295265000.0,276568000.0,2.51,2.415,2.51,733772000.0,693009000.0,733772000.0,2579569831.0,9.0,7.627,-25070000.0,-0.351,1.0,922381000.0,0.221,186261000.0,18697000.0,4396756000.0,4134850500.0,1883206000.0,475836000.0,,,2315605000.0,,,1125049831.0,-12245000.0,-6603000.0,-27268000.0,96797000.0,-10716000.0,13561000.0,-15711000.0,5867000.0,-10095000.0,0.0,183368000.0,183368000.0,183368000.0,0.0,0.0,0.044,502525000.0,419856000.0,312193000.0,0.06,1.533,6.135,5.062,0.0,0.0,12.705,0.269,0.217,311246000.0,658381000.0,4175528000.0,4175528000.0,0.0,0.063,0.265,0.071,0.071,0.0,502525000.0,1.0,88551738.0,71382000.0,,58.496,2863116000.0,69294000.0,93200000.0,0.0,40.11,
82,KBH,MRT,2001-03-31,2001-02-28,2001-02-28,2021-10-08,-5328000.0,2961220000.0,2855234000.0,,,1.405,9.972,-17853000.0,33078000.0,33078000.0,3136090000.0,171564000.0,,3.246,1487598000.0,,,1487598000.0,0.0,42159000.0,0.0,0.011,0.15,278158000.0,320317000.0,0.08,320317000.0,278158000.0,259364000.0,2.305,2.22,2.305,697345000.0,678303750.0,697345000.0,2599192958.0,9.0,8.114,-21897000.0,-0.313,1.0,876128000.0,0.218,197043000.0,18794000.0,4218697000.0,4017471500.0,1852879000.0,359662000.0,,,2263875000.0,,,1229071958.0,-5732000.0,-7061000.0,-71636000.0,144832000.0,-10987000.0,19578000.0,-21266000.0,3648000.0,-4044000.0,0.0,171564000.0,171564000.0,171564000.0,0.0,0.0,0.043,478787000.0,397341000.0,323850000.0,0.065,1.763,7.164,6.063,0.0,0.0,13.975,0.306,0.244,338933000.0,621552000.0,4012218000.0,4012218000.0,0.0,0.06,0.253,0.069,0.069,0.0,478787000.0,1.0,87947904.0,69928000.0,,57.376,2764177000.0,72224000.0,87800000.0,0.0,39.529,
83,KBH,MRT,2000-12-31,2000-11-30,2000-11-30,2021-10-08,-9564000.0,2828921000.0,2798752500.0,,,1.426,7.637,-18500000.0,33081000.0,33081000.0,3123869000.0,209960000.0,,3.321,1403202000.0,,,1403202000.0,0.0,41298000.0,0.0,0.007,0.112,317034000.0,358332000.0,0.09,358332000.0,317034000.0,297660000.0,2.695,2.62,2.695,654759000.0,676572500.0,654759000.0,2630427053.0,8.0,7.341,34408000.0,0.401,1.0,867359000.0,0.217,202177000.0,19374000.0,3996865000.0,3899233000.0,1657401000.0,468530000.0,,,2174162000.0,,,1345234053.0,4714000.0,-10407000.0,-157592000.0,78672000.0,-11465000.0,-23257000.0,-24937000.0,3970000.0,52908000.0,0.0,209960000.0,209960000.0,209960000.0,0.0,0.0,0.053,475174000.0,392185000.0,322672000.0,0.042,2.055,6.407,5.822,0.0,0.0,15.69,0.337,0.337,294760000.0,598374000.0,3991228000.0,3991228000.0,0.0,0.075,0.31,0.081,0.079,0.0,475174000.0,1.0,85738308.0,85738308.0,,46.551,2626744000.0,73842000.0,87700000.0,0.0,30.637,
84,KBH,MRT,2000-09-30,2000-08-31,2000-08-31,2021-10-08,-8984000.0,2836110000.0,2757581000.0,,,1.44,8.965,-15437000.0,45192000.0,45192000.0,3116024000.0,201080000.0,,3.133,1330385000.0,,,1330385000.0,0.0,41066000.0,0.0,0.006,0.075,304868000.0,345934000.0,0.087,345934000.0,304868000.0,285780000.0,2.385,2.32,2.385,686160000.0,682028500.0,686160000.0,2303576349.0,8.0,6.659,226129000.0,2.955,1.0,855784000.0,0.215,194219000.0,19088000.0,3927084000.0,3814406500.0,1758298000.0,397311000.0,,,2149950000.0,,,976443349.0,5415000.0,-1189000.0,-207437000.0,-50404000.0,-12323000.0,-226821000.0,-9330000.0,7296000.0,241566000.0,0.0,201080000.0,201080000.0,201080000.0,0.0,0.0,0.051,477646000.0,378138000.0,379516000.0,0.031,1.423,4.856,5.201,0.0,0.0,12.405,0.246,0.239,243579000.0,527518000.0,3971808000.0,3971808000.0,0.0,0.073,0.295,0.08,0.077,0.0,477646000.0,1.0,78713692.0,76534000.0,,51.896,2641891000.0,89171000.0,84700000.0,0.0,34.519,
85,KBH,MRT,2000-06-30,2000-05-31,2000-05-31,2021-10-08,-4378000.0,2794685000.0,2753289250.0,,,1.471,8.476,-15993000.0,29806000.0,29806000.0,3177415000.0,194622000.0,,3.141,1356939000.0,,,1356939000.0,0.0,40996000.0,0.0,0.004,0.037,297108000.0,338104000.0,0.084,338104000.0,297108000.0,278122000.0,2.2,2.14,2.2,674951000.0,682063750.0,674951000.0,1938324820.0,7.0,5.733,119976000.0,1.507,1.0,871532000.0,0.215,194578000.0,18986000.0,3927240000.0,3814483750.0,1694418000.0,425740000.0,,,2119734000.0,,,725532820.0,25672000.0,-19984000.0,-186910000.0,91535000.0,-13078000.0,-83590000.0,-26707000.0,9270000.0,135969000.0,0.0,194622000.0,194622000.0,194622000.0,0.0,0.0,0.048,484197000.0,387335000.0,334481000.0,0.017,1.075,3.728,4.007,0.0,0.0,8.815,0.179,0.173,250738000.0,485729000.0,4048947000.0,4048947000.0,0.0,0.071,0.285,0.078,0.073,0.0,484197000.0,1.0,82306616.0,79634000.0,,50.844,2600107000.0,96023000.0,83500000.0,0.0,32.651,
86,KBH,MRT,2000-03-31,2000-02-29,2000-02-29,2021-10-08,-1837000.0,2735294000.0,2684658250.0,,,1.493,8.092,-16347000.0,38810000.0,38810000.0,3132384000.0,195497000.0,,2.962,1251602000.0,,,1251602000.0,0.0,40718000.0,0.0,0.0,0.0,297458000.0,338176000.0,0.084,338176000.0,297458000.0,279397000.0,2.15,2.09,2.15,690420000.0,676837750.0,690420000.0,1995143198.0,7.0,5.9,87540000.0,1.026,1.0,874953000.0,0.218,202343000.0,18061000.0,3745743000.0,3721500250.0,1681679000.0,389875000.0,,,2044874000.0,,,796201198.0,27448000.0,-21376000.0,-148761000.0,117027000.0,-13725000.0,-49063000.0,-27376000.0,10347000.0,103887000.0,0.0,195497000.0,195497000.0,195497000.0,0.0,0.0,0.049,483425000.0,391528000.0,352563000.0,0.0,1.153,4.073,4.449,0.0,0.0,9.565,0.199,0.204,228428000.0,460975000.0,4007337000.0,4007337000.0,0.0,0.073,0.289,0.08,0.074,0.0,483425000.0,1.0,83241108.0,85324000.0,,46.966,2532951000.0,98308000.0,83900000.0,0.0,29.686,
87,KBH,MRT,1999-12-31,1999-11-30,1999-11-30,2021-10-08,-1584000.0,2664235000.0,2600055250.0,,,1.5,7.094,-19160000.0,28367000.0,28367000.0,3051698000.0,147469000.0,,2.938,1227309000.0,,,1227309000.0,0.0,38251000.0,0.0,0.0,0.0,243810000.0,282061000.0,0.072,282061000.0,243810000.0,226869000.0,1.58,1.54,1.58,676583000.0,662083250.0,676583000.0,2377070758.0,10.0,8.428,83710000.0,0.878,1.0,848771000.0,0.218,205618000.0,16941000.0,3657559000.0,3608900000.0,1521265000.0,513148000.0,,,1987652000.0,,,1055349758.0,-34986000.0,-26668000.0,-77977000.0,105327000.0,-14199000.0,-103901000.0,-33955000.0,11873000.0,102870000.0,0.0,147469000.0,147469000.0,147469000.0,0.0,0.0,0.038,472930000.0,375841000.0,338239000.0,0.0,1.56,7.156,7.003,0.0,0.0,11.065,0.271,0.271,205847000.0,376626000.0,3900469000.0,3900469000.0,0.0,0.057,0.223,0.068,0.063,0.0,472930000.0,1.0,95377294.0,95377294.0,,40.895,2458617000.0,99519000.0,79400000.0,0.0,25.778,
88,KBH,MRT,1999-09-30,1999-08-31,1999-08-31,2021-10-08,-3935000.0,2818943000.0,2399047500.0,,,1.458,7.162,-18133000.0,39777000.0,39777000.0,2734619000.0,124791000.0,,3.107,1361498000.0,,,1361498000.0,0.0,32536000.0,0.0,0.0,0.0,208210000.0,240746000.0,0.069,240746000.0,208210000.0,191991000.0,1.41,1.365,1.41,686301000.0,611565250.0,686301000.0,2225079306.0,11.0,9.242,-126809000.0,-1.323,1.0,763674000.0,0.218,213271000.0,16219000.0,3927393000.0,3336970500.0,1716163000.0,452673000.0,,,2132642000.0,,,979351306.0,29952000.0,-24216000.0,-8004000.0,276898000.0,-13782000.0,168299000.0,-29671000.0,12678000.0,-108676000.0,0.0,124791000.0,124791000.0,124791000.0,0.0,0.0,0.036,438254000.0,325420000.0,327107000.0,0.0,1.427,7.848,7.248,0.0,0.0,10.22,0.28,0.28,228439000.0,315508000.0,3498293000.0,3498293000.0,0.0,0.052,0.204,0.062,0.06,0.0,438254000.0,1.0,95826938.0,95822000.0,,36.508,2605672000.0,67755000.0,67200000.0,0.0,27.193,
89,KBH,MRT,1999-06-30,1999-05-31,1999-05-31,2021-10-08,-7023000.0,2520161000.0,2127969000.0,,,1.455,6.826,-16591000.0,4134000.0,4134000.0,2424376000.0,114708000.0,,2.853,1249862000.0,,,1249862000.0,0.0,26305000.0,0.0,0.0,0.0,191984000.0,218289000.0,0.071,218289000.0,191984000.0,176508000.0,1.36,1.315,1.36,654047000.0,546846250.0,654047000.0,2271884263.0,12.0,10.408,-117115000.0,-1.222,1.0,671094000.0,0.217,210583000.0,15476000.0,3555306000.0,2971451750.0,1596695000.0,305332000.0,,,1866114000.0,,,1155834263.0,-13552000.0,-19506000.0,0.0,216520000.0,-13169000.0,111312000.0,-24340000.0,16823000.0,-100524000.0,0.0,114708000.0,114708000.0,114708000.0,0.0,0.0,0.037,392466000.0,278628000.0,233881000.0,0.0,1.767,10.076,8.871,0.0,0.0,12.065,0.373,0.373,236843000.0,280932000.0,3095470000.0,3095470000.0,0.0,0.054,0.21,0.065,0.062,0.0,392466000.0,1.0,95800602.0,95814000.0,,32.307,2309578000.0,73096000.0,61800000.0,0.0,24.105,
90,KBH,MRT,1999-03-31,1999-02-28,1999-02-28,2021-10-08,-4491000.0,2396882000.0,1905792500.0,,,1.452,7.071,-17522000.0,11362000.0,11362000.0,2164795000.0,103355000.0,,2.796,1127412000.0,,,1127412000.0,0.0,20655000.0,0.0,0.0,0.0,173978000.0,194633000.0,0.07,194633000.0,173978000.0,158755000.0,1.28,1.235,1.28,631402000.0,485893750.0,631402000.0,1832806555.0,11.0,9.417,-70644000.0,-0.791,1.0,601859000.0,0.218,217590000.0,15223000.0,3295342000.0,2702453000.0,1487385000.0,296032000.0,,,1765480000.0,,,1077636555.0,-29849000.0,-168371000.0,0.0,262262000.0,-12522000.0,193969000.0,-170696000.0,15197000.0,-53122000.0,0.0,103355000.0,103355000.0,103355000.0,0.0,0.0,0.037,351346000.0,250513000.0,231854000.0,0.0,1.707,10.427,8.789,0.0,0.0,11.25,0.39,0.363,226108000.0,255950000.0,2766654000.0,2766654000.0,0.0,0.054,0.213,0.064,0.063,0.0,351346000.0,1.0,95789916.0,89296000.0,,30.983,2179292000.0,68310000.0,55400000.0,0.0,24.405,
91,KBH,MRT,1998-12-31,1998-11-30,1998-11-30,2021-10-08,-2357000.0,1860204000.0,1649624750.0,,,1.513,5.946,-15859000.0,63353000.0,63353000.0,1949729000.0,95267000.0,,2.92,818523000.0,,,818523000.0,0.0,16178000.0,0.0,0.0,0.0,161613000.0,177791000.0,0.071,177791000.0,161613000.0,146567000.0,1.205,1.16,1.205,474511000.0,425128500.0,474511000.0,1783836724.0,11.0,10.033,-28708000.0,-0.36,1.0,546029000.0,0.219,45533000.0,15046000.0,2569841000.0,2384099500.0,1134402000.0,367642000.0,,,1385693000.0,,,1005153724.0,-4889000.0,-160604000.0,0.0,233920000.0,-11871000.0,169804000.0,-161844000.0,14619000.0,-12849000.0,0.0,95267000.0,95267000.0,95267000.0,0.0,0.0,0.038,314502000.0,231527000.0,220304000.0,0.0,2.118,10.551,10.452,0.0,0.0,12.595,0.403,0.403,140771000.0,243356000.0,2495758000.0,2495758000.0,0.0,0.058,0.224,0.068,0.065,0.0,314502000.0,1.0,79805774.0,79805774.0,,31.273,1814671000.0,24094000.0,51300000.0,0.0,22.739,
92,KBH,MRT,1998-09-30,1998-08-31,1998-08-31,2021-10-08,-3892000.0,1734629000.0,1539321500.0,,,1.502,5.358,-18998000.0,9825000.0,9825000.0,1818403000.0,81336000.0,,3.058,788508000.0,,,788508000.0,0.0,14395000.0,0.0,0.0,0.0,140461000.0,154856000.0,0.067,154856000.0,140461000.0,125836000.0,1.035,0.995,1.035,427425000.0,402264750.0,427425000.0,1750397149.0,12.0,11.303,-44169000.0,-0.554,1.0,494187000.0,0.214,47994000.0,14625000.0,2465318000.0,2260944500.0,1135328000.0,269622000.0,,,1307204000.0,,,852072149.0,-970000.0,-162176000.0,0.0,245909000.0,-11802000.0,187271000.0,-163070000.0,15004000.0,-25171000.0,0.0,81336000.0,81336000.0,81336000.0,0.0,0.0,0.035,288379000.0,205808000.0,185022000.0,0.0,1.994,10.476,10.329,0.0,0.0,10.69,0.368,0.369,172888000.0,204499000.0,2312590000.0,2312590000.0,0.0,0.053,0.202,0.062,0.061,0.0,288379000.0,1.0,79707404.0,79774000.0,,28.989,1686635000.0,0.0,44500000.0,0.0,21.143,
93,KBH,MRT,1998-06-30,1998-05-31,1998-05-31,2021-10-08,-3441000.0,1631455000.0,1437118000.0,,,1.475,5.216,-15573000.0,17686000.0,17686000.0,1672112000.0,68401000.0,,2.977,916011000.0,,,916011000.0,0.0,13218000.0,0.0,0.0,0.0,119914000.0,133132000.0,0.063,133132000.0,119914000.0,106301000.0,0.88,0.845,0.88,410237000.0,384567750.0,410237000.0,1686804281.0,14.0,12.67,-70244000.0,-0.893,1.0,447286000.0,0.211,50469000.0,13613000.0,2479311000.0,2142401750.0,1049788000.0,249098000.0,,,1221218000.0,,,1007787281.0,-101000.0,-146685000.0,0.0,227230000.0,-11731000.0,200075000.0,-145505000.0,10196000.0,-54671000.0,0.0,68401000.0,68401000.0,68401000.0,0.0,0.0,0.032,265132000.0,182154000.0,189124000.0,0.0,2.457,14.734,14.597,0.0,0.0,12.845,0.476,0.477,169760000.0,179393000.0,2119398000.0,2119398000.0,0.0,0.048,0.178,0.056,0.057,0.0,265132000.0,1.0,78457554.0,78648000.0,,26.948,1580986000.0,0.0,37900000.0,0.0,20.102,
94,KBH,MRT,1998-03-31,1998-02-28,1998-02-28,2021-10-08,-3716000.0,1372211000.0,1335127500.0,,,1.494,4.969,-9527000.0,41211000.0,41211000.0,1578057000.0,61884000.0,,2.534,720228000.0,,,720228000.0,0.0,12143000.0,0.0,0.0,0.0,109816000.0,121959000.0,0.061,121959000.0,109816000.0,96784000.0,0.8,0.77,0.8,388341000.0,368338000.0,388341000.0,1703455384.0,16.0,13.967,-31639000.0,-0.405,1.0,416099000.0,0.209,29300000.0,13032000.0,2021928000.0,1981862500.0,838270000.0,228516000.0,,,983870000.0,,,1013942384.0,30133000.0,2232000.0,0.0,73547000.0,-11698000.0,48761000.0,-5611000.0,10769000.0,-22112000.0,0.0,61884000.0,61884000.0,61884000.0,0.0,0.0,0.031,246317000.0,169782000.0,150470000.0,0.0,2.611,16.385,16.25,0.0,0.0,13.0,0.508,0.509,153944000.0,165117000.0,1994156000.0,1994156000.0,0.0,0.046,0.168,0.055,0.055,0.0,246317000.0,1.0,77995568.0,78148000.0,,25.518,1342911000.0,0.0,34900000.0,0.0,17.184,
95,KBH,MRT,1997-12-31,1997-11-30,1997-11-30,2021-10-08,-1987000.0,1418991000.0,1285387500.0,,,1.489,4.915,-5917000.0,68242000.0,68242000.0,1512766000.0,58230000.0,,2.704,757755000.0,,,757755000.0,0.0,11860000.0,0.0,0.0,0.0,103729000.0,115589000.0,0.06,115589000.0,103729000.0,91030000.0,0.75,0.725,0.75,383056000.0,355663500.0,383056000.0,1543609955.0,15.0,13.354,-34961000.0,-0.449,1.0,401066000.0,0.21,31283000.0,12699000.0,2077221000.0,1916691500.0,790243000.0,286568000.0,,,1035935000.0,,,845142955.0,58461000.0,1921000.0,0.0,100551000.0,-11668000.0,81349000.0,6156000.0,10152000.0,-29044000.0,0.0,58230000.0,58230000.0,58230000.0,0.0,0.0,0.03,236999000.0,164067000.0,170946000.0,0.0,2.206,14.514,14.46,0.0,0.0,10.845,0.442,0.442,169988000.0,159960000.0,1913832000.0,1913832000.0,0.0,0.045,0.164,0.054,0.054,0.0,236999000.0,1.0,77929272.0,77929272.0,,24.559,1387708000.0,0.0,32800000.0,0.0,17.807,
96,KBH,MRT,1997-09-30,1997-08-31,1997-08-31,2021-10-08,-2551000.0,1325815000.0,1241513250.0,,,1.44,4.583,-2799000.0,10795000.0,10795000.0,2327487000.0,50197000.0,,2.718,709262000.0,,,709262000.0,0.0,11823000.0,0.0,0.0,0.0,90678000.0,102501000.0,0.057,102501000.0,90678000.0,78497000.0,0.51,0.5,0.51,356637000.0,344987000.0,356637000.0,1425862720.0,16.0,13.911,70522000.0,0.906,1.0,-539379000.0,-0.302,33135000.0,12181000.0,1991147000.0,1857467000.0,852793000.0,214280000.0,,,969178000.0,,,777009720.0,-12541000.0,-136000.0,0.0,-63188000.0,-11656000.0,-95067000.0,9205000.0,9816000.0,73321000.0,0.0,50197000.0,50197000.0,50197000.0,0.0,0.0,0.028,225325000.0,-764704000.0,161175000.0,0.0,2.179,15.479,19.608,0.0,0.0,10.0,0.435,0.435,140356000.0,134965000.0,1788108000.0,1788108000.0,0.0,0.04,0.146,0.049,0.051,0.0,225325000.0,1.0,77700972.0,77814000.0,,22.979,1292680000.0,0.0,28300000.0,0.0,16.612,
97,KBH,MRT,1997-06-30,1997-05-31,1997-05-31,2021-10-08,-326000.0,1223493000.0,,,,,4.446,-2799000.0,17787000.0,17787000.0,2336029000.0,48301000.0,,2.543,666640000.0,,,666640000.0,0.0,11912000.0,0.0,0.0,0.0,88190000.0,100102000.0,0.056,100102000.0,88190000.0,75401000.0,0.48,0.475,0.48,345318000.0,,345318000.0,1212631636.0,14.0,12.114,177030000.0,2.279,1.0,-536534000.0,-0.298,35192000.0,12789000.0,1837154000.0,,789296000.0,191636000.0,,,878175000.0,,,587491636.0,-15224000.0,-2067000.0,0.0,-169500000.0,-11650000.0,-203175000.0,8122000.0,9316000.0,179829000.0,0.0,48301000.0,48301000.0,48301000.0,0.0,0.0,0.027,228435000.0,-764969000.0,134205000.0,0.0,1.701,12.163,15.76,0.0,0.0,7.565,0.326,0.327,121593000.0,122723000.0,1799495000.0,1799495000.0,0.0,,,,0.049,0.0,228435000.0,1.0,77659172.0,77672000.0,,23.168,1188301000.0,0.0,27100000.0,0.0,15.299,
98,KBH,MRT,1997-03-31,1997-02-28,1997-02-28,2021-10-08,67000.0,1173251000.0,,,,,4.348,-2799000.0,11078000.0,11078000.0,2389467000.0,-60886000.0,,2.475,636218000.0,,,636218000.0,0.0,11952000.0,0.0,0.0,0.0,-81947000.0,-69995000.0,-0.037,-69995000.0,-81947000.0,-95186000.0,-0.895,-0.895,-0.895,337643000.0,,337643000.0,1184696778.0,-14.0,-16.925,317332000.0,4.086,1.0,-522842000.0,-0.28,37147000.0,13239000.0,1761244000.0,,759897000.0,182957000.0,,,835608000.0,,,548511778.0,-24063000.0,-89260000.0,0.0,-219883000.0,-14122000.0,-268220000.0,-66879000.0,15809000.0,320131000.0,0.0,-60886000.0,-60886000.0,-60886000.0,0.0,0.0,-0.033,407483000.0,-930325000.0,120087000.0,0.0,1.625,-9.009,-7.894,0.0,0.0,7.065,0.294,0.294,115230000.0,114931000.0,1866625000.0,1866625000.0,0.0,,,,-0.044,0.0,236726000.0,1.0,77637902.0,77658000.0,,24.036,1136104000.0,0.0,-34300000.0,0.0,14.63,
99,KBH,MRT,1996-12-31,1996-11-30,1996-11-30,2021-10-08,4323000.0,1243494000.0,1408836500.0,,,1.292,4.384,-2799000.0,9781000.0,9781000.0,1435081000.0,-61244000.0,,2.654,645966000.0,,,645966000.0,0.0,10819000.0,0.0,0.0,0.0,-82282000.0,-71463000.0,-0.039,-71463000.0,-82282000.0,-95744000.0,-0.9,-0.9,-0.9,340350000.0,377914000.0,340350000.0,,,,327985000.0,4.225,1.0,385822000.0,0.212,39356000.0,13462000.0,1840323000.0,2116287500.0,780302000.0,243307000.0,,,903144000.0,,,499988089.0,-33601000.0,-88200000.0,0.0,-218226000.0,-16107000.0,-290459000.0,-73926000.0,17073000.0,330784000.0,0.0,-61244000.0,-61244000.0,-61244000.0,0.0,0.0,-0.034,398320000.0,-12498000.0,159272000.0,0.0,1.469,-8.164,-7.156,0.0,0.0,6.44,0.275,0.275,107037000.0,113398000.0,1820903000.0,1820903000.0,0.0,-0.043,-0.162,-0.039,-0.045,0.0,227563000.0,1.0,77637902.0,77637902.0,,23.454,1204138000.0,0.0,-34500000.0,0.0,15.51,
100,KBH,MRT,1996-09-30,1996-08-31,1996-08-31,2021-10-08,,,,,,,,,,,,,,,,,,,,,,0.0,0.0,,,,,,,,,,,,,,,,,,1.0,,,,,,,,,,,,,,,,,,,,,,,,,,,,,,,,,,,,,,,,6.125,,,,,,,,,,,,,,1.0,,79584000.0,,,,,,,,
101,KBH,MRT,1996-06-30,1996-05-31,1996-05-31,2021-10-08,,,,,,,,,,,,,,,,,,,,,,0.0,0.0,,,,,,,,,,,,,,,,,,1.0,,,,,,,,,,,,,,,,,,,,,,,,,,,,,,,,,,,,,,,,7.312,,,,,,,,,,,,,,1.0,,79678000.0,,,,,,,,
102,KBH,MRT,1996-03-31,1996-02-29,1996-02-29,2021-10-08,,,,,,,,,,,,,,,,,,,,,,0.0,0.0,,,,,,,,,,,,,,,,,,1.0,,,,,,,,,,,,,,,,,,,,,,,,,,,,,,,,,,,,,,,,7.688,,,,,,,,,,,,,,1.0,,79642000.0,,,,,,,,
103,KBH,MRT,1995-12-31,1995-11-30,1995-11-30,2021-10-08,2243000.0,1574179000.0,,,,,,0.0,43382000.0,43382000.0,1119405000.0,29059000.0,,2.789,875339000.0,,,875339000.0,0.0,6274000.0,0.0,0.0,0.0,60280000.0,66554000.0,0.047,66554000.0,60280000.0,45459000.0,0.365,0.365,0.365,415478000.0,,415478000.0,,,,-52870000.0,,1.0,306781000.0,0.215,13884000.0,14821000.0,2392252000.0,,1059179000.0,300590000.0,,,1158701000.0,,,,-11426000.0,685000.0,0.0,79062000.0,-19592000.0,31478000.0,9966000.0,13533000.0,-52870000.0,0.0,29059000.0,29059000.0,29059000.0,0.0,0.0,0.02,187421000.0,119360000.0,165758000.0,0.0,,,17.808,0.0,0.0,6.5,,,111620000.0,190749000.0,1426186000.0,1426186000.0,0.0,,,,0.042,0.0,187421000.0,1.0,,,,,1560295000.0,0.0,16400000.0,24448000.0,,
104,KBH,MRT,1994-12-31,1994-11-30,1994-11-30,2021-10-08,,,,,,,,0.0,,,1048323000.0,46550000.0,,,,,,,,3408000.0,,0.0,0.0,91001000.0,94409000.0,0.069,94409000.0,91001000.0,73850000.0,0.58,0.58,0.58,,,,,,,-111080000.0,,1.0,316649000.0,0.232,,17151000.0,,,,,,,,,,,-20314000.0,-5329000.0,-73677000.0,166217000.0,-19606000.0,53297000.0,37469000.0,49245000.0,-111080000.0,0.0,46550000.0,46550000.0,46550000.0,0.0,0.0,0.034,176471000.0,140178000.0,,0.0,,,10.991,,0.0,6.375,,,,,1364972000.0,1364972000.0,0.0,,,,0.067,0.0,176471000.0,1.0,,,,,,,27300000.0,,,
