None,ticker,dimension,calendardate,datekey,reportperiod,lastupdated,accoci,assets,assetsavg,assetsc,assetsnc,assetturnover,bvps,capex,cashneq,cashnequsd,cor,consolinc,currentratio,de,debt,debtc,debtnc,debtusd,deferredrev,depamor,deposits,divyield,dps,ebit,ebitda,ebitdamargin,ebitdausd,ebitusd,ebt,eps,epsdil,epsusd,equity,equityavg,equityusd,ev,evebit,evebitda,fcf,fcfps,fxusd,gp,grossmargin,intangibles,intexp,invcap,invcapavg,inventory,investments,investmentsc,investmentsnc,liabilities,liabilitiesc,liabilitiesnc,marketcap,ncf,ncfbus,ncfcommon,ncfdebt,ncfdiv,ncff,ncfi,ncfinv,ncfo,ncfx,netinc,netinccmn,netinccmnusd,netincdis,netincnci,netmargin,opex,opinc,payables,payoutratio,pb,pe,pe1,ppnenet,prefdivis,price,ps,ps1,receivables,retearn,revenue,revenueusd,rnd,roa,roe,roic,ros,sbcomp,sgna,sharefactor,sharesbas,shareswa,shareswadil,sps,tangibles,taxassets,taxexp,taxliabilities,tbvps,workingcapital
0,UHS,MRY,2020-12-31,2020-12-31,2020-12-31,2021-08-07,0.0,13476879000.0,12555390500.0,3281869000.0,10195010000.0,0.921,74.266,-731307000.0,1224490000.0,1224490000.0,0.0,952790000.0,1.323,1.12,4194350000.0,391794000.0,3802556000.0,4194350000.0,0.0,510493000.0,0.0,0.001,0.2,1349531000.0,1860024000.0,0.161,1860024000.0,1349531000.0,1243246000.0,11.06,10.99,11.06,6317146000.0,5845447500.0,6317146000.0,14524362788.0,11.0,7.809,1628862000.0,19.149,1.0,11558897000.0,1.0,3882715000.0,106285000.0,10082985000.0,9744534250.0,190417000.0,0.0,0.0,0.0,7074912000.0,2481039000.0,4593873000.0,11684960788.0,1173487000.0,-49415000.0,-194401000.0,-160968000.0,-17344000.0,-384859000.0,-802562000.0,-21740000.0,2360169000.0,739000.0,943953000.0,943953000.0,943953000.0,0.0,8837000.0,0.082,10200543000.0,1358354000.0,1668671000.0,0.018,1.85,12.379,12.432,5709637000.0,0.0,137.5,1.011,1.012,1728928000.0,6268175000.0,11558897000.0,11558897000.0,0.0,0.075,0.161,0.138,0.117,65837000.0,5613097000.0,1.0,84981533.0,85061000,85587000.0,135.89,9594164000.0,22689000.0,299293000.0,50005000.0,112.792,800830000.0
1,UHS,MRY,2019-12-31,2019-12-31,2019-12-31,2021-08-07,31893000.0,11668250000.0,11684144500.0,1915934000.0,9752316000.0,0.974,62.01,-634095000.0,61268000.0,61268000.0,0.0,827543000.0,1.225,1.106,4310645000.0,143992000.0,4166653000.0,4310645000.0,0.0,490392000.0,0.0,0.004,0.6,1216381000.0,1706773000.0,0.15,1706773000.0,1216381000.0,1053648000.0,9.16,9.13,9.16,5504105000.0,5442206000.0,5504105000.0,16783346311.0,14.0,9.833,804374000.0,9.062,1.0,11378259000.0,1.0,3869760000.0,162733000.0,10484477000.0,10503516750.0,159889000.0,0.0,0.0,0.0,6089379000.0,1563390000.0,4525989000.0,12564552311.0,-94018000.0,-34552000.0,-759698000.0,-17922000.0,-53003000.0,-845036000.0,-688410000.0,-19763000.0,1438469000.0,959000.0,814854000.0,814854000.0,814854000.0,0.0,12689000.0,0.072,10162351000.0,1215908000.0,446957000.0,0.066,2.283,15.419,15.662,5343216000.0,0.0,143.46,1.104,1.119,1560847000.0,5471345000.0,11378259000.0,11378259000.0,0.0,0.07,0.15,0.116,0.107,69431000.0,5588893000.0,1.0,87582269.0,88762000,89040000.0,128.188,7798490000.0,16189000.0,238794000.0,99191000.0,87.858,352544000.0
2,UHS,MRY,2018-12-31,2018-12-31,2018-12-31,2021-08-07,4242000.0,11265480000.0,11157999750.0,1937802000.0,9327678000.0,0.965,57.778,-664962000.0,105220000.0,105220000.0,0.0,797883000.0,1.338,1.076,3998633000.0,63446000.0,3935187000.0,3998633000.0,0.0,453076000.0,0.0,0.003,0.4,1171303000.0,1624379000.0,0.151,1624379000.0,1171303000.0,1016347000.0,8.35,8.31,8.35,5389262000.0,5321559000.0,5389262000.0,14725864964.0,13.0,9.066,609780000.0,6.537,1.0,10772278000.0,1.0,3844628000.0,154956000.0,9865527000.0,9654989750.0,148206000.0,0.0,0.0,0.0,5799687000.0,1448738000.0,4350949000.0,10783241964.0,32388000.0,-148536000.0,-387229000.0,-39249000.0,-37342000.0,-492202000.0,-747247000.0,66151000.0,1274742000.0,-2905000.0,779705000.0,779705000.0,779705000.0,0.0,18178000.0,0.072,9597016000.0,1175262000.0,445652000.0,0.048,2.001,13.83,13.959,4847940000.0,0.0,116.56,1.001,1.009,1509909000.0,5384106000.0,10772278000.0,10772278000.0,0.0,0.07,0.147,0.121,0.109,66581000.0,5254536000.0,1.0,92512371.0,93276000,93750000.0,115.488,7420852000.0,5280000.0,236642000.0,108307000.0,79.558,489064000.0
3,UHS,MRY,2017-12-31,2017-12-31,2017-12-31,2021-08-07,7177000.0,10761828000.0,10600483500.0,1798002000.0,8963826000.0,0.982,52.163,-557506000.0,74423000.0,74423000.0,0.0,771312000.0,0.973,1.144,4040009000.0,545619000.0,3494390000.0,4040009000.0,0.0,447883000.0,0.0,0.004,0.4,1261169000.0,1709052000.0,0.164,1709052000.0,1261169000.0,1116000000.0,7.86,7.81,7.86,4989514000.0,4850885500.0,4989514000.0,14732986631.0,12.0,8.621,690079000.0,7.214,1.0,10409865000.0,1.0,3825157000.0,145169000.0,9054223000.0,9225893500.0,136177000.0,0.0,0.0,0.0,5710392000.0,1848034000.0,3862358000.0,10758257631.0,45347000.0,-59793000.0,-354147000.0,-102006000.0,-38211000.0,-519153000.0,-684732000.0,-64333000.0,1247585000.0,1647000.0,752303000.0,752303000.0,752303000.0,0.0,19009000.0,0.072,9129687000.0,1280178000.0,441984000.0,0.051,2.156,14.3,14.421,4571837000.0,0.0,113.35,1.033,1.042,1500898000.0,4981395000.0,10409865000.0,10409865000.0,0.0,0.071,0.155,0.137,0.121,56738000.0,4980637000.0,1.0,94911845.0,95652000,96325000.0,108.831,6936671000.0,3007000.0,363697000.0,159096000.0,72.52,-50032000.0
4,UHS,MRY,2016-12-31,2016-12-31,2016-12-31,2021-08-07,-25417000.0,10317802000.0,9774345000.0,1681371000.0,8636431000.0,0.999,46.634,-519939000.0,33747000.0,33747000.0,0.0,747171000.0,1.276,1.262,4136125000.0,105895000.0,4030230000.0,4136125000.0,0.0,416608000.0,0.0,0.004,0.4,1236649000.0,1653257000.0,0.169,1653257000.0,1236649000.0,1111596000.0,7.22,7.14,7.22,4533220000.0,4380029750.0,4533220000.0,13886028339.0,11.0,8.399,813903000.0,8.373,1.0,9766210000.0,1.0,3784106000.0,125053000.0,9318701000.0,8351398250.0,125365000.0,0.0,0.0,0.0,5720208000.0,1317373000.0,4402835000.0,10313603339.0,4668000.0,-635278000.0,-343877000.0,711617000.0,-38875000.0,-171167000.0,-1155217000.0,0.0,1333842000.0,-2790000.0,702409000.0,702409000.0,702409000.0,0.0,44762000.0,0.072,8484799000.0,1281411000.0,439672000.0,0.055,2.275,14.683,14.734,4330956000.0,0.0,106.38,1.056,1.059,1439553000.0,4557671000.0,9766210000.0,9766210000.0,0.0,0.072,0.16,0.148,0.127,93328000.0,4585530000.0,1.0,96950586.0,97208000,98380000.0,100.467,6533696000.0,1234000.0,409187000.0,158467000.0,67.214,363998000.0
5,UHS,MRY,2015-12-31,2015-12-31,2015-12-31,2021-08-07,-23129000.0,9615444000.0,9246309000.0,1718304000.0,7897140000.0,0.978,43.014,-379321000.0,61228000.0,61228000.0,0.0,750698000.0,1.562,1.249,3431356000.0,62722000.0,3368634000.0,3431356000.0,0.0,398618000.0,0.0,0.003,0.4,1189225000.0,1587843000.0,0.176,1587843000.0,1189225000.0,1075731000.0,6.89,6.76,6.89,4249647000.0,4087866250.0,4249647000.0,14821797685.0,12.0,9.335,688941000.0,6.973,1.0,9043451000.0,1.0,3596114000.0,113494000.0,8289052000.0,7790998500.0,116037000.0,0.0,0.0,0.0,5306283000.0,1100406000.0,4205877000.0,11766483685.0,29159000.0,-533564000.0,-201341000.0,166234000.0,-39532000.0,-124609000.0,-912885000.0,0.0,1068262000.0,-1609000.0,680528000.0,680528000.0,680528000.0,0.0,70170000.0,0.075,7784056000.0,1259395000.0,366238000.0,0.058,2.769,17.29,17.343,3835978000.0,0.0,119.49,1.301,1.305,1302429000.0,4271793000.0,9043451000.0,9043451000.0,0.0,0.074,0.166,0.153,0.132,87335000.0,4212387000.0,1.0,98472539.0,98797000,100694000.0,91.536,6019330000.0,135120000.0,395203000.0,380142000.0,60.926,617898000.0
6,UHS,MRY,2014-12-31,2014-12-31,2014-12-31,2021-08-07,-25232000.0,8974443000.0,8728873000.0,1615138000.0,7359305000.0,0.94,37.803,-391150000.0,32069000.0,32069000.0,0.0,604996000.0,1.365,1.387,3278534000.0,68319000.0,3210215000.0,3278534000.0,0.0,375624000.0,0.0,0.003,0.3,1003652000.0,1379276000.0,0.168,1379276000.0,1003652000.0,870014000.0,5.52,5.42,5.52,3735946000.0,3569350750.0,3735946000.0,14426505528.0,14.0,10.459,644726000.0,6.524,1.0,8205088000.0,1.0,3291213000.0,133638000.0,7746868000.0,7650461500.0,108115000.0,0.0,0.0,0.0,5183363000.0,1182827000.0,4000536000.0,11011398528.0,14831000.0,-441696000.0,-93886000.0,-49129000.0,-29665000.0,-187424000.0,-832846000.0,0.0,1035876000.0,-775000.0,545343000.0,545343000.0,545343000.0,0.0,59653000.0,0.066,7105612000.0,1099476000.0,336447000.0,0.054,2.947,20.192,20.156,3679689000.0,0.0,111.26,1.342,1.34,1282735000.0,3760191000.0,8205088000.0,8205088000.0,0.0,0.062,0.153,0.131,0.122,31092000.0,3845461000.0,1.0,98969967.0,98826000,100544000.0,83.026,5683230000.0,114565000.0,324671000.0,395779000.0,57.507,432311000.0
7,UHS,MRY,2013-12-31,2013-12-31,2013-12-31,2021-08-07,-24810000.0,8311723000.0,8324306750.0,1432329000.0,6879394000.0,0.885,33.152,-358493000.0,17238000.0,17238000.0,0.0,554023000.0,1.351,1.542,3309074000.0,99312000.0,3209762000.0,3309074000.0,0.0,337356000.0,0.0,0.002,0.2,972173000.0,1309529000.0,0.178,1309529000.0,972173000.0,826042000.0,5.21,5.14,5.21,3249979000.0,3046780250.0,3249979000.0,11473188796.0,12.0,8.761,525748000.0,5.363,1.0,7367873000.0,1.0,3049016000.0,146131000.0,7494655000.0,7748948250.0,101781000.0,0.0,0.0,0.0,5011494000.0,1059888000.0,3951606000.0,7985383796.0,-6233000.0,24846000.0,-21493000.0,-424463000.0,-19621000.0,-507016000.0,-383458000.0,0.0,884241000.0,0.0,510733000.0,510733000.0,510733000.0,0.0,43290000.0,0.069,6352410000.0,1015463000.0,276911000.0,0.038,2.457,15.635,15.597,3442169000.0,0.0,81.26,1.084,1.081,1116961000.0,3273806000.0,7367873000.0,7367873000.0,0.0,0.061,0.168,0.125,0.132,27783000.0,3604620000.0,1.0,98269552.0,98033000,99361000.0,75.157,5262707000.0,119903000.0,315309000.0,305748000.0,53.683,372441000.0
8,UHS,MRY,2012-12-31,2012-12-31,2012-12-31,2021-08-07,-44154000.0,8200843000.0,7880959500.0,1407496000.0,6793347000.0,0.883,28.024,-363192000.0,23471000.0,23471000.0,0.0,489047000.0,1.574,2.003,3730020000.0,2589000.0,3727431000.0,3730020000.0,0.0,308690000.0,0.0,0.012,0.6,896980000.0,1205670000.0,0.173,1205670000.0,896980000.0,718062000.0,4.57,4.53,4.57,2713345000.0,2571580750.0,2713345000.0,8117717795.0,9.0,6.733,436039000.0,4.504,1.0,6961400000.0,1.0,3036765000.0,178918000.0,7976569000.0,7809675750.0,99000000.0,0.0,0.0,0.0,5434894000.0,894058000.0,4540836000.0,4699908795.0,-17758000.0,-378536000.0,-13719000.0,63853000.0,-58395000.0,-27399000.0,-789590000.0,0.0,799231000.0,0.0,443446000.0,443446000.0,443446000.0,0.0,45601000.0,0.064,5989649000.0,971751000.0,247033000.0,0.131,1.732,10.599,10.58,3382235000.0,0.0,48.35,0.675,0.672,1067197000.0,2756523000.0,6961400000.0,6961400000.0,0.0,0.056,0.172,0.115,0.129,22518000.0,3440917000.0,1.0,97205973.0,96821000,97711000.0,71.9,5164078000.0,104461000.0,274616000.0,234638000.0,53.336,513438000.0
9,UHS,MRY,2011-12-31,2011-12-31,2011-12-31,2021-08-07,-51175000.0,7665245000.0,7612500750.0,1364905000.0,6300340000.0,0.888,23.625,-285682000.0,41229000.0,41229000.0,0.0,448870000.0,1.631,2.316,3653907000.0,2479000.0,3651428000.0,3653907000.0,0.0,295861000.0,0.0,0.005,0.2,846425000.0,1142286000.0,0.169,1142286000.0,846425000.0,645633000.0,4.09,4.04,4.09,2296352000.0,2199558500.0,2296352000.0,7399958750.0,9.0,6.478,425001000.0,4.372,1.0,6760222000.0,1.0,2627602000.0,200792000.0,7813388000.0,7875768000.0,96775000.0,0.0,0.0,0.0,5318127000.0,836933000.0,4481194000.0,3751364750.0,11755000.0,38126000.0,-55703000.0,-283417000.0,-19466000.0,-413123000.0,-285805000.0,0.0,710683000.0,0.0,398167000.0,398167000.0,398167000.0,0.0,50703000.0,0.059,5863094000.0,897128000.0,228043000.0,0.049,1.634,9.422,9.501,3287980000.0,0.0,38.86,0.555,0.559,969802000.0,2346561000.0,6760222000.0,6760222000.0,0.0,0.052,0.181,0.107,0.125,18225000.0,3326378000.0,1.0,96535377.0,97199000,98537000.0,69.55,5037643000.0,108324000.0,247466000.0,254951000.0,51.828,527972000.0
10,UHS,MRY,2010-12-31,2010-12-31,2010-12-31,2021-08-07,-20139000.0,7527936000.0,4946179500.0,1331116000.0,6196820000.0,0.991,20.445,-239274000.0,29474000.0,29474000.0,0.0,275795000.0,1.611,2.782,3915551000.0,3449000.0,3912102000.0,3915551000.0,0.0,223997000.0,0.0,0.005,0.2,460102000.0,684099000.0,0.14,684099000.0,460102000.0,382485000.0,2.37,2.34,2.37,1978772000.0,1907866000.0,1978772000.0,4973303304.0,11.0,7.27,262070000.0,2.708,1.0,4900147000.0,1.0,2589914000.0,77617000.0,7997800000.0,4595338000.0,94330000.0,0.0,0.0,0.0,5504165000.0,826299000.0,4677866000.0,4223308304.0,20294000.0,-1936838000.0,-7934000.0,1874060000.0,-19422000.0,1713033000.0,-2194083000.0,0.0,501344000.0,0.0,230183000.0,230183000.0,230183000.0,0.0,45612000.0,0.047,4394433000.0,505714000.0,252487000.0,0.084,2.134,18.348,18.321,3252967000.0,0.0,43.42,0.862,0.858,837820000.0,1997940000.0,4900147000.0,4900147000.0,0.0,0.047,0.121,0.1,0.094,16799000.0,2363383000.0,1.0,97266428.0,96786000,97973000.0,50.629,4938022000.0,120834000.0,152302000.0,208529000.0,51.02,504817000.0
11,UHS,MRY,2009-12-31,2009-12-31,2009-12-31,2021-08-07,-21253000.0,3964463000.0,3884541250.0,796197000.0,3168266000.0,1.339,17.906,-379748000.0,9180000.0,9180000.0,0.0,304247000.0,1.366,1.24,959002000.0,2573000.0,956429000.0,959002000.0,0.0,204703000.0,0.0,0.006,0.17,476658000.0,681361000.0,0.131,681361000.0,476658000.0,430848000.0,2.65,2.64,2.65,1751071000.0,1688451250.0,1751071000.0,3842780997.0,8.0,5.64,161514000.0,1.652,1.0,5202379000.0,1.0,732685000.0,45810000.0,3598783000.0,3450094250.0,84272000.0,0.0,0.0,0.0,2172069000.0,582817000.0,1589252000.0,3001222997.0,3720000.0,-2729000.0,-59998000.0,-40430000.0,-16706000.0,-147108000.0,-390434000.0,0.0,541262000.0,0.0,260373000.0,260373000.0,260373000.0,0.0,43874000.0,0.05,4681847000.0,520532000.0,194969000.0,0.064,1.714,11.527,11.509,2315238000.0,0.0,30.5,0.577,0.573,602559000.0,1771354000.0,5202379000.0,5202379000.0,0.0,0.067,0.154,0.138,0.092,13096000.0,2204422000.0,1.0,98400754.0,97794000,98275000.0,53.197,3231778000.0,51336000.0,170475000.0,85332000.0,33.047,213380000.0
12,UHS,MRY,2008-12-31,2008-12-31,2008-12-31,2021-08-07,-31696000.0,3742462000.0,3711418250.0,789417000.0,2953045000.0,1.353,15.252,-354537000.0,5460000.0,5460000.0,0.0,240070000.0,1.407,1.277,999369000.0,8708000.0,990661000.0,999369000.0,0.0,195766000.0,0.0,0.009,0.16,375962000.0,571728000.0,0.114,571728000.0,375962000.0,322755000.0,1.96,1.96,1.96,1543850000.0,1535462500.0,1543850000.0,2839257209.0,8.0,4.966,139650000.0,1.38,1.0,5022417000.0,1.0,732937000.0,53207000.0,3442309000.0,3423970750.0,76043000.0,0.0,0.0,0.0,1971877000.0,561125000.0,1410752000.0,1903341209.0,-10894000.0,58871000.0,-147050000.0,-15428000.0,-16150000.0,-209415000.0,-295666000.0,0.0,494187000.0,0.0,199377000.0,199377000.0,199377000.0,-6436000.0,40693000.0,0.04,4612198000.0,410219000.0,192078000.0,0.082,1.233,9.546,9.584,2100292000.0,0.0,18.785,0.379,0.379,625437000.0,1575052000.0,5022417000.0,5022417000.0,0.0,0.054,0.13,0.11,0.075,14125000.0,2133181000.0,1.0,101322396.0,101222000,101418000.0,49.618,3009525000.0,34522000.0,123378000.0,43175000.0,29.732,228292000.0
13,UHS,MRY,2007-12-31,2007-12-31,2007-12-31,2021-08-07,-6881000.0,3608657000.0,3551613250.0,774847000.0,2833810000.0,1.319,14.211,-339813000.0,16354000.0,16354000.0,0.0,213748000.0,1.589,1.378,1011902000.0,3116000.0,1008786000.0,1011902000.0,0.0,183281000.0,0.0,0.006,0.16,326638000.0,509919000.0,0.109,509919000.0,326638000.0,275012000.0,1.59,1.59,1.59,1517199000.0,1507001750.0,1517199000.0,3639621477.0,11.0,7.138,41633000.0,0.39,1.0,4683150000.0,1.0,750395000.0,51626000.0,3366099000.0,3221528000.0,72399000.0,0.0,0.0,0.0,2091458000.0,487711000.0,1603747000.0,2749238477.0,1415000.0,-94974000.0,-71827000.0,174490000.0,-17169000.0,54756000.0,-434787000.0,0.0,381446000.0,0.0,170387000.0,170387000.0,170387000.0,255000.0,43361000.0,0.036,4312896000.0,370254000.0,175222000.0,0.101,1.812,16.135,16.101,1933916000.0,0.0,25.6,0.587,0.584,627186000.0,1523555000.0,4683150000.0,4683150000.0,0.0,0.048,0.113,0.101,0.07,16899000.0,2004995000.0,1.0,107392128.0,106762000,106878000.0,43.865,2858262000.0,23153000.0,104625000.0,56105000.0,26.772,287136000.0
14,UHS,MRY,2006-12-31,2006-12-31,2006-12-31,2021-08-07,-8194000.0,3277042000.0,3139184250.0,728506000.0,2548536000.0,1.314,12.853,-341140000.0,14939000.0,14939000.0,0.0,259458000.0,1.45,1.337,823301000.0,1938000.0,821363000.0,823301000.0,0.0,163694000.0,0.0,0.006,0.16,385234000.0,548928000.0,0.133,548928000.0,385234000.0,352676000.0,2.38,2.28,2.38,1402464000.0,1421105750.0,1402464000.0,3460964000.0,9.0,6.305,-171901000.0,-1.575,1.0,4124692000.0,1.0,719991000.0,32558000.0,2862962000.0,2407126500.0,64532000.0,0.0,0.0,0.0,1874578000.0,502451000.0,1372127000.0,3007838000.0,6976000.0,-81800000.0,-344735000.0,459455000.0,-17445000.0,116106000.0,-278369000.0,0.0,169239000.0,0.0,259458000.0,259458000.0,259458000.0,-100258000.0,0.0,0.063,3802197000.0,322495000.0,190159000.0,0.067,2.145,11.593,11.645,1685085000.0,0.0,27.715,0.729,0.733,595009000.0,1425379000.0,4124692000.0,4124692000.0,0.0,0.083,0.183,0.16,0.093,0.0,1765162000.0,1.0,108527440.0,109114000,115816000.0,37.802,2557051000.0,34913000.0,93218000.0,63463000.0,23.435,226055000.0
15,UHS,MRY,2005-12-31,2005-12-31,2005-12-31,2021-08-07,-10721000.0,2858709000.0,2837231500.0,608298000.0,2250411000.0,1.387,10.826,-241412000.0,7963000.0,7963000.0,0.0,240845000.0,1.16,1.372,642845000.0,5191000.0,637654000.0,642845000.0,0.0,163714000.0,0.0,0.007,0.16,336079000.0,499793000.0,0.127,499793000.0,336079000.0,303146000.0,2.165,2.0,2.165,1205098000.0,1246444000.0,1205098000.0,3000822296.0,9.0,6.004,184014000.0,1.653,1.0,3935480000.0,1.0,686211000.0,32933000.0,2283210000.0,2264109750.0,52835000.0,0.0,0.0,0.0,1653611000.0,524170000.0,1129441000.0,2550803296.0,-25162000.0,120379000.0,-235568000.0,-149887000.0,-17885000.0,-404555000.0,-46033000.0,0.0,425426000.0,0.0,240845000.0,240845000.0,240845000.0,-131002000.0,0.0,0.061,3704758000.0,230722000.0,177600000.0,0.074,2.117,10.591,10.794,1429653000.0,0.0,23.37,0.648,0.661,499726000.0,1218841000.0,3935480000.0,3935480000.0,0.0,0.085,0.193,0.148,0.085,0.0,1625996000.0,1.0,109148622.0,111316000,125294000.0,35.354,2172498000.0,20507000.0,62301000.0,157290000.0,19.516,84128000.0
16,UHS,MRY,2004-12-31,2004-12-31,2004-12-31,2021-08-07,1864000.0,3022843000.0,2982644000.0,808925000.0,2213918000.0,1.22,10.586,-230760000.0,33125000.0,33125000.0,0.0,169492000.0,1.722,1.477,869197000.0,16968000.0,852229000.0,869197000.0,0.0,166677000.0,0.0,0.007,0.16,302802000.0,469479000.0,0.129,469479000.0,302802000.0,264671000.0,1.47,1.375,1.47,1220586000.0,1186808750.0,1220586000.0,3402036469.0,11.0,7.246,162120000.0,1.406,1.0,3637490000.0,1.0,619064000.0,38131000.0,2770195000.0,2717748000.0,60729000.0,0.0,0.0,0.0,1802257000.0,469656000.0,1332601000.0,2595900469.0,-1738000.0,-81639000.0,-20462000.0,-36231000.0,-18628000.0,-74899000.0,-319719000.0,0.0,392880000.0,0.0,169492000.0,169492000.0,169492000.0,-8394000.0,0.0,0.047,3326894000.0,310596000.0,190181000.0,0.109,2.127,15.316,15.136,1448066000.0,0.0,22.25,0.714,0.705,552538000.0,1196914000.0,3637490000.0,3637490000.0,0.0,0.057,0.143,0.111,0.083,-10604000.0,1490241000.0,1.0,116669684.0,115306000,129730000.0,31.546,2403779000.0,0.0,95179000.0,91870000.0,20.847,339269000.0
17,UHS,MRY,2003-12-31,2003-12-31,2003-12-31,2021-08-07,1812000.0,2772730000.0,2518320500.0,645791000.0,2126939000.0,1.252,9.455,-505638000.0,34863000.0,34863000.0,0.0,199269000.0,1.632,1.542,879437000.0,10871000.0,868566000.0,879437000.0,0.0,144466000.0,0.0,0.001,0.04,343567000.0,488033000.0,0.155,488033000.0,343567000.0,310691000.0,1.725,1.6,1.725,1090922000.0,1010470500.0,1090922000.0,3730073478.0,11.0,7.643,-128863000.0,-1.117,1.0,3153174000.0,1.0,442504000.0,32876000.0,2779047000.0,2407822500.0,61736000.0,0.0,0.0,0.0,1681808000.0,395753000.0,1286055000.0,3114583478.0,17113000.0,25376000.0,-51166000.0,161869000.0,-4644000.0,120600000.0,-480262000.0,0.0,376775000.0,0.0,199269000.0,199269000.0,199269000.0,-11372000.0,0.0,0.063,2800836000.0,352338000.0,178824000.0,0.023,2.855,15.63,15.571,1304341000.0,0.0,26.86,0.988,0.983,503929000.0,1046050000.0,3153174000.0,3153174000.0,0.0,0.079,0.197,0.143,0.109,0.0,1257503000.0,1.0,115956198.0,115376000,130178000.0,27.33,2330226000.0,25271000.0,111422000.0,81732000.0,20.197,250038000.0
18,UHS,MRY,2002-12-31,2002-12-31,2002-12-31,2021-08-07,-18690000.0,2329137000.0,2247088250.0,593618000.0,1735519000.0,1.331,7.68,-201469000.0,17750000.0,17750000.0,0.0,175361000.0,1.603,1.539,688767000.0,8253000.0,680514000.0,688767000.0,0.0,124794000.0,0.0,0.0,0.0,306763000.0,431557000.0,0.144,431557000.0,306763000.0,272667000.0,1.47,1.37,1.47,917459000.0,904332500.0,917459000.0,3376166543.0,11.0,7.823,129790000.0,1.086,1.0,2991919000.0,1.0,410320000.0,34096000.0,2219421000.0,2155847000.0,58217000.0,0.0,0.0,0.0,1411678000.0,370413000.0,1041265000.0,2730400543.0,-5098000.0,0.0,-73668000.0,-67128000.0,0.0,-134888000.0,-201469000.0,0.0,331259000.0,0.0,175361000.0,175361000.0,175361000.0,-7514000.0,0.0,0.059,2672954000.0,318965000.0,170471000.0,0.0,2.976,15.57,15.34,1173195000.0,0.0,22.55,0.913,0.9,474763000.0,851425000.0,2991919000.0,2991919000.0,0.0,0.078,0.194,0.142,0.103,0.0,1193258000.0,1.0,121082064.0,119460000,134150000.0,25.045,1918817000.0,25023000.0,97306000.0,51396000.0,16.062,223205000.0
19,UHS,MRY,2001-12-31,2001-12-31,2001-12-31,2021-08-07,-6162000.0,2168589000.0,2037616750.0,548262000.0,1620327000.0,1.394,6.747,-416401000.0,22848000.0,22848000.0,0.0,99742000.0,1.699,1.684,721266000.0,2436000.0,718830000.0,721266000.0,0.0,127523000.0,0.0,0.0,0.0,194073000.0,321596000.0,0.113,321596000.0,194073000.0,156297000.0,0.835,0.8,0.835,807900000.0,783809250.0,807900000.0,3162328537.0,16.0,9.833,-118858000.0,-0.993,1.0,2840491000.0,1.0,372627000.0,37776000.0,2171664000.0,1997093250.0,54764000.0,0.0,0.0,0.0,1360689000.0,322716000.0,1037973000.0,2561788537.0,12303000.0,0.0,-5725000.0,143494000.0,0.0,131161000.0,-416401000.0,0.0,297543000.0,0.0,99742000.0,99742000.0,99742000.0,0.0,0.0,0.035,2620038000.0,220453000.0,144163000.0,0.0,3.171,25.684,25.617,1031205000.0,0.0,21.39,0.902,0.902,418083000.0,676064000.0,2840491000.0,2840491000.0,0.0,0.049,0.127,0.097,0.068,0.0,1122428000.0,1.0,119765710.0,119748000,134440000.0,23.721,1795962000.0,25227000.0,56555000.0,56249000.0,14.998,225546000.0
20,UHS,MRY,2000-12-31,2000-12-31,2000-12-31,2021-08-07,0.0,1742377000.0,1624816000.0,476455000.0,1265922000.0,1.38,5.95,-113900000.0,10545000.0,10545000.0,0.0,93362000.0,1.915,1.432,548753000.0,689000.0,548064000.0,548753000.0,0.0,112809000.0,0.0,0.0,0.0,176049000.0,288858000.0,0.129,288858000.0,176049000.0,146108000.0,0.775,0.75,0.775,716574000.0,687971750.0,716574000.0,3866158943.0,22.0,13.384,60921000.0,0.506,1.0,2242444000.0,1.0,316777000.0,29941000.0,1714968000.0,1570951500.0,45518000.0,0.0,0.0,0.0,1025803000.0,248840000.0,776963000.0,3338464943.0,4364000.0,-137353000.0,-30725000.0,111521000.0,0.0,80796000.0,-251253000.0,0.0,174821000.0,0.0,93362000.0,93362000.0,93362000.0,0.0,0.0,0.042,2052714000.0,189730000.0,113294000.0,0.0,4.659,35.758,36.065,875627000.0,0.0,27.95,1.489,1.501,376601000.0,576322000.0,2242444000.0,2242444000.0,0.0,0.057,0.136,0.112,0.079,0.0,873747000.0,1.0,119444184.0,120440000,129640000.0,18.619,1425600000.0,17943000.0,52746000.0,54205000.0,11.837,227615000.0
21,UHS,MRY,1999-12-31,1999-12-31,1999-12-31,2021-08-07,0.0,1497973000.0,1487705250.0,403249000.0,1094724000.0,1.373,5.106,-67576000.0,6181000.0,6181000.0,0.0,77775000.0,1.857,1.335,422709000.0,3506000.0,419203000.0,422709000.0,0.0,108333000.0,0.0,0.0,0.0,149655000.0,257988000.0,0.126,257988000.0,149655000.0,122783000.0,0.62,0.61,0.62,641611000.0,643701250.0,641611000.0,1500923180.0,10.0,5.818,107981000.0,0.859,1.0,2042380000.0,1.0,276031000.0,26872000.0,1421270000.0,1400213500.0,41173000.0,0.0,0.0,0.0,856362000.0,217200000.0,639162000.0,1103760180.0,4921000.0,-15230000.0,-68711000.0,-680000.0,0.0,-87830000.0,-82806000.0,0.0,175557000.0,0.0,77775000.0,77775000.0,77775000.0,0.0,0.0,0.038,1886474000.0,155906000.0,105334000.0,0.0,1.72,14.192,14.516,777053000.0,0.0,9.0,0.54,0.554,307294000.0,482960000.0,2042380000.0,2042380000.0,0.0,0.052,0.121,0.107,0.073,0.0,793529000.0,1.0,122640020.0,125668000,127960000.0,16.252,1221942000.0,26768000.0,45008000.0,41634000.0,9.724,186049000.0
22,UHS,MRY,1998-12-31,1998-12-31,1998-12-31,2021-08-07,0.0,1448095000.0,1460352750.0,319615000.0,1128480000.0,1.284,4.821,-96808000.0,1260000.0,1260000.0,0.0,79558000.0,1.88,1.31,422270000.0,4082000.0,418188000.0,422270000.0,0.0,105442000.0,0.0,0.0,0.0,150129000.0,255571000.0,0.136,255571000.0,150129000.0,123012000.0,0.613,0.598,0.613,627007000.0,617242500.0,627007000.0,2105986899.0,14.0,8.24,54876000.0,0.422,1.0,1874487000.0,1.0,279141000.0,27117000.0,1419911000.0,1411401250.0,38842000.0,0.0,0.0,0.0,821088000.0,170053000.0,651035000.0,1698829899.0,928000.0,-172928000.0,-23418000.0,144149000.0,0.0,118980000.0,-269736000.0,0.0,151684000.0,0.0,79558000.0,79558000.0,79558000.0,0.0,0.0,0.042,1715275000.0,159212000.0,83130000.0,0.0,2.709,21.353,21.158,808822000.0,0.0,12.97,0.906,0.9,256354000.0,405185000.0,1874487000.0,1874487000.0,0.0,0.054,0.129,0.106,0.08,0.0,728013000.0,1.0,130981488.0,130044000,133172000.0,14.414,1168954000.0,10838000.0,43454000.0,33363000.0,8.989,149562000.0
23,UHS,MRY,1997-12-31,1997-12-31,1997-12-31,2021-08-07,0.0,1085349000.0,1025572000.0,230022000.0,855327000.0,1.407,4.073,-129199000.0,332000.0,332000.0,0.0,67276000.0,1.434,1.061,278121000.0,5655000.0,272466000.0,278121000.0,0.0,80686000.0,0.0,0.0,0.0,125305000.0,205991000.0,0.143,205991000.0,125305000.0,105923000.0,0.52,0.507,0.52,526607000.0,489793500.0,526607000.0,,,,44971000.0,0.348,1.0,1442677000.0,1.0,149814000.0,19382000.0,1052868000.0,1005230000.0,28214000.0,0.0,0.0,0.0,558742000.0,160456000.0,398286000.0,1634689231.0,44000.0,-36326000.0,1580000.0,-9510000.0,0.0,-8601000.0,-165525000.0,0.0,174170000.0,0.0,67276000.0,67276000.0,67276000.0,0.0,0.0,0.047,1317121000.0,125556000.0,70807000.0,0.0,3.104,24.298,24.221,663111000.0,0.0,12.595,1.133,1.129,180252000.0,325627000.0,1442677000.0,1442677000.0,0.0,0.066,0.137,0.125,0.087,0.0,514407000.0,1.0,129788744.0,129284000,132392000.0,11.159,935535000.0,11105000.0,38647000.0,11827000.0,7.236,69566000.0
24,UHS,MRY,1996-12-31,1996-12-31,1996-12-31,2021-08-07,0.0,965795000.0,,193953000.0,771842000.0,,3.768,-105728000.0,288000.0,288000.0,0.0,50671000.0,1.385,1.132,282500000.0,6866000.0,275634000.0,282500000.0,0.0,71941000.0,0.0,0.0,0.0,101262000.0,173203000.0,0.148,173203000.0,101262000.0,80004000.0,0.422,0.412,0.422,452980000.0,,452980000.0,,,,40263000.0,0.335,1.0,1174158000.0,1.0,150336000.0,21258000.0,957592000.0,,22019000.0,0.0,0.0,0.0,512815000.0,140079000.0,372736000.0,,254000.0,-173664000.0,100289000.0,34101000.0,0.0,133655000.0,-279392000.0,0.0,145991000.0,0.0,50671000.0,50671000.0,50671000.0,0.0,0.0,0.043,1074043000.0,100115000.0,57117000.0,0.0,,,16.955,567628000.0,0.0,7.155,,0.733,145364000.0,258351000.0,1174158000.0,1174158000.0,0.0,,,,0.086,0.0,420525000.0,1.0,,120216000,123192000.0,9.767,815459000.0,22306000.0,29333000.0,772000.0,6.783,53874000.0
25,UHS,MRY,1995-12-31,1995-12-31,1995-12-31,2021-08-07,,,,,,,,-60734000.0,,,0.0,35484000.0,,,,,,,,51371000.0,,0.0,0.0,64184000.0,115555000.0,0.126,115555000.0,64184000.0,52989000.0,0.32,0.315,0.32,,,,,,,31015000.0,0.28,1.0,919193000.0,1.0,,11195000.0,,,,,,,,,,,-746000.0,-166049000.0,535000.0,137314000.0,0.0,137849000.0,-230344000.0,0.0,91749000.0,0.0,35484000.0,35484000.0,35484000.0,0.0,0.0,0.039,855009000.0,64184000.0,,0.0,,,17.336,,0.0,5.548,,0.668,,,919193000.0,919193000.0,0.0,,,,0.07,0.0,329939000.0,1.0,,110764000,112412000.0,8.299,,,17505000.0,,,
0,UHS,MRQ,2021-06-30,2021-06-30,2021-06-30,2021-08-07,0.0,12812635000.0,,2365305000.0,10447330000.0,,76.939,-234752000.0,199017000.0,199017000.0,0.0,325276000.0,1.201,0.963,3913010000.0,167965000.0,3745045000.0,3913010000.0,0.0,133985000.0,0.0,0.003,0.2,447845000.0,581830000.0,0.182,581830000.0,447845000.0,426546000.0,3.85,3.79,3.85,6480100000.0,,6480100000.0,15657263238.0,10.0,7.689,-187099000.0,-2.221,1.0,3197880000.0,1.0,3903266000.0,21299000.0,10654552000.0,,195141000.0,0.0,0.0,0.0,6240555000.0,1968810000.0,4271745000.0,12480143238.0,-565480000.0,20601000.0,-357531000.0,-20377000.0,-16826000.0,-391996000.0,-221374000.0,-7223000.0,47653000.0,237000.0,325024000.0,325024000.0,325024000.0,0.0,252000.0,0.102,2758912000.0,438968000.0,1765773000.0,0.052,1.926,11.512,11.467,5947128000.0,0.0,146.43,1.022,1.01,1787931000.0,,3197880000.0,3197880000.0,0.0,,,,,19009000.0,1487935000.0,1.0,85229415.0,84224000,85624000.0,37.969,8909369000.0,34945000.0,101522000.0,33315000.0,105.782,396495000.0
1,UHS,MRQ,2021-03-31,2021-03-31,2021-03-31,2021-08-07,0.0,13096329000.0,,2784165000.0,10312164000.0,,76.831,-247459000.0,764502000.0,764502000.0,0.0,209070000.0,1.243,0.997,3941622000.0,168093000.0,3773529000.0,3941622000.0,0.0,131403000.0,0.0,0.001,0.2,294855000.0,426258000.0,0.141,426258000.0,294855000.0,272898000.0,2.46,2.43,2.46,6513862000.0,,6513862000.0,14320503974.0,10.0,7.392,-175664000.0,-2.072,1.0,3012987000.0,1.0,3886973000.0,21957000.0,10147097000.0,,193961000.0,0.0,0.0,0.0,6494490000.0,2239379000.0,4255111000.0,11350643974.0,-459986000.0,-604000.0,-4107000.0,-251830000.0,-17018000.0,-269877000.0,-262327000.0,-14264000.0,71795000.0,423000.0,209091000.0,209091000.0,209091000.0,0.0,-21000.0,0.069,2717318000.0,295669000.0,1779700000.0,0.081,1.743,11.227,11.219,5822305000.0,0.0,133.39,0.967,0.963,1668650000.0,,3012987000.0,3012987000.0,0.0,,,,,18022000.0,1497773000.0,1.0,85093665.0,84782000,85796000.0,35.538,9209356000.0,23514000.0,63807000.0,103001000.0,108.624,544786000.0
2,UHS,MRQ,2020-12-31,2020-12-31,2020-12-31,2021-08-07,0.0,13476879000.0,,3281869000.0,10195010000.0,,74.558,-184651000.0,1224490000.0,1224490000.0,0.0,307734000.0,1.323,1.12,4194350000.0,391794000.0,3802556000.0,4194350000.0,0.0,133930000.0,0.0,0.001,0.0,423238000.0,557168000.0,0.18,557168000.0,423238000.0,403352000.0,3.62,3.59,3.62,6317146000.0,,6317146000.0,14524362788.0,11.0,7.809,-42639000.0,-0.503,1.0,3086935000.0,1.0,3882715000.0,19886000.0,10082985000.0,,190417000.0,0.0,0.0,0.0,7074912000.0,2481039000.0,4593873000.0,11684960788.0,133265000.0,1085000.0,-3591000.0,209425000.0,0.0,217667000.0,-227859000.0,-44193000.0,142012000.0,1445000.0,308708000.0,308708000.0,308708000.0,0.0,-974000.0,0.1,2672976000.0,413959000.0,1668671000.0,0.0,1.85,12.379,12.432,5709637000.0,0.0,137.5,1.011,1.012,1728928000.0,6268175000.0,3086935000.0,3086935000.0,0.0,,,,,15909000.0,1466070000.0,1.0,84981533.0,84728000,85587000.0,36.433,9594164000.0,22689000.0,94644000.0,50005000.0,113.235,800830000.0
3,UHS,MRQ,2020-09-30,2020-09-30,2020-09-30,2021-08-07,0.0,12975758000.0,,2961154000.0,10014604000.0,,70.422,-192046000.0,1101230000.0,1101230000.0,0.0,244092000.0,1.124,1.164,3940632000.0,151723000.0,3788909000.0,3940632000.0,0.0,125961000.0,0.0,0.004,0.0,345026000.0,470987000.0,0.162,470987000.0,345026000.0,320451000.0,2.84,2.82,2.84,5962788000.0,,5962788000.0,12420936750.0,10.0,6.947,574742000.0,6.788,1.0,2912541000.0,1.0,3854265000.0,24575000.0,9326673000.0,,176105000.0,0.0,0.0,0.0,6940660000.0,2634222000.0,4306438000.0,9092157750.0,561617000.0,-51266000.0,3392000.0,83486000.0,0.0,71784000.0,-277888000.0,-34576000.0,766788000.0,933000.0,241279000.0,241279000.0,241279000.0,0.0,2813000.0,0.083,2562871000.0,349670000.0,1591258000.0,0.0,1.525,10.327,10.441,5579009000.0,0.0,107.02,0.8,0.797,1540747000.0,,2912541000.0,2912541000.0,0.0,,,,,15974000.0,1406348000.0,1.0,84957557.0,84672000,85247000.0,34.398,9121493000.0,19936000.0,79172000.0,32230000.0,107.727,326932000.0
4,UHS,MRQ,2020-06-30,2020-06-30,2020-06-30,2021-08-07,0.0,12148499000.0,,2296787000.0,9851712000.0,,67.216,-170508000.0,539622000.0,539622000.0,0.0,256504000.0,1.017,1.123,3868401000.0,138714000.0,3729687000.0,3868401000.0,0.0,126208000.0,0.0,0.006,0.0,356556000.0,482764000.0,0.177,482764000.0,356556000.0,331083000.0,2.97,2.95,2.97,5688647000.0,,5688647000.0,11981301449.0,11.0,7.422,778799000.0,9.202,1.0,2729754000.0,1.0,3836020000.0,25473000.0,9382089000.0,,167626000.0,0.0,0.0,0.0,6386927000.0,2259169000.0,4127758000.0,7888820449.0,485049000.0,3374000.0,-25112000.0,-274234000.0,0.0,-302496000.0,-161796000.0,5338000.0,949307000.0,34000.0,251929000.0,251929000.0,251929000.0,0.0,4575000.0,0.092,2371723000.0,358031000.0,1371698000.0,0.0,1.387,10.714,10.915,5439937000.0,0.0,92.89,0.699,0.697,1438697000.0,,2729754000.0,2729754000.0,0.0,,,,,15907000.0,1308010000.0,1.0,84926477.0,84632000,85059000.0,32.254,8312479000.0,20241000.0,79154000.0,145599000.0,98.219,37618000.0
5,UHS,MRQ,2020-03-31,2020-03-31,2020-03-31,2021-08-07,0.0,11620426000.0,,1834346000.0,9786080000.0,,62.79,-184102000.0,54619000.0,54619000.0,0.0,144460000.0,1.085,1.133,4147100000.0,127293000.0,4019807000.0,4147100000.0,0.0,124394000.0,0.0,0.007,0.2,224711000.0,349105000.0,0.123,349105000.0,224711000.0,188360000.0,1.64,1.64,1.64,5413209000.0,,5413209000.0,12842609278.0,12.0,8.011,317960000.0,3.688,1.0,2829667000.0,1.0,3836566000.0,36351000.0,10186390000.0,,162597000.0,0.0,0.0,0.0,6135383000.0,1689951000.0,4445432000.0,8593232278.0,-6444000.0,-2608000.0,-169090000.0,-179645000.0,-17344000.0,-371814000.0,-135019000.0,51691000.0,502062000.0,-1673000.0,142037000.0,142037000.0,142037000.0,0.0,2423000.0,0.05,2592973000.0,236694000.0,1382652000.0,0.122,1.587,11.89,12.068,5383555000.0,0.0,99.08,0.754,0.749,1486829000.0,,2829667000.0,2829667000.0,0.0,,,,,18047000.0,1432669000.0,1.0,86730241.0,86212000,86455000.0,32.822,7783860000.0,17482000.0,46323000.0,68782000.0,90.287,144395000.0
6,UHS,MRQ,2019-12-31,2019-12-31,2019-12-31,2021-08-07,31893000.0,11668250000.0,,1915934000.0,9752316000.0,,63.132,-153848000.0,61268000.0,61268000.0,0.0,248010000.0,1.225,1.106,4310645000.0,143992000.0,4166653000.0,4310645000.0,0.0,127656000.0,0.0,0.004,0.2,357483000.0,485139000.0,0.168,485139000.0,357483000.0,318324000.0,2.8,2.78,2.8,5504105000.0,,5504105000.0,16783346311.0,14.0,9.833,179509000.0,2.059,1.0,2896247000.0,1.0,3869760000.0,39159000.0,10484477000.0,,159889000.0,0.0,0.0,0.0,6089379000.0,1563390000.0,4525989000.0,12564552311.0,-49170000.0,-11860000.0,-179970000.0,35153000.0,-17447000.0,-164790000.0,-219955000.0,-54247000.0,333357000.0,2218000.0,245176000.0,245176000.0,245176000.0,0.0,2834000.0,0.085,2555268000.0,340979000.0,446957000.0,0.071,2.283,15.419,15.662,5343216000.0,0.0,143.46,1.104,1.119,1560847000.0,5471345000.0,2896247000.0,2896247000.0,0.0,,,,,17264000.0,1431640000.0,1.0,87582269.0,87184000,87603000.0,33.22,7798490000.0,16189000.0,73148000.0,99191000.0,89.449,352544000.0
7,UHS,MRQ,2019-09-30,2019-09-30,2019-09-30,2021-08-07,0.0,11594401000.0,,1930627000.0,9663774000.0,,61.275,-156327000.0,58905000.0,58905000.0,0.0,100870000.0,1.19,1.138,4277699000.0,133157000.0,4144542000.0,4277699000.0,0.0,121528000.0,0.0,0.003,0.2,175842000.0,297370000.0,0.105,297370000.0,175842000.0,134395000.0,1.1,1.1,1.1,5389215000.0,,5389215000.0,17582510371.0,16.0,11.118,276221000.0,3.141,1.0,2822453000.0,1.0,3827867000.0,41447000.0,10363559000.0,,156285000.0,0.0,0.0,0.0,6130456000.0,1621769000.0,4508687000.0,13162718371.0,-1864000.0,3150000.0,-90350000.0,-201658000.0,-17603000.0,-309848000.0,-123578000.0,29599000.0,432548000.0,-986000.0,97190000.0,97190000.0,97190000.0,0.0,3680000.0,0.034,2633524000.0,188929000.0,1343922000.0,0.182,2.442,18.087,18.455,5287737000.0,0.0,148.75,1.171,1.164,1544077000.0,,2822453000.0,2822453000.0,0.0,,,,,17491000.0,1408226000.0,1.0,88488863.0,87952000,88355000.0,32.091,7766534000.0,19199000.0,37205000.0,21783000.0,88.304,308858000.0
8,UHS,MRQ,2019-06-30,2019-06-30,2019-06-30,2021-08-07,0.0,11752650000.0,,1965032000.0,9787618000.0,,60.504,-154072000.0,61297000.0,61297000.0,0.0,241265000.0,1.272,1.166,4481089000.0,148280000.0,4332809000.0,4481089000.0,0.0,121168000.0,0.0,0.003,0.1,350350000.0,471518000.0,0.165,471518000.0,350350000.0,307863000.0,2.67,2.66,2.67,5393089000.0,,5393089000.0,15926799033.0,13.0,9.584,86688000.0,0.973,1.0,2855168000.0,1.0,3843429000.0,42487000.0,10784744000.0,,153574000.0,0.0,0.0,0.0,6288199000.0,1544269000.0,4743930000.0,11753359033.0,-875000.0,-15285000.0,-348319000.0,254423000.0,-8872000.0,-104104000.0,-136464000.0,32893000.0,240760000.0,-1067000.0,238320000.0,238320000.0,238320000.0,0.0,2945000.0,0.083,2509605000.0,345563000.0,1253760000.0,0.037,2.179,14.649,14.8,5276833000.0,0.0,130.39,1.062,1.051,1601352000.0,,2855168000.0,2855168000.0,0.0,,,,,17085000.0,1383481000.0,1.0,90140034.0,89136000,89235000.0,32.032,7909221000.0,15747000.0,69543000.0,38385000.0,88.732,420763000.0
9,UHS,MRQ,2019-03-31,2019-03-31,2019-03-31,2021-08-07,0.0,11721277000.0,,1960441000.0,9760836000.0,,60.395,-169848000.0,62726000.0,62726000.0,0.0,237398000.0,1.183,1.125,4236166000.0,128127000.0,4108039000.0,4236166000.0,0.0,120040000.0,0.0,0.003,0.1,332706000.0,452746000.0,0.161,452746000.0,332706000.0,293066000.0,2.57,2.57,2.57,5482415000.0,,5482415000.0,16037689810.0,14.0,9.809,261956000.0,2.886,1.0,2804391000.0,1.0,3856664000.0,39640000.0,10381287000.0,,149928000.0,0.0,0.0,0.0,6168966000.0,1656766000.0,4512200000.0,12144276810.0,-42109000.0,-10557000.0,-141059000.0,-105840000.0,-9081000.0,-266294000.0,-208413000.0,-28008000.0,431804000.0,794000.0,234168000.0,234168000.0,234168000.0,0.0,3230000.0,0.084,2463954000.0,340437000.0,1355717000.0,0.039,2.215,15.372,15.664,5256870000.0,0.0,133.77,1.115,1.115,1602405000.0,,2804391000.0,2804391000.0,0.0,,,,,17591000.0,1365546000.0,1.0,90784756.0,90776000,90967000.0,30.894,7864613000.0,5350000.0,58898000.0,80612000.0,86.638,303675000.0
10,UHS,MRQ,2018-12-31,2018-12-31,2018-12-31,2021-08-07,4242000.0,11265480000.0,,1937802000.0,9327678000.0,,58.46,-143613000.0,105220000.0,105220000.0,0.0,163622000.0,1.338,1.076,3998633000.0,63446000.0,3935187000.0,3998633000.0,0.0,118074000.0,0.0,0.003,0.1,241777000.0,359851000.0,0.131,359851000.0,241777000.0,201903000.0,1.72,1.71,1.72,5389262000.0,,5389262000.0,14725864964.0,13.0,9.066,181729000.0,1.971,1.0,2754496000.0,1.0,3844628000.0,39874000.0,9865527000.0,,148206000.0,0.0,0.0,0.0,5799687000.0,1448738000.0,4350949000.0,10783241964.0,21993000.0,-14725000.0,-133710000.0,-21680000.0,-9256000.0,-184011000.0,-118175000.0,40063000.0,325342000.0,-1163000.0,158075000.0,158075000.0,158075000.0,0.0,5547000.0,0.057,2494674000.0,259822000.0,445652000.0,0.058,2.001,13.83,13.959,4847940000.0,0.0,116.56,1.001,1.009,1509909000.0,5384106000.0,2754496000.0,2754496000.0,0.0,,,,,15936000.0,1331704000.0,1.0,92512371.0,92187000,92706000.0,29.879,7420852000.0,5280000.0,43828000.0,108307000.0,80.498,489064000.0
11,UHS,MRQ,2018-09-30,2018-09-30,2018-09-30,2021-08-07,0.0,11273585000.0,,1941253000.0,9332332000.0,,57.768,-151097000.0,83721000.0,83721000.0,0.0,174881000.0,1.092,1.088,4026344000.0,342425000.0,3683919000.0,4026344000.0,0.0,112286000.0,0.0,0.003,0.1,265438000.0,377724000.0,0.143,377724000.0,265438000.0,225932000.0,1.85,1.84,1.85,5363745000.0,,5363745000.0,15846877842.0,13.0,9.259,191340000.0,2.061,1.0,2648913000.0,1.0,3852851000.0,39506000.0,9585088000.0,,144471000.0,0.0,0.0,0.0,5834455000.0,1778269000.0,4056186000.0,11933299842.0,7266000.0,-88336000.0,-123694000.0,34401000.0,-9282000.0,-98924000.0,-235643000.0,3790000.0,342437000.0,-604000.0,171746000.0,171746000.0,171746000.0,0.0,3135000.0,0.065,2391749000.0,257164000.0,1435592000.0,0.054,2.225,14.185,14.3,4836619000.0,0.0,127.84,1.119,1.113,1543348000.0,,2648913000.0,2648913000.0,0.0,,,,,15929000.0,1316710000.0,1.0,93345587.0,92849000,93330000.0,28.529,7420734000.0,2944000.0,54186000.0,47017000.0,79.923,162984000.0
12,UHS,MRQ,2018-06-30,2018-06-30,2018-06-30,2021-08-07,0.0,11069417000.0,,1880527000.0,9188890000.0,,56.665,-181211000.0,76886000.0,76886000.0,0.0,230711000.0,1.299,1.068,3990464000.0,126302000.0,3864162000.0,3990464000.0,0.0,109582000.0,0.0,0.004,0.1,335111000.0,444693000.0,0.166,444693000.0,335111000.0,297111000.0,2.4,2.39,2.4,5317583000.0,,5317583000.0,14368954730.0,11.0,8.466,15848000.0,0.169,1.0,2681353000.0,1.0,3815203000.0,38000000.0,9720248000.0,,140797000.0,0.0,0.0,0.0,5679207000.0,1447544000.0,4231663000.0,10520672730.0,4210000.0,-8238000.0,-122929000.0,68206000.0,-9382000.0,-68556000.0,-121298000.0,68151000.0,197059000.0,-2995000.0,226052000.0,226052000.0,226052000.0,0.0,4659000.0,0.084,2356891000.0,324462000.0,1321049000.0,0.042,1.978,12.977,13.004,4753099000.0,0.0,111.44,0.997,0.991,1557298000.0,,2681353000.0,2681353000.0,0.0,,,,,15016000.0,1305974000.0,1.0,94406611.0,93842000,94281000.0,28.573,7254214000.0,2967000.0,71059000.0,49835000.0,77.302,432983000.0
13,UHS,MRQ,2018-03-31,2018-03-31,2018-03-31,2021-08-07,0.0,11023517000.0,,1884726000.0,9138791000.0,,55.353,-189041000.0,73053000.0,73053000.0,0.0,228669000.0,1.193,1.1,3921335000.0,126248000.0,3795087000.0,3921335000.0,0.0,113134000.0,0.0,0.003,0.1,328977000.0,442111000.0,0.165,442111000.0,328977000.0,291401000.0,2.37,2.36,2.37,5215646000.0,,5215646000.0,15128170469.0,12.0,8.947,220863000.0,2.344,1.0,2687516000.0,1.0,3843126000.0,37576000.0,9449096000.0,,137246000.0,0.0,0.0,0.0,5737495000.0,1579577000.0,4157918000.0,11162584469.0,-1081000.0,-37237000.0,-6896000.0,-120176000.0,-9422000.0,-140711000.0,-272131000.0,-45853000.0,409904000.0,1857000.0,223832000.0,223832000.0,223832000.0,0.0,4837000.0,0.083,2353702000.0,333814000.0,1366333000.0,0.042,2.14,14.495,14.619,4700552000.0,0.0,118.41,1.065,1.064,1569803000.0,,2687516000.0,2687516000.0,0.0,,,,,19700000.0,1300148000.0,1.0,94270623.0,94226000,94683000.0,28.522,7180391000.0,3072000.0,67569000.0,131846000.0,76.204,305149000.0
14,UHS,MRQ,2017-12-31,2017-12-31,2017-12-31,2021-08-07,7177000.0,10761828000.0,,1798002000.0,8963826000.0,,52.782,-138813000.0,74423000.0,74423000.0,0.0,225035000.0,0.973,1.144,4040009000.0,545619000.0,3494390000.0,4040009000.0,0.0,113756000.0,0.0,0.004,0.1,333318000.0,447074000.0,0.169,447074000.0,333318000.0,296532000.0,2.32,2.31,2.32,4989514000.0,,4989514000.0,14732986631.0,12.0,8.621,230055000.0,2.434,1.0,2642787000.0,1.0,3825157000.0,36786000.0,9054223000.0,,136177000.0,0.0,0.0,0.0,5710392000.0,1848034000.0,3862358000.0,10758257631.0,13218000.0,-13782000.0,-118914000.0,-1604000.0,-9435000.0,-138784000.0,-217028000.0,-64333000.0,368868000.0,162000.0,219609000.0,219609000.0,219609000.0,0.0,5426000.0,0.083,2304043000.0,338744000.0,441984000.0,0.043,2.156,14.3,14.421,4571837000.0,0.0,113.35,1.033,1.042,1500898000.0,4981395000.0,2642787000.0,2642787000.0,0.0,,,,,13900000.0,1254851000.0,1.0,94911845.0,94530000,94909000.0,27.957,6936671000.0,3007000.0,76923000.0,159096000.0,73.381,-50032000.0
15,UHS,MRQ,2017-09-30,2017-09-30,2017-09-30,2021-08-07,0.0,10639360000.0,,1755187000.0,8884173000.0,,51.08,-156241000.0,65424000.0,65424000.0,0.0,145362000.0,1.256,1.173,4040153000.0,112757000.0,3927396000.0,4040153000.0,0.0,110217000.0,0.0,0.004,0.1,253193000.0,363410000.0,0.143,363410000.0,253193000.0,216237000.0,1.48,1.47,1.48,4865212000.0,,4865212000.0,14660794420.0,12.0,8.731,188680000.0,1.981,1.0,2541864000.0,1.0,3821610000.0,36956000.0,9394982000.0,,135849000.0,0.0,0.0,0.0,5709150000.0,1397497000.0,4311653000.0,10612219420.0,-774000.0,-6953000.0,-92697000.0,-76327000.0,-9496000.0,-183048000.0,-163194000.0,0.0,344921000.0,547000.0,141245000.0,141245000.0,141245000.0,0.0,4117000.0,0.056,2284554000.0,257310000.0,1284740000.0,0.068,2.181,15.012,15.135,4516139000.0,0.0,110.94,1.036,1.032,1452018000.0,,2541864000.0,2541864000.0,0.0,,,,,13785000.0,1251528000.0,1.0,95657287.0,95246000,95977000.0,26.687,6817750000.0,1340000.0,74992000.0,78968000.0,71.58,357690000.0
16,UHS,MRQ,2017-06-30,2017-06-30,2017-06-30,2021-08-07,0.0,10552487000.0,,1763160000.0,8789327000.0,,50.005,-108658000.0,66446000.0,66446000.0,0.0,190388000.0,1.333,1.179,4115021000.0,126109000.0,3988912000.0,4115021000.0,0.0,113112000.0,0.0,0.003,0.1,325197000.0,438309000.0,0.168,438309000.0,325197000.0,289277000.0,1.93,1.91,1.93,4812854000.0,,4812854000.0,15639510922.0,12.0,9.245,-57971000.0,-0.602,1.0,2612356000.0,1.0,3803386000.0,35920000.0,9475447000.0,,130698000.0,0.0,0.0,0.0,5674660000.0,1322229000.0,4352431000.0,11803905922.0,3575000.0,-21226000.0,-115909000.0,214958000.0,-9618000.0,82119000.0,-129884000.0,0.0,50687000.0,653000.0,185394000.0,185394000.0,185394000.0,0.0,4994000.0,0.071,2282165000.0,330191000.0,1182396000.0,0.052,2.453,16.451,16.475,4441875000.0,0.0,122.08,1.167,1.162,1456999000.0,,2612356000.0,2612356000.0,0.0,,,,,13705000.0,1236294000.0,1.0,96689924.0,96247000,97042000.0,27.142,6749101000.0,1301000.0,103883000.0,87537000.0,70.123,440931000.0
17,UHS,MRQ,2017-03-31,2017-03-31,2017-03-31,2021-08-07,0.0,10448259000.0,,1732074000.0,8716185000.0,,49.034,-153794000.0,62974000.0,62974000.0,0.0,210527000.0,1.141,1.192,3898579000.0,126064000.0,3772515000.0,3898579000.0,0.0,110798000.0,0.0,0.003,0.1,349461000.0,460259000.0,0.176,460259000.0,349461000.0,313954000.0,2.13,2.12,2.13,4735962000.0,,4735962000.0,16123841920.0,13.0,9.608,329315000.0,3.41,1.0,2612858000.0,1.0,3787515000.0,35507000.0,8978922000.0,,126481000.0,0.0,0.0,0.0,5646938000.0,1517427000.0,4129511000.0,12021463920.0,29328000.0,-17832000.0,-26627000.0,-239033000.0,-9662000.0,-279440000.0,-174626000.0,0.0,483109000.0,285000.0,206055000.0,206055000.0,206055000.0,0.0,4472000.0,0.079,2258925000.0,353933000.0,1282540000.0,0.047,2.538,16.75,16.84,4396536000.0,0.0,124.45,1.211,1.211,1447802000.0,,2612858000.0,2612858000.0,0.0,,,,,15348000.0,1237964000.0,1.0,96596737.0,96585000,97372000.0,27.052,6660744000.0,1255000.0,107899000.0,184291000.0,68.963,214647000.0
18,UHS,MRQ,2016-12-31,2016-12-31,2016-12-31,2021-08-07,-25417000.0,10317802000.0,,1681371000.0,8636431000.0,,46.735,-123776000.0,33747000.0,33747000.0,0.0,178738000.0,1.276,1.262,4136125000.0,105895000.0,4030230000.0,4136125000.0,0.0,107436000.0,0.0,0.004,0.1,309700000.0,417136000.0,0.168,417136000.0,309700000.0,276818000.0,1.79,1.78,1.79,4533220000.0,,4533220000.0,13886028339.0,11.0,8.399,73554000.0,0.758,1.0,2475685000.0,1.0,3784106000.0,32882000.0,9318701000.0,,125365000.0,0.0,0.0,0.0,5720208000.0,1317373000.0,4402835000.0,10313603339.0,4152000.0,-499057000.0,-53079000.0,500588000.0,-9678000.0,429182000.0,-622833000.0,0.0,197330000.0,473000.0,174208000.0,174208000.0,174208000.0,0.0,4530000.0,0.07,2161455000.0,314230000.0,439672000.0,0.056,2.275,14.683,14.734,4330956000.0,0.0,106.38,1.056,1.059,1439553000.0,4557671000.0,2475685000.0,2475685000.0,0.0,,,,,20563000.0,1156729000.0,1.0,96950586.0,96998000,97915000.0,25.523,6533696000.0,1234000.0,102610000.0,158467000.0,67.359,363998000.0
19,UHS,MRQ,2016-09-30,2016-09-30,2016-09-30,2021-08-07,0.0,9673639000.0,,1587899000.0,8085740000.0,,45.251,-148448000.0,61744000.0,61744000.0,0.0,157265000.0,1.241,1.186,3634169000.0,91246000.0,3542923000.0,3634169000.0,0.0,103712000.0,0.0,0.003,0.1,272169000.0,375881000.0,0.156,375881000.0,272169000.0,240040000.0,1.56,1.54,1.56,4394703000.0,,4394703000.0,15536888315.0,13.0,9.455,151635000.0,1.561,1.0,2409872000.0,1.0,3615085000.0,32129000.0,8351500000.0,,121616000.0,0.0,0.0,0.0,5210523000.0,1279479000.0,3931044000.0,11998984315.0,5471000.0,-108696000.0,-56021000.0,32141000.0,-9713000.0,-36627000.0,-257144000.0,0.0,300083000.0,-841000.0,151865000.0,151865000.0,151865000.0,0.0,5400000.0,0.063,2132303000.0,277569000.0,1183125000.0,0.064,2.73,17.094,17.138,4028167000.0,0.0,123.22,1.249,1.246,1315827000.0,,2409872000.0,2409872000.0,0.0,,,,,12825000.0,1149729000.0,1.0,97378545.0,97118000,98321000.0,24.814,6058554000.0,2748000.0,88175000.0,87794000.0,62.383,308420000.0
20,UHS,MRQ,2016-06-30,2016-06-30,2016-06-30,2021-08-07,0.0,9540930000.0,,1606753000.0,7934177000.0,,44.311,-120501000.0,56273000.0,56273000.0,0.0,195449000.0,1.267,1.202,3594177000.0,94802000.0,3499375000.0,3594177000.0,0.0,101411000.0,0.0,0.003,0.1,323416000.0,424827000.0,0.175,424827000.0,323416000.0,292974000.0,1.91,1.89,1.91,4302978000.0,,4302978000.0,16239725366.0,13.0,9.971,240699000.0,2.479,1.0,2430855000.0,1.0,3585892000.0,30442000.0,8224908000.0,,117710000.0,0.0,0.0,0.0,5173003000.0,1268034000.0,3904969000.0,13013909366.0,1683000.0,-7982000.0,-66066000.0,331159000.0,-9727000.0,-229532000.0,-128483000.0,0.0,361200000.0,-1502000.0,185577000.0,185577000.0,185577000.0,0.0,9872000.0,0.076,2097567000.0,333288000.0,1169241000.0,0.052,3.024,18.581,18.755,3902473000.0,0.0,134.1,1.381,1.382,1344916000.0,,2430855000.0,2430855000.0,0.0,,,,,35734000.0,1130933000.0,1.0,97046304.0,97109000,98389000.0,25.032,5955038000.0,2849000.0,107397000.0,94242000.0,61.323,338719000.0
21,UHS,MRQ,2016-03-31,2016-03-31,2016-03-31,2021-08-07,0.0,9565009000.0,,1635438000.0,7929571000.0,,43.944,-127214000.0,54590000.0,54590000.0,0.0,215719000.0,0.97,1.216,3280406000.0,488262000.0,2792144000.0,3280406000.0,0.0,104049000.0,0.0,0.003,0.1,331364000.0,435413000.0,0.178,435413000.0,331364000.0,301764000.0,1.95,1.93,1.95,4289218000.0,,4289218000.0,15569876375.0,13.0,9.628,348015000.0,3.565,1.0,2449798000.0,1.0,3594901000.0,29600000.0,7510484000.0,,116725000.0,0.0,0.0,0.0,5213707000.0,1685440000.0,3528267000.0,12181079375.0,-6638000.0,-19543000.0,-168711000.0,-152271000.0,-9757000.0,-334190000.0,-146757000.0,0.0,475229000.0,-920000.0,190759000.0,190759000.0,190759000.0,0.0,24960000.0,0.078,2093474000.0,356324000.0,1147384000.0,0.051,2.84,17.477,17.616,3880552000.0,0.0,124.72,1.314,1.314,1374737000.0,,2449798000.0,2449798000.0,0.0,,,,,24206000.0,1148139000.0,1.0,97667410.0,97607000,98895000.0,25.099,5970108000.0,0.0,111005000.0,228741000.0,61.165,-50002000.0
22,UHS,MRQ,2015-12-31,2015-12-31,2015-12-31,2021-08-07,-23129000.0,9615444000.0,,1718304000.0,7897140000.0,,43.18,-109743000.0,61228000.0,61228000.0,0.0,191317000.0,1.562,1.249,3431356000.0,62722000.0,3368634000.0,3431356000.0,0.0,102921000.0,0.0,0.003,0.1,304224000.0,407145000.0,0.176,407145000.0,304224000.0,275581000.0,1.77,1.74,1.77,4249647000.0,,4249647000.0,14821797685.0,12.0,9.335,162020000.0,1.646,1.0,2315239000.0,1.0,3596114000.0,28643000.0,8289052000.0,,116037000.0,0.0,0.0,0.0,5306283000.0,1100406000.0,4205877000.0,11766483685.0,21705000.0,-353205000.0,-77509000.0,357305000.0,-9836000.0,213903000.0,-462948000.0,0.0,271763000.0,-1013000.0,173749000.0,173749000.0,173749000.0,0.0,17568000.0,0.075,1993447000.0,321792000.0,366238000.0,0.056,2.769,17.29,17.343,3835978000.0,0.0,119.49,1.301,1.305,1302429000.0,4271793000.0,2315239000.0,2315239000.0,0.0,,,,,57190000.0,1079394000.0,1.0,98472539.0,98416000,100043000.0,23.525,6019330000.0,135120000.0,101832000.0,380142000.0,61.162,617898000.0
23,UHS,MRQ,2015-09-30,2015-09-30,2015-09-30,2021-08-07,0.0,9206878000.0,,1696554000.0,7510324000.0,,41.808,-98998000.0,39523000.0,39523000.0,0.0,163654000.0,1.418,1.213,3094837000.0,84883000.0,3009954000.0,3094837000.0,0.0,99442000.0,0.0,0.003,0.1,261790000.0,361232000.0,0.162,361232000.0,261790000.0,234660000.0,1.52,1.48,1.52,4133099000.0,,4133099000.0,15351986277.0,13.0,9.696,165898000.0,1.678,1.0,2227655000.0,1.0,3388378000.0,27130000.0,7677618000.0,,112718000.0,0.0,0.0,0.0,5013162000.0,1196196000.0,3816966000.0,12359128277.0,-2941000.0,-145859000.0,-59714000.0,59387000.0,-9892000.0,-22091000.0,-244857000.0,0.0,264896000.0,-889000.0,150287000.0,150287000.0,150287000.0,0.0,13367000.0,0.067,1952498000.0,275157000.0,1102616000.0,0.066,2.99,18.187,18.167,3776092000.0,0.0,124.81,1.388,1.386,1328300000.0,,2227655000.0,2227655000.0,0.0,,,,,9671000.0,1057226000.0,1.0,99023542.0,98858000,101159000.0,22.534,5818500000.0,134554000.0,84373000.0,273055000.0,58.857,500358000.0
24,UHS,MRQ,2015-06-30,2015-06-30,2015-06-30,2021-08-07,0.0,9078559000.0,,1708959000.0,7369600000.0,,41.026,-81304000.0,42464000.0,42464000.0,0.0,201404000.0,1.431,1.22,3035322000.0,73807000.0,2961515000.0,3035322000.0,0.0,97257000.0,0.0,0.003,0.1,316181000.0,413438000.0,0.182,413438000.0,316181000.0,288497000.0,1.84,1.8,1.84,4061756000.0,,4061756000.0,17185028838.0,16.0,11.619,179024000.0,1.808,1.0,2275204000.0,1.0,3316945000.0,27684000.0,7560161000.0,,109117000.0,0.0,0.0,0.0,4956749000.0,1194311000.0,3762438000.0,14079512838.0,7386000.0,0.0,-37119000.0,-112387000.0,-9905000.0,-172397000.0,-81304000.0,0.0,260328000.0,759000.0,182193000.0,182193000.0,182193000.0,0.0,19211000.0,0.08,1939812000.0,335392000.0,1096081000.0,0.054,3.466,23.003,22.956,3686037000.0,0.0,142.1,1.615,1.614,1360973000.0,,2275204000.0,2275204000.0,0.0,,,,,9645000.0,1044064000.0,1.0,99081723.0,99004000,100927000.0,22.981,5761614000.0,124857000.0,106304000.0,295532000.0,58.196,514648000.0
25,UHS,MRQ,2015-03-31,2015-03-31,2015-03-31,2021-08-07,0.0,9084355000.0,,1717237000.0,7367118000.0,,39.5,-89276000.0,35078000.0,35078000.0,0.0,194323000.0,1.368,1.31,3140594000.0,89023000.0,3051571000.0,3140594000.0,0.0,98998000.0,0.0,0.003,0.1,307030000.0,406028000.0,0.182,406028000.0,307030000.0,276993000.0,1.76,1.73,1.76,3906963000.0,,3906963000.0,14893198671.0,14.0,10.38,181999000.0,1.84,1.0,2225353000.0,1.0,3297436000.0,30037000.0,7637163000.0,,108269000.0,0.0,0.0,0.0,5119965000.0,1255272000.0,3864693000.0,11646733671.0,3009000.0,-34500000.0,-26999000.0,-138071000.0,-9899000.0,-144024000.0,-123776000.0,0.0,271275000.0,-466000.0,174299000.0,174299000.0,174299000.0,0.0,20024000.0,0.078,1898299000.0,327054000.0,1101143000.0,0.057,2.981,20.027,20.019,3690780000.0,0.0,117.71,1.371,1.371,1383964000.0,,2225353000.0,2225353000.0,0.0,,,,,10829000.0,1031703000.0,1.0,98944301.0,98910000,100647000.0,22.499,5786919000.0,109402000.0,102694000.0,345768000.0,58.507,461965000.0
26,UHS,MRQ,2014-12-31,2014-12-31,2014-12-31,2021-08-07,-25232000.0,8974443000.0,,1615138000.0,7359305000.0,,37.81,-81789000.0,32069000.0,32069000.0,0.0,190492000.0,1.365,1.387,3278534000.0,68319000.0,3210215000.0,3278534000.0,0.0,98118000.0,0.0,0.003,0.1,304591000.0,402709000.0,0.185,402709000.0,304591000.0,273366000.0,1.75,1.71,1.75,3735946000.0,,3735946000.0,14426505528.0,14.0,10.459,264533000.0,2.677,1.0,2176291000.0,1.0,3291213000.0,31225000.0,7746868000.0,,108115000.0,0.0,0.0,0.0,5183363000.0,1182827000.0,4000536000.0,11011398528.0,-7642000.0,-54469000.0,-35501000.0,-176386000.0,-9871000.0,-228257000.0,-125054000.0,0.0,346322000.0,-653000.0,172797000.0,172797000.0,172797000.0,0.0,17695000.0,0.079,1854005000.0,322286000.0,336447000.0,0.057,2.947,20.192,20.156,3679689000.0,0.0,111.26,1.342,1.34,1282735000.0,3760191000.0,2176291000.0,2176291000.0,0.0,,,,,8379000.0,994593000.0,1.0,98969967.0,98808000,100751000.0,22.025,5683230000.0,114565000.0,100569000.0,395779000.0,57.518,432311000.0
27,UHS,MRQ,2014-09-30,2014-09-30,2014-09-30,2021-08-07,0.0,8961592000.0,,1622094000.0,7339498000.0,,36.377,-122575000.0,39711000.0,39711000.0,0.0,96038000.0,1.392,1.472,3454818000.0,81477000.0,3373341000.0,3454818000.0,0.0,93456000.0,0.0,0.002,0.1,163370000.0,256826000.0,0.126,256826000.0,163370000.0,131237000.0,0.84,0.82,0.84,3603204000.0,,3603204000.0,13495501302.0,14.0,10.387,108563000.0,1.096,1.0,2038717000.0,1.0,3296358000.0,32133000.0,7914877000.0,,104390000.0,0.0,0.0,0.0,5304266000.0,1165464000.0,4138802000.0,10362236302.0,24979000.0,-327677000.0,-25899000.0,306383000.0,-9910000.0,247020000.0,-453057000.0,0.0,231138000.0,-122000.0,82797000.0,82797000.0,82797000.0,0.0,13241000.0,0.041,1825935000.0,212782000.0,1083987000.0,0.119,2.876,20.847,20.734,3648974000.0,0.0,104.5,1.309,1.308,1239478000.0,,2038717000.0,2038717000.0,0.0,,,,,7768000.0,953583000.0,1.0,99160156.0,99052000,101033000.0,20.582,5665234000.0,95204000.0,48440000.0,253191000.0,57.195,456630000.0
28,UHS,MRQ,2014-06-30,2014-06-30,2014-06-30,2021-08-07,0.0,8548072000.0,,1529881000.0,7018191000.0,,35.866,-94399000.0,14732000.0,14732000.0,0.0,166614000.0,1.371,1.396,3147997000.0,77686000.0,3070311000.0,3147997000.0,0.0,90691000.0,0.0,0.002,0.05,278489000.0,369180000.0,0.18,369180000.0,278489000.0,243402000.0,1.53,1.51,1.53,3546134000.0,,3546134000.0,12656146412.0,13.0,9.405,169378000.0,1.713,1.0,2051766000.0,1.0,3089172000.0,35087000.0,7476292000.0,,104280000.0,0.0,0.0,0.0,4948764000.0,1115873000.0,3832891000.0,9459608412.0,-1529000.0,-67699000.0,-19938000.0,-81972000.0,-4951000.0,-101313000.0,-163993000.0,0.0,263777000.0,0.0,151671000.0,151671000.0,151671000.0,0.0,14943000.0,0.074,1758334000.0,293432000.0,1038187000.0,0.033,2.668,17.887,17.832,3514679000.0,0.0,95.76,1.23,1.231,1186012000.0,,2051766000.0,2051766000.0,0.0,,,,,7793000.0,961920000.0,1.0,98784549.0,98872000,100235000.0,20.752,5458900000.0,107359000.0,91731000.0,254573000.0,55.212,414008000.0
29,UHS,MRQ,2014-03-31,2014-03-31,2014-03-31,2021-08-07,0.0,8431385000.0,,1543113000.0,6888272000.0,,34.413,-92387000.0,16261000.0,16261000.0,0.0,151852000.0,1.39,1.47,3212799000.0,103641000.0,3109158000.0,3212799000.0,0.0,93359000.0,0.0,0.002,0.05,257202000.0,350561000.0,0.181,350561000.0,257202000.0,222009000.0,1.4,1.38,1.4,3392119000.0,,3392119000.0,11384818529.0,11.0,8.456,102252000.0,1.037,1.0,1938314000.0,1.0,3053666000.0,35193000.0,7463809000.0,,102276000.0,0.0,0.0,0.0,4987230000.0,1110448000.0,3876782000.0,8092982529.0,-977000.0,8149000.0,-12548000.0,-97154000.0,-4933000.0,-104874000.0,-90742000.0,0.0,194639000.0,0.0,138078000.0,138078000.0,138078000.0,0.0,13774000.0,0.071,1667338000.0,270976000.0,954902000.0,0.036,2.386,15.298,15.226,3468172000.0,0.0,82.07,1.083,1.082,1212594000.0,,1938314000.0,1938314000.0,0.0,,,,,7152000.0,935365000.0,1.0,98610729.0,98572000,100157000.0,19.664,5377719000.0,114297000.0,83931000.0,309249000.0,54.556,432665000.0
30,UHS,MRQ,2013-12-31,2013-12-31,2013-12-31,2021-08-07,-24810000.0,8311723000.0,,1432329000.0,6879394000.0,,33.083,-78742000.0,17238000.0,17238000.0,0.0,133186000.0,1.351,1.542,3309074000.0,99312000.0,3209762000.0,3309074000.0,0.0,88708000.0,0.0,0.002,0.05,233936000.0,322644000.0,0.171,322644000.0,233936000.0,198293000.0,1.27,1.25,1.27,3249979000.0,,3249979000.0,11473188796.0,12.0,8.761,229576000.0,2.337,1.0,1884897000.0,1.0,3049016000.0,35643000.0,7494655000.0,,101781000.0,0.0,0.0,0.0,5011494000.0,1059888000.0,3951606000.0,7985383796.0,5116000.0,-10952000.0,-3403000.0,-191732000.0,-4915000.0,-206050000.0,-97152000.0,0.0,308318000.0,0.0,124521000.0,124521000.0,124521000.0,0.0,8665000.0,0.066,1642296000.0,242601000.0,276911000.0,0.039,2.457,15.635,15.597,3442169000.0,0.0,81.26,1.084,1.081,1116961000.0,3273806000.0,1884897000.0,1884897000.0,0.0,,,,,7711000.0,901778000.0,1.0,98269552.0,98237000,100075000.0,19.187,5262707000.0,119903000.0,73772000.0,305748000.0,53.572,372441000.0
31,UHS,MRQ,2013-09-30,2013-09-30,2013-09-30,2021-08-07,0.0,8351743000.0,,1503280000.0,6848463000.0,,31.694,-103807000.0,12122000.0,12122000.0,0.0,123099000.0,1.468,1.668,3499927000.0,88292000.0,3411635000.0,3499927000.0,0.0,86971000.0,0.0,0.008,0.05,216374000.0,303345000.0,0.167,303345000.0,216374000.0,184060000.0,1.17,1.15,1.17,3110778000.0,,3110778000.0,10897755202.0,11.0,8.192,81199000.0,0.827,1.0,1816369000.0,1.0,3039169000.0,32314000.0,7776062000.0,,101249000.0,0.0,0.0,0.0,5189272000.0,1024317000.0,4164955000.0,7363628202.0,-436000.0,3110000.0,548000.0,-47635000.0,-4911000.0,-75788000.0,-109654000.0,0.0,185006000.0,0.0,114587000.0,114587000.0,114587000.0,0.0,8512000.0,0.063,1591483000.0,224886000.0,926768000.0,0.043,2.367,14.115,14.043,3424901000.0,0.0,74.99,1.016,1.016,1166514000.0,,1816369000.0,1816369000.0,0.0,,,,,6493000.0,903212000.0,1.0,98194802.0,98151000,99587000.0,18.506,5312574000.0,132624000.0,69473000.0,224283000.0,54.127,478963000.0
32,UHS,MRQ,2013-06-30,2013-06-30,2013-06-30,2021-08-07,0.0,8317253000.0,,1483980000.0,6833273000.0,,30.515,-80025000.0,12558000.0,12558000.0,0.0,167803000.0,1.414,1.763,3546685000.0,73579000.0,3473106000.0,3546685000.0,0.0,81754000.0,0.0,0.009,0.05,288092000.0,369846000.0,0.202,369846000.0,288092000.0,249856000.0,1.55,1.53,1.55,2991457000.0,,2991457000.0,10216248439.0,11.0,8.076,132395000.0,1.351,1.0,1834975000.0,1.0,3041346000.0,38236000.0,7760884000.0,,100324000.0,0.0,0.0,0.0,5273439000.0,1049150000.0,4224289000.0,6563169439.0,-4837000.0,26031000.0,-5843000.0,-124670000.0,-4925000.0,-146279000.0,-70978000.0,0.0,212420000.0,0.0,151841000.0,151841000.0,151841000.0,0.0,15962000.0,0.083,1530921000.0,304054000.0,958952000.0,0.032,2.194,13.705,13.637,3403405000.0,0.0,66.96,0.923,0.923,1149477000.0,,1834975000.0,1834975000.0,0.0,,,,,6468000.0,897334000.0,1.0,98016270.0,98033000,99211000.0,18.718,5275907000.0,134888000.0,98015000.0,223437000.0,53.818,434830000.0
33,UHS,MRQ,2013-03-31,2013-03-31,2013-03-31,2021-08-07,0.0,8316508000.0,,1501351000.0,6815157000.0,,29.013,-95919000.0,17395000.0,17395000.0,0.0,129935000.0,1.557,1.915,3670474000.0,1712000.0,3668762000.0,3670474000.0,0.0,79923000.0,0.0,0.009,0.05,233771000.0,313694000.0,0.171,313694000.0,233771000.0,193833000.0,1.23,1.21,1.23,2834907000.0,,2834907000.0,9948538488.0,11.0,8.357,82578000.0,0.845,1.0,1831632000.0,1.0,3041326000.0,39938000.0,7964192000.0,,98974000.0,0.0,0.0,0.0,5429853000.0,964069000.0,4465784000.0,6241989488.0,-6076000.0,6657000.0,-12795000.0,-60426000.0,-4870000.0,-78899000.0,-105674000.0,0.0,178497000.0,0.0,119784000.0,119784000.0,119784000.0,0.0,10151000.0,0.065,1587710000.0,243922000.0,886434000.0,0.041,2.202,14.362,14.289,3395786000.0,0.0,63.87,0.892,0.892,1149402000.0,,1831632000.0,1831632000.0,0.0,,,,,7111000.0,902296000.0,1.0,97729599.0,97711000,98571000.0,18.745,5275182000.0,120691000.0,74049000.0,257662000.0,53.988,537282000.0
34,UHS,MRQ,2012-12-31,2012-12-31,2012-12-31,2021-08-07,-44154000.0,8200843000.0,,1407496000.0,6793347000.0,,27.921,-81001000.0,23471000.0,23471000.0,0.0,147660000.0,1.574,2.003,3730020000.0,2589000.0,3727431000.0,3730020000.0,0.0,81049000.0,0.0,0.012,0.45,262310000.0,343359000.0,0.195,343359000.0,262310000.0,221197000.0,1.39,1.38,1.39,2713345000.0,,2713345000.0,8117717795.0,9.0,6.733,183224000.0,1.885,1.0,1764927000.0,1.0,3036765000.0,41113000.0,7976569000.0,,99000000.0,0.0,0.0,0.0,5434894000.0,894058000.0,4540836000.0,4699908795.0,-2181000.0,-409638000.0,-7871000.0,285682000.0,-43876000.0,236741000.0,-503147000.0,0.0,264225000.0,0.0,135461000.0,135461000.0,135461000.0,0.0,12199000.0,0.077,1490418000.0,274509000.0,247033000.0,0.324,1.732,10.599,10.58,3382235000.0,0.0,48.35,0.675,0.672,1067197000.0,2756523000.0,1764927000.0,1764927000.0,0.0,,,,,6329000.0,875865000.0,1.0,97205973.0,97181000,97711000.0,18.161,5164078000.0,104461000.0,85736000.0,234638000.0,53.139,513438000.0
35,UHS,MRQ,2012-09-30,2012-09-30,2012-09-30,2021-08-07,0.0,7781066000.0,,1488424000.0,6292642000.0,,26.945,-99840000.0,25652000.0,25652000.0,0.0,81373000.0,1.775,1.962,3443461000.0,2499000.0,3440962000.0,3443461000.0,0.0,78938000.0,0.0,0.004,0.05,159156000.0,238094000.0,0.142,238094000.0,159156000.0,113949000.0,0.74,0.73,0.74,2608782000.0,,2608782000.0,7859206013.0,9.0,6.929,62304000.0,0.644,1.0,1680353000.0,1.0,2594740000.0,45207000.0,7765787000.0,,97013000.0,0.0,0.0,0.0,5117593000.0,838348000.0,4279245000.0,4431141013.0,-7289000.0,-10883000.0,-5496000.0,-26143000.0,-4846000.0,-44864000.0,-124569000.0,0.0,162144000.0,0.0,71817000.0,71817000.0,71817000.0,0.0,9556000.0,0.043,1482471000.0,197882000.0,810963000.0,0.068,1.699,10.988,10.966,3316076000.0,0.0,45.73,0.646,0.645,1042535000.0,,1680353000.0,1680353000.0,0.0,,,,,5193000.0,838075000.0,1.0,96897901.0,96817000,97611000.0,17.356,5186326000.0,123131000.0,42132000.0,202466000.0,53.568,650076000.0
36,UHS,MRQ,2012-06-30,2012-06-30,2012-06-30,2021-08-07,0.0,7758648000.0,,1456446000.0,6302202000.0,,26.237,-89788000.0,32941000.0,32941000.0,0.0,117444000.0,1.648,2.038,3461006000.0,2497000.0,3458509000.0,3461006000.0,0.0,74883000.0,0.0,0.005,0.05,220449000.0,295332000.0,0.171,295332000.0,220449000.0,174561000.0,1.11,1.1,1.11,2536884000.0,,2536884000.0,7721188780.0,9.0,6.673,155851000.0,1.612,1.0,1723083000.0,1.0,2610637000.0,45888000.0,7692464000.0,,96882000.0,0.0,0.0,0.0,5168989000.0,883612000.0,4285377000.0,4178831780.0,-9058000.0,-11476000.0,649000.0,-124744000.0,-4841000.0,-139926000.0,-114771000.0,0.0,245639000.0,0.0,107561000.0,107561000.0,107561000.0,0.0,9883000.0,0.062,1492751000.0,230332000.0,852256000.0,0.045,1.647,10.033,10.037,3296915000.0,0.0,43.16,0.611,0.61,1019929000.0,,1723083000.0,1723083000.0,0.0,,,,,5510000.0,854863000.0,1.0,96821867.0,96691000,97729000.0,17.821,5148011000.0,122795000.0,67000000.0,219296000.0,53.242,572834000.0
37,UHS,MRQ,2012-03-31,2012-03-31,2012-03-31,2021-08-07,0.0,7783281000.0,,1463145000.0,6320136000.0,,25.129,-92563000.0,41999000.0,41999000.0,0.0,142570000.0,1.64,2.185,3584356000.0,2512000.0,3581844000.0,3584356000.0,0.0,73820000.0,0.0,0.005,0.05,255065000.0,328885000.0,0.183,328885000.0,255065000.0,208355000.0,1.33,1.31,1.33,2427312000.0,,2427312000.0,7666704930.0,9.0,6.638,34660000.0,0.359,1.0,1793036000.0,1.0,2629765000.0,46710000.0,7803883000.0,,96974000.0,0.0,0.0,0.0,5304478000.0,891990000.0,4412488000.0,4054026930.0,770000.0,53461000.0,-1001000.0,-70942000.0,-4832000.0,-79350000.0,-47103000.0,0.0,127223000.0,0.0,128607000.0,128607000.0,128607000.0,0.0,13963000.0,0.072,1524008000.0,269028000.0,814173000.0,0.038,1.67,9.826,9.861,3304236000.0,0.0,41.91,0.593,0.592,1116634000.0,,1793036000.0,1793036000.0,0.0,,,,,5486000.0,872114000.0,1.0,96731733.0,96593000,97791000.0,18.563,5153516000.0,115916000.0,79748000.0,273950000.0,53.353,571155000.0
38,UHS,MRQ,2011-12-31,2011-12-31,2011-12-31,2021-08-07,-51175000.0,7665245000.0,,1364905000.0,6300340000.0,,23.807,-90278000.0,41229000.0,41229000.0,0.0,108007000.0,1.631,2.316,3653907000.0,2479000.0,3651428000.0,3653907000.0,0.0,75653000.0,0.0,0.005,0.05,196214000.0,271867000.0,0.163,271867000.0,196214000.0,150099000.0,0.99,0.98,0.99,2296352000.0,,2296352000.0,7399958750.0,9.0,6.478,57903000.0,0.6,1.0,1662996000.0,1.0,2627602000.0,46115000.0,7813388000.0,,96775000.0,0.0,0.0,0.0,5318127000.0,836933000.0,4481194000.0,3751364750.0,2082000.0,23043000.0,-14767000.0,-51878000.0,-4828000.0,-68489000.0,-77610000.0,0.0,148181000.0,0.0,95271000.0,95271000.0,95271000.0,0.0,12736000.0,0.057,1454046000.0,208950000.0,228043000.0,0.051,1.634,9.422,9.501,3287980000.0,0.0,38.86,0.555,0.559,969802000.0,2346561000.0,1662996000.0,1662996000.0,0.0,,,,,4791000.0,833808000.0,1.0,96535377.0,96455000,97424000.0,17.241,5037643000.0,108324000.0,54828000.0,254951000.0,52.228,527972000.0
39,UHS,MRQ,2011-09-30,2011-09-30,2011-09-30,2021-08-07,0.0,7605931000.0,,1371949000.0,6233982000.0,,22.807,-79164000.0,39147000.0,39147000.0,0.0,94842000.0,1.647,2.403,3687741000.0,2511000.0,3685230000.0,3687741000.0,0.0,75259000.0,0.0,0.006,0.05,185740000.0,260999000.0,0.157,260999000.0,185740000.0,137288000.0,0.87,0.86,0.87,2221382000.0,,2221382000.0,7042988278.0,9.0,6.718,127562000.0,1.31,1.0,1662675000.0,1.0,2605951000.0,48452000.0,7815680000.0,,95777000.0,0.0,0.0,0.0,5336911000.0,832894000.0,4504017000.0,3324335278.0,4331000.0,13042000.0,-37181000.0,-66973000.0,-4875000.0,-119815000.0,-82580000.0,0.0,206726000.0,0.0,85054000.0,85054000.0,85054000.0,0.0,9788000.0,0.051,1467147000.0,195528000.0,796041000.0,0.057,1.497,9.775,9.77,3250631000.0,0.0,34.0,0.552,0.55,945193000.0,,1662675000.0,1662675000.0,0.0,,,,,4769000.0,828606000.0,1.0,97774567.0,97397000,98598000.0,17.071,4999980000.0,103031000.0,52234000.0,208692000.0,51.336,539055000.0
40,UHS,MRQ,2011-06-30,2011-06-30,2011-06-30,2021-08-07,0.0,7565753000.0,,1368106000.0,6197647000.0,,22.407,-59682000.0,34816000.0,34816000.0,0.0,116034000.0,1.744,2.439,3753469000.0,2541000.0,3750928000.0,3753469000.0,0.0,73423000.0,0.0,0.004,0.05,219852000.0,293275000.0,0.171,293275000.0,219852000.0,170044000.0,1.06,1.04,1.06,2186107000.0,,2186107000.0,8834977935.0,13.0,9.424,112917000.0,1.157,1.0,1714464000.0,1.0,2607283000.0,49808000.0,7892588000.0,,95550000.0,0.0,0.0,0.0,5332587000.0,784535000.0,4548052000.0,5033161935.0,-17260000.0,1050000.0,-1836000.0,-101663000.0,-4887000.0,-127956000.0,-61903000.0,0.0,172599000.0,0.0,103649000.0,103649000.0,103649000.0,0.0,12385000.0,0.06,1482227000.0,232237000.0,768997000.0,0.047,2.302,16.203,16.204,3218343000.0,0.0,51.53,0.885,0.884,913742000.0,,1714464000.0,1714464000.0,0.0,,,,,4711000.0,836559000.0,1.0,97674402.0,97563000,99258000.0,17.573,4958470000.0,121441000.0,66395000.0,188691000.0,50.823,583571000.0
41,UHS,MRQ,2011-03-31,2011-03-31,2011-03-31,2021-08-07,0.0,7613074000.0,,1401184000.0,6211890000.0,,21.507,-56558000.0,52076000.0,52076000.0,0.0,129987000.0,1.674,2.614,3853892000.0,3033000.0,3850859000.0,3853892000.0,0.0,71526000.0,0.0,0.004,0.05,244619000.0,316145000.0,0.18,316145000.0,244619000.0,188202000.0,1.17,1.15,1.17,2094393000.0,,2094393000.0,8702274257.0,15.0,10.65,126619000.0,1.3,1.0,1757412000.0,1.0,2596292000.0,56417000.0,7981416000.0,,95129000.0,0.0,0.0,0.0,5473971000.0,837182000.0,4636789000.0,4816197257.0,22602000.0,991000.0,-1919000.0,-62903000.0,-4876000.0,-96863000.0,-63712000.0,0.0,183177000.0,0.0,114193000.0,114193000.0,114193000.0,0.0,15794000.0,0.065,1496999000.0,260413000.0,821413000.0,0.043,2.3,17.67,17.646,3239802000.0,0.0,49.41,0.907,0.906,940803000.0,,1757412000.0,1757412000.0,0.0,,,,,3954000.0,845864000.0,1.0,97474140.0,97381000,98868000.0,18.047,5016782000.0,118671000.0,74009000.0,194422000.0,51.517,564002000.0
42,UHS,MRQ,2010-12-31,2010-12-31,2010-12-31,2021-08-07,-20139000.0,7527936000.0,,1331116000.0,6196820000.0,,20.373,-61524000.0,29474000.0,29474000.0,0.0,50816000.0,1.611,2.782,3915551000.0,3449000.0,3912102000.0,3915551000.0,0.0,60931000.0,0.0,0.005,0.05,117099000.0,178030000.0,0.2,178030000.0,117099000.0,75614000.0,0.38,0.38,0.38,1978772000.0,,1978772000.0,4973303304.0,11.0,7.27,27005000.0,0.278,1.0,891415000.0,1.0,2589914000.0,41485000.0,7997800000.0,,94330000.0,0.0,0.0,0.0,5504165000.0,826299000.0,4677866000.0,4223308304.0,19845000.0,-1701326000.0,-9175000.0,1818660000.0,-4867000.0,1698921000.0,-1767605000.0,0.0,88529000.0,0.0,37182000.0,37182000.0,37182000.0,0.0,13634000.0,0.042,760682000.0,130733000.0,252487000.0,0.132,2.134,18.348,18.321,3252967000.0,0.0,43.42,0.862,0.858,837820000.0,1997940000.0,891415000.0,891415000.0,0.0,,,,,4121000.0,648163000.0,1.0,97266428.0,97125000,98453000.0,9.178,4938022000.0,120834000.0,38432000.0,208529000.0,50.842,504817000.0
43,UHS,MRQ,2010-09-30,2010-09-30,2010-09-30,2021-08-07,0.0,4267714000.0,,1078903000.0,3188811000.0,,20.083,-56110000.0,266601000.0,266601000.0,0.0,65802000.0,1.065,1.173,1016596000.0,401673000.0,614923000.0,1016596000.0,0.0,55530000.0,0.0,0.005,0.05,94492000.0,150022000.0,0.113,150022000.0,94492000.0,83014000.0,0.57,0.57,0.57,1943572000.0,,1943572000.0,4648677152.0,10.0,6.96,128981000.0,1.333,1.0,1323264000.0,1.0,732340000.0,11478000.0,3271943000.0,,84708000.0,0.0,0.0,0.0,2279577000.0,1013426000.0,1266151000.0,3777638152.0,-2708000.0,-240512000.0,1111000.0,133374000.0,-4862000.0,113685000.0,-301484000.0,0.0,185091000.0,0.0,55610000.0,55610000.0,55610000.0,0.0,10192000.0,0.042,1218580000.0,104684000.0,611753000.0,0.088,1.944,14.88,14.889,2317480000.0,0.0,38.86,0.713,0.71,609083000.0,,1323264000.0,1323264000.0,0.0,,,,,4351000.0,572742000.0,1.0,97211481.0,96777000,97935000.0,13.673,3535374000.0,66420000.0,27404000.0,94913000.0,36.531,65477000.0
44,UHS,MRQ,2010-06-30,2010-06-30,2010-06-30,2021-08-07,0.0,3989757000.0,,822219000.0,3167538000.0,,19.517,-59064000.0,12337000.0,12337000.0,0.0,76415000.0,1.473,1.091,883376000.0,2032000.0,881344000.0,883376000.0,0.0,54025000.0,0.0,0.005,0.05,118906000.0,172931000.0,0.129,172931000.0,118906000.0,106629000.0,0.68,0.67,0.68,1887365000.0,,1887365000.0,4591286155.0,10.0,6.925,29201000.0,0.302,1.0,1338315000.0,1.0,732754000.0,12277000.0,3569918000.0,,84683000.0,0.0,0.0,0.0,2059627000.0,558124000.0,1501503000.0,3705010155.0,5472000.0,2106000.0,660000.0,-9611000.0,-4859000.0,-21223000.0,-61570000.0,0.0,88265000.0,0.0,65572000.0,65572000.0,65572000.0,0.0,10843000.0,0.049,1208566000.0,129749000.0,552794000.0,0.074,1.963,14.86,14.902,2307617000.0,0.0,38.15,0.703,0.7,618855000.0,,1338315000.0,1338315000.0,0.0,,,,,4262000.0,563552000.0,1.0,97116911.0,96703000,98054000.0,13.839,3257003000.0,51109000.0,41057000.0,71684000.0,33.68,264095000.0
45,UHS,MRQ,2010-03-31,2010-03-31,2010-03-31,2021-08-07,0.0,3999311000.0,,837856000.0,3161455000.0,,18.871,-62576000.0,6865000.0,6865000.0,0.0,82762000.0,1.373,1.061,893141000.0,1526000.0,891615000.0,893141000.0,0.0,53511000.0,0.0,0.005,0.05,129605000.0,183116000.0,0.136,183116000.0,129605000.0,117228000.0,0.74,0.73,0.74,1821755000.0,,1821755000.0,4352757457.0,9.0,6.298,76883000.0,0.796,1.0,1347153000.0,1.0,733626000.0,12377000.0,3541691000.0,,83822000.0,0.0,0.0,0.0,1932757000.0,610270000.0,1322487000.0,3402935457.0,-2315000.0,2894000.0,-530000.0,-68363000.0,-4834000.0,-78350000.0,-63424000.0,0.0,139459000.0,0.0,71819000.0,71819000.0,71819000.0,0.0,10943000.0,0.053,1206605000.0,140548000.0,583028000.0,0.068,1.868,12.858,12.996,2303488000.0,0.0,35.09,0.65,0.647,648831000.0,,1347153000.0,1347153000.0,0.0,,,,,4065000.0,578926000.0,1.0,96977357.0,96539000,97450000.0,13.954,3265685000.0,39895000.0,45409000.0,88841000.0,33.828,227586000.0
46,UHS,MRQ,2009-12-31,2009-12-31,2009-12-31,2021-08-07,-21253000.0,3964463000.0,,796197000.0,3168266000.0,,17.998,-100923000.0,9180000.0,9180000.0,0.0,69182000.0,1.366,1.24,959002000.0,2573000.0,956429000.0,959002000.0,0.0,51279000.0,0.0,0.006,0.05,110545000.0,161824000.0,0.125,161824000.0,110545000.0,100032000.0,0.62,0.62,0.62,1751071000.0,,1751071000.0,3842780997.0,8.0,5.64,-43936000.0,-0.452,1.0,1291211000.0,1.0,732685000.0,10513000.0,3598783000.0,,84272000.0,0.0,0.0,0.0,2172069000.0,582817000.0,1589252000.0,3001222997.0,-4450000.0,5459000.0,-46099000.0,103244000.0,-4885000.0,41984000.0,-103421000.0,0.0,56987000.0,0.0,60865000.0,60865000.0,60865000.0,0.0,8317000.0,0.047,1172349000.0,118862000.0,194969000.0,0.081,1.714,11.527,11.509,2315238000.0,0.0,30.5,0.577,0.573,602559000.0,1771354000.0,1291211000.0,1291211000.0,0.0,,,,,3405000.0,562931000.0,1.0,98400754.0,97290000,98080000.0,13.272,3231778000.0,51336000.0,39167000.0,85332000.0,33.218,213380000.0
47,UHS,MRQ,2009-09-30,2009-09-30,2009-09-30,2021-08-07,0.0,3901509000.0,,794990000.0,3106519000.0,,17.675,-95577000.0,13630000.0,13630000.0,0.0,59054000.0,1.258,1.119,855188000.0,2918000.0,852270000.0,855188000.0,0.0,51205000.0,0.0,0.005,0.04,93897000.0,145102000.0,0.112,145102000.0,93897000.0,83117000.0,0.52,0.52,0.52,1728194000.0,,1728194000.0,3951648030.0,9.0,6.004,87859000.0,0.899,1.0,1295109000.0,1.0,732685000.0,10780000.0,3378431000.0,,80726000.0,0.0,0.0,0.0,1933107000.0,631951000.0,1301156000.0,3040393030.0,3007000.0,818000.0,188000.0,-66488000.0,-3931000.0,-85670000.0,-94759000.0,0.0,183436000.0,0.0,51074000.0,51074000.0,51074000.0,0.0,7980000.0,0.039,1193232000.0,101877000.0,629033000.0,0.077,1.759,12.36,12.486,2258001000.0,0.0,30.965,0.591,0.588,596232000.0,,1295109000.0,1295109000.0,0.0,,,,,3089000.0,558244000.0,1.0,98188052.0,97774000,98504000.0,13.246,3168824000.0,47457000.0,32043000.0,52208000.0,32.41,163039000.0
48,UHS,MRQ,2009-06-30,2009-06-30,2009-06-30,2021-08-07,0.0,3836876000.0,,787073000.0,3049803000.0,,17.175,-105029000.0,10623000.0,10623000.0,0.0,93977000.0,1.342,1.138,921878000.0,8730000.0,913148000.0,921878000.0,0.0,51085000.0,0.0,0.007,0.04,149959000.0,201044000.0,0.154,201044000.0,149959000.0,138080000.0,0.82,0.82,0.82,1677996000.0,,1677996000.0,3336742746.0,8.0,5.252,43556000.0,0.446,1.0,1303640000.0,1.0,733887000.0,11879000.0,3427945000.0,,78885000.0,0.0,0.0,0.0,1908825000.0,586299000.0,1322526000.0,2398596746.0,1200000.0,-9006000.0,-29000.0,-25386000.0,-3928000.0,-33350000.0,-114035000.0,0.0,148585000.0,0.0,80893000.0,80893000.0,80893000.0,0.0,13084000.0,0.062,1140597000.0,163043000.0,561471000.0,0.049,1.429,10.343,10.505,2203519000.0,0.0,24.425,0.471,0.468,605870000.0,,1303640000.0,1303640000.0,0.0,,,,,3139000.0,541950000.0,1.0,98202528.0,97700000,98104000.0,13.343,3102989000.0,38933000.0,57187000.0,35904000.0,31.76,200774000.0
49,UHS,MRQ,2009-03-31,2009-03-31,2009-03-31,2021-08-07,0.0,3835317000.0,,832520000.0,3002797000.0,,16.223,-78219000.0,9423000.0,9423000.0,0.0,82034000.0,1.292,1.251,947569000.0,8725000.0,938844000.0,947569000.0,0.0,51134000.0,0.0,0.008,0.04,122257000.0,173391000.0,0.132,173391000.0,122257000.0,109619000.0,0.68,0.68,0.68,1596544000.0,,1596544000.0,2890459057.0,7.0,4.941,74035000.0,0.752,1.0,1312419000.0,1.0,733882000.0,12638000.0,3395218000.0,,77022000.0,0.0,0.0,0.0,1997799000.0,644363000.0,1353436000.0,1896550057.0,3963000.0,0.0,-14058000.0,-51800000.0,-3962000.0,-70072000.0,-78219000.0,0.0,152254000.0,0.0,67541000.0,67541000.0,67541000.0,0.0,14493000.0,0.051,1175669000.0,136750000.0,591427000.0,0.059,1.188,9.24,9.397,2145282000.0,0.0,19.17,0.375,0.373,652854000.0,,1312419000.0,1312419000.0,0.0,,,,,3463000.0,541297000.0,1.0,98933232.0,98412000,98412000.0,13.336,3101435000.0,39249000.0,42078000.0,55478000.0,31.515,188157000.0
50,UHS,MRQ,2008-12-31,2008-12-31,2008-12-31,2021-08-07,-31696000.0,3742462000.0,,789417000.0,2953045000.0,,15.436,-114657000.0,5460000.0,5460000.0,0.0,87170000.0,1.407,1.277,999369000.0,8708000.0,990661000.0,999369000.0,0.0,51055000.0,0.0,0.009,0.04,87563000.0,138618000.0,0.112,138618000.0,87563000.0,74503000.0,0.46,0.465,0.46,1543850000.0,,1543850000.0,2839257209.0,8.0,4.966,-35233000.0,-0.352,1.0,1237402000.0,1.0,732937000.0,13060000.0,3442309000.0,,76043000.0,0.0,0.0,0.0,1971877000.0,561125000.0,1410752000.0,1903341209.0,-2345000.0,41801000.0,-44365000.0,53728000.0,-4003000.0,-8913000.0,-72856000.0,0.0,79424000.0,0.0,46477000.0,46477000.0,46477000.0,-6002000.0,40693000.0,0.038,1149170000.0,88232000.0,192078000.0,0.087,1.233,9.546,9.584,2100292000.0,0.0,18.785,0.379,0.379,625437000.0,1575052000.0,1237402000.0,1237402000.0,0.0,,,,,14125000.0,532667000.0,1.0,101322396.0,100016000,100272000.0,12.372,3009525000.0,34522000.0,28026000.0,43175000.0,30.09,228292000.0
51,UHS,MRQ,2008-09-30,2008-09-30,2008-09-30,2021-08-07,0.0,3698336000.0,,777800000.0,2920536000.0,,15.495,-83818000.0,7805000.0,7805000.0,0.0,36997000.0,1.374,1.361,943721000.0,8260000.0,935461000.0,943721000.0,0.0,49332000.0,0.0,0.006,0.04,72952000.0,122284000.0,0.098,122284000.0,72952000.0,59533000.0,0.365,0.365,0.365,1566314000.0,,1566314000.0,3897600359.0,11.0,6.968,132479000.0,1.311,1.0,1244462000.0,1.0,749839000.0,13419000.0,3318170000.0,,72636000.0,0.0,0.0,0.0,2132022000.0,566243000.0,1565779000.0,2850506359.0,1594000.0,15391000.0,-14020000.0,-109584000.0,-4051000.0,-146276000.0,-68427000.0,0.0,216297000.0,0.0,36997000.0,36997000.0,36997000.0,226000.0,0.0,0.03,1161968000.0,82494000.0,553762000.0,0.11,1.82,14.781,14.981,2015290000.0,0.0,28.015,0.574,0.571,628973000.0,,1244462000.0,1244462000.0,0.0,,,,,0.0,530858000.0,1.0,101749290.0,101088000,101356000.0,12.311,2948497000.0,32215000.0,22536000.0,35342000.0,29.168,211557000.0
52,UHS,MRQ,2008-06-30,2008-06-30,2008-06-30,2021-08-07,0.0,3718593000.0,,843988000.0,2874605000.0,,15.253,-74311000.0,6211000.0,6211000.0,0.0,54240000.0,1.664,1.408,1053305000.0,2814000.0,1050491000.0,1053305000.0,0.0,48009000.0,0.0,0.005,0.04,102694000.0,150703000.0,0.119,150703000.0,102694000.0,89445000.0,0.535,0.53,0.535,1544474000.0,,1544474000.0,4251528119.0,12.0,7.869,-7521000.0,-0.074,1.0,1262577000.0,1.0,748305000.0,13249000.0,3510124000.0,,72947000.0,0.0,0.0,0.0,2174119000.0,507258000.0,1666861000.0,3215362119.0,-2705000.0,-556000.0,41000.0,7248000.0,-4024000.0,5372000.0,-74867000.0,0.0,66790000.0,0.0,54240000.0,54240000.0,54240000.0,950000.0,0.0,0.043,1147506000.0,115071000.0,504444000.0,0.075,2.082,17.408,17.808,1989905000.0,0.0,31.61,0.659,0.656,710065000.0,,1262577000.0,1262577000.0,0.0,,,,,0.0,528081000.0,1.0,101719776.0,101258000,101484000.0,12.469,2970288000.0,27666000.0,35205000.0,37703000.0,29.334,336730000.0
53,UHS,MRQ,2008-03-31,2008-03-31,2008-03-31,2021-08-07,0.0,3686282000.0,,836232000.0,2850050000.0,,14.506,-81751000.0,8916000.0,8916000.0,0.0,74942000.0,1.528,1.479,1045082000.0,3774000.0,1041308000.0,1045082000.0,0.0,47370000.0,0.0,0.006,0.04,112753000.0,160123000.0,0.125,160123000.0,112753000.0,99274000.0,0.6,0.6,0.6,1487212000.0,,1487212000.0,3774199750.0,11.0,7.077,49925000.0,0.487,1.0,1277976000.0,1.0,749839000.0,13479000.0,3425280000.0,,73382000.0,0.0,0.0,0.0,2199070000.0,547329000.0,1651741000.0,2778651750.0,-7438000.0,2235000.0,-88706000.0,33180000.0,-4072000.0,-59598000.0,-79516000.0,0.0,131676000.0,0.0,61663000.0,61663000.0,61663000.0,-1610000.0,13279000.0,0.048,1153554000.0,124422000.0,520847000.0,0.067,1.868,15.222,15.562,1959265000.0,0.0,26.845,0.579,0.574,699740000.0,,1277976000.0,1277976000.0,0.0,,,,,0.0,541575000.0,1.0,103507236.0,102526000,102560000.0,12.465,2936443000.0,22484000.0,37611000.0,60682000.0,28.641,288903000.0
54,UHS,MRQ,2007-12-31,2007-12-31,2007-12-31,2021-08-07,-6881000.0,3608657000.0,,774847000.0,2833810000.0,,14.299,-81715000.0,16354000.0,16354000.0,0.0,83315000.0,1.589,1.378,1011902000.0,3116000.0,1008786000.0,1011902000.0,0.0,47864000.0,0.0,0.006,0.04,78385000.0,126249000.0,0.107,126249000.0,78385000.0,65402000.0,0.37,0.375,0.37,1517199000.0,,1517199000.0,3639621477.0,11.0,7.138,-23050000.0,-0.217,1.0,1177337000.0,1.0,750395000.0,12983000.0,3366099000.0,,72399000.0,0.0,0.0,0.0,2091458000.0,487711000.0,1603747000.0,2749238477.0,2780000.0,22947000.0,-58482000.0,108484000.0,-4252000.0,2883000.0,-58768000.0,0.0,58665000.0,0.0,39954000.0,39954000.0,39954000.0,-113000.0,43361000.0,0.034,1088355000.0,88982000.0,175222000.0,0.108,1.812,16.135,16.101,1933916000.0,0.0,25.6,0.587,0.584,627186000.0,1523555000.0,1177337000.0,1177337000.0,0.0,,,,,16899000.0,510442000.0,1.0,107392128.0,106102000,105426000.0,11.096,2858262000.0,23153000.0,25448000.0,56105000.0,26.939,287136000.0
55,UHS,MRQ,2007-09-30,2007-09-30,2007-09-30,2021-08-07,0.0,3598928000.0,,806880000.0,2792048000.0,,14.349,-73511000.0,13574000.0,13574000.0,0.0,28854000.0,1.446,1.345,903957000.0,3329000.0,900628000.0,903957000.0,0.0,46529000.0,0.0,0.006,0.04,56696000.0,103225000.0,0.089,103225000.0,56696000.0,43815000.0,0.27,0.27,0.27,1534839000.0,,1534839000.0,3874852041.0,15.0,8.985,90294000.0,0.844,1.0,1163605000.0,1.0,753846000.0,12881000.0,3177554000.0,,70874000.0,0.0,0.0,0.0,2064089000.0,557911000.0,1506178000.0,2933441041.0,911000.0,-27232000.0,-11448000.0,-50265000.0,-4296000.0,-62151000.0,-100743000.0,0.0,163805000.0,0.0,28854000.0,28854000.0,28854000.0,480000.0,0.0,0.025,1096645000.0,66960000.0,554582000.0,0.148,1.911,17.821,17.612,1894507000.0,0.0,27.21,0.646,0.641,631527000.0,,1163605000.0,1163605000.0,0.0,,,,,0.0,502361000.0,1.0,107807462.0,106962000,107258000.0,10.879,2845082000.0,60733000.0,14961000.0,48810000.0,26.599,248969000.0
56,UHS,MRQ,2007-06-30,2007-06-30,2007-06-30,2021-08-07,0.0,3531680000.0,,801783000.0,2729897000.0,,14.157,-85238000.0,12663000.0,12663000.0,0.0,52071000.0,1.623,1.331,954074000.0,3014000.0,951060000.0,954074000.0,0.0,45406000.0,0.0,0.005,0.04,98304000.0,143710000.0,0.122,143710000.0,98304000.0,85264000.0,0.485,0.485,0.485,1514774000.0,,1514774000.0,4214047790.0,11.0,7.596,-25238000.0,-0.236,1.0,1178976000.0,1.0,745769000.0,13040000.0,3233183000.0,,68562000.0,0.0,0.0,0.0,2016906000.0,494139000.0,1522767000.0,3311987790.0,1448000.0,-7817000.0,1276000.0,31607000.0,-4311000.0,34503000.0,-93055000.0,0.0,60000000.0,0.0,52071000.0,52071000.0,52071000.0,-29000.0,0.0,0.044,1072026000.0,106950000.0,491068000.0,0.082,2.186,13.264,13.487,1840847000.0,0.0,30.75,0.749,0.745,647852000.0,,1178976000.0,1178976000.0,0.0,,,,,0.0,498579000.0,1.0,107706920.0,106998000,107456000.0,11.019,2785911000.0,44528000.0,33193000.0,29119000.0,26.037,307644000.0
57,UHS,MRQ,2007-03-31,2007-03-31,2007-03-31,2021-08-07,0.0,3467188000.0,,807643000.0,2659545000.0,,13.658,-99349000.0,11215000.0,11215000.0,0.0,49508000.0,1.547,1.373,913275000.0,2851000.0,910424000.0,913275000.0,0.0,43482000.0,0.0,0.006,0.04,93343000.0,136825000.0,0.114,136825000.0,93343000.0,80621000.0,0.465,0.46,0.465,1461195000.0,,1461195000.0,3893369556.0,10.0,6.993,-373000.0,-0.003,1.0,1197601000.0,1.0,737868000.0,12722000.0,3109276000.0,,67638000.0,0.0,0.0,0.0,2005993000.0,522104000.0,1483889000.0,3085007556.0,-3724000.0,-82872000.0,-3173000.0,84664000.0,-4310000.0,79521000.0,-182221000.0,0.0,98976000.0,0.0,49508000.0,49508000.0,49508000.0,64000.0,0.0,0.041,1090002000.0,107599000.0,497560000.0,0.086,2.111,11.963,12.157,1775471000.0,0.0,28.63,0.719,0.714,667282000.0,,1197601000.0,1197601000.0,0.0,,,,,0.0,510993000.0,1.0,107754368.0,106986000,107372000.0,11.194,2729320000.0,35673000.0,31113000.0,54628000.0,25.511,285539000.0
58,UHS,MRQ,2006-12-31,2006-12-31,2006-12-31,2021-08-07,-8194000.0,3277042000.0,,728506000.0,2548536000.0,,13.001,-108132000.0,14939000.0,14939000.0,0.0,34170000.0,1.45,1.337,823301000.0,1938000.0,821363000.0,823301000.0,0.0,43334000.0,0.0,0.006,0.04,4164000.0,47498000.0,0.048,47498000.0,4164000.0,-5032000.0,0.325,0.335,0.325,1402464000.0,,1402464000.0,3460964000.0,9.0,6.305,-188913000.0,-1.751,1.0,999273000.0,1.0,719991000.0,9196000.0,2862962000.0,,64532000.0,0.0,0.0,0.0,1874578000.0,502451000.0,1372127000.0,3007838000.0,122000.0,-36146000.0,-128597000.0,352614000.0,-4355000.0,225181000.0,-144278000.0,0.0,-80781000.0,0.0,34170000.0,34170000.0,34170000.0,-100362000.0,0.0,0.034,1095569000.0,-96296000.0,190159000.0,0.123,2.145,11.593,11.645,1685085000.0,0.0,27.715,0.729,0.733,595009000.0,1425379000.0,999273000.0,999273000.0,0.0,,,,,0.0,429075000.0,1.0,108527440.0,107872000,108310000.0,9.264,2557051000.0,34913000.0,-39202000.0,63463000.0,23.704,226055000.0
59,UHS,MRQ,2006-09-30,2006-09-30,2006-09-30,2021-08-07,-8672000.0,3149027000.0,,712892000.0,2436135000.0,,13.174,-80335000.0,14817000.0,14817000.0,0.0,113945000.0,1.134,1.104,467943000.0,3137000.0,464806000.0,467943000.0,0.0,40961000.0,0.0,0.005,0.04,185789000.0,226750000.0,0.217,226750000.0,185789000.0,179649000.0,1.005,1.0,1.005,1496445000.0,,1496445000.0,3757545496.0,9.0,6.651,-19387000.0,-0.171,1.0,1043457000.0,1.0,695246000.0,6140000.0,2278388000.0,,64352000.0,0.0,0.0,0.0,1652582000.0,628519000.0,1024063000.0,3412965496.0,-109533000.0,-31404000.0,-147768000.0,-980000.0,-4470000.0,-150313000.0,-20168000.0,0.0,60948000.0,0.0,113945000.0,113945000.0,113945000.0,84000.0,0.0,0.109,842636000.0,200821000.0,464102000.0,0.04,2.281,14.367,13.777,1609890000.0,0.0,29.965,0.834,0.832,584764000.0,1431038000.0,1043457000.0,1043457000.0,0.0,,,,,0.0,459099000.0,1.0,113898398.0,113588000,114002000.0,9.186,2453781000.0,28180000.0,65704000.0,185683000.0,21.602,84373000.0
60,UHS,MRQ,2006-06-30,2006-06-30,2006-06-30,2021-08-07,-8587000.0,3145621000.0,,779040000.0,2366581000.0,,14.247,-69470000.0,124350000.0,124350000.0,0.0,60259000.0,1.3,1.055,468930000.0,3646000.0,465284000.0,468930000.0,0.0,40369000.0,0.0,0.006,0.04,105305000.0,145674000.0,0.139,145674000.0,105305000.0,96608000.0,0.56,0.52,0.56,1530968000.0,,1530968000.0,3322089503.0,14.0,8.364,9262000.0,0.086,1.0,1047673000.0,1.0,686561000.0,8697000.0,2204265000.0,,54043000.0,0.0,0.0,0.0,1614653000.0,599375000.0,1015278000.0,2722768503.0,116139000.0,-2515000.0,-68388000.0,146707000.0,-4334000.0,84392000.0,-46985000.0,0.0,78732000.0,0.0,60259000.0,60259000.0,60259000.0,612000.0,0.0,0.058,930264000.0,117409000.0,426568000.0,0.071,1.778,20.637,20.185,1549177000.0,0.0,25.13,0.677,0.672,546344000.0,1321564000.0,1047673000.0,1047673000.0,0.0,,,,,0.0,434756000.0,1.0,108347334.0,107460000,119974000.0,9.749,2459060000.0,26256000.0,36349000.0,204601000.0,22.883,179665000.0
61,UHS,MRQ,2006-03-31,2006-03-31,2006-03-31,2021-08-07,-10721000.0,2985047000.0,,658579000.0,2326468000.0,,11.666,-83203000.0,8211000.0,8211000.0,0.0,51084000.0,1.071,1.379,607532000.0,3999000.0,603533000.0,607532000.0,0.0,39030000.0,0.0,0.006,0.04,89976000.0,129006000.0,0.125,129006000.0,89976000.0,81451000.0,0.475,0.44,0.475,1254546000.0,,1254546000.0,3386501712.0,11.0,7.063,27137000.0,0.252,1.0,1034289000.0,1.0,686728000.0,8525000.0,2282891000.0,,53556000.0,0.0,0.0,0.0,1730501000.0,614749000.0,1115752000.0,2751619712.0,248000.0,-11735000.0,18000.0,-38886000.0,-4286000.0,-43154000.0,-66938000.0,0.0,110340000.0,0.0,51084000.0,51084000.0,51084000.0,-592000.0,0.0,0.049,933728000.0,100561000.0,481776000.0,0.084,2.193,11.937,12.151,1510193000.0,0.0,25.395,0.694,0.689,547800000.0,1264726000.0,1034289000.0,1034289000.0,0.0,,,,,0.0,442232000.0,1.0,108352814.0,107536000,121012000.0,9.618,2298319000.0,23404000.0,30367000.0,170255000.0,21.373,43830000.0
62,UHS,MRQ,2005-12-31,2005-12-31,2005-12-31,2021-08-07,-10721000.0,2858709000.0,,608298000.0,2250411000.0,,11.158,-70069000.0,7963000.0,7963000.0,0.0,12274000.0,1.16,1.372,642845000.0,5191000.0,637654000.0,642845000.0,0.0,39251000.0,0.0,0.007,0.04,24301000.0,63552000.0,0.066,63552000.0,24301000.0,15898000.0,0.135,0.135,0.135,1205098000.0,,1205098000.0,3000822296.0,9.0,6.004,-1086000.0,-0.01,1.0,967175000.0,1.0,686211000.0,8403000.0,2283210000.0,,52835000.0,0.0,0.0,0.0,1653611000.0,524170000.0,1129441000.0,2550803296.0,-74193000.0,-227122000.0,-23430000.0,106748000.0,-4303000.0,79015000.0,-222191000.0,0.0,68983000.0,0.0,12274000.0,12274000.0,12274000.0,-3232000.0,0.0,0.013,940320000.0,26855000.0,177600000.0,0.296,2.117,10.591,10.794,1429653000.0,0.0,23.37,0.648,0.661,499726000.0,1218841000.0,967175000.0,967175000.0,0.0,,,,,0.0,415821000.0,1.0,109148622.0,108004000,121598000.0,8.955,2172498000.0,20507000.0,3624000.0,157290000.0,20.115,84128000.0
63,UHS,MRQ,2005-09-30,2005-09-30,2005-09-30,2021-08-07,-9273000.0,2743025000.0,,774676000.0,1968349000.0,,11.192,-62496000.0,82156000.0,82156000.0,0.0,8319000.0,1.472,1.241,532175000.0,3873000.0,528302000.0,532175000.0,0.0,38705000.0,0.0,0.007,0.04,20254000.0,58959000.0,0.061,58959000.0,20254000.0,13850000.0,0.075,0.075,0.075,1223997000.0,,1223997000.0,3069683415.0,8.0,5.611,63509000.0,0.581,1.0,970772000.0,1.0,535848000.0,6404000.0,2130888000.0,,50895000.0,0.0,0.0,0.0,1519028000.0,526308000.0,992720000.0,2654587415.0,-32591000.0,-24410000.0,-66055000.0,-1168000.0,-4467000.0,-71690000.0,-86906000.0,0.0,126005000.0,0.0,8319000.0,8319000.0,8319000.0,1160000.0,0.0,0.009,945344000.0,25428000.0,425521000.0,0.533,2.169,9.989,10.177,1312351000.0,0.0,23.815,0.684,0.671,505366000.0,1242821000.0,970772000.0,970772000.0,0.0,,,,,0.0,395938000.0,1.0,111467034.0,109364000,110296000.0,8.877,2207177000.0,21478000.0,5531000.0,140895000.0,20.182,248368000.0
64,UHS,MRQ,2005-06-30,2005-06-30,2005-06-30,2021-08-07,-9723000.0,2763425000.0,,762775000.0,2000650000.0,,11.358,-50927000.0,114747000.0,114747000.0,0.0,158843000.0,1.577,1.156,529843000.0,3994000.0,525849000.0,529843000.0,0.0,40252000.0,0.0,0.005,0.04,187691000.0,227943000.0,0.23,227943000.0,187691000.0,180241000.0,1.405,1.265,1.405,1281786000.0,,1281786000.0,4258487970.0,10.0,7.082,44899000.0,0.398,1.0,990888000.0,1.0,531959000.0,7450000.0,2162981000.0,,54479000.0,0.0,0.0,0.0,1481639000.0,483581000.0,998058000.0,3612165970.0,60559000.0,252547000.0,-145599000.0,-86782000.0,-4470000.0,-236887000.0,201620000.0,0.0,95826000.0,0.0,158843000.0,158843000.0,158843000.0,-122211000.0,0.0,0.16,917482000.0,73406000.0,401773000.0,0.028,2.818,12.233,12.004,1351062000.0,0.0,31.09,0.945,0.918,550437000.0,1303267000.0,990888000.0,990888000.0,0.0,,,,,0.0,407897000.0,1.0,116184174.0,112850000,127296000.0,8.781,2231466000.0,9328000.0,21398000.0,126975000.0,19.774,279194000.0
65,UHS,MRQ,2005-03-31,2005-03-31,2005-03-31,2021-08-07,-1275000.0,2983767000.0,,776969000.0,2206798000.0,,11.082,-57920000.0,54188000.0,54188000.0,0.0,61409000.0,1.462,1.34,700510000.0,16113000.0,684397000.0,700510000.0,0.0,45506000.0,0.0,0.006,0.04,103833000.0,149339000.0,0.148,149339000.0,103833000.0,93157000.0,0.535,0.495,0.535,1274895000.0,,1274895000.0,3861571286.0,12.0,7.76,76692000.0,0.667,1.0,1006645000.0,1.0,619404000.0,10676000.0,2479360000.0,,61503000.0,0.0,0.0,0.0,1708872000.0,531325000.0,1177547000.0,3025499286.0,21063000.0,119364000.0,-484000.0,-168685000.0,-4645000.0,-174993000.0,61444000.0,0.0,134612000.0,0.0,61409000.0,61409000.0,61409000.0,-6719000.0,0.0,0.061,901612000.0,105033000.0,463027000.0,0.075,2.373,16.379,16.324,1456699000.0,0.0,26.2,0.81,0.807,624181000.0,1253678000.0,1006645000.0,1006645000.0,0.0,,,,,0.0,406340000.0,1.0,115477072.0,115046000,128832000.0,8.75,2364363000.0,0.0,31748000.0,102898000.0,20.551,245644000.0
66,UHS,MRQ,2004-12-31,2004-12-31,2004-12-31,2021-08-07,1864000.0,3022843000.0,,808925000.0,2213918000.0,,10.589,-53431000.0,33125000.0,33125000.0,0.0,37174000.0,1.722,1.477,869197000.0,16968000.0,852229000.0,869197000.0,0.0,42270000.0,0.0,0.007,0.04,68569000.0,110839000.0,0.122,110839000.0,68569000.0,58715000.0,0.325,0.305,0.325,1220586000.0,,1220586000.0,3402036469.0,11.0,7.246,25935000.0,0.225,1.0,910777000.0,1.0,619064000.0,9854000.0,2770195000.0,,60729000.0,0.0,0.0,0.0,1802257000.0,469656000.0,1332601000.0,2595900469.0,-1429000.0,-15675000.0,-16878000.0,16731000.0,-4644000.0,-4369000.0,-76426000.0,0.0,79366000.0,0.0,37174000.0,37174000.0,37174000.0,-2322000.0,0.0,0.041,842647000.0,68130000.0,190181000.0,0.123,2.127,15.316,15.136,1448066000.0,0.0,22.25,0.714,0.705,552538000.0,1196914000.0,910777000.0,910777000.0,0.0,,,,,-10604000.0,375227000.0,1.0,116669684.0,115270000,128980000.0,7.901,2403779000.0,0.0,21541000.0,91870000.0,20.853,339269000.0
67,UHS,MRQ,2004-09-30,2004-09-30,2004-09-30,2021-08-07,1009000.0,2978302000.0,,728168000.0,2250134000.0,,10.507,-59311000.0,34554000.0,34554000.0,0.0,37845000.0,1.57,1.453,840690000.0,11924000.0,828766000.0,840690000.0,0.0,43008000.0,0.0,0.007,0.04,70163000.0,113171000.0,0.124,113171000.0,70163000.0,60812000.0,0.325,0.31,0.325,1214377000.0,,1214377000.0,3357491195.0,11.0,7.082,29528000.0,0.255,1.0,914093000.0,1.0,652160000.0,9351000.0,2668539000.0,,63679000.0,0.0,0.0,0.0,1763925000.0,463739000.0,1300186000.0,2531046195.0,-1781000.0,7650000.0,-5029000.0,-29249000.0,-4681000.0,-38959000.0,-51661000.0,0.0,88839000.0,0.0,37845000.0,37845000.0,37845000.0,1507000.0,0.0,0.041,836828000.0,77265000.0,442020000.0,0.123,2.084,14.157,14.078,1449964000.0,0.0,21.75,0.759,0.754,580010000.0,1164384000.0,914093000.0,914093000.0,0.0,,,,,0.0,374221000.0,1.0,116369940.0,115582000,129820000.0,7.909,2326142000.0,19119000.0,22967000.0,72114000.0,20.125,264429000.0
68,UHS,MRQ,2004-06-30,2004-06-30,2004-06-30,2021-08-07,342000.0,2964210000.0,,711772000.0,2252438000.0,,10.23,-47582000.0,36335000.0,36335000.0,0.0,48289000.0,1.502,1.514,862780000.0,13193000.0,849587000.0,862780000.0,0.0,40693000.0,0.0,0.005,0.04,83556000.0,124249000.0,0.137,124249000.0,83556000.0,74197000.0,0.42,0.39,0.42,1178943000.0,,1178943000.0,3539251688.0,11.0,7.359,81967000.0,0.711,1.0,905494000.0,1.0,648695000.0,9359000.0,2668063000.0,,63066000.0,0.0,0.0,0.0,1785267000.0,473897000.0,1311370000.0,2669222688.0,-2046000.0,-36374000.0,364000.0,-43350000.0,-4653000.0,-47639000.0,-83956000.0,0.0,129549000.0,0.0,48289000.0,48289000.0,48289000.0,-3907000.0,0.0,0.053,820662000.0,84832000.0,444322000.0,0.095,2.264,14.048,13.906,1433785000.0,0.0,22.945,0.811,0.803,575365000.0,1131220000.0,905494000.0,905494000.0,0.0,,,,,0.0,369335000.0,1.0,116331344.0,115244000,129946000.0,7.857,2315515000.0,11898000.0,25908000.0,58961000.0,20.092,237875000.0
69,UHS,MRQ,2004-03-31,2004-03-31,2004-03-31,2021-08-07,-593000.0,2965221000.0,,764786000.0,2200435000.0,,9.844,-70436000.0,38381000.0,38381000.0,0.0,46183000.0,1.581,1.616,908410000.0,12528000.0,895882000.0,908410000.0,0.0,40706000.0,0.0,0.003,0.04,83898000.0,124604000.0,0.127,124604000.0,83898000.0,72996000.0,0.4,0.37,0.4,1133329000.0,,1133329000.0,3521201702.0,11.0,7.282,24690000.0,0.214,1.0,982576000.0,1.0,587180000.0,10902000.0,2764195000.0,,64571000.0,0.0,0.0,0.0,1831892000.0,483875000.0,1348017000.0,2676627702.0,3518000.0,-37240000.0,1081000.0,19637000.0,-4650000.0,16068000.0,-107676000.0,0.0,95126000.0,0.0,46183000.0,46183000.0,46183000.0,-601000.0,0.0,0.047,894338000.0,88238000.0,431870000.0,0.1,2.362,13.893,13.793,1418961000.0,0.0,23.035,0.819,0.812,602159000.0,1087583000.0,982576000.0,982576000.0,0.0,,,,,0.0,399914000.0,1.0,116198294.0,115128000,130174000.0,8.535,2378041000.0,18132000.0,26813000.0,73850000.0,20.656,280911000.0
70,UHS,MRQ,2003-12-31,2003-12-31,2003-12-31,2021-08-07,1812000.0,2772730000.0,,645791000.0,2126939000.0,,9.492,-338408000.0,34863000.0,34863000.0,0.0,46468000.0,1.632,1.542,879437000.0,10871000.0,868566000.0,879437000.0,0.0,38617000.0,0.0,0.001,0.04,73415000.0,112032000.0,0.21,112032000.0,73415000.0,68360000.0,0.4,0.375,0.4,1090922000.0,,1090922000.0,3730073478.0,11.0,7.643,-275035000.0,-2.393,1.0,532781000.0,1.0,442504000.0,5055000.0,2779047000.0,,61736000.0,0.0,0.0,0.0,1681808000.0,395753000.0,1286055000.0,3114583478.0,6602000.0,55082000.0,711000.0,227412000.0,-4644000.0,226555000.0,-283326000.0,0.0,63373000.0,0.0,46468000.0,46468000.0,46468000.0,-9700000.0,0.0,0.087,469971000.0,62810000.0,178824000.0,0.1,2.855,15.63,15.571,1304341000.0,0.0,26.86,0.988,0.983,503929000.0,1046050000.0,532781000.0,532781000.0,0.0,,,,,0.0,216643000.0,1.0,115956198.0,114932000,129956000.0,4.636,2330226000.0,25271000.0,21892000.0,81732000.0,20.275,250038000.0
71,UHS,MRQ,2003-09-30,2003-09-30,2003-09-30,2021-08-07,-19263000.0,2435848000.0,,599835000.0,1836013000.0,,8.932,-61026000.0,28261000.0,28261000.0,0.0,49061000.0,1.527,1.378,643751000.0,11225000.0,632526000.0,643751000.0,0.0,35799000.0,0.0,0.0,0.0,84244000.0,120043000.0,0.138,120043000.0,84244000.0,75635000.0,0.43,0.395,0.43,1024539000.0,,1024539000.0,3539932298.0,10.0,7.333,42198000.0,0.368,1.0,871453000.0,1.0,431365000.0,8609000.0,2227118000.0,,53658000.0,0.0,0.0,0.0,1411309000.0,392855000.0,1018454000.0,2864517298.0,1557000.0,11598000.0,506000.0,-56425000.0,0.0,-52239000.0,-49428000.0,0.0,103224000.0,0.0,49061000.0,49061000.0,49061000.0,-4439000.0,0.0,0.056,784170000.0,87283000.0,369947000.0,0.0,2.796,14.564,14.587,1282259000.0,0.0,24.725,0.894,0.885,482818000.0,1004226000.0,871453000.0,871453000.0,0.0,,,,,0.0,351333000.0,1.0,115855098.0,114708000,129680000.0,7.597,2004483000.0,3355000.0,26574000.0,27269000.0,17.475,206980000.0
72,UHS,MRQ,2003-06-30,2003-06-30,2003-06-30,2021-08-07,-14145000.0,2423676000.0,,610876000.0,1812800000.0,,8.468,-62655000.0,26704000.0,26704000.0,0.0,50950000.0,1.64,1.482,702119000.0,11935000.0,690184000.0,702119000.0,0.0,35513000.0,0.0,0.0,0.0,91385000.0,126898000.0,0.144,126898000.0,91385000.0,82015000.0,0.44,0.41,0.44,976432000.0,,976432000.0,3026862995.0,9.0,6.482,66757000.0,0.579,1.0,879661000.0,1.0,433962000.0,9370000.0,2292694000.0,,58929000.0,0.0,0.0,0.0,1447244000.0,372435000.0,1074809000.0,2317586995.0,-5712000.0,1200000.0,-30391000.0,-47856000.0,0.0,-73669000.0,-61455000.0,0.0,129412000.0,0.0,50950000.0,50950000.0,50950000.0,1129000.0,0.0,0.058,778617000.0,101044000.0,355295000.0,0.0,2.374,12.257,12.304,1250786000.0,0.0,19.81,0.736,0.726,472829000.0,955165000.0,879661000.0,879661000.0,0.0,,,,,0.0,346132000.0,1.0,116990762.0,115310000,129884000.0,7.629,1989714000.0,18875000.0,31065000.0,18085000.0,17.255,238441000.0
73,UHS,MRQ,2003-03-31,2003-03-31,2003-03-31,2021-08-07,-18041000.0,2441028000.0,,654578000.0,1786450000.0,,8.151,-43549000.0,32416000.0,32416000.0,0.0,52790000.0,1.684,1.57,741692000.0,11092000.0,730600000.0,741692000.0,0.0,34537000.0,0.0,0.0,0.0,93629000.0,128166000.0,0.145,128166000.0,93629000.0,83780000.0,0.455,0.42,0.455,949989000.0,,949989000.0,3078307457.0,10.0,6.85,37217000.0,0.319,1.0,886079000.0,1.0,429123000.0,9849000.0,2332431000.0,,60018000.0,0.0,0.0,0.0,1491039000.0,388750000.0,1102289000.0,2407290457.0,14666000.0,-42504000.0,-21992000.0,38738000.0,0.0,19953000.0,-86053000.0,0.0,80766000.0,0.0,52790000.0,52790000.0,52790000.0,97000.0,0.0,0.06,787323000.0,98756000.0,339782000.0,0.0,2.534,13.192,13.237,1222171000.0,0.0,20.385,0.783,0.773,510149000.0,904215000.0,886079000.0,886079000.0,0.0,,,,,0.0,351357000.0,1.0,118091266.0,116554000,131192000.0,7.602,2011905000.0,21132000.0,30990000.0,51185000.0,17.262,265828000.0
74,UHS,MRQ,2002-12-31,2002-12-31,2002-12-31,2021-08-07,-18690000.0,2329137000.0,,593618000.0,1735519000.0,,7.743,-38877000.0,17750000.0,17750000.0,0.0,43890000.0,1.603,1.539,688767000.0,8253000.0,680514000.0,688767000.0,0.0,34350000.0,0.0,0.0,0.0,73269000.0,107619000.0,0.189,107619000.0,73269000.0,64941000.0,0.37,0.345,0.37,917459000.0,,917459000.0,3376166543.0,11.0,7.823,47201000.0,0.398,1.0,568499000.0,1.0,410320000.0,8328000.0,2219421000.0,,58217000.0,0.0,0.0,0.0,1411678000.0,370413000.0,1041265000.0,2730400543.0,1956000.0,-1750000.0,-66951000.0,23456000.0,0.0,-43495000.0,-40627000.0,0.0,86078000.0,0.0,43890000.0,43890000.0,43890000.0,-7514000.0,0.0,0.077,498513000.0,69986000.0,170471000.0,0.0,2.976,15.57,15.34,1173195000.0,0.0,22.55,0.913,0.9,474763000.0,851425000.0,568499000.0,568499000.0,0.0,,,,,0.0,228625000.0,1.0,121082064.0,118482000,133646000.0,4.798,1918817000.0,25023000.0,21051000.0,51396000.0,16.195,223205000.0
75,UHS,MRQ,2002-09-30,2002-09-30,2002-09-30,2021-08-07,-10161000.0,2255949000.0,,602853000.0,1653096000.0,,7.906,-65440000.0,15794000.0,15794000.0,0.0,41451000.0,1.67,1.382,661560000.0,3495000.0,658065000.0,661560000.0,0.0,30136000.0,0.0,0.0,0.0,74125000.0,104261000.0,0.128,104261000.0,74125000.0,65489000.0,0.345,0.325,0.345,946921000.0,,946921000.0,3738091445.0,15.0,10.186,45675000.0,0.381,1.0,813104000.0,1.0,408500000.0,8636000.0,2132143000.0,,58597000.0,0.0,0.0,0.0,1309028000.0,361072000.0,947956000.0,3062252445.0,974000.0,0.0,-4969000.0,-45640000.0,0.0,-44701000.0,-65440000.0,0.0,111115000.0,0.0,41451000.0,41451000.0,41451000.0,0.0,0.0,0.051,734055000.0,79049000.0,356667000.0,0.0,3.234,23.129,23.145,1154252000.0,0.0,25.575,0.973,0.973,472316000.0,807535000.0,813104000.0,813104000.0,0.0,,,,,0.0,323331000.0,1.0,119736166.0,119766000,134350000.0,6.789,1847449000.0,27769000.0,24038000.0,27411000.0,15.425,241781000.0
76,UHS,MRQ,2002-06-30,2002-06-30,2002-06-30,2021-08-07,-6717000.0,2208890000.0,,608460000.0,1600430000.0,,7.503,-56441000.0,14820000.0,14820000.0,0.0,44347000.0,1.755,1.456,690659000.0,2641000.0,688018000.0,690659000.0,0.0,30900000.0,0.0,0.0,0.0,78474000.0,109374000.0,0.136,109374000.0,78474000.0,70072000.0,0.37,0.345,0.37,899408000.0,,899408000.0,3626379940.0,16.0,10.282,20752000.0,0.173,1.0,805945000.0,1.0,391929000.0,8402000.0,2146035000.0,,59280000.0,0.0,0.0,0.0,1309482000.0,346765000.0,962717000.0,2936719940.0,-1562000.0,1750000.0,152000.0,-24216000.0,0.0,-24064000.0,-54691000.0,0.0,77193000.0,0.0,44347000.0,44347000.0,44347000.0,0.0,0.0,0.055,722783000.0,83162000.0,344124000.0,0.0,3.265,24.23,24.257,1127685000.0,0.0,24.5,0.961,0.961,464987000.0,766084000.0,805945000.0,805945000.0,0.0,,,,,0.0,321595000.0,1.0,119866120.0,119868000,134508000.0,6.724,1816961000.0,34944000.0,25725000.0,27471000.0,15.158,261695000.0
77,UHS,MRQ,2002-03-31,2002-03-31,2002-03-31,2021-08-07,-5159000.0,2194377000.0,,618125000.0,1576252000.0,,7.129,-40711000.0,16382000.0,16382000.0,0.0,45673000.0,1.661,1.571,706042000.0,2751000.0,703291000.0,706042000.0,0.0,29408000.0,0.0,0.0,0.0,81129000.0,110537000.0,0.137,110537000.0,81129000.0,72165000.0,0.38,0.355,0.38,853542000.0,,853542000.0,3169384492.0,15.0,9.406,16162000.0,0.135,1.0,804371000.0,1.0,386185000.0,8964000.0,2125789000.0,,57654000.0,0.0,0.0,0.0,1340835000.0,372063000.0,968772000.0,2470966492.0,-6466000.0,0.0,-1900000.0,-20728000.0,0.0,-22628000.0,-40711000.0,0.0,56873000.0,0.0,45673000.0,45673000.0,45673000.0,0.0,0.0,0.057,717603000.0,86768000.0,341578000.0,0.0,2.895,22.619,22.665,1098922000.0,0.0,20.625,0.833,0.832,481931000.0,721737000.0,804371000.0,804371000.0,0.0,,,,,0.0,319707000.0,1.0,119804436.0,119724000,134096000.0,6.719,1808192000.0,26501000.0,26492000.0,55060000.0,15.103,246062000.0
78,UHS,MRQ,2001-12-31,2001-12-31,2001-12-31,2021-08-07,-6162000.0,2168589000.0,,548262000.0,1620327000.0,,6.752,-304856000.0,22848000.0,22848000.0,0.0,927000.0,1.699,1.684,721266000.0,2436000.0,718830000.0,721266000.0,0.0,32893000.0,0.0,0.0,0.0,9935000.0,42828000.0,0.059,42828000.0,9935000.0,967000.0,0.01,0.02,0.01,807900000.0,,807900000.0,3162328537.0,16.0,9.833,-260724000.0,-2.179,1.0,724162000.0,1.0,372627000.0,8968000.0,2171664000.0,,54764000.0,0.0,0.0,0.0,1360689000.0,322716000.0,1037973000.0,2561788537.0,-1743000.0,184088000.0,-1378000.0,82879000.0,0.0,74893000.0,-120768000.0,0.0,44132000.0,0.0,927000.0,927000.0,927000.0,0.0,0.0,0.001,700680000.0,23482000.0,144163000.0,0.0,3.171,25.684,25.617,1031205000.0,0.0,21.39,0.902,0.902,418083000.0,676064000.0,724162000.0,724162000.0,0.0,,,,,0.0,289643000.0,1.0,119765710.0,119658000,134188000.0,6.052,1795962000.0,25227000.0,40000.0,56249000.0,15.009,225546000.0
79,UHS,MRQ,2001-09-30,2001-09-30,2001-09-30,2021-08-07,-14178000.0,2011244000.0,,529849000.0,1481395000.0,,6.669,-42137000.0,24591000.0,24591000.0,0.0,30254000.0,1.652,1.517,625131000.0,1273000.0,623858000.0,625131000.0,0.0,32587000.0,0.0,0.0,0.0,57365000.0,89952000.0,0.125,89952000.0,57365000.0,47519000.0,0.25,0.24,0.25,799212000.0,,799212000.0,3567068168.0,16.0,10.31,58473000.0,0.488,1.0,720784000.0,1.0,396225000.0,9846000.0,1894812000.0,,49995000.0,0.0,0.0,0.0,1212032000.0,320747000.0,891285000.0,2926956168.0,66000.0,-4848000.0,-5640000.0,-47919000.0,0.0,-53559000.0,-46985000.0,0.0,100610000.0,0.0,30254000.0,30254000.0,30254000.0,0.0,0.0,0.042,659611000.0,61173000.0,297878000.0,0.0,3.662,24.825,24.898,999378000.0,0.0,24.4,1.072,1.071,404585000.0,675137000.0,720784000.0,720784000.0,0.0,,,,,0.0,282225000.0,1.0,119957220.0,119842000,134834000.0,6.014,1615019000.0,23816000.0,17265000.0,55016000.0,13.476,209102000.0
80,UHS,MRQ,2001-06-30,2001-06-30,2001-06-30,2021-08-07,-5930000.0,1980619000.0,,529524000.0,1451095000.0,,6.529,-38854000.0,24525000.0,24525000.0,0.0,32390000.0,1.829,1.531,664637000.0,844000.0,663793000.0,664637000.0,0.0,32248000.0,0.0,0.0,0.0,61394000.0,93642000.0,0.13,93642000.0,61394000.0,50888000.0,0.27,0.255,0.27,782456000.0,,782456000.0,3416278599.0,16.0,10.458,45293000.0,0.378,1.0,718596000.0,1.0,391553000.0,10506000.0,1939637000.0,,48634000.0,0.0,0.0,0.0,1198163000.0,289541000.0,908622000.0,2728324599.0,11481000.0,0.0,184000.0,-38627000.0,0.0,-33812000.0,-38854000.0,0.0,84147000.0,0.0,32390000.0,32390000.0,32390000.0,0.0,0.0,0.045,653529000.0,65067000.0,282480000.0,0.0,3.487,24.806,24.863,979810000.0,0.0,22.75,1.061,1.06,406523000.0,644583000.0,718596000.0,718596000.0,0.0,,,,,0.0,282278000.0,1.0,119926356.0,119836000,134448000.0,5.996,1589066000.0,23043000.0,18498000.0,41989000.0,13.26,239983000.0
81,UHS,MRQ,2001-03-31,2001-03-31,2001-03-31,2021-08-07,-9184000.0,1990015000.0,,543259000.0,1446756000.0,,6.232,-30554000.0,13044000.0,13044000.0,0.0,36171000.0,1.812,1.669,700998000.0,870000.0,700128000.0,700998000.0,0.0,29795000.0,0.0,0.0,0.0,65379000.0,95174000.0,0.141,95174000.0,65379000.0,56923000.0,0.3,0.285,0.3,745669000.0,,745669000.0,3180847398.0,17.0,10.435,38100000.0,0.318,1.0,676949000.0,1.0,395918000.0,8456000.0,1982260000.0,,48949000.0,0.0,0.0,0.0,1244346000.0,299791000.0,944555000.0,2642639398.0,2499000.0,-179240000.0,1109000.0,147161000.0,0.0,143639000.0,-209794000.0,0.0,68654000.0,0.0,36171000.0,36171000.0,36171000.0,0.0,0.0,0.053,606218000.0,70731000.0,276456000.0,0.0,3.544,26.19,26.28,965481000.0,0.0,22.075,1.111,1.111,430342000.0,612493000.0,676949000.0,676949000.0,0.0,,,,,0.0,268282000.0,1.0,119711864.0,119656000,134296000.0,5.657,1594097000.0,20821000.0,20752000.0,56602000.0,13.322,243468000.0
82,UHS,MRQ,2000-12-31,2000-12-31,2000-12-31,2021-08-07,0.0,1742377000.0,,476455000.0,1265922000.0,,6.004,-42317000.0,10545000.0,10545000.0,0.0,19089000.0,1.915,1.432,548753000.0,689000.0,548064000.0,548753000.0,0.0,28531000.0,0.0,0.0,0.0,38692000.0,67223000.0,0.109,67223000.0,38692000.0,30265000.0,0.16,0.155,0.16,716574000.0,,716574000.0,3866158943.0,22.0,13.384,-24617000.0,-0.206,1.0,614822000.0,1.0,316777000.0,8427000.0,1714968000.0,,45518000.0,0.0,0.0,0.0,1025803000.0,248840000.0,776963000.0,3338464943.0,4570000.0,8191000.0,1716000.0,14833000.0,0.0,20996000.0,-34126000.0,0.0,17700000.0,0.0,19089000.0,19089000.0,19089000.0,0.0,0.0,0.031,572135000.0,42687000.0,113294000.0,0.0,4.659,35.758,36.065,875627000.0,0.0,27.95,1.489,1.501,376601000.0,576322000.0,614822000.0,614822000.0,0.0,,,,,0.0,240845000.0,1.0,119444184.0,119348000,134332000.0,5.152,1425600000.0,17943000.0,11176000.0,54205000.0,11.945,227615000.0
83,UHS,MRQ,2000-09-30,2000-09-30,2000-09-30,2021-08-07,0.0,1701169000.0,,452257000.0,1248912000.0,,5.779,-25392000.0,5975000.0,5975000.0,0.0,22335000.0,1.867,1.462,533669000.0,559000.0,533110000.0,533669000.0,0.0,28475000.0,0.0,0.0,0.0,42166000.0,70641000.0,0.126,70641000.0,42166000.0,35172000.0,0.185,0.18,0.185,690964000.0,,690964000.0,2957891140.0,18.0,10.642,34545000.0,0.289,1.0,561790000.0,1.0,316681000.0,6994000.0,1669963000.0,,43404000.0,0.0,0.0,0.0,1010205000.0,242219000.0,767986000.0,2557931140.0,423000.0,-136174000.0,-15764000.0,121598000.0,0.0,102052000.0,-161566000.0,0.0,59937000.0,0.0,22335000.0,22335000.0,22335000.0,0.0,0.0,0.04,516452000.0,45338000.0,235534000.0,0.0,3.702,29.001,29.205,861139000.0,0.0,21.407,1.191,1.192,349006000.0,557233000.0,561790000.0,561790000.0,0.0,,,,,0.0,219371000.0,1.0,119487616.0,119572000,135376000.0,4.698,1384488000.0,26924000.0,12837000.0,44242000.0,11.579,210038000.0
84,UHS,MRQ,2000-06-30,2000-06-30,2000-06-30,2021-08-07,0.0,1525091000.0,,408925000.0,1116166000.0,,5.644,-15469000.0,5552000.0,5552000.0,0.0,23309000.0,1.951,1.243,405512000.0,1309000.0,404203000.0,405512000.0,0.0,28159000.0,0.0,0.0,0.0,43615000.0,71774000.0,0.137,71774000.0,43615000.0,36423000.0,0.195,0.19,0.195,679953000.0,,679953000.0,2381810896.0,16.0,9.261,33381000.0,0.277,1.0,524828000.0,1.0,269382000.0,7192000.0,1446069000.0,,40166000.0,0.0,0.0,0.0,845138000.0,209600000.0,635538000.0,1967202896.0,-2398000.0,-210000.0,-10265000.0,-24759000.0,0.0,-35569000.0,-15679000.0,0.0,48850000.0,0.0,23309000.0,23309000.0,23309000.0,0.0,0.0,0.044,477842000.0,46986000.0,207698000.0,0.0,2.893,25.661,25.869,780349000.0,0.0,16.375,0.948,0.951,313566000.0,534898000.0,524828000.0,524828000.0,0.0,,,,,0.0,202668000.0,1.0,120134528.0,120476000,124556000.0,4.356,1255709000.0,27352000.0,13114000.0,36210000.0,10.423,199325000.0
85,UHS,MRQ,2000-03-31,2000-03-31,2000-03-31,2021-08-07,0.0,1530627000.0,,417680000.0,1112947000.0,,5.43,-30722000.0,7950000.0,7950000.0,0.0,28629000.0,1.902,1.304,422558000.0,2935000.0,419623000.0,422558000.0,0.0,27644000.0,0.0,0.0,0.0,51576000.0,79220000.0,0.146,79220000.0,51576000.0,44248000.0,0.235,0.23,0.235,664396000.0,,664396000.0,1918828653.0,13.0,7.494,17612000.0,0.144,1.0,541004000.0,1.0,272795000.0,7328000.0,1452806000.0,,39628000.0,0.0,0.0,0.0,866231000.0,219634000.0,646597000.0,1502300653.0,1769000.0,-9160000.0,-6412000.0,-151000.0,0.0,-6683000.0,-39882000.0,0.0,48334000.0,0.0,28629000.0,28629000.0,28629000.0,0.0,0.0,0.053,486285000.0,54719000.0,202361000.0,0.0,2.261,19.668,19.758,783625000.0,0.0,12.25,0.728,0.726,316880000.0,511589000.0,541004000.0,541004000.0,0.0,,,,,0.0,210863000.0,1.0,122636788.0,122364000,124220000.0,4.421,1257832000.0,28399000.0,15619000.0,47045000.0,10.279,198046000.0
86,UHS,MRQ,1999-12-31,1999-12-31,1999-12-31,2021-08-07,0.0,1497973000.0,,403249000.0,1094724000.0,,5.246,-19030000.0,6181000.0,6181000.0,0.0,13929000.0,1.857,1.335,422709000.0,3506000.0,419203000.0,422709000.0,0.0,27463000.0,0.0,0.0,0.0,28849000.0,56312000.0,0.108,56312000.0,28849000.0,21528000.0,0.118,0.117,0.118,641611000.0,,641611000.0,1500923180.0,10.0,5.818,-376000.0,-0.003,1.0,519390000.0,1.0,276031000.0,7321000.0,1421270000.0,,41173000.0,0.0,0.0,0.0,856362000.0,217200000.0,639162000.0,1103760180.0,-907000.0,927000.0,-13734000.0,18824000.0,0.0,-1458000.0,-18103000.0,0.0,18654000.0,0.0,13929000.0,13929000.0,13929000.0,0.0,0.0,0.027,490462000.0,28928000.0,105334000.0,0.0,1.72,14.192,14.516,777053000.0,0.0,9.0,0.54,0.554,307294000.0,482960000.0,519390000.0,519390000.0,0.0,,,,,0.0,201757000.0,1.0,122640020.0,122308000,123436000.0,4.247,1221942000.0,26768000.0,7599000.0,41634000.0,9.991,186049000.0
87,UHS,MRQ,1999-09-30,1999-09-30,1999-09-30,2021-08-07,0.0,1485326000.0,,371045000.0,1114281000.0,,5.08,-18250000.0,7088000.0,7088000.0,0.0,10794000.0,1.805,1.326,404251000.0,3806000.0,400445000.0,404251000.0,0.0,26695000.0,0.0,0.0,0.0,23184000.0,49879000.0,0.102,49879000.0,23184000.0,16681000.0,0.085,0.085,0.085,638600000.0,,638600000.0,1221764913.0,8.0,4.578,40965000.0,0.326,1.0,489828000.0,1.0,288669000.0,6503000.0,1388305000.0,,38554000.0,0.0,0.0,0.0,846726000.0,205515000.0,641211000.0,819536913.0,-1067000.0,351000.0,-28790000.0,-6717000.0,0.0,-42383000.0,-17899000.0,0.0,59215000.0,0.0,10794000.0,10794000.0,10794000.0,0.0,0.0,0.022,467223000.0,22605000.0,201709000.0,0.0,1.283,9.768,9.848,785461000.0,0.0,6.47,0.409,0.406,285067000.0,469031000.0,489828000.0,489828000.0,0.0,,,,,0.0,196523000.0,1.0,126667220.0,125700000,128204000.0,3.897,1196657000.0,26762000.0,5887000.0,27049000.0,9.52,165530000.0
88,UHS,MRQ,1999-06-30,1999-06-30,1999-06-30,2021-08-07,0.0,1499682000.0,,377409000.0,1122273000.0,,5.185,-17695000.0,8155000.0,8155000.0,0.0,23030000.0,1.979,1.284,410383000.0,4287000.0,406096000.0,410383000.0,0.0,27197000.0,0.0,0.0,0.0,43445000.0,70642000.0,0.138,70642000.0,43445000.0,36879000.0,0.182,0.177,0.182,656612000.0,,656612000.0,1896954192.0,12.0,6.981,6860000.0,0.054,1.0,513067000.0,1.0,292791000.0,6566000.0,1418458000.0,,38481000.0,0.0,0.0,0.0,843070000.0,190661000.0,652409000.0,1513849192.0,-2353000.0,-16508000.0,-5818000.0,15870000.0,0.0,7295000.0,-34203000.0,0.0,24555000.0,0.0,23030000.0,23030000.0,23030000.0,0.0,0.0,0.045,466865000.0,46202000.0,186374000.0,0.0,2.306,17.501,17.685,787872000.0,0.0,11.938,0.768,0.767,299413000.0,458237000.0,513067000.0,513067000.0,0.0,,,,,0.0,199579000.0,1.0,126814592.0,126636000,129448000.0,4.052,1206891000.0,17165000.0,13849000.0,25137000.0,9.53,186748000.0
89,UHS,MRQ,1999-03-31,1999-03-31,1999-03-31,2021-08-07,0.0,1467840000.0,,353071000.0,1114769000.0,,4.983,-12601000.0,10508000.0,10508000.0,0.0,30022000.0,1.73,1.301,393613000.0,3762000.0,389851000.0,393613000.0,0.0,26978000.0,0.0,0.0,0.0,54177000.0,81155000.0,0.156,81155000.0,54177000.0,47695000.0,0.235,0.23,0.235,637982000.0,,637982000.0,1815288925.0,11.0,6.822,60532000.0,0.473,1.0,520095000.0,1.0,274062000.0,6482000.0,1372821000.0,,38771000.0,0.0,0.0,0.0,829858000.0,204062000.0,625796000.0,1394278925.0,9248000.0,0.0,-20369000.0,-28657000.0,0.0,-51284000.0,-12601000.0,0.0,73133000.0,0.0,30022000.0,30022000.0,30022000.0,0.0,0.0,0.058,461924000.0,58171000.0,182061000.0,0.0,2.185,16.612,16.635,800865000.0,0.0,10.812,0.722,0.717,276506000.0,435207000.0,520095000.0,520095000.0,0.0,,,,,0.0,195670000.0,1.0,128950652.0,128028000,130752000.0,4.062,1193778000.0,13302000.0,17673000.0,42324000.0,9.324,149009000.0
90,UHS,MRQ,1998-12-31,1998-12-31,1998-12-31,2021-08-07,0.0,1448095000.0,,319615000.0,1128480000.0,,4.859,-25753000.0,1260000.0,1260000.0,0.0,20054000.0,1.88,1.31,422270000.0,4082000.0,418188000.0,422270000.0,0.0,27574000.0,0.0,0.0,0.0,37624000.0,65198000.0,0.136,65198000.0,37624000.0,31036000.0,0.155,0.153,0.155,627007000.0,,627007000.0,2105986899.0,14.0,8.24,-877000.0,-0.007,1.0,480722000.0,1.0,279141000.0,6588000.0,1419911000.0,,38842000.0,0.0,0.0,0.0,821088000.0,170053000.0,651035000.0,1698829899.0,-2080000.0,4397000.0,-18858000.0,14773000.0,0.0,-5600000.0,-21356000.0,0.0,24876000.0,0.0,20054000.0,20054000.0,20054000.0,0.0,0.0,0.042,440702000.0,40020000.0,83130000.0,0.0,2.709,21.353,21.158,808822000.0,0.0,12.97,0.906,0.9,256354000.0,405185000.0,480722000.0,480722000.0,0.0,,,,,0.0,235620000.0,1.0,130981488.0,129036000,132116000.0,3.725,1168954000.0,10838000.0,10982000.0,33363000.0,9.059,149562000.0
91,UHS,MRQ,1998-09-30,1998-09-30,1998-09-30,2021-08-07,0.0,1469092000.0,,335907000.0,1133185000.0,,4.798,-26608000.0,3340000.0,3340000.0,0.0,13393000.0,1.669,1.345,410497000.0,4526000.0,405971000.0,410497000.0,0.0,27160000.0,0.0,0.0,0.0,27567000.0,54727000.0,0.12,54727000.0,27567000.0,20428000.0,0.102,0.1,0.102,626548000.0,,626548000.0,1786107303.0,13.0,7.435,21811000.0,0.167,1.0,456090000.0,1.0,274569000.0,7139000.0,1400458000.0,,37283000.0,0.0,0.0,0.0,842544000.0,201222000.0,641322000.0,1365481303.0,636000.0,-2430000.0,-5834000.0,-12833000.0,0.0,-18745000.0,-29038000.0,0.0,48419000.0,0.0,13393000.0,13393000.0,13393000.0,0.0,0.0,0.029,427110000.0,28980000.0,196696000.0,0.0,2.179,18.323,18.216,818741000.0,0.0,10.438,0.763,0.761,265163000.0,385131000.0,456090000.0,456090000.0,0.0,,,,,0.0,165547000.0,1.0,130824556.0,130572000,133332000.0,3.493,1194523000.0,17968000.0,7035000.0,25390000.0,9.148,134685000.0
92,UHS,MRQ,1998-06-30,1998-06-30,1998-06-30,2021-08-07,0.0,1459520000.0,,323405000.0,1136115000.0,,4.743,-24473000.0,2704000.0,2704000.0,0.0,20461000.0,1.74,1.358,423330000.0,4895000.0,418435000.0,423330000.0,0.0,26272000.0,0.0,0.0,0.0,38752000.0,65024000.0,0.137,65024000.0,38752000.0,31669000.0,0.158,0.152,0.158,619006000.0,,619006000.0,2324482387.0,17.0,10.019,8091000.0,0.062,1.0,474558000.0,1.0,278700000.0,7083000.0,1415583000.0,,36655000.0,0.0,0.0,0.0,840514000.0,185863000.0,654651000.0,1907550387.0,-5675000.0,-11899000.0,147000.0,-1935000.0,0.0,-1867000.0,-36372000.0,0.0,32564000.0,0.0,20461000.0,20461000.0,20461000.0,0.0,0.0,0.043,432280000.0,42278000.0,180968000.0,0.0,3.082,25.451,25.251,812913000.0,0.0,14.595,1.124,1.123,252530000.0,371738000.0,474558000.0,474558000.0,0.0,,,,,0.0,165721000.0,1.0,130698896.0,130504000,134000000.0,3.636,1180820000.0,20224000.0,11208000.0,23638000.0,9.048,137542000.0
93,UHS,MRQ,1998-03-31,1998-03-31,1998-03-31,2021-08-07,0.0,1464704000.0,,328278000.0,1136426000.0,,4.586,-19974000.0,8379000.0,8379000.0,0.0,25650000.0,1.612,1.456,425311000.0,5853000.0,419458000.0,425311000.0,0.0,24436000.0,0.0,0.0,0.0,46186000.0,70622000.0,0.152,70622000.0,46186000.0,39879000.0,0.198,0.193,0.198,596409000.0,,596409000.0,2151613992.0,16.0,9.841,25851000.0,0.199,1.0,463117000.0,1.0,268313000.0,6307000.0,1409653000.0,,36397000.0,0.0,0.0,0.0,868295000.0,203670000.0,664625000.0,1873824992.0,8047000.0,-162996000.0,1127000.0,144144000.0,0.0,145192000.0,-182970000.0,0.0,45825000.0,0.0,25650000.0,25650000.0,25650000.0,0.0,0.0,0.055,415183000.0,47934000.0,192487000.0,0.0,3.142,26.246,26.25,824502000.0,0.0,14.438,1.197,1.199,259679000.0,385447000.0,463117000.0,463117000.0,0.0,,,,,0.0,161125000.0,1.0,129788744.0,130064000,133240000.0,3.561,1196391000.0,9760000.0,14229000.0,28311000.0,9.198,124608000.0
94,UHS,MRQ,1997-12-31,1997-12-31,1997-12-31,2021-08-07,0.0,1085349000.0,,230022000.0,855327000.0,,4.063,-25496000.0,332000.0,332000.0,0.0,15020000.0,1.434,1.061,278121000.0,5655000.0,272466000.0,278121000.0,0.0,21788000.0,0.0,0.0,0.0,28072000.0,49860000.0,0.126,49860000.0,28072000.0,23596000.0,0.115,0.112,0.115,526607000.0,,526607000.0,,,,-5509000.0,-0.043,1.0,396304000.0,1.0,149814000.0,4476000.0,1052868000.0,,28214000.0,0.0,0.0,0.0,558742000.0,160456000.0,398286000.0,1634689231.0,-7587000.0,2892000.0,195000.0,-4494000.0,0.0,-4970000.0,-22604000.0,0.0,19987000.0,0.0,15020000.0,15020000.0,15020000.0,0.0,0.0,0.038,366727000.0,29577000.0,70807000.0,0.0,3.104,24.298,24.221,663111000.0,0.0,12.595,1.133,1.129,180252000.0,325627000.0,396304000.0,396304000.0,0.0,,,,,0.0,146033000.0,1.0,129788744.0,129608000,132776000.0,3.058,935535000.0,11105000.0,8576000.0,11827000.0,7.218,69566000.0
95,UHS,MRQ,1997-09-30,1997-09-30,1997-09-30,2021-08-07,,,,,,,,-36967000.0,,,0.0,13819000.0,,,,,,,,20055000.0,,0.0,0.0,26445000.0,46500000.0,0.128,46500000.0,26445000.0,21879000.0,0.107,0.105,0.107,,,,,,,37593000.0,0.291,1.0,362377000.0,1.0,,4566000.0,,,,,,,,,,,7297000.0,-39218000.0,187000.0,8735000.0,0.0,8922000.0,-76185000.0,0.0,74560000.0,0.0,13819000.0,13819000.0,13819000.0,0.0,0.0,0.038,336657000.0,25720000.0,,0.0,,,,,0.0,10.812,,,,,362377000.0,362377000.0,0.0,,,,,0.0,129489000.0,1.0,,129384000,132512000.0,2.801,,,8060000.0,,,
96,UHS,MRQ,1997-06-30,1997-06-30,1997-06-30,2021-08-07,,,,,,,,-36178000.0,,,0.0,16907000.0,,,,,,,,19815000.0,,0.0,0.0,31851000.0,51666000.0,0.15,51666000.0,31851000.0,26467000.0,0.13,0.128,0.13,,,,,,,-5568000.0,-0.043,1.0,343826000.0,1.0,,5384000.0,,,,,,,,,,,-1659000.0,0.0,172000.0,3737000.0,0.0,3909000.0,-36178000.0,0.0,30610000.0,0.0,16907000.0,16907000.0,16907000.0,0.0,0.0,0.049,312122000.0,31704000.0,,0.0,,,,,0.0,9.625,,,,,343826000.0,343826000.0,0.0,,,,,0.0,119138000.0,1.0,,129272000,132412000.0,2.66,,,9560000.0,,,
97,UHS,MRQ,1997-03-31,1997-03-31,1997-03-31,2021-08-07,,,,,,,,-30558000.0,,,0.0,21530000.0,,,,,,,,19028000.0,,0.0,0.0,38937000.0,57965000.0,0.17,57965000.0,38937000.0,33981000.0,0.168,0.163,0.168,,,,,,,18455000.0,0.143,1.0,340170000.0,1.0,,4956000.0,,,,,,,,,,,1993000.0,0.0,1026000.0,-17488000.0,0.0,-16462000.0,-30558000.0,0.0,49013000.0,0.0,21530000.0,21530000.0,21530000.0,0.0,0.0,0.063,301615000.0,38555000.0,,0.0,,,,,0.0,8.22,,,,,340170000.0,340170000.0,0.0,,,,,0.0,119747000.0,1.0,,128872000,131868000.0,2.64,,,12451000.0,,,
98,UHS,MRQ,1996-12-31,1996-12-31,1996-12-31,2021-08-07,0.0,965795000.0,,193953000.0,771842000.0,,3.768,,288000.0,288000.0,,,1.385,1.132,282500000.0,6866000.0,275634000.0,282500000.0,0.0,,0.0,0.0,0.0,,,,,,,,,,452980000.0,,452980000.0,,,,,,1.0,,,150336000.0,,957592000.0,,22019000.0,0.0,0.0,0.0,512815000.0,140079000.0,372736000.0,,,,,,,,,,,,,,,,,,,,57117000.0,,,,16.955,567628000.0,,7.155,,0.733,145364000.0,258351000.0,,,,,,,,,,1.0,,120216000,,,815459000.0,22306000.0,,772000.0,6.783,53874000.0
0,UHS,MRT,2021-06-30,2021-06-30,2021-06-30,2021-08-07,0.0,12812635000.0,13090400250.0,2365305000.0,10447330000.0,0.933,76.939,-858908000.0,199017000.0,199017000.0,0.0,1086172000.0,1.201,0.963,3913010000.0,167965000.0,3745045000.0,3913010000.0,0.0,525279000.0,0.0,0.003,0.4,1510964000.0,2036243000.0,0.167,2036243000.0,1510964000.0,1423247000.0,12.77,12.63,12.77,6480100000.0,6318474000.0,6480100000.0,15657263238.0,10.0,7.689,169340000.0,2.011,1.0,12210343000.0,1.0,3903266000.0,87717000.0,10654552000.0,10052826750.0,195141000.0,0.0,0.0,0.0,6240555000.0,1968810000.0,4271745000.0,12480143238.0,-330584000.0,-30184000.0,-361837000.0,20704000.0,-33844000.0,-372422000.0,-989448000.0,-100256000.0,1028248000.0,3038000.0,1084102000.0,1084102000.0,1084102000.0,0.0,2070000.0,0.089,10712077000.0,1498266000.0,1765773000.0,0.031,1.926,11.512,11.467,5947128000.0,0.0,146.43,1.022,1.01,1787931000.0,,12210343000.0,12210343000.0,0.0,0.083,0.172,0.15,0.124,68914000.0,5858126000.0,1.0,85229415.0,84224000,85624000.0,144.975,8909369000.0,34945000.0,339145000.0,33315000.0,105.782,396495000.0
1,UHS,MRT,2021-03-31,2021-03-31,2021-03-31,2021-08-07,0.0,13096329000.0,12924366250.0,2784165000.0,10312164000.0,0.909,76.831,-794664000.0,764502000.0,764502000.0,0.0,1017400000.0,1.243,0.997,3941622000.0,168093000.0,3773529000.0,3941622000.0,0.0,517502000.0,0.0,0.001,0.2,1419675000.0,1937177000.0,0.165,1937177000.0,1419675000.0,1327784000.0,11.89,11.79,11.89,6513862000.0,6120610750.0,6513862000.0,14320503974.0,10.0,7.392,1135238000.0,13.39,1.0,11742217000.0,1.0,3886973000.0,91891000.0,10147097000.0,9734711000.0,193961000.0,0.0,0.0,0.0,6494490000.0,2239379000.0,4255111000.0,11350643974.0,719945000.0,-47411000.0,-29418000.0,-233153000.0,-17018000.0,-282922000.0,-929870000.0,-87695000.0,1929902000.0,2835000.0,1011007000.0,1011007000.0,1011007000.0,0.0,6393000.0,0.086,10324888000.0,1417329000.0,1779700000.0,0.017,1.743,11.227,11.219,5822305000.0,0.0,133.39,0.967,0.963,1668650000.0,,11742217000.0,11742217000.0,0.0,0.078,0.165,0.146,0.121,65812000.0,5678201000.0,1.0,85093665.0,84782000,85796000.0,138.499,9209356000.0,23514000.0,316777000.0,103001000.0,108.624,544786000.0
2,UHS,MRT,2020-12-31,2020-12-31,2020-12-31,2021-08-07,0.0,13476879000.0,12555390500.0,3281869000.0,10195010000.0,0.921,74.266,-731307000.0,1224490000.0,1224490000.0,0.0,952790000.0,1.323,1.12,4194350000.0,391794000.0,3802556000.0,4194350000.0,0.0,510493000.0,0.0,0.001,0.2,1349531000.0,1860024000.0,0.161,1860024000.0,1349531000.0,1243246000.0,11.06,10.99,11.06,6317146000.0,5845447500.0,6317146000.0,14524362788.0,11.0,7.809,1628862000.0,19.149,1.0,11558897000.0,1.0,3882715000.0,106285000.0,10082985000.0,9744534250.0,190417000.0,0.0,0.0,0.0,7074912000.0,2481039000.0,4593873000.0,11684960788.0,1173487000.0,-49415000.0,-194401000.0,-160968000.0,-17344000.0,-384859000.0,-802562000.0,-21740000.0,2360169000.0,739000.0,943953000.0,943953000.0,943953000.0,0.0,8837000.0,0.082,10200543000.0,1358354000.0,1668671000.0,0.018,1.85,12.379,12.432,5709637000.0,0.0,137.5,1.011,1.012,1728928000.0,6268175000.0,11558897000.0,11558897000.0,0.0,0.075,0.161,0.138,0.117,65837000.0,5613097000.0,1.0,84981533.0,85061000,85587000.0,135.89,9594164000.0,22689000.0,299293000.0,50005000.0,112.792,800830000.0
3,UHS,MRT,2020-09-30,2020-09-30,2020-09-30,2021-08-07,0.0,12975758000.0,12103233250.0,2961154000.0,10014604000.0,0.939,70.422,-700504000.0,1101230000.0,1101230000.0,0.0,893066000.0,1.124,1.164,3940632000.0,151723000.0,3788909000.0,3940632000.0,0.0,504219000.0,0.0,0.004,0.4,1283776000.0,1787995000.0,0.157,1787995000.0,1283776000.0,1158218000.0,10.25,10.19,10.25,5962788000.0,5642187250.0,5962788000.0,12420936750.0,10.0,6.947,1851010000.0,21.861,1.0,11368209000.0,1.0,3854265000.0,125558000.0,9326673000.0,9844907250.0,176105000.0,0.0,0.0,0.0,6940660000.0,2634222000.0,4306438000.0,9092157750.0,991052000.0,-62360000.0,-370780000.0,-335240000.0,-34791000.0,-767316000.0,-794658000.0,-31794000.0,2551514000.0,1512000.0,880421000.0,880421000.0,880421000.0,0.0,12645000.0,0.077,10082835000.0,1285374000.0,1591258000.0,0.039,1.525,10.327,10.441,5579009000.0,0.0,107.02,0.8,0.797,1540747000.0,,11368209000.0,11368209000.0,0.0,0.073,0.156,0.13,0.113,67192000.0,5578667000.0,1.0,84957557.0,84672000,85247000.0,134.262,9121493000.0,19936000.0,277797000.0,32230000.0,107.727,326932000.0
4,UHS,MRT,2020-06-30,2020-06-30,2020-06-30,2021-08-07,0.0,12148499000.0,11757894000.0,2296787000.0,9851712000.0,0.959,67.216,-664785000.0,539622000.0,539622000.0,0.0,749844000.0,1.017,1.123,3868401000.0,138714000.0,3729687000.0,3868401000.0,0.0,499786000.0,0.0,0.006,0.6,1114592000.0,1614378000.0,0.143,1614378000.0,1114592000.0,972162000.0,8.51,8.47,8.51,5688647000.0,5498794000.0,5688647000.0,11981301449.0,11.0,7.422,1552489000.0,18.344,1.0,11278121000.0,1.0,3836020000.0,142430000.0,9382089000.0,10104128750.0,167626000.0,0.0,0.0,0.0,6386927000.0,2259169000.0,4127758000.0,7888820449.0,427571000.0,-7944000.0,-464522000.0,-620384000.0,-52394000.0,-1148948000.0,-640348000.0,32381000.0,2217274000.0,-407000.0,736332000.0,736332000.0,736332000.0,0.0,13512000.0,0.065,10153488000.0,1124633000.0,1371698000.0,0.071,1.387,10.714,10.915,5439937000.0,0.0,92.89,0.699,0.697,1438697000.0,,11278121000.0,11278121000.0,0.0,0.063,0.134,0.11,0.099,68709000.0,5580545000.0,1.0,84926477.0,84632000,85059000.0,133.261,8312479000.0,20241000.0,235830000.0,145599000.0,98.219,37618000.0
5,UHS,MRT,2020-03-31,2020-03-31,2020-03-31,2021-08-07,0.0,11620426000.0,11658931750.0,1834346000.0,9786080000.0,0.978,62.79,-648349000.0,54619000.0,54619000.0,0.0,734605000.0,1.085,1.133,4147100000.0,127293000.0,4019807000.0,4147100000.0,0.0,494746000.0,0.0,0.007,0.7,1108386000.0,1603132000.0,0.141,1603132000.0,1108386000.0,948942000.0,8.21,8.18,8.21,5413209000.0,5424904500.0,5413209000.0,12842609278.0,12.0,8.011,860378000.0,9.98,1.0,11403535000.0,1.0,3836566000.0,159444000.0,10186390000.0,10454792500.0,162597000.0,0.0,0.0,0.0,6135383000.0,1689951000.0,4445432000.0,8593232278.0,-58353000.0,-26603000.0,-787729000.0,-91727000.0,-61266000.0,-950556000.0,-615016000.0,59936000.0,1508727000.0,-1508000.0,722723000.0,722723000.0,722723000.0,0.0,11882000.0,0.063,10291370000.0,1112165000.0,1382652000.0,0.085,1.587,11.89,12.068,5383555000.0,0.0,99.08,0.754,0.749,1486829000.0,,11403535000.0,11403535000.0,0.0,0.062,0.133,0.106,0.097,69887000.0,5656016000.0,1.0,86730241.0,86212000,86455000.0,132.273,7783860000.0,17482000.0,226219000.0,68782000.0,90.287,144395000.0
6,UHS,MRT,2019-12-31,2019-12-31,2019-12-31,2021-08-07,31893000.0,11668250000.0,11684144500.0,1915934000.0,9752316000.0,0.974,62.01,-634095000.0,61268000.0,61268000.0,0.0,827543000.0,1.225,1.106,4310645000.0,143992000.0,4166653000.0,4310645000.0,0.0,490392000.0,0.0,0.004,0.6,1216381000.0,1706773000.0,0.15,1706773000.0,1216381000.0,1053648000.0,9.16,9.13,9.16,5504105000.0,5442206000.0,5504105000.0,16783346311.0,14.0,9.833,804374000.0,9.062,1.0,11378259000.0,1.0,3869760000.0,162733000.0,10484477000.0,10503516750.0,159889000.0,0.0,0.0,0.0,6089379000.0,1563390000.0,4525989000.0,12564552311.0,-94018000.0,-34552000.0,-759698000.0,-17922000.0,-53003000.0,-845036000.0,-688410000.0,-19763000.0,1438469000.0,959000.0,814854000.0,814854000.0,814854000.0,0.0,12689000.0,0.072,10162351000.0,1215908000.0,446957000.0,0.066,2.283,15.419,15.662,5343216000.0,0.0,143.46,1.104,1.119,1560847000.0,5471345000.0,11378259000.0,11378259000.0,0.0,0.07,0.15,0.116,0.107,69431000.0,5588893000.0,1.0,87582269.0,88762000,89040000.0,128.188,7798490000.0,16189000.0,238794000.0,99191000.0,87.858,352544000.0
7,UHS,MRT,2019-09-30,2019-09-30,2019-09-30,2021-08-07,0.0,11594401000.0,11583452000.0,1930627000.0,9663774000.0,0.97,61.275,-623860000.0,58905000.0,58905000.0,0.0,743155000.0,1.19,1.138,4277699000.0,133157000.0,4144542000.0,4277699000.0,0.0,480810000.0,0.0,0.003,0.5,1100675000.0,1581485000.0,0.141,1581485000.0,1100675000.0,937227000.0,8.06,8.04,8.06,5389215000.0,5413495250.0,5389215000.0,17582510371.0,16.0,11.118,806594000.0,9.171,1.0,11236508000.0,1.0,3827867000.0,163448000.0,10363559000.0,10348779250.0,156285000.0,0.0,0.0,0.0,6130456000.0,1621769000.0,4508687000.0,13162718371.0,-22855000.0,-37417000.0,-713438000.0,-74755000.0,-44812000.0,-864257000.0,-586630000.0,74547000.0,1430454000.0,-2422000.0,727753000.0,727753000.0,727753000.0,0.0,15402000.0,0.065,10101757000.0,1134751000.0,1343922000.0,0.062,2.442,18.087,18.455,5287737000.0,0.0,148.75,1.171,1.164,1544077000.0,,11236508000.0,11236508000.0,0.0,0.063,0.134,0.106,0.098,68103000.0,5488957000.0,1.0,88488863.0,87952000,88355000.0,127.757,7766534000.0,19199000.0,209474000.0,21783000.0,88.304,308858000.0
8,UHS,MRT,2019-06-30,2019-06-30,2019-06-30,2021-08-07,0.0,11752650000.0,11503248000.0,1965032000.0,9787618000.0,0.962,60.504,-618630000.0,61297000.0,61297000.0,0.0,817166000.0,1.272,1.166,4481089000.0,148280000.0,4332809000.0,4481089000.0,0.0,471568000.0,0.0,0.003,0.4,1190271000.0,1661839000.0,0.15,1661839000.0,1190271000.0,1028764000.0,8.81,8.78,8.81,5393089000.0,5407127750.0,5393089000.0,15926799033.0,13.0,9.584,721713000.0,8.097,1.0,11062968000.0,1.0,3843429000.0,161507000.0,10784744000.0,10154161500.0,153574000.0,0.0,0.0,0.0,6288199000.0,1544269000.0,4743930000.0,11753359033.0,-13725000.0,-128903000.0,-746782000.0,161304000.0,-36491000.0,-653333000.0,-698695000.0,48738000.0,1340343000.0,-2040000.0,802309000.0,802309000.0,802309000.0,0.0,14857000.0,0.073,9859982000.0,1202986000.0,1253760000.0,0.045,2.179,14.649,14.8,5276833000.0,0.0,130.39,1.062,1.051,1601352000.0,,11062968000.0,11062968000.0,0.0,0.07,0.148,0.117,0.108,66541000.0,5397441000.0,1.0,90140034.0,89136000,89235000.0,124.113,7909221000.0,15747000.0,226455000.0,38385000.0,88.732,420763000.0
9,UHS,MRT,2019-03-31,2019-03-31,2019-03-31,2021-08-07,0.0,11721277000.0,11332439750.0,1960441000.0,9760836000.0,0.961,60.395,-645769000.0,62726000.0,62726000.0,0.0,806612000.0,1.183,1.125,4236166000.0,128127000.0,4108039000.0,4236166000.0,0.0,459982000.0,0.0,0.003,0.4,1175032000.0,1635014000.0,0.15,1635014000.0,1175032000.0,1018012000.0,8.54,8.51,8.54,5482415000.0,5388251250.0,5482415000.0,16037689810.0,14.0,9.809,650873000.0,7.17,1.0,10889153000.0,1.0,3856664000.0,157020000.0,10381287000.0,9888037500.0,149928000.0,0.0,0.0,0.0,6168966000.0,1656766000.0,4512200000.0,12144276810.0,-8640000.0,-121856000.0,-521392000.0,-24913000.0,-37001000.0,-617785000.0,-683529000.0,83996000.0,1296642000.0,-3968000.0,790041000.0,790041000.0,790041000.0,0.0,16571000.0,0.073,9707268000.0,1181885000.0,1355717000.0,0.047,2.215,15.372,15.664,5256870000.0,0.0,133.77,1.115,1.115,1602405000.0,,10889153000.0,10889153000.0,0.0,0.07,0.147,0.119,0.108,64472000.0,5319934000.0,1.0,90784756.0,90776000,90967000.0,119.956,7864613000.0,5350000.0,227971000.0,80612000.0,86.638,303675000.0
10,UHS,MRT,2018-12-31,2018-12-31,2018-12-31,2021-08-07,4242000.0,11265480000.0,11157999750.0,1937802000.0,9327678000.0,0.965,57.778,-664962000.0,105220000.0,105220000.0,0.0,797883000.0,1.338,1.076,3998633000.0,63446000.0,3935187000.0,3998633000.0,0.0,453076000.0,0.0,0.003,0.4,1171303000.0,1624379000.0,0.151,1624379000.0,1171303000.0,1016347000.0,8.35,8.31,8.35,5389262000.0,5321559000.0,5389262000.0,14725864964.0,13.0,9.066,609780000.0,6.537,1.0,10772278000.0,1.0,3844628000.0,154956000.0,9865527000.0,9654989750.0,148206000.0,0.0,0.0,0.0,5799687000.0,1448738000.0,4350949000.0,10783241964.0,32388000.0,-148536000.0,-387229000.0,-39249000.0,-37342000.0,-492202000.0,-747247000.0,66151000.0,1274742000.0,-2905000.0,779705000.0,779705000.0,779705000.0,0.0,18178000.0,0.072,9597016000.0,1175262000.0,445652000.0,0.048,2.001,13.83,13.959,4847940000.0,0.0,116.56,1.001,1.009,1509909000.0,5384106000.0,10772278000.0,10772278000.0,0.0,0.07,0.147,0.121,0.109,66581000.0,5254536000.0,1.0,92512371.0,93276000,93750000.0,115.488,7420852000.0,5280000.0,236642000.0,108307000.0,79.558,489064000.0
11,UHS,MRT,2018-09-30,2018-09-30,2018-09-30,2021-08-07,0.0,11273585000.0,11032086750.0,1941253000.0,9332332000.0,0.966,57.768,-660162000.0,83721000.0,83721000.0,0.0,859296000.0,1.092,1.088,4026344000.0,342425000.0,3683919000.0,4026344000.0,0.0,448758000.0,0.0,0.003,0.4,1262844000.0,1711602000.0,0.161,1711602000.0,1262844000.0,1110976000.0,8.94,8.9,8.94,5363745000.0,5221622000.0,5363745000.0,15846877842.0,13.0,9.259,658106000.0,7.088,1.0,10660569000.0,1.0,3852851000.0,151868000.0,9585088000.0,9452163750.0,144471000.0,0.0,0.0,0.0,5834455000.0,1778269000.0,4056186000.0,11933299842.0,23613000.0,-147593000.0,-372433000.0,-19173000.0,-37521000.0,-446975000.0,-846100000.0,-38245000.0,1318268000.0,-1580000.0,841239000.0,841239000.0,841239000.0,0.0,18057000.0,0.079,9406385000.0,1254184000.0,1435592000.0,0.045,2.225,14.185,14.3,4836619000.0,0.0,127.84,1.119,1.113,1543348000.0,,10660569000.0,10660569000.0,0.0,0.076,0.161,0.134,0.118,64545000.0,5177683000.0,1.0,93345587.0,92849000,93330000.0,114.816,7420734000.0,2944000.0,269737000.0,47017000.0,79.923,162984000.0
12,UHS,MRT,2018-06-30,2018-06-30,2018-06-30,2021-08-07,0.0,11069417000.0,10873530500.0,1880527000.0,9188890000.0,0.971,56.665,-665306000.0,76886000.0,76886000.0,0.0,829777000.0,1.299,1.068,3990464000.0,126302000.0,3864162000.0,3990464000.0,0.0,446689000.0,0.0,0.004,0.4,1250599000.0,1697288000.0,0.161,1697288000.0,1250599000.0,1101281000.0,8.57,8.53,8.57,5317583000.0,5096988750.0,5317583000.0,14368954730.0,11.0,8.466,655446000.0,6.985,1.0,10553520000.0,1.0,3815203000.0,149318000.0,9720248000.0,9404637250.0,140797000.0,0.0,0.0,0.0,5679207000.0,1447544000.0,4231663000.0,10520672730.0,15573000.0,-66210000.0,-341436000.0,-129901000.0,-37735000.0,-531099000.0,-773651000.0,-42035000.0,1320752000.0,-429000.0,810738000.0,810738000.0,810738000.0,0.0,19039000.0,0.077,9299190000.0,1254330000.0,1321049000.0,0.047,1.978,12.977,13.004,4753099000.0,0.0,111.44,0.997,0.991,1557298000.0,,10553520000.0,10553520000.0,0.0,0.075,0.159,0.133,0.119,62401000.0,5112501000.0,1.0,94406611.0,93842000,94281000.0,112.461,7254214000.0,2967000.0,290543000.0,49835000.0,77.302,432983000.0
13,UHS,MRT,2018-03-31,2018-03-31,2018-03-31,2021-08-07,0.0,11023517000.0,10744298000.0,1884726000.0,9138791000.0,0.976,55.353,-592753000.0,73053000.0,73053000.0,0.0,789454000.0,1.193,1.1,3921335000.0,126248000.0,3795087000.0,3921335000.0,0.0,450219000.0,0.0,0.003,0.4,1240685000.0,1690904000.0,0.161,1690904000.0,1240685000.0,1093447000.0,8.1,8.05,8.1,5215646000.0,4970806500.0,5215646000.0,15128170469.0,12.0,8.947,581627000.0,6.173,1.0,10484523000.0,1.0,3843126000.0,147238000.0,9449096000.0,9343437000.0,137246000.0,0.0,0.0,0.0,5737495000.0,1579577000.0,4157918000.0,11162584469.0,14938000.0,-79198000.0,-334416000.0,16851000.0,-37971000.0,-380424000.0,-782237000.0,-110186000.0,1174380000.0,3219000.0,770080000.0,770080000.0,770080000.0,0.0,19374000.0,0.073,9224464000.0,1260059000.0,1366333000.0,0.049,2.14,14.495,14.619,4700552000.0,0.0,118.41,1.065,1.064,1569803000.0,,10484523000.0,10484523000.0,0.0,0.072,0.155,0.133,0.118,61090000.0,5042821000.0,1.0,94270623.0,94226000,94683000.0,111.27,7180391000.0,3072000.0,323367000.0,131846000.0,76.204,305149000.0
14,UHS,MRT,2017-12-31,2017-12-31,2017-12-31,2021-08-07,7177000.0,10761828000.0,10600483500.0,1798002000.0,8963826000.0,0.982,52.163,-557506000.0,74423000.0,74423000.0,0.0,771312000.0,0.973,1.144,4040009000.0,545619000.0,3494390000.0,4040009000.0,0.0,447883000.0,0.0,0.004,0.4,1261169000.0,1709052000.0,0.164,1709052000.0,1261169000.0,1116000000.0,7.86,7.81,7.86,4989514000.0,4850885500.0,4989514000.0,14732986631.0,12.0,8.621,690079000.0,7.214,1.0,10409865000.0,1.0,3825157000.0,145169000.0,9054223000.0,9225893500.0,136177000.0,0.0,0.0,0.0,5710392000.0,1848034000.0,3862358000.0,10758257631.0,45347000.0,-59793000.0,-354147000.0,-102006000.0,-38211000.0,-519153000.0,-684732000.0,-64333000.0,1247585000.0,1647000.0,752303000.0,752303000.0,752303000.0,0.0,19009000.0,0.072,9129687000.0,1280178000.0,441984000.0,0.051,2.156,14.3,14.421,4571837000.0,0.0,113.35,1.033,1.042,1500898000.0,4981395000.0,10409865000.0,10409865000.0,0.0,0.071,0.155,0.137,0.121,56738000.0,4980637000.0,1.0,94911845.0,95652000,96325000.0,108.831,6936671000.0,3007000.0,363697000.0,159096000.0,72.52,-50032000.0
15,UHS,MRT,2017-09-30,2017-09-30,2017-09-30,2021-08-07,0.0,10639360000.0,10489477000.0,1755187000.0,8884173000.0,0.976,51.08,-542469000.0,65424000.0,65424000.0,0.0,725015000.0,1.256,1.173,4040153000.0,112757000.0,3927396000.0,4040153000.0,0.0,441563000.0,0.0,0.004,0.4,1237551000.0,1679114000.0,0.164,1679114000.0,1237551000.0,1096286000.0,7.33,7.28,7.33,4865212000.0,4736812000.0,4865212000.0,14660794420.0,12.0,8.731,533578000.0,5.602,1.0,10242763000.0,1.0,3821610000.0,141265000.0,9394982000.0,9292013000.0,135849000.0,0.0,0.0,0.0,5709150000.0,1397497000.0,4311653000.0,10612219420.0,36281000.0,-545068000.0,-288312000.0,400186000.0,-38454000.0,48813000.0,-1090537000.0,0.0,1076047000.0,1958000.0,706902000.0,706902000.0,706902000.0,0.0,18113000.0,0.069,8987099000.0,1255664000.0,1284740000.0,0.055,2.181,15.012,15.135,4516139000.0,0.0,110.94,1.036,1.032,1452018000.0,,10242763000.0,10242763000.0,0.0,0.067,0.149,0.133,0.121,63401000.0,4882515000.0,1.0,95657287.0,95246000,95977000.0,107.54,6817750000.0,1340000.0,389384000.0,78968000.0,71.58,357690000.0
16,UHS,MRT,2017-06-30,2017-06-30,2017-06-30,2021-08-07,0.0,10552487000.0,10248046750.0,1763160000.0,8789327000.0,0.987,50.005,-534676000.0,66446000.0,66446000.0,0.0,736918000.0,1.333,1.179,4115021000.0,126109000.0,3988912000.0,4115021000.0,0.0,435058000.0,0.0,0.003,0.4,1256527000.0,1691585000.0,0.167,1691585000.0,1256527000.0,1120089000.0,7.41,7.35,7.41,4812854000.0,4619184750.0,4812854000.0,15639510922.0,12.0,9.245,496533000.0,5.159,1.0,10110771000.0,1.0,3803386000.0,136438000.0,9475447000.0,9031142500.0,130698000.0,0.0,0.0,0.0,5674660000.0,1322229000.0,4352431000.0,11803905922.0,42526000.0,-646811000.0,-251636000.0,508654000.0,-38671000.0,195234000.0,-1184487000.0,0.0,1031209000.0,570000.0,717522000.0,717522000.0,717522000.0,0.0,19396000.0,0.071,8834848000.0,1275923000.0,1182396000.0,0.054,2.453,16.451,16.475,4441875000.0,0.0,122.08,1.167,1.162,1456999000.0,,10110771000.0,10110771000.0,0.0,0.07,0.155,0.139,0.124,62441000.0,4780716000.0,1.0,96689924.0,96247000,97042000.0,105.05,6749101000.0,1301000.0,402567000.0,87537000.0,70.123,440931000.0
17,UHS,MRT,2017-03-31,2017-03-31,2017-03-31,2021-08-07,0.0,10448259000.0,9995157500.0,1732074000.0,8716185000.0,0.993,49.034,-546519000.0,62974000.0,62974000.0,0.0,741979000.0,1.141,1.192,3898579000.0,126064000.0,3772515000.0,3898579000.0,0.0,423357000.0,0.0,0.003,0.4,1254746000.0,1678103000.0,0.169,1678103000.0,1254746000.0,1123786000.0,7.39,7.33,7.39,4735962000.0,4491715750.0,4735962000.0,16123841920.0,13.0,9.608,795203000.0,8.233,1.0,9929270000.0,1.0,3787515000.0,130960000.0,8978922000.0,8718507750.0,126481000.0,0.0,0.0,0.0,5646938000.0,1517427000.0,4129511000.0,12021463920.0,40634000.0,-633567000.0,-201793000.0,624855000.0,-38780000.0,-116417000.0,-1183086000.0,0.0,1341722000.0,-1585000.0,717705000.0,717705000.0,717705000.0,0.0,24274000.0,0.072,8650250000.0,1279020000.0,1282540000.0,0.054,2.538,16.75,16.84,4396536000.0,0.0,124.45,1.211,1.211,1447802000.0,,9929270000.0,9929270000.0,0.0,0.072,0.16,0.144,0.126,84470000.0,4675355000.0,1.0,96596737.0,96585000,97372000.0,102.803,6660744000.0,1255000.0,406081000.0,184291000.0,68.963,214647000.0
18,UHS,MRT,2016-12-31,2016-12-31,2016-12-31,2021-08-07,-25417000.0,10317802000.0,9774345000.0,1681371000.0,8636431000.0,0.999,46.634,-519939000.0,33747000.0,33747000.0,0.0,747171000.0,1.276,1.262,4136125000.0,105895000.0,4030230000.0,4136125000.0,0.0,416608000.0,0.0,0.004,0.4,1236649000.0,1653257000.0,0.169,1653257000.0,1236649000.0,1111596000.0,7.22,7.14,7.22,4533220000.0,4380029750.0,4533220000.0,13886028339.0,11.0,8.399,813903000.0,8.373,1.0,9766210000.0,1.0,3784106000.0,125053000.0,9318701000.0,8351398250.0,125365000.0,0.0,0.0,0.0,5720208000.0,1317373000.0,4402835000.0,10313603339.0,4668000.0,-635278000.0,-343877000.0,711617000.0,-38875000.0,-171167000.0,-1155217000.0,0.0,1333842000.0,-2790000.0,702409000.0,702409000.0,702409000.0,0.0,44762000.0,0.072,8484799000.0,1281411000.0,439672000.0,0.055,2.275,14.683,14.734,4330956000.0,0.0,106.38,1.056,1.059,1439553000.0,4557671000.0,9766210000.0,9766210000.0,0.0,0.072,0.16,0.148,0.127,93328000.0,4585530000.0,1.0,96950586.0,97208000,98380000.0,100.467,6533696000.0,1234000.0,409187000.0,158467000.0,67.214,363998000.0
19,UHS,MRT,2016-09-30,2016-09-30,2016-09-30,2021-08-07,0.0,9673639000.0,9598755500.0,1587899000.0,8085740000.0,1.001,45.251,-505906000.0,61744000.0,61744000.0,0.0,759750000.0,1.241,1.186,3634169000.0,91246000.0,3542923000.0,3634169000.0,0.0,412093000.0,0.0,0.003,0.4,1231173000.0,1643266000.0,0.171,1643266000.0,1231173000.0,1110359000.0,7.19,7.1,7.19,4394703000.0,4309136500.0,4394703000.0,15536888315.0,13.0,9.455,902369000.0,9.291,1.0,9605764000.0,1.0,3615085000.0,120814000.0,8351500000.0,8093986000.0,121616000.0,0.0,0.0,0.0,5210523000.0,1279479000.0,3931044000.0,11998984315.0,22221000.0,-489426000.0,-368307000.0,568334000.0,-39033000.0,-386446000.0,-995332000.0,0.0,1408275000.0,-4276000.0,701950000.0,701950000.0,701950000.0,0.0,57800000.0,0.073,8316791000.0,1288973000.0,1183125000.0,0.056,2.73,17.094,17.138,4028167000.0,0.0,123.22,1.249,1.246,1315827000.0,,9605764000.0,9605764000.0,0.0,0.073,0.163,0.152,0.128,129955000.0,4508195000.0,1.0,97378545.0,97118000,98321000.0,98.908,6058554000.0,2748000.0,408409000.0,87794000.0,62.383,308420000.0
20,UHS,MRT,2016-06-30,2016-06-30,2016-06-30,2021-08-07,0.0,9540930000.0,9482065250.0,1606753000.0,7934177000.0,0.994,44.311,-456456000.0,56273000.0,56273000.0,0.0,766139000.0,1.267,1.202,3594177000.0,94802000.0,3499375000.0,3594177000.0,0.0,407823000.0,0.0,0.003,0.4,1220794000.0,1628617000.0,0.173,1628617000.0,1220794000.0,1104979000.0,7.15,7.04,7.15,4302978000.0,4243735500.0,4302978000.0,16239725366.0,13.0,9.971,916632000.0,9.439,1.0,9423547000.0,1.0,3585892000.0,115815000.0,8224908000.0,7925515500.0,117710000.0,0.0,0.0,0.0,5173003000.0,1268034000.0,3904969000.0,13013909366.0,13809000.0,-526589000.0,-372000000.0,595580000.0,-39212000.0,-371910000.0,-983045000.0,0.0,1373088000.0,-4324000.0,700372000.0,700372000.0,700372000.0,0.0,65767000.0,0.074,8136986000.0,1286561000.0,1169241000.0,0.056,3.024,18.581,18.755,3902473000.0,0.0,134.1,1.381,1.382,1344916000.0,,9423547000.0,9423547000.0,0.0,0.074,0.165,0.154,0.13,126801000.0,4415692000.0,1.0,97046304.0,97109000,98389000.0,97.041,5955038000.0,2849000.0,404607000.0,94242000.0,61.323,338719000.0
21,UHS,MRT,2016-03-31,2016-03-31,2016-03-31,2021-08-07,0.0,9565009000.0,9366472500.0,1635438000.0,7929571000.0,0.989,43.944,-417259000.0,54590000.0,54590000.0,0.0,772094000.0,0.97,1.216,3280406000.0,488262000.0,2792144000.0,3280406000.0,0.0,403669000.0,0.0,0.003,0.4,1213559000.0,1617228000.0,0.174,1617228000.0,1213559000.0,1100502000.0,7.08,6.95,7.08,4289218000.0,4183430000.0,4289218000.0,15569876375.0,13.0,9.628,854957000.0,8.759,1.0,9267896000.0,1.0,3594901000.0,113057000.0,7510484000.0,7759328750.0,116725000.0,0.0,0.0,0.0,5213707000.0,1685440000.0,3528267000.0,12181079375.0,19512000.0,-518607000.0,-343053000.0,152034000.0,-39390000.0,-314775000.0,-935866000.0,0.0,1272216000.0,-2063000.0,696988000.0,696988000.0,696988000.0,0.0,75106000.0,0.075,7979231000.0,1288665000.0,1147384000.0,0.056,2.84,17.477,17.616,3880552000.0,0.0,124.72,1.314,1.314,1374737000.0,,9267896000.0,9267896000.0,0.0,0.074,0.167,0.156,0.131,100712000.0,4328823000.0,1.0,97667410.0,97607000,98895000.0,94.951,5970108000.0,0.0,403514000.0,228741000.0,61.165,-50002000.0
22,UHS,MRT,2015-12-31,2015-12-31,2015-12-31,2021-08-07,-23129000.0,9615444000.0,9246309000.0,1718304000.0,7897140000.0,0.978,43.014,-379321000.0,61228000.0,61228000.0,0.0,750698000.0,1.562,1.249,3431356000.0,62722000.0,3368634000.0,3431356000.0,0.0,398618000.0,0.0,0.003,0.4,1189225000.0,1587843000.0,0.176,1587843000.0,1189225000.0,1075731000.0,6.89,6.76,6.89,4249647000.0,4087866250.0,4249647000.0,14821797685.0,12.0,9.335,688941000.0,6.973,1.0,9043451000.0,1.0,3596114000.0,113494000.0,8289052000.0,7790998500.0,116037000.0,0.0,0.0,0.0,5306283000.0,1100406000.0,4205877000.0,11766483685.0,29159000.0,-533564000.0,-201341000.0,166234000.0,-39532000.0,-124609000.0,-912885000.0,0.0,1068262000.0,-1609000.0,680528000.0,680528000.0,680528000.0,0.0,70170000.0,0.075,7784056000.0,1259395000.0,366238000.0,0.058,2.769,17.29,17.343,3835978000.0,0.0,119.49,1.301,1.305,1302429000.0,4271793000.0,9043451000.0,9043451000.0,0.0,0.074,0.166,0.153,0.132,87335000.0,4212387000.0,1.0,98472539.0,98797000,100694000.0,91.536,6019330000.0,135120000.0,395203000.0,380142000.0,60.926,617898000.0
23,UHS,MRT,2015-09-30,2015-09-30,2015-09-30,2021-08-07,0.0,9206878000.0,9086058750.0,1696554000.0,7510324000.0,0.98,41.808,-351367000.0,39523000.0,39523000.0,0.0,749873000.0,1.418,1.213,3094837000.0,84883000.0,3009954000.0,3094837000.0,0.0,393815000.0,0.0,0.003,0.4,1189592000.0,1583407000.0,0.178,1583407000.0,1189592000.0,1073516000.0,6.87,6.72,6.87,4133099000.0,3959441000.0,4133099000.0,15351986277.0,13.0,9.696,791454000.0,8.006,1.0,8904503000.0,1.0,3388378000.0,116076000.0,7677618000.0,7655452500.0,112718000.0,0.0,0.0,0.0,5013162000.0,1196196000.0,3816966000.0,12359128277.0,-188000.0,-234828000.0,-159333000.0,-367457000.0,-39567000.0,-566769000.0,-574991000.0,0.0,1142821000.0,-1249000.0,679576000.0,679576000.0,679576000.0,0.0,70297000.0,0.076,7644614000.0,1259889000.0,1102616000.0,0.058,2.99,18.187,18.167,3776092000.0,0.0,124.81,1.388,1.386,1328300000.0,,8904503000.0,8904503000.0,0.0,0.075,0.172,0.155,0.134,38524000.0,4127586000.0,1.0,99023542.0,98858000,101159000.0,90.074,5818500000.0,134554000.0,393940000.0,273055000.0,58.857,500358000.0
24,UHS,MRT,2015-06-30,2015-06-30,2015-06-30,2021-08-07,0.0,9078559000.0,9024737250.0,1708959000.0,7369600000.0,0.966,41.026,-374944000.0,42464000.0,42464000.0,0.0,682257000.0,1.431,1.22,3035322000.0,73807000.0,2961515000.0,3035322000.0,0.0,387829000.0,0.0,0.003,0.4,1091172000.0,1479001000.0,0.17,1479001000.0,1091172000.0,970093000.0,6.19,6.06,6.19,4061756000.0,3826967250.0,4061756000.0,17185028838.0,16.0,11.619,734119000.0,7.415,1.0,8715565000.0,1.0,3316945000.0,121079000.0,7560161000.0,7714767250.0,109117000.0,0.0,0.0,0.0,4956749000.0,1194311000.0,3762438000.0,14079512838.0,27732000.0,-416646000.0,-125518000.0,-120461000.0,-39585000.0,-297658000.0,-783191000.0,0.0,1109063000.0,-482000.0,612086000.0,612086000.0,612086000.0,0.0,70171000.0,0.07,7518051000.0,1197514000.0,1096081000.0,0.065,3.466,23.003,22.956,3686037000.0,0.0,142.1,1.615,1.614,1360973000.0,,8715565000.0,8715565000.0,0.0,0.068,0.16,0.141,0.125,36621000.0,4023943000.0,1.0,99081723.0,99004000,100927000.0,88.032,5761614000.0,124857000.0,358007000.0,295532000.0,58.196,514648000.0
25,UHS,MRT,2015-03-31,2015-03-31,2015-03-31,2021-08-07,0.0,9084355000.0,8892115500.0,1717237000.0,7367118000.0,0.955,39.5,-388039000.0,35078000.0,35078000.0,0.0,647467000.0,1.368,1.31,3140594000.0,89023000.0,3051571000.0,3140594000.0,0.0,381263000.0,0.0,0.003,0.35,1053480000.0,1434743000.0,0.169,1434743000.0,1053480000.0,924998000.0,5.88,5.77,5.88,3906963000.0,3698061750.0,3906963000.0,14893198671.0,14.0,10.38,724473000.0,7.325,1.0,8492127000.0,1.0,3297436000.0,128482000.0,7637163000.0,7693800000.0,108269000.0,0.0,0.0,0.0,5119965000.0,1255272000.0,3864693000.0,11646733671.0,18817000.0,-484345000.0,-108337000.0,-90046000.0,-34631000.0,-226574000.0,-865880000.0,0.0,1112512000.0,-1241000.0,581564000.0,581564000.0,581564000.0,0.0,65903000.0,0.068,7336573000.0,1155554000.0,1101143000.0,0.06,2.981,20.027,20.019,3690780000.0,0.0,117.71,1.371,1.371,1383964000.0,,8492127000.0,8492127000.0,0.0,0.065,0.157,0.137,0.124,34769000.0,3941799000.0,1.0,98944301.0,98910000,100647000.0,85.857,5786919000.0,109402000.0,343434000.0,345768000.0,58.507,461965000.0
26,UHS,MRT,2014-12-31,2014-12-31,2014-12-31,2021-08-07,-25232000.0,8974443000.0,8728873000.0,1615138000.0,7359305000.0,0.94,37.803,-391150000.0,32069000.0,32069000.0,0.0,604996000.0,1.365,1.387,3278534000.0,68319000.0,3210215000.0,3278534000.0,0.0,375624000.0,0.0,0.003,0.3,1003652000.0,1379276000.0,0.168,1379276000.0,1003652000.0,870014000.0,5.52,5.42,5.52,3735946000.0,3569350750.0,3735946000.0,14426505528.0,14.0,10.459,644726000.0,6.524,1.0,8205088000.0,1.0,3291213000.0,133638000.0,7746868000.0,7650461500.0,108115000.0,0.0,0.0,0.0,5183363000.0,1182827000.0,4000536000.0,11011398528.0,14831000.0,-441696000.0,-93886000.0,-49129000.0,-29665000.0,-187424000.0,-832846000.0,0.0,1035876000.0,-775000.0,545343000.0,545343000.0,545343000.0,0.0,59653000.0,0.066,7105612000.0,1099476000.0,336447000.0,0.054,2.947,20.192,20.156,3679689000.0,0.0,111.26,1.342,1.34,1282735000.0,3760191000.0,8205088000.0,8205088000.0,0.0,0.062,0.153,0.131,0.122,31092000.0,3845461000.0,1.0,98969967.0,98826000,100544000.0,83.026,5683230000.0,114565000.0,324671000.0,395779000.0,57.507,432311000.0
27,UHS,MRT,2014-09-30,2014-09-30,2014-09-30,2021-08-07,0.0,8961592000.0,8563193000.0,1622094000.0,7339498000.0,0.924,36.377,-388103000.0,39711000.0,39711000.0,0.0,547690000.0,1.392,1.472,3454818000.0,81477000.0,3373341000.0,3454818000.0,0.0,366214000.0,0.0,0.002,0.25,932997000.0,1299211000.0,0.164,1299211000.0,932997000.0,794941000.0,5.04,4.96,5.04,3603204000.0,3447859000.0,3603204000.0,13495501302.0,14.0,10.387,609769000.0,6.156,1.0,7913694000.0,1.0,3296358000.0,138056000.0,7914877000.0,7587408250.0,104390000.0,0.0,0.0,0.0,5304266000.0,1165464000.0,4138802000.0,10362236302.0,27589000.0,-398179000.0,-61788000.0,-64475000.0,-24709000.0,-165217000.0,-804944000.0,0.0,997872000.0,-122000.0,497067000.0,497067000.0,497067000.0,0.0,50623000.0,0.063,6893903000.0,1019791000.0,1083987000.0,0.05,2.876,20.847,20.734,3648974000.0,0.0,104.5,1.309,1.308,1239478000.0,,7913694000.0,7913694000.0,0.0,0.058,0.144,0.123,0.118,30424000.0,3752646000.0,1.0,99160156.0,99052000,101033000.0,79.894,5665234000.0,95204000.0,297874000.0,253191000.0,57.195,456630000.0
28,UHS,MRT,2014-06-30,2014-06-30,2014-06-30,2021-08-07,0.0,8548072000.0,8410730750.0,1529881000.0,7018191000.0,0.914,35.866,-369335000.0,14732000.0,14732000.0,0.0,574751000.0,1.371,1.396,3147997000.0,77686000.0,3070311000.0,3147997000.0,0.0,359729000.0,0.0,0.002,0.2,986001000.0,1345730000.0,0.175,1345730000.0,986001000.0,847764000.0,5.37,5.29,5.37,3546134000.0,3324752500.0,3546134000.0,12656146412.0,13.0,9.405,582405000.0,5.89,1.0,7691346000.0,1.0,3089172000.0,138237000.0,7476292000.0,7552704500.0,104280000.0,0.0,0.0,0.0,4948764000.0,1115873000.0,3832891000.0,9459608412.0,2174000.0,-67392000.0,-35341000.0,-418493000.0,-19710000.0,-488025000.0,-461541000.0,0.0,951740000.0,0.0,528857000.0,528857000.0,528857000.0,0.0,45894000.0,0.069,6659451000.0,1031895000.0,1038187000.0,0.037,2.668,17.887,17.832,3514679000.0,0.0,95.76,1.23,1.231,1186012000.0,,7691346000.0,7691346000.0,0.0,0.063,0.159,0.131,0.128,29149000.0,3702275000.0,1.0,98784549.0,98872000,100235000.0,77.791,5458900000.0,107359000.0,318907000.0,254573000.0,55.212,414008000.0
29,UHS,MRT,2014-03-31,2014-03-31,2014-03-31,2021-08-07,0.0,8431385000.0,8353026000.0,1543113000.0,6888272000.0,0.895,34.413,-354961000.0,16261000.0,16261000.0,0.0,575940000.0,1.39,1.47,3212799000.0,103641000.0,3109158000.0,3212799000.0,0.0,350792000.0,0.0,0.002,0.2,995604000.0,1346396000.0,0.18,1346396000.0,995604000.0,854218000.0,5.39,5.31,5.39,3392119000.0,3186083250.0,3392119000.0,11384818529.0,11.0,8.456,545422000.0,5.533,1.0,7474555000.0,1.0,3053666000.0,141386000.0,7463809000.0,7623852500.0,102276000.0,0.0,0.0,0.0,4987230000.0,1110448000.0,3876782000.0,8092982529.0,-1134000.0,26338000.0,-21246000.0,-461191000.0,-19684000.0,-532991000.0,-368526000.0,0.0,900383000.0,0.0,529027000.0,529027000.0,529027000.0,0.0,46913000.0,0.071,6432038000.0,1042517000.0,954902000.0,0.037,2.386,15.298,15.226,3468172000.0,0.0,82.07,1.083,1.082,1212594000.0,,7474555000.0,7474555000.0,0.0,0.063,0.166,0.131,0.133,27824000.0,3637689000.0,1.0,98610729.0,98572000,100157000.0,75.828,5377719000.0,114297000.0,325191000.0,309249000.0,54.556,432665000.0
30,UHS,MRT,2013-12-31,2013-12-31,2013-12-31,2021-08-07,-24810000.0,8311723000.0,8324306750.0,1432329000.0,6879394000.0,0.885,33.152,-358493000.0,17238000.0,17238000.0,0.0,554023000.0,1.351,1.542,3309074000.0,99312000.0,3209762000.0,3309074000.0,0.0,337356000.0,0.0,0.002,0.2,972173000.0,1309529000.0,0.178,1309529000.0,972173000.0,826042000.0,5.21,5.14,5.21,3249979000.0,3046780250.0,3249979000.0,11473188796.0,12.0,8.761,525748000.0,5.363,1.0,7367873000.0,1.0,3049016000.0,146131000.0,7494655000.0,7748948250.0,101781000.0,0.0,0.0,0.0,5011494000.0,1059888000.0,3951606000.0,7985383796.0,-6233000.0,24846000.0,-21493000.0,-424463000.0,-19621000.0,-507016000.0,-383458000.0,0.0,884241000.0,0.0,510733000.0,510733000.0,510733000.0,0.0,43290000.0,0.069,6352410000.0,1015463000.0,276911000.0,0.038,2.457,15.635,15.597,3442169000.0,0.0,81.26,1.084,1.081,1116961000.0,3273806000.0,7367873000.0,7367873000.0,0.0,0.061,0.168,0.125,0.132,27783000.0,3604620000.0,1.0,98269552.0,98033000,99361000.0,75.157,5262707000.0,119903000.0,315309000.0,305748000.0,53.683,372441000.0
31,UHS,MRT,2013-09-30,2013-09-30,2013-09-30,2021-08-07,0.0,8351743000.0,8296586750.0,1503280000.0,6848463000.0,0.874,31.694,-360752000.0,12122000.0,12122000.0,0.0,568497000.0,1.468,1.668,3499927000.0,88292000.0,3411635000.0,3499927000.0,0.0,329697000.0,0.0,0.008,0.6,1000547000.0,1330244000.0,0.184,1330244000.0,1000547000.0,848946000.0,5.34,5.27,5.34,3110778000.0,2912621750.0,3110778000.0,10897755202.0,11.0,8.192,479396000.0,4.884,1.0,7247903000.0,1.0,3039169000.0,151601000.0,7776062000.0,7869426750.0,101249000.0,0.0,0.0,0.0,5189272000.0,1024317000.0,4164955000.0,7363628202.0,-13530000.0,-373840000.0,-25961000.0,52951000.0,-58582000.0,-64225000.0,-789453000.0,0.0,840148000.0,0.0,521673000.0,521673000.0,521673000.0,0.0,46824000.0,0.072,6200532000.0,1047371000.0,926768000.0,0.112,2.367,14.115,14.043,3424901000.0,0.0,74.99,1.016,1.016,1166514000.0,,7247903000.0,7247903000.0,0.0,0.063,0.179,0.127,0.138,26401000.0,3578707000.0,1.0,98194802.0,98151000,99587000.0,73.844,5312574000.0,132624000.0,327273000.0,224283000.0,54.127,478963000.0
32,UHS,MRT,2013-06-30,2013-06-30,2013-06-30,2021-08-07,0.0,8317253000.0,8153917500.0,1483980000.0,6833273000.0,0.872,30.515,-356785000.0,12558000.0,12558000.0,0.0,526771000.0,1.414,1.763,3546685000.0,73579000.0,3473106000.0,3546685000.0,0.0,321664000.0,0.0,0.009,0.6,943329000.0,1264993000.0,0.178,1264993000.0,943329000.0,778835000.0,4.91,4.85,4.91,2991457000.0,2787122750.0,2991457000.0,10216248439.0,11.0,8.076,460501000.0,4.697,1.0,7111887000.0,1.0,3041346000.0,164494000.0,7760884000.0,7866858000.0,100324000.0,0.0,0.0,0.0,5273439000.0,1049150000.0,4224289000.0,6563169439.0,-20383000.0,-387833000.0,-32005000.0,74443000.0,-58517000.0,-33301000.0,-804368000.0,0.0,817286000.0,0.0,478903000.0,478903000.0,478903000.0,0.0,47868000.0,0.067,6091520000.0,1020367000.0,958952000.0,0.122,2.194,13.705,13.637,3403405000.0,0.0,66.96,0.923,0.923,1149477000.0,,7111887000.0,7111887000.0,0.0,0.059,0.172,0.12,0.133,25101000.0,3513570000.0,1.0,98016270.0,98033000,99211000.0,72.546,5275907000.0,134888000.0,299932000.0,223437000.0,53.818,434830000.0
33,UHS,MRT,2013-03-31,2013-03-31,2013-03-31,2021-08-07,0.0,8316508000.0,8014266250.0,1501351000.0,6815157000.0,0.873,29.013,-366548000.0,17395000.0,17395000.0,0.0,476412000.0,1.557,1.915,3670474000.0,1712000.0,3668762000.0,3670474000.0,0.0,314793000.0,0.0,0.009,0.6,875686000.0,1190479000.0,0.17,1190479000.0,875686000.0,703540000.0,4.47,4.42,4.47,2834907000.0,2673479500.0,2834907000.0,9948538488.0,11.0,8.357,483957000.0,4.953,1.0,6999995000.0,1.0,3041326000.0,172146000.0,7964192000.0,7849753000.0,98974000.0,0.0,0.0,0.0,5429853000.0,964069000.0,4465784000.0,6241989488.0,-24604000.0,-425340000.0,-25513000.0,74369000.0,-58433000.0,-26948000.0,-848161000.0,0.0,850505000.0,0.0,434623000.0,434623000.0,434623000.0,0.0,41789000.0,0.062,6053350000.0,946645000.0,886434000.0,0.134,2.202,14.362,14.289,3395786000.0,0.0,63.87,0.892,0.892,1149402000.0,,6999995000.0,6999995000.0,0.0,0.054,0.163,0.112,0.125,24143000.0,3471099000.0,1.0,97729599.0,97711000,98571000.0,71.64,5275182000.0,120691000.0,268917000.0,257662000.0,53.988,537282000.0
34,UHS,MRT,2012-12-31,2012-12-31,2012-12-31,2021-08-07,-44154000.0,8200843000.0,7880959500.0,1407496000.0,6793347000.0,0.883,28.024,-363192000.0,23471000.0,23471000.0,0.0,489047000.0,1.574,2.003,3730020000.0,2589000.0,3727431000.0,3730020000.0,0.0,308690000.0,0.0,0.012,0.6,896980000.0,1205670000.0,0.173,1205670000.0,896980000.0,718062000.0,4.57,4.53,4.57,2713345000.0,2571580750.0,2713345000.0,8117717795.0,9.0,6.733,436039000.0,4.504,1.0,6961400000.0,1.0,3036765000.0,178918000.0,7976569000.0,7809675750.0,99000000.0,0.0,0.0,0.0,5434894000.0,894058000.0,4540836000.0,4699908795.0,-17758000.0,-378536000.0,-13719000.0,63853000.0,-58395000.0,-27399000.0,-789590000.0,0.0,799231000.0,0.0,443446000.0,443446000.0,443446000.0,0.0,45601000.0,0.064,5989649000.0,971751000.0,247033000.0,0.131,1.732,10.599,10.58,3382235000.0,0.0,48.35,0.675,0.672,1067197000.0,2756523000.0,6961400000.0,6961400000.0,0.0,0.056,0.172,0.115,0.129,22518000.0,3440917000.0,1.0,97205973.0,96821000,97711000.0,71.9,5164078000.0,104461000.0,274616000.0,234638000.0,53.336,513438000.0
35,UHS,MRT,2012-09-30,2012-09-30,2012-09-30,2021-08-07,0.0,7781066000.0,7747060000.0,1488424000.0,6292642000.0,0.885,26.945,-372469000.0,25652000.0,25652000.0,0.0,449394000.0,1.775,1.962,3443461000.0,2499000.0,3440962000.0,3443461000.0,0.0,303294000.0,0.0,0.004,0.2,830884000.0,1134178000.0,0.165,1134178000.0,830884000.0,646964000.0,4.17,4.12,4.17,2608782000.0,2467332500.0,2608782000.0,7859206013.0,9.0,6.929,310718000.0,3.209,1.0,6859468000.0,1.0,2594740000.0,183920000.0,7765787000.0,7768880500.0,97013000.0,0.0,0.0,0.0,5117593000.0,838348000.0,4279245000.0,4431141013.0,-13495000.0,54145000.0,-20615000.0,-273707000.0,-19347000.0,-332629000.0,-364053000.0,0.0,683187000.0,0.0,403256000.0,403256000.0,403256000.0,0.0,46138000.0,0.059,5953276000.0,906192000.0,810963000.0,0.048,1.699,10.988,10.966,3316076000.0,0.0,45.73,0.646,0.645,1042535000.0,,6859468000.0,6859468000.0,0.0,0.052,0.163,0.107,0.121,20980000.0,3398860000.0,1.0,96897901.0,96817000,97611000.0,70.85,5186326000.0,123131000.0,243708000.0,202466000.0,53.568,650076000.0
36,UHS,MRT,2012-06-30,2012-06-30,2012-06-30,2021-08-07,0.0,7758648000.0,7703276250.0,1456446000.0,6302202000.0,0.888,26.237,-351793000.0,32941000.0,32941000.0,0.0,462863000.0,1.648,2.038,3461006000.0,2497000.0,3458509000.0,3461006000.0,0.0,299615000.0,0.0,0.005,0.2,857468000.0,1157083000.0,0.169,1157083000.0,857468000.0,670303000.0,4.3,4.25,4.3,2536884000.0,2370482500.0,2536884000.0,7721188780.0,9.0,6.673,375976000.0,3.888,1.0,6841790000.0,1.0,2610637000.0,187165000.0,7692464000.0,7781353750.0,96882000.0,0.0,0.0,0.0,5168989000.0,883612000.0,4285377000.0,4178831780.0,-1875000.0,78070000.0,-52300000.0,-314537000.0,-19376000.0,-407580000.0,-322064000.0,0.0,727769000.0,0.0,416493000.0,416493000.0,416493000.0,0.0,46370000.0,0.061,5937952000.0,903838000.0,852256000.0,0.047,1.647,10.033,10.037,3296915000.0,0.0,43.16,0.611,0.61,1019929000.0,,6841790000.0,6841790000.0,0.0,0.054,0.176,0.11,0.125,20556000.0,3389391000.0,1.0,96821867.0,96691000,97729000.0,70.759,5148011000.0,122795000.0,253810000.0,219296000.0,53.242,572834000.0
37,UHS,MRT,2012-03-31,2012-03-31,2012-03-31,2021-08-07,0.0,7783281000.0,7655052500.0,1463145000.0,6320136000.0,0.893,25.129,-321687000.0,41999000.0,41999000.0,0.0,461453000.0,1.64,2.185,3584356000.0,2512000.0,3581844000.0,3584356000.0,0.0,298155000.0,0.0,0.005,0.2,856871000.0,1155026000.0,0.169,1155026000.0,856871000.0,665786000.0,4.25,4.19,4.25,2427312000.0,2282788250.0,2427312000.0,7666704930.0,9.0,6.638,333042000.0,3.448,1.0,6833171000.0,1.0,2629765000.0,191085000.0,7803883000.0,7831384750.0,96974000.0,0.0,0.0,0.0,5304478000.0,891990000.0,4412488000.0,4054026930.0,-10077000.0,90596000.0,-54785000.0,-291456000.0,-19422000.0,-395610000.0,-269196000.0,0.0,654729000.0,0.0,412581000.0,412581000.0,412581000.0,0.0,48872000.0,0.06,5927428000.0,905743000.0,814173000.0,0.047,1.67,9.826,9.861,3304236000.0,0.0,41.91,0.593,0.592,1116634000.0,,6833171000.0,6833171000.0,0.0,0.054,0.181,0.109,0.125,19757000.0,3371087000.0,1.0,96731733.0,96593000,97791000.0,70.742,5153516000.0,115916000.0,253205000.0,273950000.0,53.353,571155000.0
38,UHS,MRT,2011-12-31,2011-12-31,2011-12-31,2021-08-07,-51175000.0,7665245000.0,7612500750.0,1364905000.0,6300340000.0,0.888,23.625,-285682000.0,41229000.0,41229000.0,0.0,448870000.0,1.631,2.316,3653907000.0,2479000.0,3651428000.0,3653907000.0,0.0,295861000.0,0.0,0.005,0.2,846425000.0,1142286000.0,0.169,1142286000.0,846425000.0,645633000.0,4.09,4.04,4.09,2296352000.0,2199558500.0,2296352000.0,7399958750.0,9.0,6.478,425001000.0,4.372,1.0,6760222000.0,1.0,2627602000.0,200792000.0,7813388000.0,7875768000.0,96775000.0,0.0,0.0,0.0,5318127000.0,836933000.0,4481194000.0,3751364750.0,11755000.0,38126000.0,-55703000.0,-283417000.0,-19466000.0,-413123000.0,-285805000.0,0.0,710683000.0,0.0,398167000.0,398167000.0,398167000.0,0.0,50703000.0,0.059,5863094000.0,897128000.0,228043000.0,0.049,1.634,9.422,9.501,3287980000.0,0.0,38.86,0.555,0.559,969802000.0,2346561000.0,6760222000.0,6760222000.0,0.0,0.052,0.181,0.107,0.125,18225000.0,3326378000.0,1.0,96535377.0,97199000,98537000.0,69.55,5037643000.0,108324000.0,247466000.0,254951000.0,51.828,527972000.0
39,UHS,MRT,2011-09-30,2011-09-30,2011-09-30,2021-08-07,0.0,7605931000.0,7578173500.0,1371949000.0,6233982000.0,0.795,22.807,-256928000.0,39147000.0,39147000.0,0.0,391679000.0,1.647,2.403,3687741000.0,2511000.0,3685230000.0,3687741000.0,0.0,281139000.0,0.0,0.006,0.2,767310000.0,1048449000.0,0.174,1048449000.0,767310000.0,571148000.0,3.48,3.43,3.48,2221382000.0,2120163500.0,2221382000.0,7042988278.0,9.0,6.718,394103000.0,4.046,1.0,6025966000.0,1.0,2605951000.0,196162000.0,7815680000.0,7921871000.0,95777000.0,0.0,0.0,0.0,5336911000.0,832894000.0,4504017000.0,3324335278.0,29518000.0,-1686243000.0,-50111000.0,1587121000.0,-19505000.0,1354287000.0,-1975800000.0,0.0,651031000.0,0.0,340078000.0,340078000.0,340078000.0,0.0,51601000.0,0.056,5207055000.0,818911000.0,796041000.0,0.057,1.497,9.775,9.77,3250631000.0,0.0,34.0,0.552,0.55,945193000.0,,6025966000.0,6025966000.0,0.0,0.045,0.16,0.097,0.127,17555000.0,3159192000.0,1.0,97774567.0,97397000,98598000.0,61.87,4999980000.0,103031000.0,231070000.0,208692000.0,51.336,539055000.0
40,UHS,MRT,2011-06-30,2011-06-30,2011-06-30,2021-08-07,0.0,7565753000.0,6743619250.0,1368106000.0,6197647000.0,0.843,22.407,-233874000.0,34816000.0,34816000.0,0.0,362639000.0,1.744,2.439,3753469000.0,2541000.0,3750928000.0,3753469000.0,0.0,261410000.0,0.0,0.004,0.2,676062000.0,937472000.0,0.165,937472000.0,676062000.0,516874000.0,3.18,3.14,3.18,2186107000.0,2050711000.0,2186107000.0,8834977935.0,13.0,9.424,395522000.0,4.054,1.0,5686555000.0,1.0,2607283000.0,159188000.0,7892588000.0,6785936750.0,95550000.0,0.0,0.0,0.0,5332587000.0,784535000.0,4548052000.0,5033161935.0,22479000.0,-1939797000.0,-11819000.0,1787468000.0,-19492000.0,1587787000.0,-2194704000.0,0.0,629396000.0,0.0,310634000.0,310634000.0,310634000.0,0.0,52005000.0,0.055,4958488000.0,728067000.0,768997000.0,0.063,2.302,16.203,16.204,3218343000.0,0.0,51.53,0.885,0.884,913742000.0,,5686555000.0,5686555000.0,0.0,0.046,0.151,0.1,0.119,17137000.0,2903328000.0,1.0,97674402.0,97563000,99258000.0,58.286,4958470000.0,121441000.0,206240000.0,188691000.0,50.823,583571000.0
41,UHS,MRT,2011-03-31,2011-03-31,2011-03-31,2021-08-07,0.0,7613074000.0,5849620250.0,1401184000.0,6211890000.0,0.908,21.507,-233256000.0,52076000.0,52076000.0,0.0,323020000.0,1.674,2.614,3853892000.0,3033000.0,3850859000.0,3853892000.0,0.0,242012000.0,0.0,0.004,0.2,575116000.0,817128000.0,0.154,817128000.0,575116000.0,453459000.0,2.8,2.77,2.8,2094393000.0,1976025500.0,2094393000.0,8702274257.0,15.0,10.65,311806000.0,3.202,1.0,5310406000.0,1.0,2596292000.0,121657000.0,7981416000.0,5705269250.0,95129000.0,0.0,0.0,0.0,5473971000.0,837182000.0,4636789000.0,4816197257.0,45211000.0,-1938741000.0,-9323000.0,1879520000.0,-19464000.0,1694520000.0,-2194371000.0,0.0,545062000.0,0.0,272557000.0,272557000.0,272557000.0,0.0,50463000.0,0.051,4684827000.0,625579000.0,821413000.0,0.071,2.3,17.67,17.646,3239802000.0,0.0,49.41,0.907,0.906,940803000.0,,5310406000.0,5310406000.0,0.0,0.047,0.138,0.101,0.108,16688000.0,2630321000.0,1.0,97474140.0,97381000,98868000.0,54.532,5016782000.0,118671000.0,180902000.0,194422000.0,51.517,564002000.0
42,UHS,MRT,2010-12-31,2010-12-31,2010-12-31,2021-08-07,-20139000.0,7527936000.0,4946179500.0,1331116000.0,6196820000.0,0.991,20.445,-239274000.0,29474000.0,29474000.0,0.0,275795000.0,1.611,2.782,3915551000.0,3449000.0,3912102000.0,3915551000.0,0.0,223997000.0,0.0,0.005,0.2,460102000.0,684099000.0,0.14,684099000.0,460102000.0,382485000.0,2.37,2.34,2.37,1978772000.0,1907866000.0,1978772000.0,4973303304.0,11.0,7.27,262070000.0,2.708,1.0,4900147000.0,1.0,2589914000.0,77617000.0,7997800000.0,4595338000.0,94330000.0,0.0,0.0,0.0,5504165000.0,826299000.0,4677866000.0,4223308304.0,20294000.0,-1936838000.0,-7934000.0,1874060000.0,-19422000.0,1713033000.0,-2194083000.0,0.0,501344000.0,0.0,230183000.0,230183000.0,230183000.0,0.0,45612000.0,0.047,4394433000.0,505714000.0,252487000.0,0.084,2.134,18.348,18.321,3252967000.0,0.0,43.42,0.862,0.858,837820000.0,1997940000.0,4900147000.0,4900147000.0,0.0,0.047,0.121,0.1,0.094,16799000.0,2363383000.0,1.0,97266428.0,96786000,97973000.0,50.629,4938022000.0,120834000.0,152302000.0,208529000.0,51.02,504817000.0
43,UHS,MRT,2010-09-30,2010-09-30,2010-09-30,2021-08-07,0.0,4267714000.0,4055311250.0,1078903000.0,3188811000.0,1.307,20.083,-278673000.0,266601000.0,266601000.0,0.0,294161000.0,1.065,1.173,1016596000.0,401673000.0,614923000.0,1016596000.0,0.0,214345000.0,0.0,0.005,0.2,453548000.0,667893000.0,0.126,667893000.0,453548000.0,406903000.0,2.61,2.59,2.61,1943572000.0,1850940750.0,1943572000.0,4648677152.0,10.0,6.96,191129000.0,1.975,1.0,5299943000.0,1.0,732340000.0,46645000.0,3271943000.0,3495583750.0,84708000.0,0.0,0.0,0.0,2279577000.0,1013426000.0,1266151000.0,3777638152.0,-4001000.0,-230053000.0,-44858000.0,158644000.0,-19440000.0,56096000.0,-529899000.0,0.0,469802000.0,0.0,253866000.0,253866000.0,253866000.0,0.0,40295000.0,0.048,4806100000.0,493843000.0,611753000.0,0.077,1.944,14.88,14.889,2317480000.0,0.0,38.86,0.713,0.71,609083000.0,,5299943000.0,5299943000.0,0.0,0.063,0.137,0.13,0.086,16083000.0,2278151000.0,1.0,97211481.0,96777000,97935000.0,54.764,3535374000.0,66420000.0,153037000.0,94913000.0,36.531,65477000.0
44,UHS,MRT,2010-06-30,2010-06-30,2010-06-30,2021-08-07,0.0,3989757000.0,3963760000.0,822219000.0,3167538000.0,1.33,19.517,-318140000.0,12337000.0,12337000.0,0.0,287413000.0,1.473,1.091,883376000.0,2032000.0,881344000.0,883376000.0,0.0,210020000.0,0.0,0.005,0.19,452953000.0,662973000.0,0.126,662973000.0,452953000.0,407006000.0,2.56,2.54,2.56,1887365000.0,1797096250.0,1887365000.0,4591286155.0,10.0,6.925,150007000.0,1.551,1.0,5271788000.0,1.0,732754000.0,45947000.0,3569918000.0,3522205750.0,84683000.0,0.0,0.0,0.0,2059627000.0,558124000.0,1501503000.0,3705010155.0,1714000.0,11277000.0,-45781000.0,-41218000.0,-18509000.0,-143259000.0,-323174000.0,0.0,468147000.0,0.0,249330000.0,249330000.0,249330000.0,0.0,38083000.0,0.047,4780752000.0,491036000.0,552794000.0,0.074,1.963,14.86,14.902,2307617000.0,0.0,38.15,0.703,0.7,618855000.0,,5271788000.0,5271788000.0,0.0,0.063,0.139,0.129,0.086,14821000.0,2263653000.0,1.0,97116911.0,96703000,98054000.0,54.515,3257003000.0,51109000.0,157676000.0,71684000.0,33.68,264095000.0
45,UHS,MRT,2010-03-31,2010-03-31,2010-03-31,2021-08-07,0.0,3999311000.0,3925539750.0,837856000.0,3161455000.0,1.334,18.871,-364105000.0,6865000.0,6865000.0,0.0,304975000.0,1.373,1.061,893141000.0,1526000.0,891615000.0,893141000.0,0.0,207080000.0,0.0,0.005,0.18,484006000.0,691086000.0,0.132,691086000.0,484006000.0,438457000.0,2.7,2.69,2.7,1821755000.0,1744754000.0,1821755000.0,4352757457.0,9.0,6.298,164362000.0,1.703,1.0,5237113000.0,1.0,733626000.0,45549000.0,3541691000.0,3486712500.0,83822000.0,0.0,0.0,0.0,1932757000.0,610270000.0,1322487000.0,3402935457.0,-2558000.0,165000.0,-46470000.0,-56993000.0,-17578000.0,-155386000.0,-375639000.0,0.0,528467000.0,0.0,264651000.0,264651000.0,264651000.0,0.0,40324000.0,0.051,4712783000.0,524330000.0,583028000.0,0.067,1.868,12.858,12.996,2303488000.0,0.0,35.09,0.65,0.647,648831000.0,,5237113000.0,5237113000.0,0.0,0.067,0.152,0.139,0.092,13698000.0,2242051000.0,1.0,96977357.0,96539000,97450000.0,54.249,3265685000.0,39895000.0,173806000.0,88841000.0,33.828,227586000.0
46,UHS,MRT,2009-12-31,2009-12-31,2009-12-31,2021-08-07,-21253000.0,3964463000.0,3884541250.0,796197000.0,3168266000.0,1.339,17.906,-379748000.0,9180000.0,9180000.0,0.0,304247000.0,1.366,1.24,959002000.0,2573000.0,956429000.0,959002000.0,0.0,204703000.0,0.0,0.006,0.17,476658000.0,681361000.0,0.131,681361000.0,476658000.0,430848000.0,2.65,2.64,2.65,1751071000.0,1688451250.0,1751071000.0,3842780997.0,8.0,5.64,161514000.0,1.652,1.0,5202379000.0,1.0,732685000.0,45810000.0,3598783000.0,3450094250.0,84272000.0,0.0,0.0,0.0,2172069000.0,582817000.0,1589252000.0,3001222997.0,3720000.0,-2729000.0,-59998000.0,-40430000.0,-16706000.0,-147108000.0,-390434000.0,0.0,541262000.0,0.0,260373000.0,260373000.0,260373000.0,0.0,43874000.0,0.05,4681847000.0,520532000.0,194969000.0,0.064,1.714,11.527,11.509,2315238000.0,0.0,30.5,0.577,0.573,602559000.0,1771354000.0,5202379000.0,5202379000.0,0.0,0.067,0.154,0.138,0.092,13096000.0,2204422000.0,1.0,98400754.0,97794000,98275000.0,53.197,3231778000.0,51336000.0,170475000.0,85332000.0,33.047,213380000.0
47,UHS,MRT,2009-09-30,2009-09-30,2009-09-30,2021-08-07,0.0,3901509000.0,3829041000.0,794990000.0,3106519000.0,1.345,17.675,-393482000.0,13630000.0,13630000.0,0.0,322235000.0,1.258,1.119,855188000.0,2918000.0,852270000.0,855188000.0,0.0,204479000.0,0.0,0.005,0.16,453676000.0,658155000.0,0.128,658155000.0,453676000.0,405319000.0,2.48,2.485,2.48,1728194000.0,1636646000.0,1728194000.0,3951648030.0,9.0,6.004,170217000.0,1.741,1.0,5148570000.0,1.0,732685000.0,48357000.0,3378431000.0,3410975750.0,80726000.0,0.0,0.0,0.0,1933107000.0,631951000.0,1301156000.0,3040393030.0,5825000.0,33613000.0,-58264000.0,-89946000.0,-15824000.0,-198005000.0,-359869000.0,0.0,563699000.0,0.0,245985000.0,245985000.0,245985000.0,-6002000.0,76250000.0,0.048,4658668000.0,489902000.0,629033000.0,0.065,1.759,12.36,12.486,2258001000.0,0.0,30.965,0.591,0.588,596232000.0,,5148570000.0,5148570000.0,0.0,0.064,0.15,0.133,0.088,23816000.0,2174158000.0,1.0,98188052.0,97774000,98504000.0,52.658,3168824000.0,47457000.0,159334000.0,52208000.0,32.41,163039000.0
48,UHS,MRT,2009-06-30,2009-06-30,2009-06-30,2021-08-07,0.0,3836876000.0,3778247750.0,787073000.0,3049803000.0,1.349,17.175,-381723000.0,10623000.0,10623000.0,0.0,300178000.0,1.342,1.138,921878000.0,8730000.0,913148000.0,921878000.0,0.0,202606000.0,0.0,0.007,0.16,432731000.0,635337000.0,0.125,635337000.0,432731000.0,381735000.0,2.325,2.33,2.325,1677996000.0,1596176000.0,1677996000.0,3336742746.0,8.0,5.252,214837000.0,2.199,1.0,5097923000.0,1.0,733887000.0,50996000.0,3427945000.0,3395910500.0,78885000.0,0.0,0.0,0.0,1908825000.0,586299000.0,1322526000.0,2398596746.0,4412000.0,48186000.0,-72472000.0,-133042000.0,-15944000.0,-258611000.0,-333537000.0,0.0,596560000.0,0.0,231908000.0,231908000.0,231908000.0,-5776000.0,68270000.0,0.045,4627404000.0,470519000.0,561471000.0,0.069,1.429,10.343,10.505,2203519000.0,0.0,24.425,0.471,0.468,605870000.0,,5097923000.0,5097923000.0,0.0,0.061,0.145,0.127,0.085,20727000.0,2146772000.0,1.0,98202528.0,97700000,98104000.0,52.179,3102989000.0,38933000.0,149827000.0,35904000.0,31.76,200774000.0
49,UHS,MRT,2009-03-31,2009-03-31,2009-03-31,2021-08-07,0.0,3835317000.0,3748677000.0,832520000.0,3002797000.0,1.349,16.223,-351005000.0,9423000.0,9423000.0,0.0,260441000.0,1.292,1.251,947569000.0,8725000.0,938844000.0,947569000.0,0.0,199530000.0,0.0,0.008,0.16,385466000.0,584996000.0,0.116,584996000.0,385466000.0,333100000.0,2.04,2.04,2.04,1596544000.0,1562795500.0,1596544000.0,2890459057.0,7.0,4.941,163760000.0,1.664,1.0,5056860000.0,1.0,733882000.0,52366000.0,3395218000.0,3416455250.0,77022000.0,0.0,0.0,0.0,1997799000.0,644363000.0,1353436000.0,1896550057.0,507000.0,56636000.0,-72402000.0,-100408000.0,-16040000.0,-219889000.0,-294369000.0,0.0,514765000.0,0.0,205255000.0,205255000.0,205255000.0,-4826000.0,55186000.0,0.041,4634313000.0,422547000.0,591427000.0,0.078,1.188,9.24,9.397,2145282000.0,0.0,19.17,0.375,0.373,652854000.0,,5056860000.0,5056860000.0,0.0,0.055,0.131,0.113,0.076,17588000.0,2132903000.0,1.0,98933232.0,98412000,98412000.0,51.385,3101435000.0,39249000.0,127845000.0,55478000.0,31.515,188157000.0
50,UHS,MRT,2008-12-31,2008-12-31,2008-12-31,2021-08-07,-31696000.0,3742462000.0,3711418250.0,789417000.0,2953045000.0,1.353,15.252,-354537000.0,5460000.0,5460000.0,0.0,240070000.0,1.407,1.277,999369000.0,8708000.0,990661000.0,999369000.0,0.0,195766000.0,0.0,0.009,0.16,375962000.0,571728000.0,0.114,571728000.0,375962000.0,322755000.0,1.96,1.96,1.96,1543850000.0,1535462500.0,1543850000.0,2839257209.0,8.0,4.966,139650000.0,1.38,1.0,5022417000.0,1.0,732937000.0,53207000.0,3442309000.0,3423970750.0,76043000.0,0.0,0.0,0.0,1971877000.0,561125000.0,1410752000.0,1903341209.0,-10894000.0,58871000.0,-147050000.0,-15428000.0,-16150000.0,-209415000.0,-295666000.0,0.0,494187000.0,0.0,199377000.0,199377000.0,199377000.0,-6436000.0,40693000.0,0.04,4612198000.0,410219000.0,192078000.0,0.082,1.233,9.546,9.584,2100292000.0,0.0,18.785,0.379,0.379,625437000.0,1575052000.0,5022417000.0,5022417000.0,0.0,0.054,0.13,0.11,0.075,14125000.0,2133181000.0,1.0,101322396.0,101222000,101418000.0,49.618,3009525000.0,34522000.0,123378000.0,43175000.0,29.732,228292000.0
51,UHS,MRT,2008-09-30,2008-09-30,2008-09-30,2021-08-07,0.0,3698336000.0,3677967000.0,777800000.0,2920536000.0,1.349,15.495,-321595000.0,7805000.0,7805000.0,0.0,249494000.0,1.374,1.361,943721000.0,8260000.0,935461000.0,943721000.0,0.0,192575000.0,0.0,0.006,0.16,366784000.0,559359000.0,0.113,559359000.0,366784000.0,313654000.0,1.87,1.87,1.87,1566314000.0,1528799750.0,1566314000.0,3897600359.0,11.0,6.968,151833000.0,1.502,1.0,4962352000.0,1.0,749839000.0,53130000.0,3318170000.0,3404918250.0,72636000.0,0.0,0.0,0.0,2132022000.0,566243000.0,1565779000.0,2850506359.0,-5769000.0,40017000.0,-161167000.0,39328000.0,-16399000.0,-197619000.0,-281578000.0,0.0,473428000.0,0.0,192854000.0,192854000.0,192854000.0,-547000.0,56640000.0,0.039,4551383000.0,410969000.0,553762000.0,0.086,1.82,14.781,14.981,2015290000.0,0.0,28.015,0.574,0.571,628973000.0,,4962352000.0,4962352000.0,0.0,0.052,0.126,0.108,0.074,16899000.0,2110956000.0,1.0,101749290.0,101088000,101356000.0,49.089,2948497000.0,32215000.0,120800000.0,35342000.0,29.168,211557000.0
52,UHS,MRT,2008-06-30,2008-06-30,2008-06-30,2021-08-07,0.0,3718593000.0,3653115000.0,843988000.0,2874605000.0,1.336,15.253,-311288000.0,6211000.0,6211000.0,0.0,241351000.0,1.664,1.408,1053305000.0,2814000.0,1050491000.0,1053305000.0,0.0,189772000.0,0.0,0.005,0.16,350528000.0,540300000.0,0.111,540300000.0,350528000.0,297936000.0,1.775,1.775,1.775,1544474000.0,1520931000.0,1544474000.0,4251528119.0,12.0,7.869,109648000.0,1.083,1.0,4881495000.0,1.0,748305000.0,52592000.0,3510124000.0,3369764250.0,72947000.0,0.0,0.0,0.0,2174119000.0,507258000.0,1666861000.0,3215362119.0,-6452000.0,-2606000.0,-158595000.0,98647000.0,-16644000.0,-113494000.0,-313894000.0,0.0,420936000.0,0.0,184711000.0,184711000.0,184711000.0,-293000.0,56640000.0,0.038,4486060000.0,395435000.0,504444000.0,0.09,2.082,17.408,17.808,1989905000.0,0.0,31.61,0.659,0.656,710065000.0,,4881495000.0,4881495000.0,0.0,0.051,0.121,0.104,0.072,16899000.0,2082459000.0,1.0,101719776.0,101258000,101484000.0,48.208,2970288000.0,27666000.0,113225000.0,37703000.0,29.334,336730000.0
53,UHS,MRT,2008-03-31,2008-03-31,2008-03-31,2021-08-07,0.0,3686282000.0,3606386750.0,836232000.0,2850050000.0,1.33,14.506,-322215000.0,8916000.0,8916000.0,0.0,239182000.0,1.528,1.479,1045082000.0,3774000.0,1041308000.0,1045082000.0,0.0,187169000.0,0.0,0.006,0.16,346138000.0,533307000.0,0.111,533307000.0,346138000.0,293755000.0,1.725,1.73,1.725,1487212000.0,1513506000.0,1487212000.0,3774199750.0,11.0,7.077,91931000.0,0.897,1.0,4797894000.0,1.0,749839000.0,52383000.0,3425280000.0,3300529000.0,73382000.0,0.0,0.0,0.0,2199070000.0,547329000.0,1651741000.0,2778651750.0,-2299000.0,-9867000.0,-157360000.0,123006000.0,-16931000.0,-84363000.0,-332082000.0,0.0,414146000.0,0.0,182542000.0,182542000.0,182542000.0,-1272000.0,56640000.0,0.038,4410580000.0,387314000.0,520847000.0,0.093,1.868,15.222,15.562,1959265000.0,0.0,26.845,0.579,0.574,699740000.0,,4797894000.0,4797894000.0,0.0,0.051,0.121,0.105,0.072,16899000.0,2052957000.0,1.0,103507236.0,102526000,102560000.0,46.797,2936443000.0,22484000.0,111213000.0,60682000.0,28.641,288903000.0
54,UHS,MRT,2007-12-31,2007-12-31,2007-12-31,2021-08-07,-6881000.0,3608657000.0,3551613250.0,774847000.0,2833810000.0,1.319,14.211,-339813000.0,16354000.0,16354000.0,0.0,213748000.0,1.589,1.378,1011902000.0,3116000.0,1008786000.0,1011902000.0,0.0,183281000.0,0.0,0.006,0.16,326638000.0,509919000.0,0.109,509919000.0,326638000.0,275012000.0,1.59,1.59,1.59,1517199000.0,1507001750.0,1517199000.0,3639621477.0,11.0,7.138,41633000.0,0.39,1.0,4683150000.0,1.0,750395000.0,51626000.0,3366099000.0,3221528000.0,72399000.0,0.0,0.0,0.0,2091458000.0,487711000.0,1603747000.0,2749238477.0,1415000.0,-94974000.0,-71827000.0,174490000.0,-17169000.0,54756000.0,-434787000.0,0.0,381446000.0,0.0,170387000.0,170387000.0,170387000.0,255000.0,43361000.0,0.036,4312896000.0,370254000.0,175222000.0,0.101,1.812,16.135,16.101,1933916000.0,0.0,25.6,0.587,0.584,627186000.0,1523555000.0,4683150000.0,4683150000.0,0.0,0.048,0.113,0.101,0.07,16899000.0,2004995000.0,1.0,107392128.0,106762000,106878000.0,43.865,2858262000.0,23153000.0,104625000.0,56105000.0,26.772,287136000.0
55,UHS,MRT,2007-09-30,2007-09-30,2007-09-30,2021-08-07,0.0,3598928000.0,3468709500.0,806880000.0,2792048000.0,1.309,14.349,-366230000.0,13574000.0,13574000.0,0.0,164603000.0,1.446,1.345,903957000.0,3329000.0,900628000.0,903957000.0,0.0,178751000.0,0.0,0.006,0.16,252507000.0,431258000.0,0.095,431258000.0,252507000.0,204668000.0,1.545,1.55,1.545,1534839000.0,1478318000.0,1534839000.0,3874852041.0,15.0,8.985,-124230000.0,-1.161,1.0,4539455000.0,1.0,753846000.0,47839000.0,3177554000.0,3095743750.0,70874000.0,0.0,0.0,0.0,2064089000.0,557911000.0,1506178000.0,2933441041.0,-1243000.0,-154067000.0,-141942000.0,418620000.0,-17272000.0,277054000.0,-520297000.0,0.0,242000000.0,0.0,164603000.0,164603000.0,164603000.0,-99847000.0,0.0,0.036,4354242000.0,185213000.0,554582000.0,0.104,1.911,17.821,17.612,1894507000.0,0.0,27.21,0.646,0.641,631527000.0,,4539455000.0,4539455000.0,0.0,0.047,0.111,0.082,0.056,0.0,1941008000.0,1.0,107807462.0,106962000,107258000.0,42.44,2845082000.0,60733000.0,40065000.0,48810000.0,26.599,248969000.0
56,UHS,MRT,2007-06-30,2007-06-30,2007-06-30,2021-08-07,0.0,3531680000.0,3356234250.0,801783000.0,2729897000.0,1.317,14.157,-373054000.0,12663000.0,12663000.0,0.0,249694000.0,1.623,1.331,954074000.0,3014000.0,951060000.0,954074000.0,0.0,173183000.0,0.0,0.005,0.16,381600000.0,554783000.0,0.126,554783000.0,381600000.0,340502000.0,2.28,2.28,2.28,1514774000.0,1468719500.0,1514774000.0,4214047790.0,11.0,7.596,-233911000.0,-2.186,1.0,4419307000.0,1.0,745769000.0,41098000.0,3233183000.0,2870952250.0,68562000.0,0.0,0.0,0.0,2016906000.0,494139000.0,1522767000.0,3311987790.0,-111687000.0,-158239000.0,-278262000.0,467905000.0,-17446000.0,188892000.0,-439722000.0,0.0,139143000.0,0.0,249694000.0,249694000.0,249694000.0,-100243000.0,0.0,0.057,4100233000.0,319074000.0,491068000.0,0.07,2.186,13.264,13.487,1840847000.0,0.0,30.75,0.749,0.745,647852000.0,,4419307000.0,4419307000.0,0.0,0.074,0.17,0.133,0.086,0.0,1897746000.0,1.0,107706920.0,106998000,107456000.0,41.303,2785911000.0,44528000.0,90808000.0,29119000.0,26.037,307644000.0
57,UHS,MRT,2007-03-31,2007-03-31,2007-03-31,2021-08-07,0.0,3467188000.0,3259719500.0,807643000.0,2659545000.0,1.315,13.658,-357286000.0,11215000.0,11215000.0,0.0,257882000.0,1.547,1.373,913275000.0,2851000.0,910424000.0,913275000.0,0.0,168146000.0,0.0,0.006,0.16,388601000.0,556747000.0,0.13,556747000.0,388601000.0,351846000.0,2.355,2.315,2.355,1461195000.0,1472768000.0,1461195000.0,3893369556.0,10.0,6.993,-199411000.0,-1.864,1.0,4288004000.0,1.0,737868000.0,36755000.0,3109276000.0,2613722750.0,67638000.0,0.0,0.0,0.0,2005993000.0,522104000.0,1483889000.0,3085007556.0,3004000.0,-152937000.0,-347926000.0,583005000.0,-17469000.0,238781000.0,-393652000.0,0.0,157875000.0,0.0,257882000.0,257882000.0,257882000.0,-99602000.0,0.0,0.06,3958471000.0,329533000.0,497560000.0,0.068,2.111,11.963,12.157,1775471000.0,0.0,28.63,0.719,0.714,667282000.0,,4288004000.0,4288004000.0,0.0,0.079,0.175,0.149,0.091,0.0,1833923000.0,1.0,107754368.0,106986000,107372000.0,40.08,2729320000.0,35673000.0,93964000.0,54628000.0,25.511,285539000.0
58,UHS,MRT,2006-12-31,2006-12-31,2006-12-31,2021-08-07,-8194000.0,3277042000.0,3139184250.0,728506000.0,2548536000.0,1.314,12.853,-341140000.0,14939000.0,14939000.0,0.0,259458000.0,1.45,1.337,823301000.0,1938000.0,821363000.0,823301000.0,0.0,163694000.0,0.0,0.006,0.16,385234000.0,548928000.0,0.133,548928000.0,385234000.0,352676000.0,2.38,2.28,2.38,1402464000.0,1421105750.0,1402464000.0,3460964000.0,9.0,6.305,-171901000.0,-1.575,1.0,4124692000.0,1.0,719991000.0,32558000.0,2862962000.0,2407126500.0,64532000.0,0.0,0.0,0.0,1874578000.0,502451000.0,1372127000.0,3007838000.0,6976000.0,-81800000.0,-344735000.0,459455000.0,-17445000.0,116106000.0,-278369000.0,0.0,169239000.0,0.0,259458000.0,259458000.0,259458000.0,-100258000.0,0.0,0.063,3802197000.0,322495000.0,190159000.0,0.067,2.145,11.593,11.645,1685085000.0,0.0,27.715,0.729,0.733,595009000.0,1425379000.0,4124692000.0,4124692000.0,0.0,0.083,0.183,0.16,0.093,0.0,1765162000.0,1.0,108527440.0,109114000,115816000.0,37.802,2557051000.0,34913000.0,93218000.0,63463000.0,23.435,226055000.0
59,UHS,MRT,2006-09-30,2006-09-30,2006-09-30,2021-08-07,-8672000.0,3149027000.0,3034601000.0,712892000.0,2436135000.0,1.349,13.174,-303077000.0,14817000.0,14817000.0,0.0,237562000.0,1.134,1.104,467943000.0,3137000.0,464806000.0,467943000.0,0.0,159611000.0,0.0,0.005,0.16,405371000.0,564982000.0,0.138,564982000.0,405371000.0,373606000.0,2.175,2.095,2.175,1496445000.0,1371764250.0,1496445000.0,3757545496.0,9.0,6.651,15926000.0,0.14,1.0,4092594000.0,1.0,695246000.0,31765000.0,2278388000.0,2262188500.0,64352000.0,0.0,0.0,0.0,1652582000.0,628519000.0,1024063000.0,3412965496.0,-67339000.0,-272776000.0,-239568000.0,213589000.0,-17393000.0,-30060000.0,-356282000.0,0.0,319003000.0,0.0,237562000.0,237562000.0,237562000.0,-3128000.0,0.0,0.058,3646948000.0,445646000.0,464102000.0,0.074,2.281,14.367,13.777,1609890000.0,0.0,29.965,0.834,0.832,584764000.0,1431038000.0,4092594000.0,4092594000.0,0.0,0.078,0.173,0.179,0.099,0.0,1751908000.0,1.0,113898398.0,113588000,114002000.0,36.03,2453781000.0,28180000.0,136044000.0,185683000.0,21.602,84373000.0
60,UHS,MRT,2006-06-30,2006-06-30,2006-06-30,2021-08-07,-8587000.0,3145621000.0,2933100500.0,779040000.0,2366581000.0,1.371,14.247,-285238000.0,124350000.0,124350000.0,0.0,131936000.0,1.3,1.055,468930000.0,3646000.0,465284000.0,468930000.0,0.0,157355000.0,0.0,0.006,0.16,239836000.0,397191000.0,0.099,397191000.0,239836000.0,207807000.0,1.245,1.17,1.245,1530968000.0,1303652250.0,1530968000.0,3322089503.0,14.0,8.364,98822000.0,0.92,1.0,4019909000.0,1.0,686561000.0,32029000.0,2204265000.0,2225313500.0,54043000.0,0.0,0.0,0.0,1614653000.0,599375000.0,1015278000.0,2722768503.0,9603000.0,-265782000.0,-157855000.0,213401000.0,-17390000.0,48563000.0,-423020000.0,0.0,384060000.0,0.0,131936000.0,131936000.0,131936000.0,-2052000.0,0.0,0.033,3749656000.0,270253000.0,426568000.0,0.129,1.778,20.637,20.185,1549177000.0,0.0,25.13,0.677,0.672,546344000.0,1321564000.0,4019909000.0,4019909000.0,0.0,0.045,0.101,0.108,0.06,0.0,1688747000.0,1.0,108347334.0,107460000,119974000.0,37.408,2459060000.0,26256000.0,75871000.0,204601000.0,22.883,179665000.0
61,UHS,MRT,2006-03-31,2006-03-31,2006-03-31,2021-08-07,-10721000.0,2985047000.0,2837551500.0,658579000.0,2326468000.0,1.397,11.666,-266695000.0,8211000.0,8211000.0,0.0,230520000.0,1.071,1.379,607532000.0,3999000.0,603533000.0,607532000.0,0.0,157238000.0,0.0,0.006,0.16,322222000.0,479460000.0,0.121,479460000.0,322222000.0,291440000.0,2.09,1.915,2.09,1254546000.0,1241356750.0,1254546000.0,3386501712.0,11.0,7.063,134459000.0,1.25,1.0,3963124000.0,1.0,686728000.0,30782000.0,2282891000.0,2214992500.0,53556000.0,0.0,0.0,0.0,1730501000.0,614749000.0,1115752000.0,2751619712.0,-45977000.0,-10720000.0,-235066000.0,-20088000.0,-17526000.0,-272716000.0,-174415000.0,0.0,401154000.0,0.0,230520000.0,230520000.0,230520000.0,-124875000.0,0.0,0.058,3736874000.0,226250000.0,481776000.0,0.077,2.193,11.937,12.151,1510193000.0,0.0,25.395,0.694,0.689,547800000.0,1264726000.0,3963124000.0,3963124000.0,0.0,0.081,0.186,0.145,0.081,0.0,1661888000.0,1.0,108352814.0,107536000,121012000.0,36.854,2298319000.0,23404000.0,60920000.0,170255000.0,21.373,43830000.0
62,UHS,MRT,2005-12-31,2005-12-31,2005-12-31,2021-08-07,-10721000.0,2858709000.0,2837231500.0,608298000.0,2250411000.0,1.387,10.826,-241412000.0,7963000.0,7963000.0,0.0,240845000.0,1.16,1.372,642845000.0,5191000.0,637654000.0,642845000.0,0.0,163714000.0,0.0,0.007,0.16,336079000.0,499793000.0,0.127,499793000.0,336079000.0,303146000.0,2.165,2.0,2.165,1205098000.0,1246444000.0,1205098000.0,3000822296.0,9.0,6.004,184014000.0,1.653,1.0,3935480000.0,1.0,686211000.0,32933000.0,2283210000.0,2264109750.0,52835000.0,0.0,0.0,0.0,1653611000.0,524170000.0,1129441000.0,2550803296.0,-25162000.0,120379000.0,-235568000.0,-149887000.0,-17885000.0,-404555000.0,-46033000.0,0.0,425426000.0,0.0,240845000.0,240845000.0,240845000.0,-131002000.0,0.0,0.061,3704758000.0,230722000.0,177600000.0,0.074,2.117,10.591,10.794,1429653000.0,0.0,23.37,0.648,0.661,499726000.0,1218841000.0,3935480000.0,3935480000.0,0.0,0.085,0.193,0.148,0.085,0.0,1625996000.0,1.0,109148622.0,111316000,125294000.0,35.354,2172498000.0,20507000.0,62301000.0,157290000.0,19.516,84128000.0
63,UHS,MRT,2005-09-30,2005-09-30,2005-09-30,2021-08-07,-9273000.0,2743025000.0,2878265000.0,774676000.0,1968349000.0,1.348,11.192,-224774000.0,82156000.0,82156000.0,0.0,265745000.0,1.472,1.241,532175000.0,3873000.0,528302000.0,532175000.0,0.0,166733000.0,0.0,0.007,0.16,380347000.0,547080000.0,0.141,547080000.0,380347000.0,345963000.0,2.34,2.14,2.34,1223997000.0,1250316000.0,1223997000.0,3069683415.0,8.0,5.611,211035000.0,1.93,1.0,3879082000.0,1.0,535848000.0,34384000.0,2130888000.0,2385856000.0,50895000.0,0.0,0.0,0.0,1519028000.0,526308000.0,992720000.0,2654587415.0,47602000.0,331826000.0,-229016000.0,-239904000.0,-18226000.0,-487939000.0,99732000.0,0.0,435809000.0,0.0,265745000.0,265745000.0,265745000.0,-130092000.0,0.0,0.069,3607085000.0,271997000.0,425521000.0,0.068,2.169,9.989,10.177,1312351000.0,0.0,23.815,0.684,0.671,505366000.0,1242821000.0,3879082000.0,3879082000.0,0.0,0.092,0.213,0.159,0.098,-10604000.0,1585402000.0,1.0,111467034.0,109364000,110296000.0,35.469,2207177000.0,21478000.0,80218000.0,140895000.0,20.182,248368000.0
64,UHS,MRT,2005-06-30,2005-06-30,2005-06-30,2021-08-07,-9723000.0,2763425000.0,2937084250.0,762775000.0,2000650000.0,1.301,11.358,-221589000.0,114747000.0,114747000.0,0.0,295271000.0,1.577,1.156,529843000.0,3994000.0,525849000.0,529843000.0,0.0,171036000.0,0.0,0.005,0.16,430256000.0,601292000.0,0.157,601292000.0,430256000.0,392925000.0,2.59,2.375,2.59,1281786000.0,1247911000.0,1281786000.0,4258487970.0,10.0,7.082,177054000.0,1.569,1.0,3822403000.0,1.0,531959000.0,37331000.0,2162981000.0,2520268750.0,54479000.0,0.0,0.0,0.0,1481639000.0,483581000.0,998058000.0,3612165970.0,78412000.0,363886000.0,-167990000.0,-267985000.0,-18440000.0,-455208000.0,134977000.0,0.0,398643000.0,0.0,295271000.0,295271000.0,295271000.0,-129745000.0,0.0,0.077,3498569000.0,323834000.0,401773000.0,0.062,2.818,12.233,12.004,1351062000.0,0.0,31.09,0.945,0.918,550437000.0,1303267000.0,3822403000.0,3822403000.0,0.0,0.101,0.237,0.171,0.113,-10604000.0,1563685000.0,1.0,116184174.0,112850000,127296000.0,33.872,2231466000.0,9328000.0,97654000.0,126975000.0,19.774,279194000.0
65,UHS,MRT,2005-03-31,2005-03-31,2005-03-31,2021-08-07,-1275000.0,2983767000.0,2987280500.0,776969000.0,2206798000.0,1.251,11.082,-218244000.0,54188000.0,54188000.0,0.0,184717000.0,1.462,1.34,700510000.0,16113000.0,684397000.0,700510000.0,0.0,171477000.0,0.0,0.006,0.16,326121000.0,497598000.0,0.133,497598000.0,326121000.0,286881000.0,1.605,1.5,1.605,1274895000.0,1222200250.0,1274895000.0,3861571286.0,12.0,7.76,214122000.0,1.861,1.0,3737009000.0,1.0,619404000.0,39240000.0,2479360000.0,2646539250.0,61503000.0,0.0,0.0,0.0,1708872000.0,531325000.0,1177547000.0,3025499286.0,15807000.0,74965000.0,-22027000.0,-224553000.0,-18623000.0,-265960000.0,-150599000.0,0.0,432366000.0,0.0,184717000.0,184717000.0,184717000.0,-11441000.0,0.0,0.049,3401749000.0,335260000.0,463027000.0,0.1,2.373,16.379,16.324,1456699000.0,0.0,26.2,0.81,0.807,624181000.0,1253678000.0,3737009000.0,3737009000.0,0.0,0.062,0.151,0.123,0.087,-10604000.0,1525123000.0,1.0,115477072.0,115046000,128832000.0,32.483,2364363000.0,0.0,102164000.0,102898000.0,20.551,245644000.0
66,UHS,MRT,2004-12-31,2004-12-31,2004-12-31,2021-08-07,1864000.0,3022843000.0,2982644000.0,808925000.0,2213918000.0,1.22,10.586,-230760000.0,33125000.0,33125000.0,0.0,169492000.0,1.722,1.477,869197000.0,16968000.0,852229000.0,869197000.0,0.0,166677000.0,0.0,0.007,0.16,302802000.0,469479000.0,0.129,469479000.0,302802000.0,264671000.0,1.47,1.375,1.47,1220586000.0,1186808750.0,1220586000.0,3402036469.0,11.0,7.246,162120000.0,1.406,1.0,3637490000.0,1.0,619064000.0,38131000.0,2770195000.0,2717748000.0,60729000.0,0.0,0.0,0.0,1802257000.0,469656000.0,1332601000.0,2595900469.0,-1738000.0,-81639000.0,-20462000.0,-36231000.0,-18628000.0,-74899000.0,-319719000.0,0.0,392880000.0,0.0,169492000.0,169492000.0,169492000.0,-8394000.0,0.0,0.047,3326894000.0,310596000.0,190181000.0,0.109,2.127,15.316,15.136,1448066000.0,0.0,22.25,0.714,0.705,552538000.0,1196914000.0,3637490000.0,3637490000.0,0.0,0.057,0.143,0.111,0.083,-10604000.0,1490241000.0,1.0,116669684.0,115306000,129730000.0,31.546,2403779000.0,0.0,95179000.0,91870000.0,20.847,339269000.0
67,UHS,MRT,2004-09-30,2004-09-30,2004-09-30,2021-08-07,1009000.0,2978302000.0,2920115750.0,728168000.0,2250134000.0,1.142,10.507,-515737000.0,34554000.0,34554000.0,0.0,178785000.0,1.57,1.453,840690000.0,11924000.0,828766000.0,840690000.0,0.0,163024000.0,0.0,0.007,0.16,311032000.0,474056000.0,0.142,474056000.0,311032000.0,276365000.0,1.545,1.445,1.545,1214377000.0,1154392750.0,1214377000.0,3357491195.0,11.0,7.082,-138850000.0,-1.201,1.0,3334944000.0,1.0,652160000.0,34667000.0,2668539000.0,2719961000.0,63679000.0,0.0,0.0,0.0,1763925000.0,463739000.0,1300186000.0,2531046195.0,6293000.0,-10882000.0,-2873000.0,174450000.0,-18628000.0,156025000.0,-526619000.0,0.0,376887000.0,0.0,178785000.0,178785000.0,178785000.0,-12701000.0,0.0,0.054,3021799000.0,313145000.0,442020000.0,0.104,2.084,14.157,14.078,1449964000.0,0.0,21.75,0.759,0.754,580010000.0,1164384000.0,3334944000.0,3334944000.0,0.0,0.061,0.155,0.114,0.093,0.0,1360113000.0,1.0,116369940.0,115582000,129820000.0,28.853,2326142000.0,19119000.0,97580000.0,72114000.0,20.125,264429000.0
68,UHS,MRT,2004-06-30,2004-06-30,2004-06-30,2021-08-07,342000.0,2964210000.0,2784502250.0,711772000.0,2252438000.0,1.182,10.23,-517452000.0,36335000.0,36335000.0,0.0,190001000.0,1.502,1.514,862780000.0,13193000.0,849587000.0,862780000.0,0.0,155815000.0,0.0,0.005,0.12,325113000.0,480928000.0,0.146,480928000.0,325113000.0,291188000.0,1.65,1.53,1.65,1178943000.0,1106933250.0,1178943000.0,3539251688.0,11.0,7.359,-126180000.0,-1.095,1.0,3292304000.0,1.0,648695000.0,33925000.0,2668063000.0,2609605750.0,63066000.0,0.0,0.0,0.0,1785267000.0,473897000.0,1311370000.0,2669222688.0,9631000.0,-6934000.0,2662000.0,147274000.0,-13947000.0,142745000.0,-524386000.0,0.0,391272000.0,0.0,190001000.0,190001000.0,190001000.0,-18647000.0,0.0,0.058,2969141000.0,323163000.0,444322000.0,0.073,2.264,14.048,13.906,1433785000.0,0.0,22.945,0.811,0.803,575365000.0,1131220000.0,3292304000.0,3292304000.0,0.0,0.068,0.172,0.125,0.099,0.0,1337225000.0,1.0,116331344.0,115244000,129946000.0,28.568,2315515000.0,11898000.0,101187000.0,58961000.0,20.092,237875000.0
69,UHS,MRT,2004-03-31,2004-03-31,2004-03-31,2021-08-07,-593000.0,2965221000.0,2649368750.0,764786000.0,2200435000.0,1.233,9.844,-532525000.0,38381000.0,38381000.0,0.0,192662000.0,1.581,1.616,908410000.0,12528000.0,895882000.0,908410000.0,0.0,150635000.0,0.0,0.003,0.08,332942000.0,483577000.0,0.148,483577000.0,332942000.0,299006000.0,1.67,1.55,1.67,1133329000.0,1056305500.0,1133329000.0,3521201702.0,11.0,7.282,-141390000.0,-1.228,1.0,3266471000.0,1.0,587180000.0,33936000.0,2764195000.0,2515763500.0,64571000.0,0.0,0.0,0.0,1831892000.0,483875000.0,1348017000.0,2676627702.0,5965000.0,30640000.0,-28093000.0,142768000.0,-9294000.0,116715000.0,-501885000.0,0.0,391135000.0,0.0,192662000.0,192662000.0,192662000.0,-13611000.0,0.0,0.059,2927096000.0,339375000.0,431870000.0,0.048,2.362,13.893,13.793,1418961000.0,0.0,23.035,0.819,0.812,602159000.0,1087583000.0,3266471000.0,3266471000.0,0.0,0.073,0.182,0.132,0.102,0.0,1314022000.0,1.0,116198294.0,115128000,130174000.0,28.373,2378041000.0,18132000.0,106344000.0,73850000.0,20.656,280911000.0
70,UHS,MRT,2003-12-31,2003-12-31,2003-12-31,2021-08-07,1812000.0,2772730000.0,2518320500.0,645791000.0,2126939000.0,1.252,9.455,-505638000.0,34863000.0,34863000.0,0.0,199269000.0,1.632,1.542,879437000.0,10871000.0,868566000.0,879437000.0,0.0,144466000.0,0.0,0.001,0.04,343567000.0,488033000.0,0.155,488033000.0,343567000.0,310691000.0,1.725,1.6,1.725,1090922000.0,1010470500.0,1090922000.0,3730073478.0,11.0,7.643,-128863000.0,-1.117,1.0,3153174000.0,1.0,442504000.0,32876000.0,2779047000.0,2407822500.0,61736000.0,0.0,0.0,0.0,1681808000.0,395753000.0,1286055000.0,3114583478.0,17113000.0,25376000.0,-51166000.0,161869000.0,-4644000.0,120600000.0,-480262000.0,0.0,376775000.0,0.0,199269000.0,199269000.0,199269000.0,-11372000.0,0.0,0.063,2800836000.0,352338000.0,178824000.0,0.023,2.855,15.63,15.571,1304341000.0,0.0,26.86,0.988,0.983,503929000.0,1046050000.0,3153174000.0,3153174000.0,0.0,0.079,0.197,0.143,0.109,0.0,1257503000.0,1.0,115956198.0,115376000,130178000.0,27.33,2330226000.0,25271000.0,111422000.0,81732000.0,20.197,250038000.0
71,UHS,MRT,2003-09-30,2003-09-30,2003-09-30,2021-08-07,-19263000.0,2435848000.0,2407422250.0,599835000.0,1836013000.0,1.332,8.932,-206107000.0,28261000.0,28261000.0,0.0,196691000.0,1.527,1.378,643751000.0,11225000.0,632526000.0,643751000.0,0.0,140199000.0,0.0,0.0,0.0,342527000.0,482726000.0,0.151,482726000.0,342527000.0,306371000.0,1.695,1.57,1.695,1024539000.0,967104750.0,1024539000.0,3539932298.0,10.0,7.333,193373000.0,1.686,1.0,3205692000.0,1.0,431365000.0,36156000.0,2227118000.0,2267916000.0,53658000.0,0.0,0.0,0.0,1411309000.0,392855000.0,1018454000.0,2864517298.0,12467000.0,-31456000.0,-118828000.0,-42087000.0,0.0,-149450000.0,-237563000.0,0.0,399480000.0,0.0,196691000.0,196691000.0,196691000.0,-10727000.0,0.0,0.061,2848623000.0,357069000.0,369947000.0,0.0,2.796,14.564,14.587,1282259000.0,0.0,24.725,0.894,0.885,482818000.0,1004226000.0,3205692000.0,3205692000.0,0.0,0.082,0.203,0.151,0.107,0.0,1277447000.0,1.0,115855098.0,114708000,129680000.0,27.947,2004483000.0,3355000.0,109680000.0,27269000.0,17.475,206980000.0
72,UHS,MRT,2003-06-30,2003-06-30,2003-06-30,2021-08-07,-14145000.0,2423676000.0,2362447500.0,610876000.0,1812800000.0,1.332,8.468,-210521000.0,26704000.0,26704000.0,0.0,189081000.0,1.64,1.482,702119000.0,11935000.0,690184000.0,702119000.0,0.0,134536000.0,0.0,0.0,0.0,332408000.0,466944000.0,0.148,466944000.0,332408000.0,296225000.0,1.61,1.5,1.61,976432000.0,947700250.0,976432000.0,3026862995.0,9.0,6.482,196850000.0,1.707,1.0,3147343000.0,1.0,433962000.0,36183000.0,2292694000.0,2244172250.0,58929000.0,0.0,0.0,0.0,1447244000.0,372435000.0,1074809000.0,2317586995.0,11884000.0,-43054000.0,-124303000.0,-31302000.0,0.0,-141912000.0,-253575000.0,0.0,407371000.0,0.0,189081000.0,189081000.0,189081000.0,-6288000.0,0.0,0.06,2798508000.0,348835000.0,355295000.0,0.0,2.374,12.257,12.304,1250786000.0,0.0,19.81,0.736,0.726,472829000.0,955165000.0,3147343000.0,3147343000.0,0.0,0.08,0.2,0.148,0.106,0.0,1249445000.0,1.0,116990762.0,115310000,129884000.0,27.295,1989714000.0,18875000.0,107144000.0,18085000.0,17.255,238441000.0
73,UHS,MRT,2003-03-31,2003-03-31,2003-03-31,2021-08-07,-18041000.0,2441028000.0,2308751000.0,654578000.0,1786450000.0,1.331,8.151,-204307000.0,32416000.0,32416000.0,0.0,182478000.0,1.684,1.57,741692000.0,11092000.0,730600000.0,741692000.0,0.0,129923000.0,0.0,0.0,0.0,319497000.0,449420000.0,0.146,449420000.0,319497000.0,284282000.0,1.54,1.435,1.54,949989000.0,928444250.0,949989000.0,3078307457.0,10.0,6.85,150845000.0,1.294,1.0,3073627000.0,1.0,429123000.0,35215000.0,2332431000.0,2207507500.0,60018000.0,0.0,0.0,0.0,1491039000.0,388750000.0,1102289000.0,2407290457.0,16034000.0,-42504000.0,-93760000.0,-7662000.0,0.0,-92307000.0,-246811000.0,0.0,355152000.0,0.0,182478000.0,182478000.0,182478000.0,-7417000.0,0.0,0.059,2742674000.0,330953000.0,339782000.0,0.0,2.534,13.192,13.237,1222171000.0,0.0,20.385,0.783,0.773,510149000.0,904215000.0,3073627000.0,3073627000.0,0.0,0.079,0.197,0.145,0.104,0.0,1224908000.0,1.0,118091266.0,116554000,131192000.0,26.371,2011905000.0,21132000.0,101804000.0,51185000.0,17.262,265828000.0
74,UHS,MRT,2002-12-31,2002-12-31,2002-12-31,2021-08-07,-18690000.0,2329137000.0,2247088250.0,593618000.0,1735519000.0,1.331,7.68,-201469000.0,17750000.0,17750000.0,0.0,175361000.0,1.603,1.539,688767000.0,8253000.0,680514000.0,688767000.0,0.0,124794000.0,0.0,0.0,0.0,306763000.0,431557000.0,0.144,431557000.0,306763000.0,272667000.0,1.47,1.37,1.47,917459000.0,904332500.0,917459000.0,3376166543.0,11.0,7.823,129790000.0,1.086,1.0,2991919000.0,1.0,410320000.0,34096000.0,2219421000.0,2155847000.0,58217000.0,0.0,0.0,0.0,1411678000.0,370413000.0,1041265000.0,2730400543.0,-5098000.0,0.0,-73668000.0,-67128000.0,0.0,-134888000.0,-201469000.0,0.0,331259000.0,0.0,175361000.0,175361000.0,175361000.0,-7514000.0,0.0,0.059,2672954000.0,318965000.0,170471000.0,0.0,2.976,15.57,15.34,1173195000.0,0.0,22.55,0.913,0.9,474763000.0,851425000.0,2991919000.0,2991919000.0,0.0,0.078,0.194,0.142,0.103,0.0,1193258000.0,1.0,121082064.0,119460000,134150000.0,25.045,1918817000.0,25023000.0,97306000.0,51396000.0,16.062,223205000.0
75,UHS,MRT,2002-09-30,2002-09-30,2002-09-30,2021-08-07,-10161000.0,2255949000.0,2206951250.0,602853000.0,1653096000.0,1.426,7.906,-467448000.0,15794000.0,15794000.0,0.0,132398000.0,1.67,1.382,661560000.0,3495000.0,658065000.0,661560000.0,0.0,123337000.0,0.0,0.0,0.0,243663000.0,367000000.0,0.117,367000000.0,243663000.0,208693000.0,1.105,1.045,1.105,946921000.0,876942750.0,946921000.0,3738091445.0,15.0,10.186,-178135000.0,-1.487,1.0,3147582000.0,1.0,408500000.0,34970000.0,2132143000.0,2143907750.0,58597000.0,0.0,0.0,0.0,1309028000.0,361072000.0,947956000.0,3062252445.0,-8797000.0,185838000.0,-8095000.0,-7705000.0,0.0,-16500000.0,-281610000.0,0.0,289313000.0,0.0,132398000.0,132398000.0,132398000.0,0.0,0.0,0.042,2875121000.0,272461000.0,356667000.0,0.0,3.234,23.129,23.145,1154252000.0,0.0,25.575,0.973,0.973,472316000.0,807535000.0,3147582000.0,3147582000.0,0.0,0.06,0.151,0.114,0.077,0.0,1254276000.0,1.0,119736166.0,119766000,134350000.0,26.281,1847449000.0,27769000.0,76295000.0,27411000.0,15.425,241781000.0
76,UHS,MRT,2002-06-30,2002-06-30,2002-06-30,2021-08-07,-6717000.0,2208890000.0,2145775000.0,608460000.0,1600430000.0,1.424,7.503,-444145000.0,14820000.0,14820000.0,0.0,121201000.0,1.755,1.456,690659000.0,2641000.0,688018000.0,690659000.0,0.0,125788000.0,0.0,0.0,0.0,226903000.0,352691000.0,0.115,352691000.0,226903000.0,190723000.0,1.01,0.96,1.01,899408000.0,840015500.0,899408000.0,3626379940.0,16.0,10.282,-165337000.0,-1.379,1.0,3055262000.0,1.0,391929000.0,36180000.0,2146035000.0,2084575000.0,59280000.0,0.0,0.0,0.0,1309482000.0,346765000.0,962717000.0,2936719940.0,-9705000.0,180990000.0,-8766000.0,-9984000.0,0.0,-25358000.0,-263155000.0,0.0,278808000.0,0.0,121201000.0,121201000.0,121201000.0,0.0,0.0,0.04,2800677000.0,254585000.0,344124000.0,0.0,3.265,24.23,24.257,1127685000.0,0.0,24.5,0.961,0.961,464987000.0,766084000.0,3055262000.0,3055262000.0,0.0,0.056,0.144,0.109,0.074,0.0,1213170000.0,1.0,119866120.0,119868000,134508000.0,25.489,1816961000.0,34944000.0,69522000.0,27471000.0,15.158,261695000.0
77,UHS,MRT,2002-03-31,2002-03-31,2002-03-31,2021-08-07,-5159000.0,2194377000.0,2088707250.0,618125000.0,1576252000.0,1.421,7.129,-426558000.0,16382000.0,16382000.0,0.0,109244000.0,1.661,1.571,706042000.0,2751000.0,703291000.0,706042000.0,0.0,127136000.0,0.0,0.0,0.0,209823000.0,336959000.0,0.114,336959000.0,209823000.0,171539000.0,0.91,0.87,0.91,853542000.0,810777500.0,853542000.0,3169384492.0,15.0,9.406,-140796000.0,-1.176,1.0,2967913000.0,1.0,386185000.0,38284000.0,2125789000.0,2032975500.0,57654000.0,0.0,0.0,0.0,1340835000.0,372063000.0,968772000.0,2470966492.0,3338000.0,179240000.0,-8734000.0,-24395000.0,0.0,-35106000.0,-247318000.0,0.0,285762000.0,0.0,109244000.0,109244000.0,109244000.0,0.0,0.0,0.037,2731423000.0,236490000.0,341578000.0,0.0,2.895,22.619,22.665,1098922000.0,0.0,20.625,0.833,0.832,481931000.0,721737000.0,2967913000.0,2967913000.0,0.0,0.052,0.135,0.103,0.071,0.0,1173853000.0,1.0,119804436.0,119724000,134096000.0,24.79,1808192000.0,26501000.0,62295000.0,55060000.0,15.103,246062000.0
78,UHS,MRT,2001-12-31,2001-12-31,2001-12-31,2021-08-07,-6162000.0,2168589000.0,2037616750.0,548262000.0,1620327000.0,1.394,6.747,-416401000.0,22848000.0,22848000.0,0.0,99742000.0,1.699,1.684,721266000.0,2436000.0,718830000.0,721266000.0,0.0,127523000.0,0.0,0.0,0.0,194073000.0,321596000.0,0.113,321596000.0,194073000.0,156297000.0,0.835,0.8,0.835,807900000.0,783809250.0,807900000.0,3162328537.0,16.0,9.833,-118858000.0,-0.993,1.0,2840491000.0,1.0,372627000.0,37776000.0,2171664000.0,1997093250.0,54764000.0,0.0,0.0,0.0,1360689000.0,322716000.0,1037973000.0,2561788537.0,12303000.0,0.0,-5725000.0,143494000.0,0.0,131161000.0,-416401000.0,0.0,297543000.0,0.0,99742000.0,99742000.0,99742000.0,0.0,0.0,0.035,2620038000.0,220453000.0,144163000.0,0.0,3.171,25.684,25.617,1031205000.0,0.0,21.39,0.902,0.902,418083000.0,676064000.0,2840491000.0,2840491000.0,0.0,0.049,0.127,0.097,0.068,0.0,1122428000.0,1.0,119765710.0,119748000,134440000.0,23.721,1795962000.0,25227000.0,56555000.0,56249000.0,14.998,225546000.0
79,UHS,MRT,2001-09-30,2001-09-30,2001-09-30,2021-08-07,-14178000.0,2011244000.0,1931063750.0,529849000.0,1481395000.0,1.414,6.669,-153862000.0,24591000.0,24591000.0,0.0,117904000.0,1.652,1.517,625131000.0,1273000.0,623858000.0,625131000.0,0.0,123161000.0,0.0,0.0,0.0,222830000.0,345991000.0,0.127,345991000.0,222830000.0,185595000.0,0.98,0.935,0.98,799212000.0,760977750.0,799212000.0,3567068168.0,16.0,10.31,117249000.0,0.978,1.0,2731151000.0,1.0,396225000.0,37235000.0,1894812000.0,1882919250.0,49995000.0,0.0,0.0,0.0,1212032000.0,320747000.0,891285000.0,2926956168.0,18616000.0,-175897000.0,-2631000.0,75448000.0,0.0,77264000.0,-329759000.0,0.0,271111000.0,0.0,117904000.0,117904000.0,117904000.0,0.0,0.0,0.043,2491493000.0,239658000.0,297878000.0,0.0,3.662,24.825,24.898,999378000.0,0.0,24.4,1.072,1.071,404585000.0,675137000.0,2731151000.0,2731151000.0,0.0,0.061,0.155,0.118,0.082,0.0,1073630000.0,1.0,119957220.0,119842000,134834000.0,22.79,1615019000.0,23816000.0,67691000.0,55016000.0,13.476,209102000.0
80,UHS,MRT,2001-06-30,2001-06-30,2001-06-30,2021-08-07,-5930000.0,1980619000.0,1853545000.0,529524000.0,1451095000.0,1.388,6.529,-137117000.0,24525000.0,24525000.0,0.0,109985000.0,1.829,1.531,664637000.0,844000.0,663793000.0,664637000.0,0.0,119049000.0,0.0,0.0,0.0,207631000.0,326680000.0,0.127,326680000.0,207631000.0,173248000.0,0.915,0.875,0.915,782456000.0,733915750.0,782456000.0,3416278599.0,16.0,10.458,93321000.0,0.779,1.0,2572157000.0,1.0,391553000.0,34383000.0,1939637000.0,1826707000.0,48634000.0,0.0,0.0,0.0,1198163000.0,289541000.0,908622000.0,2728324599.0,18973000.0,-307223000.0,-12755000.0,244965000.0,0.0,232875000.0,-444340000.0,0.0,230438000.0,0.0,109985000.0,109985000.0,109985000.0,0.0,0.0,0.043,2348334000.0,223823000.0,282480000.0,0.0,3.487,24.806,24.863,979810000.0,0.0,22.75,1.061,1.06,406523000.0,644583000.0,2572157000.0,2572157000.0,0.0,0.059,0.15,0.114,0.081,0.0,1010776000.0,1.0,119926356.0,119836000,134448000.0,21.464,1589066000.0,23043000.0,63263000.0,41989000.0,13.26,239983000.0
81,UHS,MRT,2001-03-31,2001-03-31,2001-03-31,2021-08-07,-9184000.0,1990015000.0,1739663000.0,543259000.0,1446756000.0,1.367,6.232,-113732000.0,13044000.0,13044000.0,0.0,100904000.0,1.812,1.669,700998000.0,870000.0,700128000.0,700998000.0,0.0,114960000.0,0.0,0.0,0.0,189852000.0,304812000.0,0.128,304812000.0,189852000.0,158783000.0,0.84,0.81,0.84,745669000.0,708290000.0,745669000.0,3180847398.0,17.0,10.435,81409000.0,0.68,1.0,2378389000.0,1.0,395918000.0,31069000.0,1982260000.0,1703315000.0,48949000.0,0.0,0.0,0.0,1244346000.0,299791000.0,944555000.0,2642639398.0,5094000.0,-307433000.0,-23204000.0,258833000.0,0.0,231118000.0,-421165000.0,0.0,195141000.0,0.0,100904000.0,100904000.0,100904000.0,0.0,0.0,0.042,2172647000.0,205742000.0,276456000.0,0.0,3.544,26.19,26.28,965481000.0,0.0,22.075,1.111,1.111,430342000.0,612493000.0,2378389000.0,2378389000.0,0.0,0.058,0.142,0.111,0.08,0.0,931166000.0,1.0,119711864.0,119656000,134296000.0,19.877,1594097000.0,20821000.0,57879000.0,56602000.0,13.322,243468000.0
82,UHS,MRT,2000-12-31,2000-12-31,2000-12-31,2021-08-07,0.0,1742377000.0,1624816000.0,476455000.0,1265922000.0,1.38,5.95,-113900000.0,10545000.0,10545000.0,0.0,93362000.0,1.915,1.432,548753000.0,689000.0,548064000.0,548753000.0,0.0,112809000.0,0.0,0.0,0.0,176049000.0,288858000.0,0.129,288858000.0,176049000.0,146108000.0,0.775,0.75,0.775,716574000.0,687971750.0,716574000.0,3866158943.0,22.0,13.384,60921000.0,0.506,1.0,2242444000.0,1.0,316777000.0,29941000.0,1714968000.0,1570951500.0,45518000.0,0.0,0.0,0.0,1025803000.0,248840000.0,776963000.0,3338464943.0,4364000.0,-137353000.0,-30725000.0,111521000.0,0.0,80796000.0,-251253000.0,0.0,174821000.0,0.0,93362000.0,93362000.0,93362000.0,0.0,0.0,0.042,2052714000.0,189730000.0,113294000.0,0.0,4.659,35.758,36.065,875627000.0,0.0,27.95,1.489,1.501,376601000.0,576322000.0,2242444000.0,2242444000.0,0.0,0.057,0.136,0.112,0.079,0.0,873747000.0,1.0,119444184.0,120440000,129640000.0,18.619,1425600000.0,17943000.0,52746000.0,54205000.0,11.837,227615000.0
83,UHS,MRT,2000-09-30,2000-09-30,2000-09-30,2021-08-07,0.0,1701169000.0,1563715000.0,452257000.0,1248912000.0,1.373,5.779,-90613000.0,5975000.0,5975000.0,0.0,88202000.0,1.867,1.462,533669000.0,559000.0,533110000.0,533669000.0,0.0,111741000.0,0.0,0.0,0.0,166206000.0,277947000.0,0.129,277947000.0,166206000.0,137371000.0,0.733,0.718,0.733,690964000.0,669231000.0,690964000.0,2957891140.0,18.0,10.642,85162000.0,0.712,1.0,2147012000.0,1.0,316681000.0,28835000.0,1669963000.0,1497527000.0,43404000.0,0.0,0.0,0.0,1010205000.0,242219000.0,767986000.0,2557931140.0,-1113000.0,-144617000.0,-46175000.0,115512000.0,0.0,58342000.0,-235230000.0,0.0,175775000.0,0.0,88202000.0,88202000.0,88202000.0,0.0,0.0,0.041,1971041000.0,175971000.0,235534000.0,0.0,3.702,29.001,29.205,861139000.0,0.0,21.407,1.191,1.192,349006000.0,557233000.0,2147012000.0,2147012000.0,0.0,0.056,0.132,0.111,0.077,0.0,834659000.0,1.0,119487616.0,119572000,135376000.0,17.956,1384488000.0,26924000.0,49169000.0,44242000.0,11.579,210038000.0
84,UHS,MRT,2000-06-30,2000-06-30,2000-06-30,2021-08-07,0.0,1525091000.0,1509754250.0,408925000.0,1116166000.0,1.374,5.644,-83471000.0,5552000.0,5552000.0,0.0,76661000.0,1.951,1.243,405512000.0,1309000.0,404203000.0,405512000.0,0.0,109961000.0,0.0,0.0,0.0,147224000.0,257185000.0,0.124,257185000.0,147224000.0,118880000.0,0.633,0.623,0.633,679953000.0,656140000.0,679953000.0,2381810896.0,16.0,9.261,91582000.0,0.76,1.0,2075050000.0,1.0,269382000.0,28344000.0,1446069000.0,1427112500.0,40166000.0,0.0,0.0,0.0,845138000.0,209600000.0,635538000.0,1967202896.0,-2603000.0,-8092000.0,-59201000.0,-12803000.0,0.0,-86093000.0,-91563000.0,0.0,175053000.0,0.0,76661000.0,76661000.0,76661000.0,0.0,0.0,0.037,1921812000.0,153238000.0,207698000.0,0.0,2.893,25.661,25.869,780349000.0,0.0,16.375,0.948,0.951,313566000.0,534898000.0,2075050000.0,2075050000.0,0.0,0.051,0.117,0.103,0.071,0.0,811811000.0,1.0,120134528.0,120476000,124556000.0,17.224,1255709000.0,27352000.0,42219000.0,36210000.0,10.423,199325000.0
85,UHS,MRT,2000-03-31,2000-03-31,2000-03-31,2021-08-07,0.0,1530627000.0,1503402000.0,417680000.0,1112947000.0,1.372,5.43,-85697000.0,7950000.0,7950000.0,0.0,76382000.0,1.902,1.304,422558000.0,2935000.0,419623000.0,422558000.0,0.0,108999000.0,0.0,0.0,0.0,147054000.0,256053000.0,0.124,256053000.0,147054000.0,119336000.0,0.62,0.61,0.62,664396000.0,650304750.0,664396000.0,1918828653.0,13.0,7.494,65061000.0,0.532,1.0,2063289000.0,1.0,272795000.0,27718000.0,1452806000.0,1420209750.0,39628000.0,0.0,0.0,0.0,866231000.0,219634000.0,646597000.0,1502300653.0,-2558000.0,-24390000.0,-54754000.0,27826000.0,0.0,-43229000.0,-110087000.0,0.0,150758000.0,0.0,76382000.0,76382000.0,76382000.0,0.0,0.0,0.037,1910835000.0,152454000.0,202361000.0,0.0,2.261,19.668,19.758,783625000.0,0.0,12.25,0.728,0.726,316880000.0,511589000.0,2063289000.0,2063289000.0,0.0,0.051,0.117,0.104,0.071,0.0,808722000.0,1.0,122636788.0,122364000,124220000.0,16.862,1257832000.0,28399000.0,42954000.0,47045000.0,10.279,198046000.0
86,UHS,MRT,1999-12-31,1999-12-31,1999-12-31,2021-08-07,0.0,1497973000.0,1487705250.0,403249000.0,1094724000.0,1.373,5.106,-67576000.0,6181000.0,6181000.0,0.0,77775000.0,1.857,1.335,422709000.0,3506000.0,419203000.0,422709000.0,0.0,108333000.0,0.0,0.0,0.0,149655000.0,257988000.0,0.126,257988000.0,149655000.0,122783000.0,0.62,0.61,0.62,641611000.0,643701250.0,641611000.0,1500923180.0,10.0,5.818,107981000.0,0.859,1.0,2042380000.0,1.0,276031000.0,26872000.0,1421270000.0,1400213500.0,41173000.0,0.0,0.0,0.0,856362000.0,217200000.0,639162000.0,1103760180.0,4921000.0,-15230000.0,-68711000.0,-680000.0,0.0,-87830000.0,-82806000.0,0.0,175557000.0,0.0,77775000.0,77775000.0,77775000.0,0.0,0.0,0.038,1886474000.0,155906000.0,105334000.0,0.0,1.72,14.192,14.516,777053000.0,0.0,9.0,0.54,0.554,307294000.0,482960000.0,2042380000.0,2042380000.0,0.0,0.052,0.121,0.107,0.073,0.0,793529000.0,1.0,122640020.0,125668000,127960000.0,16.252,1221942000.0,26768000.0,45008000.0,41634000.0,9.724,186049000.0
87,UHS,MRT,1999-09-30,1999-09-30,1999-09-30,2021-08-07,0.0,1485326000.0,1475235750.0,371045000.0,1114281000.0,1.358,5.08,-74299000.0,7088000.0,7088000.0,0.0,83900000.0,1.805,1.326,404251000.0,3806000.0,400445000.0,404251000.0,0.0,108444000.0,0.0,0.0,0.0,158430000.0,266874000.0,0.133,266874000.0,158430000.0,132291000.0,0.657,0.645,0.657,638600000.0,640050250.0,638600000.0,1221764913.0,8.0,4.578,107480000.0,0.855,1.0,2003712000.0,1.0,288669000.0,26139000.0,1388305000.0,1399873750.0,38554000.0,0.0,0.0,0.0,846726000.0,205515000.0,641211000.0,819536913.0,3748000.0,-11760000.0,-73835000.0,-4731000.0,0.0,-91972000.0,-86059000.0,0.0,181779000.0,0.0,83900000.0,83900000.0,83900000.0,0.0,0.0,0.042,1836714000.0,166998000.0,201709000.0,0.0,1.283,9.768,9.848,785461000.0,0.0,6.47,0.409,0.406,285067000.0,469031000.0,2003712000.0,2003712000.0,0.0,0.057,0.131,0.113,0.079,0.0,827392000.0,1.0,126667220.0,125700000,128204000.0,15.94,1196657000.0,26762000.0,48391000.0,27049000.0,9.52,165530000.0
88,UHS,MRT,1999-06-30,1999-06-30,1999-06-30,2021-08-07,0.0,1499682000.0,1471177250.0,377409000.0,1122273000.0,1.339,5.185,-82657000.0,8155000.0,8155000.0,0.0,86499000.0,1.979,1.284,410383000.0,4287000.0,406096000.0,410383000.0,0.0,108909000.0,0.0,0.0,0.0,162813000.0,271722000.0,0.138,271722000.0,162813000.0,136038000.0,0.675,0.66,0.675,656612000.0,637037250.0,656612000.0,1896954192.0,12.0,6.981,88326000.0,0.697,1.0,1969974000.0,1.0,292791000.0,26775000.0,1418458000.0,1402912000.0,38481000.0,0.0,0.0,0.0,843070000.0,190661000.0,652409000.0,1513849192.0,5451000.0,-14541000.0,-50879000.0,-10847000.0,0.0,-68334000.0,-97198000.0,0.0,170983000.0,0.0,86499000.0,86499000.0,86499000.0,0.0,0.0,0.044,1796601000.0,173373000.0,186374000.0,0.0,2.306,17.501,17.685,787872000.0,0.0,11.938,0.768,0.767,299413000.0,458237000.0,1969974000.0,1969974000.0,0.0,0.059,0.136,0.116,0.083,0.0,796416000.0,1.0,126814592.0,126636000,129448000.0,15.556,1206891000.0,17165000.0,49539000.0,25137000.0,9.53,186748000.0
89,UHS,MRT,1999-03-31,1999-03-31,1999-03-31,2021-08-07,0.0,1467840000.0,1461136750.0,353071000.0,1114769000.0,1.322,4.983,-89435000.0,10508000.0,10508000.0,0.0,83930000.0,1.73,1.301,393613000.0,3762000.0,389851000.0,393613000.0,0.0,107984000.0,0.0,0.0,0.0,158120000.0,266104000.0,0.138,266104000.0,158120000.0,130828000.0,0.65,0.635,0.65,637982000.0,627635750.0,637982000.0,1815288925.0,11.0,6.822,89557000.0,0.7,1.0,1931465000.0,1.0,274062000.0,27292000.0,1372821000.0,1402193250.0,38771000.0,0.0,0.0,0.0,829858000.0,204062000.0,625796000.0,1394278925.0,2129000.0,-9932000.0,-44914000.0,-28652000.0,0.0,-77496000.0,-99367000.0,0.0,178992000.0,0.0,83930000.0,83930000.0,83930000.0,0.0,0.0,0.043,1762016000.0,169449000.0,182061000.0,0.0,2.185,16.612,16.635,800865000.0,0.0,10.812,0.722,0.717,276506000.0,435207000.0,1931465000.0,1931465000.0,0.0,0.057,0.134,0.113,0.082,0.0,762558000.0,1.0,128950652.0,128028000,130752000.0,15.086,1193778000.0,13302000.0,46898000.0,42324000.0,9.324,149009000.0
90,UHS,MRT,1998-12-31,1998-12-31,1998-12-31,2021-08-07,0.0,1448095000.0,1460352750.0,319615000.0,1128480000.0,1.284,4.821,-96808000.0,1260000.0,1260000.0,0.0,79558000.0,1.88,1.31,422270000.0,4082000.0,418188000.0,422270000.0,0.0,105442000.0,0.0,0.0,0.0,150129000.0,255571000.0,0.136,255571000.0,150129000.0,123012000.0,0.613,0.598,0.613,627007000.0,617242500.0,627007000.0,2105986899.0,14.0,8.24,54876000.0,0.422,1.0,1874487000.0,1.0,279141000.0,27117000.0,1419911000.0,1411401250.0,38842000.0,0.0,0.0,0.0,821088000.0,170053000.0,651035000.0,1698829899.0,928000.0,-172928000.0,-23418000.0,144149000.0,0.0,118980000.0,-269736000.0,0.0,151684000.0,0.0,79558000.0,79558000.0,79558000.0,0.0,0.0,0.042,1715275000.0,159212000.0,83130000.0,0.0,2.709,21.353,21.158,808822000.0,0.0,12.97,0.906,0.9,256354000.0,405185000.0,1874487000.0,1874487000.0,0.0,0.054,0.129,0.106,0.08,0.0,728013000.0,1.0,130981488.0,130044000,133172000.0,14.414,1168954000.0,10838000.0,43454000.0,33363000.0,8.989,149562000.0
91,UHS,MRT,1998-09-30,1998-09-30,1998-09-30,2021-08-07,0.0,1469092000.0,1369666250.0,335907000.0,1133185000.0,1.307,4.798,-96551000.0,3340000.0,3340000.0,0.0,74524000.0,1.669,1.345,410497000.0,4526000.0,405971000.0,410497000.0,0.0,99656000.0,0.0,0.0,0.0,140577000.0,240233000.0,0.134,240233000.0,140577000.0,115572000.0,0.573,0.557,0.573,626548000.0,592142500.0,626548000.0,1786107303.0,13.0,7.435,50244000.0,0.385,1.0,1790069000.0,1.0,274569000.0,25005000.0,1400458000.0,1319640500.0,37283000.0,0.0,0.0,0.0,842544000.0,201222000.0,641322000.0,1365481303.0,-4579000.0,-174433000.0,-4365000.0,124882000.0,0.0,119610000.0,-270984000.0,0.0,146795000.0,0.0,74524000.0,74524000.0,74524000.0,0.0,0.0,0.042,1641300000.0,148769000.0,196696000.0,0.0,2.179,18.323,18.216,818741000.0,0.0,10.438,0.763,0.761,265163000.0,385131000.0,1790069000.0,1790069000.0,0.0,0.054,0.126,0.107,0.079,0.0,638426000.0,1.0,130824556.0,130572000,133332000.0,13.709,1194523000.0,17968000.0,41048000.0,25390000.0,9.148,134685000.0
92,UHS,MRT,1998-06-30,1998-06-30,1998-06-30,2021-08-07,0.0,1459520000.0,,323405000.0,1136115000.0,,4.743,-106910000.0,2704000.0,2704000.0,0.0,74950000.0,1.74,1.358,423330000.0,4895000.0,418435000.0,423330000.0,0.0,92551000.0,0.0,0.0,0.0,139455000.0,232006000.0,0.137,232006000.0,139455000.0,117023000.0,0.578,0.562,0.578,619006000.0,,619006000.0,2324482387.0,17.0,10.019,66026000.0,0.506,1.0,1696356000.0,1.0,278700000.0,22432000.0,1415583000.0,,36655000.0,0.0,0.0,0.0,840514000.0,185863000.0,654651000.0,1907550387.0,2082000.0,-211221000.0,1656000.0,146450000.0,0.0,147277000.0,-318131000.0,0.0,172936000.0,0.0,74950000.0,74950000.0,74950000.0,0.0,0.0,0.044,1550847000.0,145509000.0,180968000.0,0.0,3.082,25.451,25.251,812913000.0,0.0,14.595,1.124,1.123,252530000.0,371738000.0,1696356000.0,1696356000.0,0.0,,,,0.082,0.0,602368000.0,1.0,130698896.0,130504000,134000000.0,12.998,1180820000.0,20224000.0,42073000.0,23638000.0,9.048,137542000.0
93,UHS,MRT,1998-03-31,1998-03-31,1998-03-31,2021-08-07,0.0,1464704000.0,,328278000.0,1136426000.0,,4.586,-118615000.0,8379000.0,8379000.0,0.0,71396000.0,1.612,1.456,425311000.0,5853000.0,419458000.0,425311000.0,0.0,86094000.0,0.0,0.0,0.0,132554000.0,218648000.0,0.14,218648000.0,132554000.0,111821000.0,0.55,0.537,0.55,596409000.0,,596409000.0,2151613992.0,16.0,9.841,52367000.0,0.403,1.0,1565624000.0,1.0,268313000.0,20733000.0,1409653000.0,,36397000.0,0.0,0.0,0.0,868295000.0,203670000.0,664625000.0,1873824992.0,6098000.0,-199322000.0,1681000.0,152122000.0,0.0,153053000.0,-317937000.0,0.0,170982000.0,0.0,71396000.0,71396000.0,71396000.0,0.0,0.0,0.046,1430689000.0,134935000.0,192487000.0,0.0,3.142,26.246,26.25,824502000.0,0.0,14.438,1.197,1.199,259679000.0,385447000.0,1565624000.0,1565624000.0,0.0,,,,0.085,0.0,555785000.0,1.0,129788744.0,130064000,133240000.0,12.037,1196391000.0,9760000.0,40425000.0,28311000.0,9.198,124608000.0
94,UHS,MRT,1997-12-31,1997-12-31,1997-12-31,2021-08-07,0.0,1085349000.0,1025572000.0,230022000.0,855327000.0,1.407,4.073,-129199000.0,332000.0,332000.0,0.0,67276000.0,1.434,1.061,278121000.0,5655000.0,272466000.0,278121000.0,0.0,80686000.0,0.0,0.0,0.0,125305000.0,205991000.0,0.143,205991000.0,125305000.0,105923000.0,0.52,0.507,0.52,526607000.0,489793500.0,526607000.0,,,,44971000.0,0.348,1.0,1442677000.0,1.0,149814000.0,19382000.0,1052868000.0,1005230000.0,28214000.0,0.0,0.0,0.0,558742000.0,160456000.0,398286000.0,1634689231.0,44000.0,-36326000.0,1580000.0,-9510000.0,0.0,-8601000.0,-165525000.0,0.0,174170000.0,0.0,67276000.0,67276000.0,67276000.0,0.0,0.0,0.047,1317121000.0,125556000.0,70807000.0,0.0,3.104,24.298,24.221,663111000.0,0.0,12.595,1.133,1.129,180252000.0,325627000.0,1442677000.0,1442677000.0,0.0,0.066,0.137,0.125,0.087,0.0,514407000.0,1.0,129788744.0,129284000,132392000.0,11.159,935535000.0,11105000.0,38647000.0,11827000.0,7.236,69566000.0
95,UHS,MRT,1997-09-30,1997-09-30,1997-09-30,2021-08-07,,,,,,,,,,,,,,,,,,,,,,0.0,0.0,,,,,,,,,,,,,,,,,,1.0,,,,,,,,,,,,,,,,,,,,,,,,,,,,,,,,,,,,,,,,10.812,,,,,,,,,,,,,,1.0,,129384000,,,,,,,,
96,UHS,MRT,1997-06-30,1997-06-30,1997-06-30,2021-08-07,,,,,,,,,,,,,,,,,,,,,,0.0,0.0,,,,,,,,,,,,,,,,,,1.0,,,,,,,,,,,,,,,,,,,,,,,,,,,,,,,,,,,,,,,,9.625,,,,,,,,,,,,,,1.0,,129272000,,,,,,,,
97,UHS,MRT,1997-03-31,1997-03-31,1997-03-31,2021-08-07,,,,,,,,,,,,,,,,,,,,,,0.0,0.0,,,,,,,,,,,,,,,,,,1.0,,,,,,,,,,,,,,,,,,,,,,,,,,,,,,,,,,,,,,,,8.22,,,,,,,,,,,,,,1.0,,128872000,,,,,,,,
98,UHS,MRT,1996-12-31,1996-12-31,1996-12-31,2021-08-07,0.0,965795000.0,,193953000.0,771842000.0,,3.768,-105728000.0,288000.0,288000.0,0.0,50671000.0,1.385,1.132,282500000.0,6866000.0,275634000.0,282500000.0,0.0,71941000.0,0.0,0.0,0.0,101262000.0,173203000.0,0.148,173203000.0,101262000.0,80004000.0,0.422,0.412,0.422,452980000.0,,452980000.0,,,,40263000.0,0.335,1.0,1174158000.0,1.0,150336000.0,21258000.0,957592000.0,,22019000.0,0.0,0.0,0.0,512815000.0,140079000.0,372736000.0,,254000.0,-173664000.0,100289000.0,34101000.0,0.0,133655000.0,-279392000.0,0.0,145991000.0,0.0,50671000.0,50671000.0,50671000.0,0.0,0.0,0.043,1074043000.0,100115000.0,57117000.0,0.0,,,16.955,567628000.0,0.0,7.155,,0.733,145364000.0,258351000.0,1174158000.0,1174158000.0,0.0,,,,0.086,0.0,420525000.0,1.0,,120216000,123192000.0,9.767,815459000.0,22306000.0,29333000.0,772000.0,6.783,53874000.0
99,UHS,MRT,1995-12-31,1995-12-31,1995-12-31,2021-08-07,,,,,,,,-60734000.0,,,0.0,35484000.0,,,,,,,,51371000.0,,0.0,0.0,64184000.0,115555000.0,0.126,115555000.0,64184000.0,52989000.0,0.32,0.315,0.32,,,,,,,31015000.0,0.28,1.0,919193000.0,1.0,,11195000.0,,,,,,,,,,,-746000.0,-166049000.0,535000.0,137314000.0,0.0,137849000.0,-230344000.0,0.0,91749000.0,0.0,35484000.0,35484000.0,35484000.0,0.0,0.0,0.039,855009000.0,64184000.0,,0.0,,,17.336,,0.0,5.548,,0.668,,,919193000.0,919193000.0,0.0,,,,0.07,0.0,329939000.0,1.0,,110764000,112412000.0,8.299,,,17505000.0,,,
