None,ticker,dimension,calendardate,datekey,reportperiod,lastupdated,accoci,assets,assetsavg,assetsc,assetsnc,assetturnover,bvps,capex,cashneq,cashnequsd,cor,consolinc,currentratio,de,debt,debtc,debtnc,debtusd,deferredrev,depamor,deposits,divyield,dps,ebit,ebitda,ebitdamargin,ebitdausd,ebitusd,ebt,eps,epsdil,epsusd,equity,equityavg,equityusd,ev,evebit,evebitda,fcf,fcfps,fxusd,gp,grossmargin,intangibles,intexp,invcap,invcapavg,inventory,investments,investmentsc,investmentsnc,liabilities,liabilitiesc,liabilitiesnc,marketcap,ncf,ncfbus,ncfcommon,ncfdebt,ncfdiv,ncff,ncfi,ncfinv,ncfo,ncfx,netinc,netinccmn,netinccmnusd,netincdis,netincnci,netmargin,opex,opinc,payables,payoutratio,pb,pe,pe1,ppnenet,prefdivis,price,ps,ps1,receivables,retearn,revenue,revenueusd,rnd,roa,roe,roic,ros,sbcomp,sgna,sharefactor,sharesbas,shareswa,shareswadil,sps,tangibles,taxassets,taxexp,taxliabilities,tbvps,workingcapital
0,HBAN,MRY,2020-12-31,2020-12-31,2020-12-31,2021-09-07,192000000.0,123038000000.0,118869000000.0,,,0.032,12.774,-119000000.0,6712000000.0,6712000000.0,0.0,817000000.0,,8.47,8535000000.0,,,8535000000.0,0.0,367000000.0,98948000000.0,0.048,0.6,972000000.0,1339000000.0,0.355,1339000000.0,972000000.0,972000000.0,0.71,0.69,0.71,12993000000.0,12498250000.0,12993000000.0,15860632865.0,16.0,11.845,1204000000.0,1.184,1.0,3767000000.0,1.0,2418000000.0,0.0,122443000000.0,121229500000.0,0.0,106895000000.0,,,110045000000.0,,,12848632865.0,5425000000.0,0.0,-92000000.0,-4039000000.0,-614000000.0,12741000000.0,-8639000000.0,-8587000000.0,1323000000.0,0.0,817000000.0,717000000.0,717000000.0,0.0,0.0,0.19,2795000000.0,972000000.0,0.0,0.845,0.989,17.92,17.789,757000000.0,100000000.0,12.63,3.411,3.41,0.0,1878000000.0,3767000000.0,3767000000.0,0.0,0.006,0.057,0.008,0.258,77000000.0,2795000000.0,1.0,1017310599.0,1017117000,1032683000.0,3.704,120620000000.0,0.0,155000000.0,0.0,118.59,
1,HBAN,MRY,2019-12-31,2019-12-31,2019-12-31,2021-09-07,-256000000.0,109002000000.0,108546750000.0,,,0.04,11.354,-107000000.0,1272000000.0,1272000000.0,0.0,1411000000.0,,8.241,12455000000.0,,,12455000000.0,0.0,386000000.0,82347000000.0,0.038,0.58,1659000000.0,2045000000.0,0.467,2045000000.0,1659000000.0,1659000000.0,1.29,1.27,1.29,11795000000.0,11701000000.0,11795000000.0,25862948522.0,16.0,12.647,1467000000.0,1.412,1.0,4380000000.0,1.0,2465000000.0,0.0,117720000000.0,116985250000.0,0.0,99257000000.0,,,97207000000.0,,,15573948522.0,-1502000000.0,-548000000.0,-441000000.0,1639000000.0,-597000000.0,-1199000000.0,-1877000000.0,-1450000000.0,1574000000.0,0.0,1411000000.0,1337000000.0,1337000000.0,0.0,0.0,0.305,2721000000.0,1659000000.0,0.0,0.45,1.32,11.648,11.69,763000000.0,74000000.0,15.08,3.556,3.577,0.0,2088000000.0,4380000000.0,4380000000.0,0.0,0.012,0.114,0.014,0.379,83000000.0,2721000000.0,1.0,1032755207.0,1038840000,1056079000.0,4.216,106537000000.0,0.0,248000000.0,0.0,102.554,
2,HBAN,MRY,2018-12-31,2018-12-31,2018-12-31,2021-09-07,-609000000.0,108781000000.0,106009250000.0,,,0.04,10.265,-110000000.0,2725000000.0,2725000000.0,0.0,1393000000.0,,8.798,10642000000.0,,,10642000000.0,0.0,493000000.0,84774000000.0,0.042,0.5,1628000000.0,2121000000.0,0.496,2121000000.0,1628000000.0,1628000000.0,1.22,1.2,1.22,11102000000.0,11204000000.0,11102000000.0,22044428767.0,14.0,10.393,1616000000.0,1.494,1.0,4275000000.0,1.0,2524000000.0,0.0,114174000000.0,113060250000.0,0.0,97947000000.0,,,97679000000.0,,,12653428767.0,1152000000.0,-15000000.0,-939000000.0,-3594000000.0,-514000000.0,3089000000.0,-3663000000.0,-3640000000.0,1726000000.0,0.0,1393000000.0,1323000000.0,1323000000.0,0.0,0.0,0.309,2647000000.0,1628000000.0,0.0,0.41,1.14,9.564,9.77,790000000.0,70000000.0,11.92,2.96,3.016,0.0,1361000000.0,4275000000.0,4275000000.0,0.0,0.012,0.118,0.014,0.381,78000000.0,2647000000.0,1.0,1061529259.0,1081542000,1105985000.0,3.953,106257000000.0,0.0,235000000.0,0.0,98.246,
3,HBAN,MRY,2017-12-31,2017-12-31,2017-12-31,2021-09-07,-528000000.0,104185000000.0,101906352750.0,,,0.04,9.97,-194000000.0,1567000000.0,1567000000.0,0.0,1186000000.0,,8.634,14262000000.0,,,14262000000.0,0.0,413000000.0,77041000000.0,0.024,0.35,1394000000.0,1807000000.0,0.44,1807000000.0,1394000000.0,1394000000.0,1.02,1.0,1.02,10814000000.0,10651044500.0,10814000000.0,25525006346.0,18.0,14.126,1760000000.0,1.623,1.0,4108000000.0,1.0,2577000000.0,0.0,114303000000.0,110103707500.0,0.0,94560000000.0,,,93371000000.0,,,15738578346.0,135000000.0,0.0,-260000000.0,2314000000.0,-349000000.0,3047000000.0,-4866000000.0,-4690000000.0,1954000000.0,0.0,1186000000.0,1110000000.0,1110000000.0,0.0,0.0,0.27,2714000000.0,1394000000.0,0.0,0.343,1.455,14.179,14.275,864000000.0,76000000.0,14.56,3.831,3.844,0.0,588000000.0,4108000000.0,4108000000.0,0.0,0.011,0.104,0.013,0.339,92000000.0,2714000000.0,1.0,1080946315.0,1084686000,1136186000.0,3.787,101608000000.0,0.0,208000000.0,0.0,93.675,
4,HBAN,MRY,2016-12-31,2016-12-31,2016-12-31,2021-09-07,-401000000.0,99714000000.0,86769599000.0,,,0.038,11.397,-120000000.0,1443000000.0,1443000000.0,0.0,712000000.0,,8.673,12002000000.0,,,12002000000.0,0.0,380000000.0,75608000000.0,0.022,0.29,920000000.0,1300000000.0,0.391,1300000000.0,920000000.0,920000000.0,0.72,0.7,0.72,10308000000.0,8839934750.0,10308000000.0,23774464651.0,26.0,18.288,1095000000.0,1.211,1.0,3328000000.0,1.0,2621000000.0,0.0,107652000000.0,94138387000.0,0.0,90340000000.0,,,89406000000.0,,,14340827651.0,538000000.0,-613000000.0,0.0,2753000000.0,-245000000.0,2768000000.0,-3445000000.0,-2764000000.0,1215000000.0,0.0,712000000.0,647000000.0,647000000.0,0.0,0.0,0.194,2408000000.0,920000000.0,0.0,0.403,1.391,22.165,18.361,816000000.0,65000000.0,13.22,4.309,3.593,0.0,-227000000.0,3328000000.0,3328000000.0,0.0,0.007,0.073,0.01,0.276,66000000.0,2408000000.0,1.0,1084782727.0,904438000,918790000.0,3.68,97093000000.0,0.0,208000000.0,0.0,107.352,
5,HBAN,MRY,2015-12-31,2015-12-31,2015-12-31,2021-09-07,-226158000.0,71018301000.0,69519197000.0,,,0.042,8.208,-93000000.0,898994000.0,898994000.0,0.0,693000000.0,,9.769,7656643000.0,,,7656643000.0,0.0,341000000.0,55294979000.0,0.023,0.25,914000000.0,1255000000.0,0.434,1255000000.0,914000000.0,914000000.0,0.82,0.81,0.82,6594606000.0,6533863750.0,6594606000.0,15534147406.0,17.0,12.378,940000000.0,1.17,1.0,2890000000.0,1.0,921084000.0,0.0,76854866000.0,75128873250.0,0.0,65189905000.0,,,64423695000.0,,,8811053406.0,-374000000.0,-458000000.0,-233000000.0,376000000.0,-193000000.0,3522000000.0,-4929000000.0,-4424000000.0,1033000000.0,0.0,693000000.0,661000000.0,661000000.0,0.0,0.0,0.229,1976000000.0,914000000.0,0.0,0.305,1.336,13.33,13.488,620540000.0,32000000.0,11.06,3.049,3.075,0.0,-594067000.0,2890000000.0,2890000000.0,0.0,0.01,0.101,0.012,0.316,51000000.0,1976000000.0,1.0,796659440.0,803412000,817129000.0,3.597,70097217000.0,0.0,221000000.0,0.0,87.249,
6,HBAN,MRY,2014-12-31,2014-12-31,2014-12-31,2021-09-07,-222292000.0,66298010000.0,63892876250.0,,,0.043,7.718,-59808000.0,1285124000.0,1285124000.0,0.0,632392000.0,,9.477,6733063000.0,,,6733063000.0,0.0,332832000.0,51732151000.0,0.02,0.21,852985000.0,1185817000.0,0.434,1185817000.0,852985000.0,852985000.0,0.73,0.72,0.73,6328170000.0,6257351250.0,6328170000.0,14370821586.0,17.0,12.119,828978000.0,1.011,1.0,2735331000.0,1.0,597212000.0,0.0,71148737000.0,68594561000.0,0.0,60273623000.0,,,59969840000.0,,,8568055586.0,219433000.0,691637000.0,-314122000.0,1919776000.0,-166935000.0,4335428000.0,-5004781000.0,-5698754000.0,888786000.0,0.0,632392000.0,600538000.0,600538000.0,0.0,0.0,0.22,1882346000.0,852985000.0,0.0,0.288,1.354,14.267,14.411,616407000.0,31854000.0,10.52,3.132,3.153,0.0,-1052324000.0,2735331000.0,2735331000.0,0.0,0.009,0.096,0.012,0.312,43666000.0,1882346000.0,1.0,814453953.0,819917000,833081000.0,3.336,65700798000.0,0.0,220593000.0,0.0,80.131,
7,HBAN,MRY,2013-12-31,2013-12-31,2013-12-31,2021-09-07,-214009000.0,59467174000.0,57071019500.0,,,0.046,7.301,-102208000.0,1058175000.0,1058175000.0,0.0,641282000.0,,8.764,4810415000.0,,,4810415000.0,0.0,281545000.0,47506718000.0,0.02,0.19,868756000.0,1150301000.0,0.438,1150301000.0,868756000.0,868756000.0,0.73,0.72,0.73,6090153000.0,5925596250.0,6090153000.0,9854287583.0,11.0,8.567,911037000.0,1.092,1.0,2626759000.0,1.0,537461000.0,0.0,62681953000.0,58709521750.0,0.0,53979835000.0,,,53377021000.0,,,8014495583.0,-261674000.0,0.0,-112394000.0,2002472000.0,-150608000.0,2965414000.0,-4240333000.0,-4193145000.0,1013245000.0,0.0,641282000.0,609413000.0,609413000.0,0.0,0.0,0.232,1758003000.0,868756000.0,0.0,0.26,1.316,13.151,13.219,634657000.0,31869000.0,9.65,3.051,3.065,0.0,-1479324000.0,2626759000.0,2626759000.0,0.0,0.011,0.103,0.015,0.331,37007000.0,1758003000.0,1.0,830517677.0,834205000,843974000.0,3.149,58929713000.0,0.0,227474000.0,0.0,70.642,
8,HBAN,MRY,2012-12-31,2012-12-31,2012-12-31,2021-09-07,-150817000.0,56153185000.0,56273949500.0,,,0.047,6.749,-129641000.0,1333727000.0,1333727000.0,0.0,631290000.0,,8.698,2954648000.0,,,2954648000.0,0.0,274572000.0,46252683000.0,0.025,0.16,833581000.0,1108153000.0,0.415,1108153000.0,833581000.0,833581000.0,0.7,0.69,0.7,5790211000.0,5699218500.0,5790211000.0,7364378553.0,9.0,6.646,872489000.0,1.017,1.0,2669457000.0,1.0,576425000.0,0.0,57197681000.0,57885998250.0,0.0,50124915000.0,,,50362974000.0,,,5466551553.0,146838000.0,40258000.0,-146881000.0,-1715074000.0,-137616000.0,227686000.0,-1082978000.0,-1085377000.0,1002130000.0,0.0,631290000.0,599301000.0,599301000.0,0.0,0.0,0.225,1835876000.0,833581000.0,0.0,0.229,0.944,9.122,9.129,617257000.0,31989000.0,6.39,2.048,2.054,0.0,-1917933000.0,2669457000.0,2669457000.0,0.0,0.011,0.105,0.014,0.312,27873000.0,1835876000.0,1.0,855485376.0,857962000,863402000.0,3.111,55576760000.0,0.0,202291000.0,0.0,64.778,
9,HBAN,MRY,2011-12-31,2011-12-31,2011-12-31,2021-09-07,-173763000.0,54450652000.0,53856976750.0,,,0.045,6.273,-143763000.0,1206911000.0,1206911000.0,0.0,542613000.0,,9.05,4538949000.0,,,4538949000.0,0.0,282105000.0,43279625000.0,0.018,0.1,707234000.0,989339000.0,0.406,989339000.0,707234000.0,707234000.0,0.59,0.59,0.59,5418100000.0,5277455250.0,5418100000.0,7645995108.0,11.0,7.728,1451024000.0,1.68,1.0,2435734000.0,1.0,619570000.0,0.0,57163120000.0,56875110000.0,0.0,48341810000.0,,,49032552000.0,,,4743771108.0,268080000.0,0.0,0.0,-1297719000.0,-61591000.0,-22001000.0,-1304706000.0,-1279831000.0,1594787000.0,0.0,542613000.0,511800000.0,511800000.0,0.0,0.0,0.21,1728500000.0,707234000.0,0.0,0.169,0.876,9.269,9.305,564429000.0,30813000.0,5.49,1.948,1.947,0.0,-2389639000.0,2435734000.0,2435734000.0,0.0,0.01,0.097,0.012,0.29,19666000.0,1728500000.0,1.0,864074883.0,863691000,867624000.0,2.82,53831082000.0,0.0,164621000.0,0.0,62.327,
10,HBAN,MRY,2010-12-31,2010-12-31,2010-12-31,2021-09-07,-197496000.0,53819642000.0,52676013500.0,,,0.038,6.851,-68200000.0,982926000.0,982926000.0,0.0,312347000.0,,9.806,5854559000.0,,,5854559000.0,0.0,286186000.0,41853898000.0,0.006,0.04,352311000.0,638497000.0,0.315,638497000.0,352311000.0,352311000.0,0.19,0.19,0.19,4980542000.0,5339016750.0,4980542000.0,8991648193.0,26.0,14.083,772623000.0,1.063,1.0,2026116000.0,1.0,672888000.0,0.0,58018387000.0,56090024000.0,0.0,47731432000.0,,,48839100000.0,,,4926698193.0,-673456000.0,0.0,886172000.0,557723000.0,-28598000.0,1262505000.0,-2776784000.0,-2860582000.0,840823000.0,0.0,312347000.0,140315000.0,140315000.0,0.0,0.0,0.069,1673805000.0,352311000.0,0.0,0.211,0.989,35.112,36.158,491602000.0,172032000.0,6.87,2.432,2.465,0.0,-2814433000.0,2026116000.0,2026116000.0,0.0,0.003,0.026,0.006,0.174,0.0,1673805000.0,1.0,717132197.0,726934000,729532000.0,2.787,53146754000.0,0.0,39964000.0,0.0,73.111,
11,HBAN,MRY,2009-12-31,2009-12-31,2009-12-31,2021-09-07,-156985000.0,51554665000.0,51791675250.0,,,0.007,10.015,-49223000.0,1840719000.0,1840719000.0,0.0,-3094179000.0,,8.662,4678911000.0,,,4678911000.0,0.0,228041000.0,40493927000.0,0.011,0.04,-3678183000.0,-3450142000.0,-9.712,-3450142000.0,-3678183000.0,-3678183000.0,-6.14,-6.14,-6.14,5336002000.0,5261591500.0,5336002000.0,6210915511.0,-2.0,-1.8,1917039000.0,3.598,1.0,355260000.0,1.0,733366000.0,0.0,53659491000.0,54514001000.0,0.0,44441402000.0,,,46218663000.0,,,2609931511.0,676676000.0,0.0,1135645000.0,-3227017000.0,-55026000.0,305775000.0,-1595361000.0,-1622353000.0,1966262000.0,0.0,-3094179000.0,-3268935000.0,-3268935000.0,0.0,0.0,-9.202,4033443000.0,-3678183000.0,0.0,-0.007,0.489,-0.798,-0.594,496021000.0,174756000.0,3.65,7.347,5.474,0.0,-2922026000.0,355260000.0,355260000.0,0.0,-0.063,-0.621,-0.067,-10.353,0.0,4033443000.0,1.0,715049729.0,532802000,532802000.0,0.667,50821299000.0,0.0,-584004000.0,0.0,95.385,
12,HBAN,MRY,2008-12-31,2008-12-31,2008-12-31,2021-09-07,-326693000.0,54352859000.0,55099814500.0,,,0.021,19.743,-59945000.0,1099254000.0,1099254000.0,0.0,-113806000.0,,6.519,8179862000.0,,,8179862000.0,0.0,244860000.0,37943286000.0,0.087,0.663,-296008000.0,-51148000.0,-0.043,-51148000.0,-296008000.0,-296008000.0,-0.44,-0.44,-0.44,7228906000.0,6474119500.0,7228906000.0,11423509416.0,-39.0,-223.342,1177384000.0,3.216,1.0,1181366000.0,1.0,3411688000.0,0.0,58021779000.0,60024015250.0,0.0,45093485000.0,,,47123953000.0,,,2803946416.0,-1164578000.0,0.0,0.0,-1541043000.0,-279608000.0,297801000.0,-2699708000.0,-2512168000.0,1237329000.0,0.0,-113806000.0,-160206000.0,-160206000.0,0.0,0.0,-0.136,1477374000.0,-296008000.0,0.0,-1.507,0.388,-17.502,-17.409,519500000.0,46400000.0,7.66,2.373,2.374,0.0,367364000.0,1181366000.0,1181366000.0,0.0,-0.003,-0.025,-0.005,-0.251,0.0,1477374000.0,1.0,366050446.0,366155000,366155000.0,3.226,50941171000.0,0.0,-182202000.0,0.0,139.125,
13,HBAN,MRY,2007-12-31,2007-12-31,2007-12-31,2021-09-07,-49611000.0,54697468000.0,45350345000.0,,,0.029,19.771,-109450000.0,1756687000.0,1756687000.0,0.0,75169000.0,,8.194,9798547000.0,,,9798547000.0,0.0,127261000.0,37742921000.0,0.072,1.06,22643000.0,149904000.0,0.112,149904000.0,22643000.0,22643000.0,0.25,0.25,0.25,5949140000.0,4578578750.0,5949140000.0,12747231960.0,563.0,85.036,-452229000.0,-1.503,1.0,1334487000.0,1.0,3487303000.0,0.0,59252025000.0,50138063500.0,0.0,46095840000.0,,,48748328000.0,,,5400660960.0,488499000.0,-80060000.0,0.0,2675034000.0,-289758000.0,2236648000.0,-1405370000.0,-1210865000.0,-342779000.0,0.0,75169000.0,75169000.0,75169000.0,0.0,0.0,0.056,1311844000.0,22643000.0,0.0,4.24,0.908,71.847,59.04,557565000.0,0.0,14.76,4.047,3.328,0.0,771689000.0,1334487000.0,1334487000.0,0.0,0.002,0.016,0.0,0.017,0.0,1311844000.0,1.0,365898439.0,300908000,303455000.0,4.435,51210165000.0,0.0,-52526000.0,0.0,170.185,
14,HBAN,MRY,2006-12-31,2006-12-31,2006-12-31,2021-09-07,-55066000.0,35329019000.0,35730663250.0,,,0.042,12.735,-47207000.0,1154331000.0,1154331000.0,0.0,461221000.0,,10.72,6188807000.0,,,6188807000.0,0.0,111649000.0,25047770000.0,0.042,1.0,514061000.0,625710000.0,0.413,625710000.0,514061000.0,514061000.0,1.95,1.92,1.95,3014326000.0,3040852000.0,3014326000.0,11358559250.0,22.0,18.153,177252000.0,0.749,1.0,1515055000.0,1.0,630363000.0,0.0,39733132000.0,40858413000.0,0.0,30991343000.0,,,32314693000.0,,,5643736250.0,479971000.0,60772000.0,-378835000.0,-524440000.0,-231117000.0,-155784000.0,411296000.0,276825000.0,224459000.0,0.0,461221000.0,461221000.0,461221000.0,0.0,0.0,0.304,1000994000.0,514061000.0,0.0,0.513,1.872,12.237,12.179,372772000.0,0.0,23.75,3.725,3.71,0.0,1015769000.0,1515055000.0,1515055000.0,0.0,0.013,0.152,0.013,0.339,0.0,1000994000.0,1.0,237631000.0,236699000,239920000.0,6.401,34698656000.0,0.0,52840000.0,0.0,146.594,
15,HBAN,MRY,2005-12-31,2005-12-31,2005-12-31,2021-09-07,-22093000.0,32764805000.0,32674841500.0,,,0.046,11.113,-57288000.0,988836000.0,988836000.0,0.0,412091000.0,,11.811,6523654000.0,,,6523654000.0,0.0,172977000.0,22409675000.0,0.036,0.845,543574000.0,716551000.0,0.473,716551000.0,543574000.0,543574000.0,1.79,1.77,1.79,2557501000.0,2600181000.0,2557501000.0,11127433555.0,20.0,15.529,617411000.0,2.683,1.0,1513394000.0,1.0,217486000.0,0.0,38082137000.0,37875988250.0,0.0,29107633000.0,,,30207304000.0,,,5419680555.0,-464584000.0,0.0,-231656000.0,-1152817000.0,-200628000.0,2675000.0,-1141958000.0,-1385831000.0,674699000.0,0.0,412091000.0,412091000.0,412091000.0,0.0,0.0,0.272,969820000.0,543574000.0,0.0,0.472,2.119,13.152,13.268,360677000.0,0.0,23.75,3.581,3.612,0.0,781844000.0,1513394000.0,1513394000.0,0.0,0.013,0.158,0.014,0.359,0.0,969820000.0,1.0,228197076.0,230142000,233475000.0,6.576,32547319000.0,0.0,131483000.0,743655000.0,141.423,
16,HBAN,MRY,2004-12-31,2004-12-31,2004-12-31,2021-09-07,-10903000.0,32565497000.0,31708505750.0,,,0.053,11.037,-56531000.0,899718000.0,899718000.0,0.0,398925000.0,,11.833,7578604000.0,,,7578604000.0,0.0,306113000.0,20768161000.0,0.03,0.75,552666000.0,858779000.0,0.513,858779000.0,552666000.0,552666000.0,1.74,1.71,1.74,2537638000.0,2437275750.0,2537638000.0,12288262795.0,22.0,14.309,471685000.0,2.052,1.0,1674910000.0,1.0,215807000.0,0.0,39028576000.0,38288472500.0,0.0,28689150000.0,,,30027859000.0,,,5717554795.0,508857000.0,0.0,0.0,-728153000.0,-168075000.0,1424057000.0,-1443416000.0,-1841059000.0,528216000.0,0.0,398925000.0,398925000.0,398925000.0,0.0,0.0,0.238,1122244000.0,552666000.0,0.0,0.431,2.253,14.332,14.218,355115000.0,0.0,24.74,3.414,3.396,0.0,563596000.0,1674910000.0,1674910000.0,0.0,0.013,0.164,0.014,0.33,0.0,1122244000.0,1.0,231105691.0,229913000,233856000.0,7.285,32349690000.0,0.0,153741000.0,783628000.0,140.704,
17,HBAN,MRY,2003-12-31,2003-12-31,2003-12-31,2021-09-07,2678000.0,30519326000.0,29222524000.0,,,0.06,9.917,-57189000.0,933316000.0,933316000.0,0.0,372363000.0,,12.415,8305358000.0,,,8305358000.0,0.0,503046000.0,18487395000.0,0.038,0.845,510657000.0,1013703000.0,0.578,1013703000.0,510657000.0,510657000.0,1.62,1.61,1.62,2275002000.0,2218675750.0,2275002000.0,12079225630.0,24.0,11.916,1282081000.0,5.589,1.0,1754146000.0,1.0,217009000.0,0.0,37674359000.0,35411876750.0,0.0,26035578000.0,,,28244324000.0,,,5149917630.0,-22260000.0,-81367000.0,-72979000.0,699468000.0,-151023000.0,1652790000.0,-3014320000.0,-3462443000.0,1339270000.0,0.0,372363000.0,372363000.0,372363000.0,0.0,0.0,0.212,1230159000.0,523987000.0,0.0,0.522,2.264,13.83,13.889,349712000.0,0.0,22.5,2.936,2.942,0.0,337358000.0,1754146000.0,1754146000.0,0.0,0.013,0.168,0.014,0.291,0.0,1230159000.0,1.0,228885228.0,229401000,231582000.0,7.647,30302317000.0,0.0,138294000.0,654535000.0,132.093,
18,HBAN,MRY,2002-12-31,2002-12-31,2002-12-31,2021-09-07,62300000.0,27527932000.0,26072500750.0,,,0.073,9.038,-38371000.0,1006783000.0,1006783000.0,0.0,323731000.0,,11.571,6704562000.0,,,6704562000.0,0.0,479840000.0,17499326000.0,0.034,0.64,522705000.0,1002545000.0,0.529,1002545000.0,522705000.0,522705000.0,1.34,1.33,1.34,2189793000.0,2263090500.0,2189793000.0,9590905063.0,18.0,9.567,991690000.0,4.093,1.0,1896852000.0,1.0,218567000.0,0.0,33007144000.0,30719261500.0,0.0,22239570000.0,,,25338139000.0,,,4407038063.0,-202878000.0,-1286072000.0,-366800000.0,1626620000.0,-167002000.0,3166709000.0,-4399648000.0,-3484818000.0,1030061000.0,0.0,323731000.0,323731000.0,323731000.0,0.0,0.0,0.171,1374147000.0,522705000.0,0.0,0.478,2.013,13.613,13.963,341366000.0,0.0,18.71,2.323,2.39,0.0,118471000.0,1896852000.0,1896852000.0,0.0,0.012,0.143,0.017,0.276,0.0,1374147000.0,1.0,235544525.0,242279000,244012000.0,7.829,27309365000.0,0.0,198974000.0,0.0,112.719,
19,HBAN,MRY,2001-12-31,2001-12-31,2001-12-31,2021-09-07,25488000.0,28416945000.0,28280614500.0,,,0.059,9.327,-59463000.0,1159571000.0,1159571000.0,0.0,134796000.0,,11.134,5008928000.0,,,5008928000.0,0.0,569972000.0,20187304000.0,0.033,0.56,95477000.0,665449000.0,0.401,665449000.0,95477000.0,95477000.0,0.54,0.54,0.54,2341897000.0,2376270250.0,2341897000.0,8203399297.0,86.0,12.328,437543000.0,1.743,1.0,1657904000.0,1.0,716054000.0,0.0,31550248000.0,31944734250.0,0.0,21686541000.0,,,26075048000.0,,,4318011297.0,-234242000.0,0.0,2662000.0,-654833000.0,-190792000.0,-419806000.0,-311442000.0,272382000.0,497006000.0,0.0,134796000.0,134796000.0,134796000.0,0.0,0.0,0.081,1562427000.0,95477000.0,0.0,1.037,1.844,32.034,31.833,452036000.0,0.0,17.19,2.605,2.603,0.0,-50466000.0,1657904000.0,1657904000.0,0.0,0.005,0.057,0.003,0.058,0.0,1562427000.0,1.0,251193211.0,251078000,251716000.0,6.603,27700891000.0,0.0,-39319000.0,0.0,110.328,
20,HBAN,MRY,2000-12-31,2000-12-31,2000-12-31,2021-09-07,-24520000.0,28599377000.0,28542228000.0,,,0.061,9.513,-61656000.0,1327670000.0,1327670000.0,0.0,322418000.0,,11.087,5643251000.0,,,5643251000.0,0.0,528615000.0,19777245000.0,0.049,0.8,448717000.0,977332000.0,0.564,977332000.0,448717000.0,448717000.0,1.3,1.29,1.3,2366047000.0,2253772250.0,2366047000.0,9096545057.0,20.0,9.308,942180000.0,3.788,1.0,1731848000.0,1.0,755270000.0,0.0,32159688000.0,33075519000.0,0.0,24712182000.0,,,26233330000.0,,,4061251057.0,227002000.0,12004000.0,-167340000.0,-781230000.0,-185103000.0,-1577594000.0,800760000.0,1621224000.0,1003836000.0,0.0,322418000.0,322418000.0,322418000.0,0.0,0.0,0.186,1283131000.0,448717000.0,0.0,0.615,1.716,12.596,12.454,454844000.0,0.0,16.19,2.345,2.325,0.0,26354000.0,1731848000.0,1731848000.0,0.0,0.011,0.143,0.014,0.259,0.0,1283131000.0,1.0,250849355.0,248709000,249570000.0,6.963,27844107000.0,0.0,126299000.0,0.0,111.955,
21,HBAN,MRY,1999-12-31,1999-12-31,1999-12-31,2021-09-07,-94093000.0,29036953000.0,28687640750.0,,,0.053,8.607,-58952000.0,1214562000.0,1214562000.0,0.0,422074000.0,,12.305,6390983000.0,,,6390983000.0,0.0,112491000.0,19792603000.0,0.034,0.8,614771000.0,727262000.0,0.476,727262000.0,614771000.0,614771000.0,1.66,1.65,1.66,2182356000.0,2156445000.0,2182356000.0,11458406175.0,19.0,15.756,777511000.0,3.066,1.0,1526890000.0,1.0,0.0,0.0,34213374000.0,34295741000.0,0.0,25428671000.0,,,26854597000.0,,,5486602175.0,-122697000.0,0.0,-93540000.0,609595000.0,-171858000.0,414077000.0,-1373237000.0,-1326855000.0,836463000.0,0.0,422074000.0,422074000.0,422074000.0,0.0,0.0,0.276,912119000.0,614771000.0,0.0,0.482,2.514,12.999,14.386,438871000.0,0.0,23.88,3.593,3.966,0.0,128761000.0,1526890000.0,1526890000.0,0.0,0.015,0.196,0.018,0.403,0.0,912119000.0,1.0,229757210.0,253559501,255646520.0,6.022,29036953000.0,0.0,192697000.0,0.0,114.517,
22,HBAN,MRY,1998-12-31,1998-12-31,1998-12-31,2021-09-07,24693000.0,28296336000.0,27661782500.0,,,0.049,8.399,29468000.0,1318378000.0,1318378000.0,0.0,301768000.0,,12.168,5786494000.0,,,5786494000.0,0.0,80956000.0,19722772000.0,0.027,0.8,440122000.0,521078000.0,0.385,521078000.0,440122000.0,440122000.0,1.18,1.17,1.18,2148795000.0,2143696750.0,2148795000.0,10555113351.0,24.0,20.256,196897000.0,0.77,1.0,1354051000.0,1.0,0.0,0.0,32764452000.0,32319224250.0,0.0,24576219000.0,,,26147541000.0,,,6344659351.0,-299991000.0,417031000.0,-26507000.0,-507315000.0,-157632000.0,-1087092000.0,619672000.0,459317000.0,167429000.0,0.0,301768000.0,301768000.0,301768000.0,0.0,0.0,0.223,913929000.0,440122000.0,0.0,0.678,2.953,21.025,25.475,447038000.0,0.0,30.06,4.686,5.679,0.0,35458000.0,1354051000.0,1354051000.0,0.0,0.011,0.141,0.014,0.325,0.0,913929000.0,1.0,211066512.0,255825970,258279601.0,5.293,28296336000.0,0.0,138354000.0,0.0,110.608,
23,HBAN,MRY,1997-12-31,1997-12-31,1997-12-31,2021-09-07,14800000.0,26730540000.0,25682886750.0,,,0.049,8.773,-37606000.0,1182068000.0,1182068000.0,0.0,292663000.0,,12.198,6200528000.0,,,6200528000.0,0.0,63383000.0,17983718000.0,0.022,0.8,459164000.0,522547000.0,0.414,522547000.0,459164000.0,459164000.0,1.27,1.25,1.27,2025391000.0,1937381750.0,2025391000.0,11137583316.0,24.0,21.314,285970000.0,1.239,1.0,1262272000.0,1.0,0.0,0.0,31749000000.0,30255741750.0,0.0,23932050000.0,,,24705149000.0,,,6884693316.0,559142000.0,-2294000.0,-28909000.0,268349000.0,-132760000.0,1331685000.0,-1096119000.0,-673660000.0,323576000.0,0.0,292663000.0,292663000.0,292663000.0,0.0,0.0,0.232,803108000.0,459164000.0,0.0,0.63,3.399,23.524,28.346,389481000.0,0.0,36.0,5.454,6.584,0.0,114379000.0,1262272000.0,1262272000.0,0.0,0.011,0.151,0.015,0.364,0.0,803108000.0,1.0,191241481.0,230872887,233692401.0,5.467,26730540000.0,0.0,166501000.0,0.0,115.78,
24,HBAN,MRY,1996-12-31,1996-12-31,1996-12-31,2021-09-07,-13931000.0,24371946000.0,22207388500.0,,,0.051,8.433,-49953000.0,1074779000.0,1074779000.0,0.0,304269000.0,,12.649,5750034000.0,,,5750034000.0,0.0,91903000.0,16402312000.0,0.03,0.8,457268000.0,549171000.0,0.485,549171000.0,457268000.0,457268000.0,1.44,1.42,1.44,1785658000.0,1632538250.0,1785658000.0,,,,429181000.0,2.027,1.0,1132778000.0,1.0,0.0,0.0,29047201000.0,26783644250.0,0.0,22226266000.0,,,22586288000.0,,,3732980328.0,-211330000.0,631000.0,-214444000.0,-77938000.0,-125379000.0,103494000.0,-793958000.0,-763263000.0,479134000.0,0.0,304269000.0,304269000.0,304269000.0,0.0,0.0,0.269,675510000.0,457268000.0,0.0,0.556,2.091,12.269,18.319,380460000.0,0.0,26.38,3.295,4.931,0.0,312079000.0,1132778000.0,1132778000.0,0.0,0.014,0.186,0.017,0.404,0.0,675510000.0,1.0,141507973.0,211740756,213764495.0,5.35,24371946000.0,0.0,152999000.0,0.0,115.103,
25,HBAN,MRY,1995-12-31,1995-12-31,1995-12-31,2021-09-07,40972000.0,20254598000.0,,,,,7.654,-41821000.0,1145351000.0,1145351000.0,0.0,281801000.0,,12.335,5674723000.0,,,5674723000.0,0.0,76488000.0,12636582000.0,0.033,0.8,429084000.0,505572000.0,0.463,505572000.0,429084000.0,429084000.0,1.42,1.41,1.42,1518865000.0,,1518865000.0,,,,388949000.0,1.96,1.0,1091145000.0,1.0,0.0,0.0,24783970000.0,,0.0,18226119000.0,,,18735733000.0,,,,281967000.0,165803000.0,-164999000.0,1468584000.0,-118906000.0,1908106000.0,-2056909000.0,-2211024000.0,430770000.0,0.0,281801000.0,281801000.0,281801000.0,0.0,0.0,0.258,662061000.0,429084000.0,0.0,0.563,,,16.901,296465000.0,0.0,24.0,,4.365,0.0,366514000.0,1091145000.0,1091145000.0,0.0,,,,0.393,0.0,662061000.0,1.0,,198429594,198429594.0,5.499,20254598000.0,0.0,147283000.0,0.0,102.074,
26,HBAN,MRY,1994-12-31,1994-12-31,1994-12-31,2021-09-07,,,,,,,,-24738000.0,,,0.0,242593000.0,,,,,,,,84215000.0,,0.042,0.72,366474000.0,450689000.0,0.472,450689000.0,366474000.0,366474000.0,1.62,,1.62,,,,,,,1149641000.0,7.673,1.0,954631000.0,1.0,,0.0,,,,,,,,,,,145577000.0,0.0,-33738000.0,145298000.0,-87545000.0,-216204000.0,-812598000.0,-835014000.0,1174379000.0,0.0,242593000.0,242593000.0,242593000.0,0.0,0.0,0.254,588157000.0,366474000.0,,0.444,,,10.574,,0.0,17.13,,2.689,,,954631000.0,954631000.0,0.0,,,,0.384,0.0,588157000.0,1.0,,149830736,,6.371,,,123881000.0,,,
0,HBAN,MRQ,2021-06-30,2021-06-30,2021-06-30,2021-09-07,-19000000.0,175172000000.0,,,,,18.231,-77000000.0,13926000000.0,13926000000.0,0.0,-15000000.0,,7.539,7733000000.0,,,7733000000.0,0.0,203000000.0,142805000000.0,0.042,0.15,-1000000.0,202000000.0,0.189,202000000.0,-1000000.0,-1000000.0,-0.05,-0.05,-0.05,20511000000.0,,20511000000.0,13315615211.0,10.0,7.28,1022000000.0,0.908,1.0,1071000000.0,1.0,5935000000.0,0.0,163044000000.0,,0.0,146193000000.0,,,154641000000.0,,,14527615211.0,4666000000.0,466000000.0,0.0,-2572000000.0,-155000000.0,-795000000.0,4362000000.0,3876000000.0,1099000000.0,0.0,-15000000.0,-58000000.0,-58000000.0,0.0,0.0,-0.054,1072000000.0,-1000000.0,0.0,-3.0,0.708,14.542,14.414,1128000000.0,43000000.0,14.27,3.092,3.417,0.0,1939000000.0,1071000000.0,1071000000.0,0.0,,,,,38000000.0,1072000000.0,1.0,1018052923.0,1125039000,1125039000.0,0.952,169237000000.0,0.0,14000000.0,0.0,150.428,
1,HBAN,MRQ,2021-03-31,2021-03-31,2021-03-31,2021-09-07,-56000000.0,125768000000.0,,,,,13.366,-22000000.0,8641000000.0,8641000000.0,0.0,532000000.0,,8.248,7429000000.0,,,7429000000.0,0.0,71000000.0,102184000000.0,0.038,0.15,634000000.0,705000000.0,0.494,705000000.0,634000000.0,634000000.0,0.49,0.48,0.49,13600000000.0,,13600000000.0,17813304897.0,12.0,9.541,-133000000.0,-0.131,1.0,1427000000.0,1.0,2470000000.0,0.0,122086000000.0,,0.0,107716000000.0,,,112168000000.0,,,15990304897.0,1994000000.0,0.0,0.0,-1047000000.0,-153000000.0,2481000000.0,-376000000.0,-375000000.0,-111000000.0,0.0,532000000.0,501000000.0,501000000.0,0.0,0.0,0.351,793000000.0,634000000.0,0.0,0.306,1.176,13.46,13.436,747000000.0,31000000.0,15.72,3.566,3.567,0.0,2223000000.0,1427000000.0,1427000000.0,0.0,,,,,28000000.0,793000000.0,1.0,1017194968.0,1017512000,1041003000.0,1.402,123298000000.0,0.0,102000000.0,0.0,121.176,
2,HBAN,MRQ,2020-12-31,2020-12-31,2020-12-31,2021-09-07,192000000.0,123038000000.0,,,,,12.772,-37000000.0,6712000000.0,6712000000.0,0.0,316000000.0,,8.47,8535000000.0,,,8535000000.0,0.0,109000000.0,98948000000.0,0.048,0.15,375000000.0,484000000.0,0.428,484000000.0,375000000.0,375000000.0,0.28,0.27,0.28,12993000000.0,,12993000000.0,15860632865.0,16.0,11.845,27000000.0,0.027,1.0,1131000000.0,1.0,2418000000.0,0.0,122443000000.0,,0.0,106895000000.0,,,110045000000.0,,,12848632865.0,320000000.0,0.0,-4000000.0,-863000000.0,-154000000.0,2743000000.0,-2487000000.0,-2483000000.0,64000000.0,0.0,316000000.0,281000000.0,281000000.0,0.0,0.0,0.248,756000000.0,375000000.0,0.0,0.536,0.989,17.92,17.789,757000000.0,35000000.0,12.63,3.411,3.41,0.0,1878000000.0,1131000000.0,1131000000.0,0.0,,,,,17000000.0,756000000.0,1.0,1017310599.0,1017312000,1036013000.0,1.112,120620000000.0,0.0,59000000.0,0.0,118.567,
3,HBAN,MRQ,2020-09-30,2020-09-30,2020-09-30,2021-09-07,257000000.0,120116000000.0,,,,,12.698,-33000000.0,6384000000.0,6384000000.0,0.0,303000000.0,,8.299,9396000000.0,,,9396000000.0,0.0,80000000.0,95154000000.0,0.065,0.15,358000000.0,438000000.0,0.409,438000000.0,358000000.0,358000000.0,0.27,0.27,0.27,12917000000.0,,12917000000.0,12852728876.0,13.0,9.849,516000000.0,0.507,1.0,1070000000.0,1.0,2409000000.0,0.0,120719000000.0,,0.0,104502000000.0,,,107199000000.0,,,9328728876.0,-18000000.0,0.0,0.0,-570000000.0,-153000000.0,1216000000.0,-1783000000.0,-1763000000.0,549000000.0,0.0,303000000.0,275000000.0,275000000.0,0.0,0.0,0.257,712000000.0,358000000.0,0.0,0.556,0.722,12.709,12.736,752000000.0,28000000.0,9.17,2.515,2.515,0.0,1752000000.0,1070000000.0,1070000000.0,0.0,,,,,20000000.0,712000000.0,1.0,1017309583.0,1017253000,1031460000.0,1.052,117707000000.0,0.0,55000000.0,0.0,115.711,
4,HBAN,MRQ,2020-06-30,2020-06-30,2020-06-30,2021-09-07,290000000.0,118425000000.0,,,,,12.117,-38000000.0,6375000000.0,6375000000.0,0.0,150000000.0,,8.617,9899000000.0,,,9899000000.0,0.0,59000000.0,93691000000.0,0.066,0.15,181000000.0,240000000.0,0.28,240000000.0,181000000.0,181000000.0,0.13,0.13,0.13,12314000000.0,,12314000000.0,19881460479.0,19.0,14.1,174000000.0,0.171,1.0,856000000.0,1.0,2401000000.0,0.0,119548000000.0,,0.0,102798000000.0,,,106111000000.0,,,9163460479.0,4526000000.0,0.0,0.0,-2810000000.0,-152000000.0,4361000000.0,-47000000.0,-50000000.0,212000000.0,0.0,150000000.0,131000000.0,131000000.0,0.0,0.0,0.153,675000000.0,181000000.0,0.0,1.154,0.744,11.271,11.437,751000000.0,19000000.0,9.035,2.447,2.452,0.0,1633000000.0,856000000.0,856000000.0,0.0,,,,,25000000.0,675000000.0,1.0,1014218094.0,1016259000,1028683000.0,0.842,116024000000.0,0.0,31000000.0,0.0,114.168,
5,HBAN,MRQ,2020-03-31,2020-03-31,2020-03-31,2021-09-07,227000000.0,113897000000.0,,,,,11.565,-11000000.0,1904000000.0,1904000000.0,0.0,48000000.0,,8.678,12622000000.0,,,12622000000.0,0.0,119000000.0,86830000000.0,0.072,0.15,58000000.0,177000000.0,0.249,177000000.0,58000000.0,58000000.0,0.03,0.03,0.03,11769000000.0,,11769000000.0,19550583807.0,15.0,11.707,487000000.0,0.479,1.0,710000000.0,1.0,2407000000.0,0.0,122208000000.0,,0.0,102867000000.0,,,102128000000.0,,,8367583807.0,597000000.0,0.0,-88000000.0,204000000.0,-155000000.0,4421000000.0,-4322000000.0,-4291000000.0,498000000.0,0.0,48000000.0,30000000.0,30000000.0,0.0,0.0,0.042,652000000.0,58000000.0,0.0,5.0,0.711,8.14,8.293,743000000.0,18000000.0,8.21,2.084,2.08,0.0,1657000000.0,710000000.0,710000000.0,0.0,,,,,15000000.0,652000000.0,1.0,1019194130.0,1017643000,1034576000.0,0.698,111490000000.0,0.0,10000000.0,0.0,109.557,
6,HBAN,MRQ,2019-12-31,2019-12-31,2019-12-31,2021-09-07,-256000000.0,109002000000.0,,,,,11.467,-25000000.0,1272000000.0,1272000000.0,0.0,317000000.0,,8.241,12455000000.0,,,12455000000.0,0.0,78000000.0,82347000000.0,0.038,0.15,372000000.0,450000000.0,0.419,450000000.0,372000000.0,372000000.0,0.29,0.29,0.29,11795000000.0,,11795000000.0,25862948522.0,16.0,12.647,651000000.0,0.633,1.0,1073000000.0,1.0,2465000000.0,0.0,117720000000.0,,0.0,99257000000.0,,,97207000000.0,,,15573948522.0,-466000000.0,0.0,-196000000.0,390000000.0,-155000000.0,-28000000.0,-1114000000.0,-1268000000.0,676000000.0,0.0,317000000.0,298000000.0,298000000.0,0.0,0.0,0.278,701000000.0,372000000.0,0.0,0.517,1.32,11.648,11.69,763000000.0,19000000.0,15.08,3.556,3.577,0.0,2088000000.0,1073000000.0,1073000000.0,0.0,,,,,19000000.0,701000000.0,1.0,1032755207.0,1028622000,1047124000.0,1.043,106537000000.0,0.0,55000000.0,0.0,103.573,
7,HBAN,MRQ,2019-09-30,2019-09-30,2019-09-30,2021-09-07,-175000000.0,108735000000.0,,,,,11.507,-31000000.0,1758000000.0,1758000000.0,0.0,372000000.0,,8.13,12047000000.0,,,12047000000.0,0.0,104000000.0,82395000000.0,0.04,0.15,439000000.0,543000000.0,0.491,543000000.0,439000000.0,439000000.0,0.34,0.34,0.34,11909000000.0,,11909000000.0,26196994894.0,16.0,12.305,15000000.0,0.014,1.0,1106000000.0,1.0,2445000000.0,0.0,116579000000.0,,0.0,98462000000.0,,,96826000000.0,,,14809994894.0,38000000.0,7000000.0,-68000000.0,-1104000000.0,-147000000.0,176000000.0,-184000000.0,-180000000.0,46000000.0,0.0,372000000.0,354000000.0,354000000.0,0.0,0.0,0.32,667000000.0,439000000.0,0.0,0.441,1.244,10.938,11.062,775000000.0,18000000.0,14.27,3.359,3.35,0.0,1946000000.0,1106000000.0,1106000000.0,0.0,,,,,16000000.0,667000000.0,1.0,1037841268.0,1034940000,1051273000.0,1.069,106290000000.0,0.0,67000000.0,0.0,102.702,
8,HBAN,MRQ,2019-06-30,2019-06-30,2019-06-30,2021-09-07,-273000000.0,108247000000.0,,,,,11.168,-27000000.0,1747000000.0,1747000000.0,0.0,364000000.0,,8.277,13134000000.0,,,13134000000.0,0.0,73000000.0,80882000000.0,0.041,0.14,427000000.0,500000000.0,0.444,500000000.0,427000000.0,427000000.0,0.33,0.33,0.33,11668000000.0,,11668000000.0,25240802403.0,15.0,11.751,328000000.0,0.314,1.0,1127000000.0,1.0,2471000000.0,0.0,117163000000.0,,0.0,98052000000.0,,,96579000000.0,,,14461802403.0,262000000.0,-555000000.0,-152000000.0,855000000.0,-147000000.0,-29000000.0,-64000000.0,584000000.0,355000000.0,0.0,364000000.0,346000000.0,346000000.0,0.0,0.0,0.307,700000000.0,427000000.0,0.0,0.424,1.239,10.634,10.797,774000000.0,18000000.0,13.82,3.291,3.286,0.0,1750000000.0,1127000000.0,1127000000.0,0.0,,,,,31000000.0,700000000.0,1.0,1046440116.0,1044802000,1060280000.0,1.079,105776000000.0,0.0,63000000.0,0.0,101.24,
9,HBAN,MRQ,2019-03-31,2019-03-31,2019-03-31,2021-09-07,-455000000.0,108203000000.0,,,,,10.919,-24000000.0,1483000000.0,1483000000.0,0.0,358000000.0,,8.465,12262000000.0,,,12262000000.0,0.0,131000000.0,82155000000.0,0.042,0.14,421000000.0,552000000.0,0.514,552000000.0,421000000.0,421000000.0,0.32,0.32,0.32,11432000000.0,,11432000000.0,21190592720.0,13.0,9.707,473000000.0,0.452,1.0,1074000000.0,1.0,2503000000.0,0.0,116479000000.0,,0.0,98389000000.0,,,96771000000.0,,,13273592720.0,-1336000000.0,0.0,-25000000.0,1498000000.0,-148000000.0,-1318000000.0,-515000000.0,-586000000.0,497000000.0,0.0,358000000.0,339000000.0,339000000.0,0.0,0.0,0.316,653000000.0,421000000.0,0.0,0.438,1.161,9.847,10.144,784000000.0,19000000.0,12.68,3.065,3.065,0.0,1551000000.0,1074000000.0,1074000000.0,0.0,,,,,17000000.0,653000000.0,1.0,1046813306.0,1046995000,1065638000.0,1.026,105700000000.0,0.0,63000000.0,0.0,100.956,
10,HBAN,MRQ,2018-12-31,2018-12-31,2018-12-31,2021-09-07,-609000000.0,108781000000.0,,,,,10.529,-48000000.0,2725000000.0,2725000000.0,0.0,334000000.0,,8.798,10642000000.0,,,10642000000.0,0.0,143000000.0,84774000000.0,0.042,0.14,391000000.0,534000000.0,0.485,534000000.0,391000000.0,391000000.0,0.3,0.3,0.3,11102000000.0,,11102000000.0,22044428767.0,14.0,10.393,534000000.0,0.506,1.0,1102000000.0,1.0,2524000000.0,0.0,114174000000.0,,0.0,97947000000.0,,,97679000000.0,,,12653428767.0,1373000000.0,-15000000.0,-200000000.0,-237000000.0,-152000000.0,2477000000.0,-1686000000.0,-1675000000.0,582000000.0,0.0,334000000.0,315000000.0,315000000.0,0.0,0.0,0.286,711000000.0,391000000.0,0.0,0.467,1.14,9.564,9.77,790000000.0,19000000.0,11.92,2.96,3.016,0.0,1361000000.0,1102000000.0,1102000000.0,0.0,,,,,19000000.0,711000000.0,1.0,1061529259.0,1054458000,1073006000.0,1.045,106257000000.0,0.0,57000000.0,0.0,100.769,
11,HBAN,MRQ,2018-09-30,2018-09-30,2018-09-30,2021-09-07,-790000000.0,105652000000.0,,,,,10.082,-24000000.0,1342000000.0,1342000000.0,0.0,378000000.0,,8.663,10733000000.0,,,10733000000.0,0.0,122000000.0,81689000000.0,0.032,0.14,440000000.0,562000000.0,0.515,562000000.0,440000000.0,440000000.0,0.33,0.33,0.33,10934000000.0,,10934000000.0,27220060917.0,17.0,12.931,518000000.0,0.478,1.0,1091000000.0,1.0,2550000000.0,0.0,112493000000.0,,0.0,96241000000.0,,,94718000000.0,,,16475060917.0,-83000000.0,0.0,-691000000.0,-1375000000.0,-122000000.0,-106000000.0,-519000000.0,-514000000.0,542000000.0,0.0,378000000.0,360000000.0,360000000.0,0.0,0.0,0.33,651000000.0,440000000.0,0.0,0.424,1.507,11.594,11.477,827000000.0,18000000.0,14.92,3.907,3.837,0.0,1196000000.0,1091000000.0,1091000000.0,0.0,,,,,15000000.0,651000000.0,1.0,1104226603.0,1084536000,1103740000.0,1.006,103102000000.0,0.0,62000000.0,0.0,95.066,
12,HBAN,MRQ,2018-06-30,2018-06-30,2018-06-30,2021-09-07,-730000000.0,105358000000.0,,,,,10.398,-22000000.0,1423000000.0,1423000000.0,0.0,355000000.0,,8.184,12168000000.0,,,12168000000.0,0.0,123000000.0,79587000000.0,0.028,0.11,412000000.0,535000000.0,0.503,535000000.0,412000000.0,412000000.0,0.3,0.3,0.3,11472000000.0,,11472000000.0,26619505536.0,17.0,13.283,286000000.0,0.259,1.0,1064000000.0,1.0,2560000000.0,0.0,113543000000.0,,0.0,95808000000.0,,,93886000000.0,,,16262505536.0,313000000.0,0.0,0.0,720000000.0,-122000000.0,687000000.0,-682000000.0,-674000000.0,308000000.0,0.0,355000000.0,334000000.0,334000000.0,0.0,0.0,0.314,652000000.0,412000000.0,0.0,0.367,1.418,12.348,12.198,840000000.0,21000000.0,14.76,3.899,3.904,0.0,990000000.0,1064000000.0,1064000000.0,0.0,,,,,29000000.0,652000000.0,1.0,1101795768.0,1103337000,1122612000.0,0.964,102798000000.0,0.0,57000000.0,0.0,93.17,
13,HBAN,MRQ,2018-03-31,2018-03-31,2018-03-31,2021-09-07,-677000000.0,104246000000.0,,,,,10.433,-16000000.0,1115000000.0,1115000000.0,0.0,326000000.0,,8.219,11472000000.0,,,11472000000.0,0.0,105000000.0,79471000000.0,0.025,0.11,385000000.0,490000000.0,0.481,490000000.0,385000000.0,385000000.0,0.29,0.28,0.29,11308000000.0,,11308000000.0,28882602883.0,19.0,15.87,278000000.0,0.256,1.0,1018000000.0,1.0,2572000000.0,0.0,112031000000.0,,0.0,95031000000.0,,,92938000000.0,,,16187602883.0,-451000000.0,0.0,-48000000.0,-2702000000.0,-118000000.0,31000000.0,-776000000.0,-777000000.0,294000000.0,0.0,326000000.0,314000000.0,314000000.0,0.0,0.0,0.308,633000000.0,385000000.0,0.0,0.379,1.432,13.097,13.246,847000000.0,12000000.0,15.1,3.899,3.942,0.0,780000000.0,1018000000.0,1018000000.0,0.0,,,,,15000000.0,633000000.0,1.0,1072026681.0,1083836000,1124778000.0,0.939,101674000000.0,0.0,59000000.0,0.0,93.809,
14,HBAN,MRQ,2017-12-31,2017-12-31,2017-12-31,2021-09-07,-528000000.0,104185000000.0,,,,,10.037,-49000000.0,1567000000.0,1567000000.0,0.0,432000000.0,,8.634,14262000000.0,,,14262000000.0,0.0,106000000.0,77041000000.0,0.024,0.11,412000000.0,518000000.0,0.496,518000000.0,412000000.0,412000000.0,0.38,0.37,0.38,10814000000.0,,10814000000.0,25525006346.0,18.0,14.126,799000000.0,0.742,1.0,1044000000.0,1.0,2577000000.0,0.0,114303000000.0,,0.0,94560000000.0,,,93371000000.0,,,15738578346.0,326000000.0,0.0,-137000000.0,3289000000.0,-87000000.0,1642000000.0,-2164000000.0,-2096000000.0,848000000.0,0.0,432000000.0,413000000.0,413000000.0,0.0,0.0,0.396,632000000.0,412000000.0,0.0,0.289,1.455,14.179,14.275,864000000.0,19000000.0,14.56,3.831,3.844,0.0,588000000.0,1044000000.0,1044000000.0,0.0,,,,,19000000.0,632000000.0,1.0,1080946315.0,1077399000,1221110000.0,0.969,101608000000.0,0.0,-20000000.0,0.0,94.309,
15,HBAN,MRQ,2017-09-30,2017-09-30,2017-09-30,2021-09-07,-369963000.0,101988126000.0,,,,,9.851,-32000000.0,1243828000.0,1243828000.0,0.0,275000000.0,,8.533,11030256000.0,,,11030256000.0,0.0,96000000.0,78445113000.0,0.023,0.08,365000000.0,461000000.0,0.441,461000000.0,365000000.0,365000000.0,0.24,0.23,0.24,10698849000.0,,10698849000.0,26713353907.0,21.0,15.866,515000000.0,0.474,1.0,1045000000.0,1.0,2582439000.0,0.0,109192115000.0,,0.0,92793492000.0,,,91289277000.0,,,15216629907.0,-321000000.0,0.0,-129000000.0,-2031000000.0,-88000000.0,254000000.0,-1122000000.0,-1100000000.0,547000000.0,0.0,275000000.0,256000000.0,256000000.0,0.0,0.0,0.245,680000000.0,365000000.0,0.0,0.333,1.422,16.566,16.424,853290000.0,19000000.0,13.96,3.75,3.736,0.0,201215000.0,1045000000.0,1045000000.0,0.0,,,,,21000000.0,680000000.0,1.0,1090016469.0,1086038000,1106491000.0,0.962,99405687000.0,0.0,90000000.0,0.0,91.531,
16,HBAN,MRQ,2017-06-30,2017-06-30,2017-06-30,2021-09-07,-350357000.0,101406779000.0,,,,,9.784,-58000000.0,1592624000.0,1592624000.0,0.0,272000000.0,,8.518,13089348000.0,,,13089348000.0,0.0,0.0,75933373000.0,0.023,0.08,351000000.0,351000000.0,0.336,351000000.0,351000000.0,351000000.0,0.23,0.23,0.23,10654182000.0,,10654182000.0,23868564103.0,22.0,16.285,105000000.0,0.096,1.0,1045000000.0,1.0,2591366000.0,0.0,110312137000.0,,0.0,91902041000.0,,,90752597000.0,,,14697862103.0,205000000.0,0.0,1000000.0,2508000000.0,-87000000.0,886000000.0,-844000000.0,-813000000.0,163000000.0,0.0,272000000.0,253000000.0,253000000.0,0.0,0.0,0.242,694000000.0,351000000.0,0.0,0.348,1.38,19.063,18.521,855347000.0,19000000.0,13.52,3.791,3.797,0.0,33557000.0,1045000000.0,1045000000.0,0.0,,,,,54000000.0,694000000.0,1.0,1087119978.0,1088934000,1108527000.0,0.96,98815413000.0,0.0,79000000.0,0.0,90.745,
17,HBAN,MRQ,2017-03-31,2017-03-31,2017-03-31,2021-09-07,-390860000.0,100045506000.0,,,,,9.607,-55000000.0,1371868000.0,1371868000.0,0.0,208000000.0,,8.586,10542570000.0,,,10542570000.0,0.0,211000000.0,77422510000.0,0.022,0.08,267000000.0,478000000.0,0.491,478000000.0,267000000.0,267000000.0,0.17,0.17,0.17,10437147000.0,,10437147000.0,25098808340.0,26.0,17.35,341000000.0,0.314,1.0,974000000.0,1.0,2608630000.0,0.0,106607578000.0,,0.0,90748834000.0,,,89608359000.0,,,14540032340.0,-75000000.0,0.0,5000000.0,-1452000000.0,-87000000.0,265000000.0,-736000000.0,-681000000.0,396000000.0,0.0,208000000.0,189000000.0,189000000.0,0.0,0.0,0.194,707000000.0,267000000.0,0.0,0.471,1.393,21.615,19.406,852582000.0,19000000.0,13.39,4.056,4.058,0.0,-126244000.0,974000000.0,974000000.0,0.0,,,,,-2000000.0,707000000.0,1.0,1085887404.0,1086374000,1108617000.0,0.897,97436876000.0,0.0,59000000.0,0.0,89.69,
18,HBAN,MRQ,2016-12-31,2016-12-31,2016-12-31,2021-09-07,-401000000.0,99714000000.0,,,,,9.498,-56312000.0,1443000000.0,1443000000.0,0.0,239142000.0,,8.673,12002000000.0,,,12002000000.0,0.0,80556000.0,75608000000.0,0.022,0.08,313153000.0,393709000.0,0.396,393709000.0,313153000.0,313153000.0,0.21,0.2,0.21,10308000000.0,,10308000000.0,23774464651.0,26.0,18.288,472882000.0,0.436,1.0,994165000.0,1.0,2621000000.0,0.0,107652000000.0,,0.0,90340000000.0,,,89406000000.0,,,14340827651.0,-276783000.0,-479782000.0,-6084000.0,992585000.0,-76344000.0,-220964000.0,-585013000.0,-79403000.0,529194000.0,0.0,239142000.0,220551000.0,220551000.0,0.0,0.0,0.222,681012000.0,313153000.0,0.0,0.381,1.391,22.165,18.361,816000000.0,18591000.0,13.22,4.309,3.593,0.0,-227000000.0,994165000.0,994165000.0,0.0,,,,,17432000.0,681012000.0,1.0,1084782727.0,1085251000,918790000.0,0.916,97093000000.0,0.0,74011000.0,0.0,89.466,
19,HBAN,MRQ,2016-09-30,2016-09-30,2016-09-30,2021-09-07,-172175000.0,100765412000.0,,,,,11.066,-43842000.0,1713052000.0,1713052000.0,0.0,127004000.0,,8.701,11146689000.0,,,11146689000.0,0.0,91195000.0,77405096000.0,0.028,0.07,151753000.0,242948000.0,0.281,242948000.0,151753000.0,151753000.0,0.12,0.11,0.12,10386765000.0,,10386765000.0,16854147401.0,20.0,13.829,355326000.0,0.379,1.0,864000000.0,1.0,2614060000.0,0.0,107584989000.0,,0.0,90909897000.0,,,90378647000.0,,,7879658401.0,794759000.0,-133218000.0,2197000.0,-371517000.0,-56569000.0,659585000.0,-263994000.0,-92462000.0,399168000.0,0.0,127004000.0,108467000.0,108467000.0,0.0,0.0,0.126,712247000.0,151753000.0,0.0,0.583,0.759,13.205,13.507,828440000.0,18537000.0,9.86,2.569,3.017,0.0,-359380000.0,864000000.0,864000000.0,0.0,,,,,20769000.0,712247000.0,1.0,799153996.0,938578000,952081000.0,0.921,98151352000.0,0.0,24749000.0,0.0,104.575,
20,HBAN,MRQ,2016-06-30,2016-06-30,2016-06-30,2021-09-07,-134042000.0,73954017000.0,,,,,9.406,-7689000.0,912076000.0,912076000.0,0.0,174540000.0,,8.851,9886565000.0,,,9886565000.0,0.0,103146000.0,55043465000.0,0.03,0.07,228823000.0,331969000.0,0.441,331969000.0,228823000.0,228823000.0,0.19,0.19,0.19,7507304000.0,,7507304000.0,14646271348.0,16.0,11.53,87159000.0,0.109,1.0,752484000.0,1.0,884002000.0,0.0,82044504000.0,,0.0,68054242000.0,,,66446713000.0,,,7122400348.0,50932000.0,0.0,2761000.0,1450678000.0,-55892000.0,962634000.0,-1006550000.0,-1006979000.0,94848000.0,0.0,174540000.0,154666000.0,154666000.0,0.0,0.0,0.206,523661000.0,228823000.0,0.0,0.368,0.949,11.254,11.316,596642000.0,19874000.0,8.94,2.432,2.436,0.0,-390838000.0,752484000.0,752484000.0,0.0,,,,,16531000.0,523661000.0,1.0,796689077.0,798167000,810371000.0,0.943,73070015000.0,0.0,54283000.0,0.0,91.547,
21,HBAN,MRQ,2016-03-31,2016-03-31,2016-03-31,2021-09-07,-167286000.0,72644967000.0,,,,,8.995,-12157000.0,882916000.0,882916000.0,0.0,171314000.0,,9.149,8406787000.0,,,8406787000.0,0.0,105103000.0,55628842000.0,0.027,0.07,226271000.0,331374000.0,0.462,331374000.0,226271000.0,226271000.0,0.21,0.2,0.21,7157670000.0,,7157670000.0,14368438864.0,16.0,11.306,179633000.0,0.226,1.0,717351000.0,1.0,896783000.0,0.0,79272055000.0,,0.0,66804753000.0,,,65487297000.0,,,7584539864.0,-30908000.0,0.0,1126000.0,681254000.0,-56195000.0,1366745000.0,-1589443000.0,-1585156000.0,191790000.0,0.0,171314000.0,163316000.0,163316000.0,0.0,0.0,0.228,491080000.0,226271000.0,0.0,0.333,1.06,11.381,11.494,611603000.0,7998000.0,9.54,2.59,2.592,0.0,-487717000.0,717351000.0,717351000.0,0.0,,,,,11268000.0,491080000.0,1.0,795025143.0,795755000,808349000.0,0.901,71748184000.0,0.0,54957000.0,0.0,90.164,
22,HBAN,MRQ,2015-12-31,2015-12-31,2015-12-31,2021-09-07,-226158000.0,71018301000.0,,,,,8.284,-23979000.0,898994000.0,898994000.0,0.0,178352000.0,,9.769,7656643000.0,,,7656643000.0,0.0,78212000.0,55294979000.0,0.023,0.07,234287000.0,312499000.0,0.426,312499000.0,234287000.0,234287000.0,0.21,0.21,0.21,6594606000.0,,6594606000.0,15534147406.0,17.0,12.378,608195000.0,0.764,1.0,733145000.0,1.0,921084000.0,0.0,76854866000.0,,0.0,65189905000.0,,,64423695000.0,,,8811053406.0,-177793000.0,-164000.0,-14664000.0,-88672000.0,-47428000.0,859361000.0,-1669328000.0,-1662548000.0,632174000.0,0.0,178352000.0,170253000.0,170253000.0,0.0,0.0,0.232,498858000.0,234287000.0,0.0,0.333,1.336,13.33,13.488,620540000.0,8099000.0,11.06,3.049,3.075,0.0,-594067000.0,733145000.0,733145000.0,0.0,,,,,11864000.0,498858000.0,1.0,796659440.0,796095000,810142000.0,0.921,70097217000.0,0.0,55935000.0,0.0,88.051,
23,HBAN,MRQ,2015-09-30,2015-09-30,2015-09-30,2021-09-07,-139739000.0,70210178000.0,,,,,8.219,-25928000.0,1090163000.0,1090163000.0,0.0,152588000.0,,9.666,7813257000.0,,,7813257000.0,0.0,94831000.0,54244711000.0,0.023,0.06,199590000.0,294421000.0,0.405,294421000.0,199590000.0,199590000.0,0.18,0.18,0.18,6582637000.0,,6582637000.0,14427147024.0,16.0,11.476,288803000.0,0.361,1.0,726098000.0,1.0,735662000.0,0.0,76197610000.0,,0.0,64030772000.0,,,63627541000.0,,,8512497024.0,-355611000.0,0.0,-74006000.0,396121000.0,-48262000.0,1067427000.0,-1737769000.0,-1718126000.0,314731000.0,0.0,152588000.0,144620000.0,144620000.0,0.0,0.0,0.199,526508000.0,199590000.0,0.0,0.333,1.293,13.169,13.418,620515000.0,7968000.0,10.6,2.975,2.967,0.0,-708341000.0,726098000.0,726098000.0,0.0,,,,,13563000.0,526508000.0,1.0,803065757.0,800883000,814326000.0,0.907,69474516000.0,0.0,47002000.0,0.0,86.747,
24,HBAN,MRQ,2015-06-30,2015-06-30,2015-06-30,2021-09-07,-185650000.0,68845648000.0,,,,,8.051,-29999000.0,1451378000.0,1451378000.0,0.0,196206000.0,,9.598,7366028000.0,,,7366028000.0,0.0,72293000.0,53473179000.0,0.02,0.06,260263000.0,332556000.0,0.442,332556000.0,260263000.0,260263000.0,0.23,0.23,0.23,6496258000.0,,6496258000.0,15336620428.0,17.0,12.194,74353000.0,0.092,1.0,752040000.0,1.0,741074000.0,0.0,74019224000.0,,0.0,62318990000.0,,,62349390000.0,,,9144454428.0,480093000.0,0.0,-96423000.0,180848000.0,-48572000.0,728838000.0,-353097000.0,-335315000.0,104352000.0,0.0,196206000.0,188238000.0,188238000.0,0.0,0.0,0.25,491777000.0,260263000.0,0.0,0.261,1.408,14.094,14.316,615436000.0,7968000.0,11.31,3.238,3.232,0.0,-804884000.0,752040000.0,752040000.0,0.0,,,,,14478000.0,491777000.0,1.0,808528243.0,806891000,820238000.0,0.932,68104574000.0,0.0,64057000.0,0.0,84.404,
25,HBAN,MRQ,2015-03-31,2015-03-31,2015-03-31,2021-09-07,-160832000.0,68002661000.0,,,,,7.98,-13094000.0,973906000.0,973906000.0,0.0,165854000.0,,9.524,7166072000.0,,,7166072000.0,0.0,95664000.0,52832695000.0,0.02,0.06,219860000.0,315524000.0,0.465,315524000.0,219860000.0,219860000.0,0.19,0.19,0.19,6461954000.0,,6461954000.0,14398722731.0,17.0,11.821,-31351000.0,-0.039,1.0,678717000.0,1.0,751034000.0,0.0,73443793000.0,,0.0,62017746000.0,,,61540707000.0,,,8950783731.0,-320689000.0,-457836000.0,-47907000.0,-112297000.0,-48738000.0,866374000.0,-1168806000.0,-708011000.0,-18257000.0,0.0,165854000.0,157889000.0,157889000.0,0.0,0.0,0.233,458857000.0,219860000.0,0.0,0.316,1.385,14.501,14.733,607263000.0,7965000.0,11.05,3.252,3.251,0.0,-943525000.0,678717000.0,678717000.0,0.0,,,,,11095000.0,458857000.0,1.0,810025677.0,809778000,823809000.0,0.838,67251627000.0,0.0,54006000.0,0.0,83.049,
26,HBAN,MRQ,2014-12-31,2014-12-31,2014-12-31,2021-09-07,-222292000.0,66298010000.0,,,,,7.745,-27303000.0,1285124000.0,1285124000.0,0.0,163614000.0,,9.477,6733063000.0,,,6733063000.0,0.0,93858000.0,51732151000.0,0.02,0.06,220765000.0,314623000.0,0.447,314623000.0,220765000.0,220765000.0,0.19,0.19,0.19,6328170000.0,,6328170000.0,14370821586.0,17.0,12.119,232257000.0,0.284,1.0,704036000.0,1.0,597212000.0,0.0,71148737000.0,,0.0,60273623000.0,,,59969840000.0,,,8568055586.0,340703000.0,0.0,-33699000.0,34882000.0,-45682000.0,1552334000.0,-1471191000.0,-1472434000.0,259560000.0,0.0,163614000.0,155651000.0,155651000.0,0.0,0.0,0.221,483271000.0,220765000.0,0.0,0.316,1.354,14.267,14.411,616407000.0,7963000.0,10.52,3.132,3.153,0.0,-1052324000.0,704036000.0,704036000.0,0.0,,,,,10010000.0,483271000.0,1.0,814453953.0,817016000,830543000.0,0.862,65700798000.0,0.0,57151000.0,0.0,80.416,
27,HBAN,MRQ,2014-09-30,2014-09-30,2014-09-30,2021-09-07,-182016000.0,64330629000.0,,,,,7.697,-9687000.0,952760000.0,952760000.0,0.0,155016000.0,,9.237,6755526000.0,,,6755526000.0,0.0,86107000.0,50129837000.0,0.021,0.05,208886000.0,294993000.0,0.428,294993000.0,208886000.0,208886000.0,0.18,0.18,0.18,6284210000.0,,6284210000.0,14383106340.0,17.0,12.479,236940000.0,0.29,1.0,689204000.0,1.0,607865000.0,0.0,69525530000.0,,0.0,58788027000.0,,,58046419000.0,,,7949432340.0,-338591000.0,705089000.0,-45631000.0,-944802000.0,-38669000.0,-398883000.0,-186335000.0,-895080000.0,246627000.0,0.0,155016000.0,147052000.0,147052000.0,0.0,0.0,0.213,480318000.0,208886000.0,0.0,0.278,1.265,13.358,13.514,613214000.0,7964000.0,9.73,2.958,2.956,0.0,-1159168000.0,689204000.0,689204000.0,0.0,,,,,10864000.0,480318000.0,1.0,817002296.0,816497000,829623000.0,0.844,63722764000.0,0.0,53870000.0,0.0,78.044,
28,HBAN,MRQ,2014-06-30,2014-06-30,2014-06-30,2021-09-07,-159727000.0,63797113000.0,,,,,7.596,-12205000.0,1288087000.0,1288087000.0,0.0,164619000.0,,9.223,7721761000.0,,,7721761000.0,0.0,70852000.0,48748765000.0,0.021,0.05,222094000.0,292946000.0,0.43,292946000.0,222094000.0,222094000.0,0.19,0.19,0.19,6240791000.0,,6240791000.0,11407493020.0,13.0,9.696,214430000.0,0.261,1.0,680730000.0,1.0,586908000.0,0.0,69643879000.0,,0.0,57926109000.0,,,57556322000.0,,,7896943020.0,245189000.0,0.0,-104768000.0,3166503000.0,-41438000.0,2409291000.0,-2390737000.0,-2390535000.0,226635000.0,0.0,164619000.0,156656000.0,156656000.0,0.0,0.0,0.23,458636000.0,222094000.0,0.0,0.263,1.265,12.759,12.72,622289000.0,7963000.0,9.54,2.963,2.94,0.0,-1264129000.0,680730000.0,680730000.0,0.0,,,,,13374000.0,458636000.0,1.0,827771805.0,821546000,834687000.0,0.829,63210205000.0,0.0,57475000.0,0.0,76.941,
29,HBAN,MRQ,2014-03-31,2014-03-31,2014-03-31,2021-09-07,-201747000.0,61145753000.0,,,,,7.444,-10613000.0,1044495000.0,1044495000.0,0.0,149143000.0,,8.9,4555045000.0,,,4555045000.0,0.0,82015000.0,49348753000.0,0.02,0.05,201240000.0,283255000.0,0.428,283255000.0,201240000.0,201240000.0,0.17,0.17,0.17,6176234000.0,,6176234000.0,12039451945.0,14.0,10.397,145351000.0,0.175,1.0,661361000.0,1.0,596205000.0,0.0,64060098000.0,,0.0,55547254000.0,,,54969519000.0,,,8287211945.0,-27868000.0,-13452000.0,-130024000.0,-336807000.0,-41146000.0,772686000.0,-956518000.0,-940705000.0,155964000.0,0.0,149143000.0,141179000.0,141179000.0,0.0,0.0,0.213,460121000.0,201240000.0,0.0,0.294,1.342,13.691,13.658,628966000.0,7964000.0,9.97,3.143,3.137,0.0,-1379832000.0,661361000.0,661361000.0,0.0,,,,,9418000.0,460121000.0,1.0,831214839.0,829659000,842677000.0,0.797,60549548000.0,0.0,52097000.0,0.0,72.981,
30,HBAN,MRQ,2013-12-31,2013-12-31,2013-12-31,2021-09-07,-214009000.0,59467174000.0,,,,,7.332,-13108000.0,1058175000.0,1058175000.0,0.0,158172000.0,,8.764,4810415000.0,,,4810415000.0,0.0,71234000.0,47506718000.0,0.02,0.05,210201000.0,281435000.0,0.429,281435000.0,210201000.0,210201000.0,0.18,0.18,0.18,6090153000.0,,6090153000.0,9854287583.0,11.0,8.567,186843000.0,0.225,1.0,656210000.0,1.0,537461000.0,0.0,62681953000.0,,0.0,53979835000.0,,,53377021000.0,,,8014495583.0,-106526000.0,0.0,12601000.0,1826025000.0,-41562000.0,2721088000.0,-3027565000.0,-3030110000.0,199951000.0,0.0,158172000.0,150207000.0,150207000.0,0.0,0.0,0.229,446009000.0,210201000.0,0.0,0.278,1.316,13.151,13.219,634657000.0,7965000.0,9.65,3.051,3.065,0.0,-1479324000.0,656210000.0,656210000.0,0.0,,,,,9364000.0,446009000.0,1.0,830517677.0,830590000,842324000.0,0.79,58929713000.0,0.0,52029000.0,0.0,70.949,
31,HBAN,MRQ,2013-09-30,2013-09-30,2013-09-30,2021-09-07,-230767000.0,56648251000.0,,,,,7.179,-39973000.0,1170758000.0,1170758000.0,0.0,178836000.0,,8.502,3010550000.0,,,3010550000.0,0.0,74947000.0,46564046000.0,0.022,0.05,243883000.0,318830000.0,0.478,318830000.0,243883000.0,243883000.0,0.21,0.2,0.21,5961579000.0,,5961579000.0,8665812790.0,10.0,7.435,364233000.0,0.439,1.0,667219000.0,1.0,547780000.0,0.0,57940263000.0,,0.0,50992393000.0,,,50686672000.0,,,6853114790.0,113752000.0,0.0,-16197000.0,144619000.0,-41477000.0,316391000.0,-606845000.0,-575925000.0,404206000.0,0.0,178836000.0,170869000.0,170869000.0,0.0,0.0,0.256,423336000.0,243883000.0,0.0,0.238,1.15,11.257,11.315,639632000.0,7967000.0,8.26,2.565,2.568,0.0,-1578401000.0,667219000.0,667219000.0,0.0,,,,,9747000.0,423336000.0,1.0,829674914.0,830398000,841025000.0,0.803,56100471000.0,0.0,65047000.0,0.0,67.559,
32,HBAN,MRQ,2013-06-30,2013-06-30,2013-06-30,2021-09-07,-283736000.0,56113687000.0,,,,,6.929,-25185000.0,1070621000.0,1070621000.0,0.0,151000000.0,,8.702,2883319000.0,,,2883319000.0,0.0,68187000.0,46331434000.0,0.022,0.05,206269000.0,274456000.0,0.421,274456000.0,206269000.0,206269000.0,0.17,0.17,0.17,5783515000.0,,5783515000.0,7962191358.0,9.0,7.161,171994000.0,0.206,1.0,652134000.0,1.0,558142000.0,0.0,57368243000.0,,0.0,50533860000.0,,,50330172000.0,,,6601025358.0,165218000.0,0.0,-75198000.0,704905000.0,-33886000.0,58281000.0,-90242000.0,-81978000.0,197179000.0,0.0,151000000.0,143033000.0,143033000.0,0.0,0.0,0.219,445865000.0,206269000.0,0.0,0.294,1.141,11.044,11.085,626745000.0,7967000.0,7.87,2.483,2.471,0.0,-1706673000.0,652134000.0,652134000.0,0.0,,,,,9875000.0,445865000.0,1.0,838757987.0,834730000,843840000.0,0.781,55555545000.0,0.0,55269000.0,0.0,66.555,
33,HBAN,MRQ,2013-03-31,2013-03-31,2013-03-31,2021-09-07,-159955000.0,56054966000.0,,,,,6.976,-23942000.0,900005000.0,900005000.0,0.0,153274000.0,,8.554,2261171000.0,,,2261171000.0,0.0,67177000.0,46867141000.0,0.022,0.04,208403000.0,275580000.0,0.423,275580000.0,208403000.0,208403000.0,0.17,0.17,0.17,5867138000.0,,5867138000.0,7826503164.0,9.0,7.066,187967000.0,0.223,1.0,651196000.0,1.0,568504000.0,0.0,56847628000.0,,0.0,50550695000.0,,,50187828000.0,,,6205582164.0,-434118000.0,0.0,-33600000.0,-673077000.0,-33683000.0,-130346000.0,-515681000.0,-505132000.0,211909000.0,0.0,153274000.0,145304000.0,145304000.0,0.0,0.0,0.223,442793000.0,208403000.0,0.0,0.235,1.058,10.353,10.38,620833000.0,7970000.0,7.37,2.339,2.337,0.0,-1807746000.0,651196000.0,651196000.0,0.0,,,,,8021000.0,442793000.0,1.0,842005721.0,841103000,848708000.0,0.774,55486462000.0,0.0,55129000.0,0.0,65.969,
34,HBAN,MRQ,2012-12-31,2012-12-31,2012-12-31,2021-09-07,-150817000.0,56153185000.0,,,,,6.834,-46779000.0,1333727000.0,1333727000.0,0.0,157547000.0,,8.698,2954648000.0,,,2954648000.0,0.0,66531000.0,46252683000.0,0.025,0.04,230084000.0,296615000.0,0.423,296615000.0,230084000.0,230084000.0,0.18,0.17,0.18,5790211000.0,,5790211000.0,7364378553.0,9.0,6.646,280673000.0,0.331,1.0,700712000.0,1.0,576425000.0,0.0,57197681000.0,,0.0,50124915000.0,,,50362974000.0,,,5466551553.0,465205000.0,-52000.0,-81578000.0,222251000.0,-34216000.0,-391804000.0,529557000.0,538569000.0,327452000.0,0.0,157547000.0,149574000.0,149574000.0,0.0,0.0,0.213,470628000.0,230084000.0,0.0,0.222,0.944,9.122,9.129,617257000.0,7973000.0,6.39,2.048,2.054,0.0,-1917933000.0,700712000.0,700712000.0,0.0,,,,,7915000.0,470628000.0,1.0,855485376.0,847219000,853304000.0,0.827,55576760000.0,0.0,72537000.0,0.0,65.599,
35,HBAN,MRQ,2012-09-30,2012-09-30,2012-09-30,2021-09-07,-84542000.0,56443000000.0,,,,,6.77,-27385000.0,863236000.0,863236000.0,0.0,167767000.0,,8.719,2761063000.0,,,2761063000.0,0.0,69165000.0,46741286000.0,0.023,0.04,196058000.0,265223000.0,0.405,265223000.0,196058000.0,196058000.0,0.19,0.19,0.19,5807604000.0,,5807604000.0,8381170109.0,11.0,7.987,86518000.0,0.101,1.0,654361000.0,1.0,588072000.0,0.0,57752755000.0,,0.0,50776882000.0,,,50635396000.0,,,5918676109.0,-420987000.0,0.0,-25073000.0,-1024982000.0,-34283000.0,-426515000.0,-108375000.0,-95280000.0,113903000.0,0.0,167767000.0,159784000.0,159784000.0,0.0,0.0,0.244,458303000.0,196058000.0,0.0,0.211,1.019,10.404,10.291,590750000.0,7983000.0,6.895,2.305,2.304,0.0,-2043405000.0,654361000.0,654361000.0,0.0,,,,,7138000.0,458303000.0,1.0,858401176.0,857871000,863588000.0,0.763,55854928000.0,0.0,28291000.0,0.0,65.109,
36,HBAN,MRQ,2012-06-30,2012-06-30,2012-06-30,2021-09-07,-135977000.0,56622959000.0,,,,,6.552,-26135000.0,1307413000.0,1307413000.0,0.0,152706000.0,,9.023,3769907000.0,,,3769907000.0,0.0,68153000.0,46076075000.0,0.025,0.04,201992000.0,270145000.0,0.418,270145000.0,201992000.0,201992000.0,0.17,0.17,0.17,5649231000.0,,5649231000.0,8384232992.0,11.0,8.087,257370000.0,0.298,1.0,646261000.0,1.0,603463000.0,0.0,58481990000.0,,0.0,50541905000.0,,,50973728000.0,,,5533916992.0,107371000.0,0.0,-40230000.0,-460071000.0,-34469000.0,524747000.0,-700881000.0,-699904000.0,283505000.0,0.0,152706000.0,144722000.0,144722000.0,0.0,0.0,0.224,444269000.0,201992000.0,0.0,0.235,0.98,10.158,10.0,583057000.0,7984000.0,6.4,2.183,2.177,0.0,-2168768000.0,646261000.0,646261000.0,0.0,,,,,7517000.0,444269000.0,1.0,864674530.0,862261000,867551000.0,0.749,56019496000.0,0.0,49286000.0,0.0,64.968,
37,HBAN,MRQ,2012-03-31,2012-03-31,2012-03-31,2021-09-07,-157816000.0,55876654000.0,,,,,6.42,-29342000.0,1263138000.0,1263138000.0,0.0,153270000.0,,9.068,4113454000.0,,,4113454000.0,0.0,70723000.0,45008964000.0,0.02,0.04,205447000.0,276170000.0,0.413,276170000.0,205447000.0,205447000.0,0.17,0.17,0.17,5549828000.0,,5549828000.0,8902955518.0,12.0,8.635,247928000.0,0.287,1.0,668123000.0,1.0,615403000.0,0.0,58111567000.0,,0.0,49667102000.0,,,50326826000.0,,,5570917518.0,-4751000.0,40310000.0,0.0,-452272000.0,-34648000.0,521258000.0,-803279000.0,-828762000.0,277270000.0,0.0,153270000.0,145221000.0,145221000.0,0.0,0.0,0.217,462676000.0,205447000.0,0.0,0.235,1.004,10.35,10.23,577538000.0,8049000.0,6.445,2.218,2.218,0.0,-2279137000.0,668123000.0,668123000.0,0.0,,,,,5303000.0,462676000.0,1.0,864378203.0,864499000,869164000.0,0.773,55261251000.0,0.0,52177000.0,0.0,63.923,
38,HBAN,MRQ,2011-12-31,2011-12-31,2011-12-31,2021-09-07,-173763000.0,54450652000.0,,,,,6.27,-41332000.0,1206911000.0,1206911000.0,0.0,126858000.0,,9.05,4538949000.0,,,4538949000.0,0.0,69021000.0,43279625000.0,0.018,0.04,168812000.0,237833000.0,0.397,237833000.0,168812000.0,168812000.0,0.14,0.14,0.14,5418100000.0,,5418100000.0,7645995108.0,11.0,7.728,166741000.0,0.193,1.0,599086000.0,1.0,619570000.0,0.0,57163120000.0,,0.0,48341810000.0,,,49032552000.0,,,4743771108.0,-1074308000.0,0.0,0.0,-613169000.0,-34549000.0,-595637000.0,-686744000.0,-724701000.0,208073000.0,0.0,126858000.0,119155000.0,119155000.0,0.0,0.0,0.199,430274000.0,168812000.0,0.0,0.286,0.876,9.269,9.305,564429000.0,7703000.0,5.49,1.948,1.947,0.0,-2389639000.0,599086000.0,599086000.0,0.0,,,,,19666000.0,430274000.0,1.0,864074883.0,864138000,868158000.0,0.693,53831082000.0,0.0,41954000.0,0.0,62.295,
39,HBAN,MRQ,2011-09-30,2011-09-30,2011-09-30,2021-09-07,-80404000.0,54978707000.0,,,,,6.251,-30604000.0,2295730000.0,2295730000.0,0.0,143391000.0,,9.18,5197954000.0,,,5197954000.0,0.0,70284000.0,43219727000.0,0.015,0.04,182333000.0,252617000.0,0.406,252617000.0,182333000.0,182333000.0,0.16,0.16,0.16,5400479000.0,,5400479000.0,8418248875.0,12.0,8.533,165755000.0,0.192,1.0,621451000.0,1.0,632745000.0,0.0,57248186000.0,,0.0,47784281000.0,,,49578228000.0,,,4143950875.0,1206394000.0,0.0,0.0,-243276000.0,-9798000.0,1553044000.0,-543009000.0,-475638000.0,196359000.0,0.0,143391000.0,135688000.0,135688000.0,0.0,0.0,0.218,439118000.0,182333000.0,0.0,0.25,0.767,9.597,9.412,543324000.0,7703000.0,4.8,1.706,1.707,0.0,-2474205000.0,621451000.0,621451000.0,0.0,,,,,0.0,439118000.0,1.0,863323099.0,863911000,867633000.0,0.719,54345962000.0,0.0,38942000.0,0.0,62.907,
40,HBAN,MRQ,2011-06-30,2011-06-30,2011-06-30,2021-09-07,-122543000.0,53050039000.0,,,,,6.084,-45240000.0,1100580000.0,1100580000.0,0.0,145918000.0,,9.1,5374878000.0,,,5374878000.0,0.0,69566000.0,41402355000.0,0.006,0.01,194898000.0,264464000.0,0.424,264464000.0,194898000.0,194898000.0,0.16,0.16,0.16,5252643000.0,,5252643000.0,9785833672.0,15.0,10.436,390154000.0,0.452,1.0,623307000.0,1.0,646132000.0,0.0,56678205000.0,,0.0,47149151000.0,,,47797396000.0,,,5663894672.0,-224938000.0,0.0,0.0,-256054000.0,-8626000.0,-243695000.0,-416637000.0,-403071000.0,435394000.0,0.0,145918000.0,138214000.0,138214000.0,0.0,0.0,0.222,428409000.0,194898000.0,0.0,0.062,1.078,15.41,14.578,528590000.0,7704000.0,6.56,2.394,2.394,0.0,-2574855000.0,623307000.0,623307000.0,0.0,,,,,0.0,428409000.0,1.0,863398578.0,863358000,867469000.0,0.722,52403907000.0,0.0,48980000.0,0.0,60.698,
41,HBAN,MRQ,2011-03-31,2011-03-31,2011-03-31,2021-09-07,-203921000.0,52948509000.0,,,,,5.836,-26587000.0,1338819000.0,1338819000.0,0.0,126446000.0,,9.509,5460758000.0,,,5460758000.0,0.0,73234000.0,41366487000.0,0.006,0.01,161191000.0,234425000.0,0.396,234425000.0,161191000.0,161191000.0,0.14,0.14,0.14,5038599000.0,,5038599000.0,10604202260.0,21.0,13.23,728374000.0,0.844,1.0,591890000.0,1.0,659519000.0,0.0,56410929000.0,,0.0,46763815000.0,,,47909910000.0,,,5732569260.0,360932000.0,0.0,0.0,-185220000.0,-8618000.0,-735713000.0,341684000.0,323579000.0,754961000.0,0.0,126446000.0,118743000.0,118743000.0,0.0,0.0,0.201,430699000.0,161191000.0,0.0,0.071,1.138,23.052,20.75,500736000.0,7703000.0,6.64,2.584,2.584,0.0,-2704350000.0,591890000.0,591890000.0,0.0,,,,,0.0,430699000.0,1.0,863338744.0,863359000,867237000.0,0.686,52288990000.0,0.0,34745000.0,0.0,60.565,
42,HBAN,MRQ,2010-12-31,2010-12-31,2010-12-31,2021-09-07,-197496000.0,53819642000.0,,,,,6.571,-22249000.0,982926000.0,982926000.0,0.0,122900000.0,,9.806,5854559000.0,,,5854559000.0,0.0,77116000.0,41853898000.0,0.006,0.01,157949000.0,235065000.0,0.397,235065000.0,157949000.0,157949000.0,0.05,0.05,0.05,4980542000.0,,4980542000.0,8991648193.0,26.0,14.083,-47542000.0,-0.063,1.0,592541000.0,1.0,672888000.0,0.0,58018387000.0,,0.0,47731432000.0,,,48839100000.0,,,4926698193.0,-291338000.0,0.0,886172000.0,437878000.0,-7161000.0,676223000.0,-942268000.0,-974442000.0,-25293000.0,0.0,122900000.0,39146000.0,39146000.0,0.0,0.0,0.066,434592000.0,157949000.0,0.0,0.2,0.989,35.112,36.158,491602000.0,83754000.0,6.87,2.432,2.465,0.0,-2814433000.0,592541000.0,592541000.0,0.0,,,,,0.0,434592000.0,1.0,717132197.0,757924000,760582000.0,0.782,53146754000.0,0.0,35049000.0,0.0,70.121,
43,HBAN,MRQ,2010-09-30,2010-09-30,2010-09-30,2021-09-07,-28396000.0,53246776000.0,,,,,7.766,-13830000.0,1413466000.0,1413466000.0,0.0,100946000.0,,8.564,5478416000.0,,,5478416000.0,0.0,73113000.0,41072371000.0,0.007,0.01,130636000.0,203749000.0,0.365,203749000.0,130636000.0,130636000.0,0.1,0.1,0.1,5567403000.0,,5567403000.0,8121861451.0,-20.0,-63.964,67637000.0,0.094,1.0,557945000.0,1.0,687934000.0,0.0,56623792000.0,,0.0,46770909000.0,,,47679373000.0,,,4078945451.0,13450000.0,0.0,0.0,21983000.0,-7190000.0,1203277000.0,-1271294000.0,-1296926000.0,81467000.0,0.0,100946000.0,71451000.0,71451000.0,0.0,0.0,0.128,427309000.0,130636000.0,0.0,0.1,0.733,-13.697,71.125,489349000.0,29495000.0,5.69,3.522,3.522,0.0,-2846392000.0,557945000.0,557945000.0,0.0,,,,,0.0,427309000.0,1.0,716862118.0,716911000,719567000.0,0.778,52558842000.0,0.0,29690000.0,0.0,73.313,
44,HBAN,MRQ,2010-06-30,2010-06-30,2010-06-30,2021-09-07,-84398000.0,51770838000.0,,,,,7.589,-18888000.0,1415244000.0,1415244000.0,0.0,48764000.0,,8.519,5458160000.0,,,5458160000.0,0.0,66227000.0,39848507000.0,0.007,0.01,62083000.0,128310000.0,0.27,128310000.0,62083000.0,62083000.0,0.03,0.03,0.03,5438436000.0,,5438436000.0,7428491616.0,-9.0,-13.931,449628000.0,0.627,1.0,475893000.0,1.0,703079000.0,0.0,55110675000.0,,0.0,45255954000.0,,,46332402000.0,,,3969827616.0,-184864000.0,0.0,0.0,273506000.0,-7103000.0,-215654000.0,-437726000.0,-458888000.0,468516000.0,0.0,48764000.0,19338000.0,19338000.0,0.0,0.0,0.041,413810000.0,62083000.0,0.0,0.333,0.73,-7.03,-15.829,492859000.0,29426000.0,5.54,5.336,5.336,0.0,-2910115000.0,475893000.0,475893000.0,0.0,,,,,0.0,413810000.0,1.0,716575382.0,716580000,719387000.0,0.664,51067759000.0,0.0,13319000.0,0.0,71.266,
45,HBAN,MRQ,2010-03-31,2010-03-31,2010-03-31,2021-09-07,-133473000.0,51866798000.0,,,,,7.496,-13233000.0,1674722000.0,1674722000.0,0.0,39737000.0,,8.659,5133386000.0,,,5133386000.0,0.0,69730000.0,40303467000.0,0.007,0.01,1644000.0,71374000.0,0.179,71374000.0,1644000.0,1644000.0,0.01,0.01,0.01,5369686000.0,,5369686000.0,6699492866.0,-7.0,-8.962,302900000.0,0.423,1.0,399737000.0,1.0,718220000.0,0.0,54607242000.0,,0.0,44877947000.0,,,46497112000.0,,,3861300866.0,-210704000.0,0.0,0.0,-175644000.0,-7144000.0,-401341000.0,-125496000.0,-130326000.0,316133000.0,0.0,39737000.0,10380000.0,10380000.0,0.0,0.0,0.026,398093000.0,1644000.0,0.0,1.0,0.719,-5.037,-6.91,491573000.0,29357000.0,5.39,8.212,8.211,0.0,-2922161000.0,399737000.0,399737000.0,0.0,,,,,0.0,398093000.0,1.0,716382350.0,716320000,718593000.0,0.558,51148578000.0,0.0,-38093000.0,0.0,71.405,
46,HBAN,MRQ,2009-12-31,2009-12-31,2009-12-31,2021-09-07,-156985000.0,51554665000.0,,,,,10.015,-16551000.0,1840719000.0,1840719000.0,0.0,-369687000.0,,8.662,4678911000.0,,,4678911000.0,0.0,67568000.0,40493927000.0,0.011,0.01,-597977000.0,-530409000.0,1.926,-530409000.0,-597977000.0,-597977000.0,-0.06,-0.06,-0.06,5336002000.0,,5336002000.0,6210915511.0,-2.0,-1.8,111163000.0,0.209,1.0,-275382000.0,1.0,733366000.0,0.0,53659491000.0,,0.0,44441402000.0,,,46218663000.0,,,2609931511.0,-360764000.0,0.0,-17000.0,-1050944000.0,-5677000.0,-417369000.0,-71109000.0,-79305000.0,127714000.0,0.0,-369687000.0,-398976000.0,-398976000.0,0.0,0.0,1.449,322595000.0,-597977000.0,0.0,-0.167,0.489,-0.798,-0.594,496021000.0,29289000.0,3.65,7.347,5.474,0.0,-2922026000.0,-275382000.0,-275382000.0,0.0,,,,,0.0,322595000.0,1.0,715049729.0,532802000,532802000.0,-0.517,50821299000.0,0.0,-228290000.0,0.0,95.385,
47,HBAN,MRQ,2009-09-30,2009-09-30,2009-09-30,2021-09-07,-211842000.0,52512659000.0,,,,,9.624,-11576000.0,2280049000.0,2280049000.0,0.0,-166190000.0,,8.253,5881033000.0,,,5881033000.0,0.0,54865000.0,39829057000.0,0.035,0.01,-257362000.0,-202497000.0,-1.409,-202497000.0,-257362000.0,-257362000.0,-0.33,-0.33,-0.33,5675106000.0,,5675106000.0,6174410336.0,-2.0,-1.751,278405000.0,0.472,1.0,143735000.0,1.0,746260000.0,0.0,55367383000.0,,0.0,45427500000.0,,,46837553000.0,,,2680072336.0,-210496000.0,0.0,587335000.0,89647000.0,-5569000.0,1308784000.0,-1809261000.0,-1820661000.0,289981000.0,0.0,-166190000.0,-195413000.0,-195413000.0,0.0,0.0,-1.36,401097000.0,-257362000.0,0.0,-0.03,0.472,-0.81,-0.54,496280000.0,29223000.0,4.71,7.625,7.902,0.0,-2515707000.0,143735000.0,143735000.0,0.0,,,,,0.0,401097000.0,1.0,569017481.0,589708000,589708000.0,0.244,51766399000.0,0.0,-91172000.0,0.0,87.783,
48,HBAN,MRQ,2009-06-30,2009-06-30,2009-06-30,2021-09-07,-273525000.0,51397252000.0,,,,,11.368,-6150000.0,2475686000.0,2475686000.0,0.0,-125095000.0,,8.845,5970024000.0,,,5970024000.0,0.0,51852000.0,39165132000.0,0.068,0.01,-137845000.0,-85993000.0,-0.425,-85993000.0,-137845000.0,-137845000.0,-0.4,-0.4,-0.4,5220522000.0,,5220522000.0,5677766170.0,-2.0,-1.792,482845000.0,1.051,1.0,202137000.0,1.0,770346000.0,0.0,54121244000.0,,0.0,44166850000.0,,,46176730000.0,,,1680323170.0,-180227000.0,0.0,548327000.0,-709852000.0,-3523000.0,-87058000.0,-582164000.0,-596641000.0,488995000.0,0.0,-125095000.0,-182546000.0,-182546000.0,0.0,0.0,-0.903,339982000.0,-137845000.0,0.0,-0.025,0.322,-0.551,-0.508,503877000.0,57451000.0,4.18,2.63,3.005,0.0,-2313377000.0,202137000.0,202137000.0,0.0,,,,,0.0,339982000.0,1.0,401991189.0,459246000,459246000.0,0.44,50626906000.0,0.0,-12750000.0,0.0,110.239,
49,HBAN,MRQ,2009-03-31,2009-03-31,2009-03-31,2021-09-07,-279589000.0,51702125000.0,,,,,13.122,-14946000.0,2655586000.0,2655586000.0,0.0,-2433207000.0,,9.738,6653029000.0,,,6653029000.0,0.0,53756000.0,39070273000.0,0.246,0.01,-2684999000.0,-2631243000.0,-9.24,-2631243000.0,-2684999000.0,-2684999000.0,-6.79,-6.79,-6.79,4814736000.0,,4814736000.0,7688403655.0,-2.0,-2.656,1044626000.0,2.847,1.0,284770000.0,1.0,791682000.0,0.0,54907886000.0,,0.0,44183148000.0,,,46887389000.0,,,607795655.0,1428163000.0,0.0,0.0,-1555868000.0,-40257000.0,-498582000.0,867173000.0,874254000.0,1059572000.0,0.0,-2433207000.0,-2492000000.0,-2492000000.0,0.0,0.0,-8.751,2969769000.0,-2684999000.0,0.0,-0.001,0.126,-0.219,-0.219,517130000.0,58793000.0,1.66,0.645,0.646,0.0,-2128592000.0,284770000.0,284770000.0,0.0,,,,,0.0,2969769000.0,1.0,366141961.0,366919000,366919000.0,0.776,50910443000.0,0.0,-251792000.0,0.0,138.751,
50,HBAN,MRQ,2008-12-31,2008-12-31,2008-12-31,2021-09-07,-326693000.0,54352859000.0,,,,,19.748,-15055000.0,1099254000.0,1099254000.0,0.0,-417289000.0,,6.519,8179862000.0,,,8179862000.0,0.0,63607000.0,37943286000.0,0.087,0.133,-669238000.0,-605631000.0,2.17,-605631000.0,-669238000.0,-669238000.0,-1.21,-1.2,-1.21,7228906000.0,,7228906000.0,11423509416.0,-39.0,-223.342,249678000.0,0.682,1.0,-279144000.0,1.0,3411688000.0,0.0,58021779000.0,,0.0,45093485000.0,,,47123953000.0,,,2803946416.0,-326090000.0,0.0,0.0,-1544967000.0,-47632000.0,166055000.0,-756878000.0,-736029000.0,264733000.0,0.0,-417289000.0,-440447000.0,-440447000.0,0.0,0.0,1.578,390094000.0,-669238000.0,0.0,-0.11,0.388,-17.502,-17.409,519500000.0,23158000.0,7.66,2.373,2.374,0.0,367364000.0,-279144000.0,-279144000.0,0.0,,,,,0.0,390094000.0,1.0,366050446.0,366056000,362816000.0,-0.763,50941171000.0,0.0,-251949000.0,0.0,139.162,
51,HBAN,MRQ,2008-09-30,2008-09-30,2008-09-30,2021-09-07,-266677000.0,54660589000.0,,,,,17.414,-13768000.0,1199536000.0,1199536000.0,0.0,75063000.0,,7.573,9819099000.0,,,9819099000.0,0.0,62010000.0,37569056000.0,0.099,0.133,92105000.0,154115000.0,0.357,154115000.0,92105000.0,92105000.0,0.17,0.17,0.17,6375760000.0,,6375760000.0,11311212976.0,-454.0,55.649,678884000.0,1.854,1.0,431101000.0,1.0,3432300000.0,0.0,59847852000.0,,0.0,46590568000.0,,,48284829000.0,,,2925541976.0,-187394000.0,0.0,0.0,-57628000.0,-48355000.0,-675359000.0,-204687000.0,-163829000.0,692652000.0,0.0,75063000.0,62972000.0,62972000.0,0.0,0.0,0.146,338996000.0,92105000.0,0.0,0.782,0.459,71.423,-72.636,527798000.0,12091000.0,7.99,1.948,1.948,0.0,856887000.0,431101000.0,431101000.0,0.0,,,,,0.0,338996000.0,1.0,366150435.0,366124000,367361000.0,1.177,51228289000.0,0.0,17042000.0,0.0,139.921,
52,HBAN,MRQ,2008-06-30,2008-06-30,2008-06-30,2021-09-07,-243122000.0,55333841000.0,,,,,17.431,-17493000.0,1473674000.0,1473674000.0,0.0,101352000.0,,7.669,9859345000.0,,,9859345000.0,0.0,60118000.0,38124426000.0,0.161,0.133,127680000.0,187798000.0,0.372,187798000.0,127680000.0,127680000.0,0.25,0.25,0.25,6383213000.0,,6383213000.0,11476380532.0,165.0,41.741,267911000.0,0.732,1.0,505483000.0,1.0,3451941000.0,0.0,60267571000.0,,0.0,46815647000.0,,,48950628000.0,,,2113028532.0,-923090000.0,0.0,0.0,-981082000.0,-86824000.0,-505637000.0,-702857000.0,-633702000.0,285404000.0,0.0,101352000.0,90201000.0,90201000.0,0.0,0.0,0.178,377803000.0,127680000.0,0.0,0.532,0.331,18.186,57.7,533789000.0,11151000.0,5.77,1.286,1.286,0.0,842563000.0,505483000.0,505483000.0,0.0,,,,,0.0,377803000.0,1.0,366209451.0,366206000,367234000.0,1.38,51881900000.0,0.0,26328000.0,0.0,141.674,
53,HBAN,MRQ,2008-03-31,2008-03-31,2008-03-31,2021-09-07,-122217000.0,56051969000.0,,,,,16.133,-13629000.0,1495643000.0,1495643000.0,0.0,127068000.0,,8.487,10858995000.0,,,10858995000.0,0.0,59125000.0,38116341000.0,0.099,0.265,153445000.0,212570000.0,0.406,212570000.0,153445000.0,153445000.0,0.35,0.35,0.35,5908599000.0,,5908599000.0,11978974636.0,256.0,56.506,-19089000.0,-0.052,1.0,523926000.0,1.0,3456462000.0,0.0,61958859000.0,,0.0,47617573000.0,,,50143370000.0,,,3937114636.0,271996000.0,0.0,0.0,1042634000.0,-96797000.0,1312742000.0,-1035286000.0,-978608000.0,-5460000.0,0.0,127068000.0,127068000.0,127068000.0,0.0,0.0,0.243,370481000.0,153445000.0,0.0,0.757,0.666,36.964,56.579,544718000.0,0.0,10.75,2.648,2.647,0.0,800947000.0,523926000.0,523926000.0,0.0,,,,,0.0,370481000.0,1.0,366243222.0,366235000,367208000.0,1.431,52595507000.0,0.0,26377000.0,0.0,143.611,
54,HBAN,MRQ,2007-12-31,2007-12-31,2007-12-31,2021-09-07,-49611000.0,54697468000.0,,,,,19.771,-33459000.0,1756687000.0,1756687000.0,0.0,-239280000.0,,8.194,9798547000.0,,,9798547000.0,0.0,46922000.0,37742921000.0,0.072,0.265,-398144000.0,-351222000.0,-8.482,-351222000.0,-398144000.0,-398144000.0,-0.88,-0.87,-0.88,5949140000.0,,5949140000.0,12747231960.0,563.0,85.036,1052762000.0,3.499,1.0,41410000.0,1.0,3487303000.0,0.0,59252025000.0,,0.0,46095840000.0,,,48748328000.0,,,5400660960.0,376021000.0,-31239000.0,0.0,933809000.0,-96191000.0,169545000.0,-879745000.0,-767916000.0,1086221000.0,0.0,-239280000.0,-239280000.0,-239280000.0,0.0,0.0,-5.778,439554000.0,-398144000.0,0.0,-0.301,0.908,71.847,59.04,557565000.0,0.0,14.76,4.047,3.328,0.0,771689000.0,41410000.0,41410000.0,0.0,,,,,0.0,439554000.0,1.0,365898439.0,300908000,303455000.0,0.138,51210165000.0,0.0,-158864000.0,0.0,170.185,
55,HBAN,MRQ,2007-09-30,2007-09-30,2007-09-30,2021-09-07,-74101000.0,55303927000.0,,,,,17.081,-22962000.0,1491222000.0,1491222000.0,0.0,138202000.0,,7.849,8837393000.0,,,8837393000.0,0.0,39059000.0,38404365000.0,0.062,0.265,186737000.0,225796000.0,0.395,225796000.0,186737000.0,186737000.0,0.38,0.38,0.38,6249674000.0,,6249674000.0,12892123863.0,24.0,20.162,-968875000.0,-2.648,1.0,572300000.0,1.0,3439407000.0,0.0,59210691000.0,,0.0,45766767000.0,,,49054253000.0,,,6213400863.0,-42732000.0,-48821000.0,0.0,145987000.0,-69564000.0,1026021000.0,-122840000.0,-63173000.0,-945913000.0,0.0,138202000.0,138202000.0,138202000.0,0.0,0.0,0.241,385563000.0,186737000.0,0.0,0.697,0.994,15.45,11.32,547380000.0,0.0,16.98,3.707,3.707,0.0,1108001000.0,572300000.0,572300000.0,0.0,,,,,0.0,385563000.0,1.0,365924668.0,365895000,368280000.0,1.564,51864520000.0,0.0,48535000.0,0.0,141.747,
56,HBAN,MRQ,2007-06-30,2007-06-30,2007-06-30,2021-09-07,-80790000.0,36420686000.0,,,,,12.982,-34466000.0,1090010000.0,1090010000.0,0.0,80521000.0,,10.886,7768733000.0,,,7768733000.0,0.0,20054000.0,24599912000.0,0.045,0.265,104796000.0,124850000.0,0.357,124850000.0,104796000.0,104796000.0,0.34,0.34,0.34,3064141000.0,,3064141000.0,10626675220.0,24.0,19.777,-698484000.0,-2.959,1.0,349451000.0,1.0,624384000.0,0.0,42475025000.0,,0.0,32192364000.0,,,33356545000.0,,,5364516220.0,106750000.0,0.0,0.0,1563128000.0,-62463000.0,1535393000.0,-764625000.0,-744999000.0,-664018000.0,0.0,80521000.0,80521000.0,80521000.0,0.0,0.0,0.23,244655000.0,104796000.0,0.0,0.779,1.751,12.73,12.775,398436000.0,0.0,22.74,3.718,3.72,0.0,1066800000.0,349451000.0,349451000.0,0.0,,,,,0.0,244655000.0,1.0,235906606.0,236032000,239008000.0,1.481,35796302000.0,0.0,24275000.0,0.0,151.659,
57,HBAN,MRQ,2007-03-31,2007-03-31,2007-03-31,2021-09-07,-59509000.0,34979299000.0,,,,,12.952,-18563000.0,967673000.0,967673000.0,0.0,95726000.0,,10.464,6229831000.0,,,6229831000.0,0.0,21226000.0,24585893000.0,0.046,0.265,129254000.0,150480000.0,0.405,150480000.0,129254000.0,129254000.0,0.41,0.4,0.41,3051360000.0,,3051360000.0,10220452343.0,21.0,17.053,162368000.0,0.689,1.0,371326000.0,1.0,626944000.0,0.0,39614513000.0,,0.0,30764566000.0,,,31927939000.0,,,5145815343.0,48460000.0,0.0,0.0,32110000.0,-61540000.0,-494311000.0,361840000.0,365223000.0,180931000.0,0.0,95726000.0,95726000.0,95726000.0,0.0,0.0,0.258,242072000.0,129254000.0,0.0,0.646,1.686,11.372,11.5,377687000.0,0.0,21.85,3.424,3.426,0.0,1049021000.0,371326000.0,371326000.0,0.0,,,,,0.0,242072000.0,1.0,235506423.0,235586000,238754000.0,1.576,34352355000.0,0.0,33528000.0,0.0,145.817,
58,HBAN,MRQ,2006-12-31,2006-12-31,2006-12-31,2021-09-07,-55066000.0,35329019000.0,,,,,12.75,-18880000.0,1154331000.0,1154331000.0,0.0,87715000.0,,10.72,6188807000.0,,,6188807000.0,0.0,23247000.0,25047770000.0,0.042,0.25,115061000.0,138308000.0,0.361,138308000.0,115061000.0,115061000.0,0.37,0.36,0.37,3014326000.0,,3014326000.0,11358559250.0,22.0,18.153,161047000.0,0.681,1.0,382851000.0,1.0,630363000.0,0.0,39733132000.0,,0.0,30991343000.0,,,32314693000.0,,,5643736250.0,302241000.0,-5735000.0,-74937000.0,-480476000.0,-69211000.0,-307837000.0,430151000.0,439640000.0,179927000.0,0.0,87715000.0,87715000.0,87715000.0,0.0,0.0,0.229,267790000.0,115061000.0,0.0,0.676,1.872,12.237,12.179,372772000.0,0.0,23.75,3.725,3.71,0.0,1015769000.0,382851000.0,382851000.0,0.0,,,,,0.0,267790000.0,1.0,237631000.0,236426000,239881000.0,1.619,34698656000.0,0.0,27346000.0,0.0,146.763,
59,HBAN,MRQ,2006-09-30,2006-09-30,2006-09-30,2021-09-07,32076000.0,35661948000.0,,,,,13.168,-15682000.0,907421000.0,907421000.0,0.0,157446000.0,,10.395,6622244000.0,,,6622244000.0,0.0,27057000.0,24738395000.0,0.04,0.25,96631000.0,123688000.0,0.365,123688000.0,96631000.0,96631000.0,0.66,0.65,0.66,3129746000.0,,3129746000.0,12179024735.0,23.0,18.7,126348000.0,0.532,1.0,339061000.0,1.0,632760000.0,0.0,40744011000.0,,0.0,31494594000.0,,,32532202000.0,,,5684135735.0,-23207000.0,0.0,45000.0,-764028000.0,-58810000.0,-674716000.0,509479000.0,501453000.0,142030000.0,0.0,157446000.0,157446000.0,157446000.0,0.0,0.0,0.464,242430000.0,96631000.0,0.0,0.379,1.816,11.99,11.905,367709000.0,0.0,23.93,3.809,3.811,0.0,986861000.0,339061000.0,339061000.0,0.0,,,,,0.0,242430000.0,1.0,237531790.0,237672000,240896000.0,1.427,35029188000.0,0.0,-60815000.0,0.0,147.385,
60,HBAN,MRQ,2006-06-30,2006-06-30,2006-06-30,2021-09-07,-44091000.0,36265777000.0,,,,,12.159,-5169000.0,913697000.0,913697000.0,0.0,111604000.0,,11.339,7369672000.0,,,7369672000.0,0.0,29731000.0,24592932000.0,0.039,0.25,157110000.0,186841000.0,0.456,186841000.0,157110000.0,157110000.0,0.46,0.46,0.46,2939156000.0,,2939156000.0,11667393823.0,20.0,16.485,-127921000.0,-0.529,1.0,409469000.0,1.0,635838000.0,0.0,42085914000.0,,0.0,31969585000.0,,,33326621000.0,,,5783597823.0,95357000.0,0.0,-190617000.0,731429000.0,-61418000.0,532471000.0,-314362000.0,-347902000.0,-122752000.0,0.0,111604000.0,111604000.0,111604000.0,0.0,0.0,0.273,252359000.0,157110000.0,0.0,0.543,1.968,13.602,12.956,365763000.0,0.0,23.58,3.76,3.706,0.0,888911000.0,409469000.0,409469000.0,0.0,,,,,0.0,252359000.0,1.0,245275565.0,241729000,244538000.0,1.694,35629939000.0,0.0,45506000.0,0.0,147.396,
61,HBAN,MRQ,2006-03-31,2006-03-31,2006-03-31,2021-09-07,-31434000.0,35665909000.0,,,,,13.336,-7476000.0,820462000.0,820462000.0,0.0,104456000.0,,10.579,6664957000.0,,,6664957000.0,0.0,31614000.0,24555163000.0,0.037,0.25,145259000.0,176873000.0,0.461,176873000.0,145259000.0,145259000.0,0.45,0.45,0.45,3080180000.0,,3080180000.0,10930071648.0,19.0,15.322,17778000.0,0.077,1.0,383674000.0,1.0,639809000.0,0.0,40870595000.0,,0.0,31667553000.0,,,32585729000.0,,,5390717648.0,105580000.0,66507000.0,-113326000.0,-11365000.0,-41678000.0,294298000.0,-213972000.0,-316366000.0,25254000.0,0.0,104456000.0,104456000.0,104456000.0,0.0,0.0,0.272,238415000.0,145259000.0,0.0,0.556,1.75,12.834,13.258,375740000.0,0.0,24.13,3.561,3.682,0.0,836549000.0,383674000.0,383674000.0,0.0,,,,,0.0,238415000.0,1.0,223403135.0,230968000,234363000.0,1.661,35026100000.0,0.0,40803000.0,685559000.0,151.649,
62,HBAN,MRQ,2005-12-31,2005-12-31,2005-12-31,2021-09-07,-22093000.0,32764805000.0,,,,,11.282,1138000.0,988836000.0,988836000.0,0.0,100573000.0,,11.811,6523654000.0,,,6523654000.0,0.0,34078000.0,22409675000.0,0.036,0.215,129812000.0,163890000.0,0.455,163890000.0,129812000.0,129812000.0,0.44,0.44,0.44,2557501000.0,,2557501000.0,11127433555.0,20.0,15.529,342915000.0,1.513,1.0,360167000.0,1.0,217486000.0,0.0,38082137000.0,,0.0,29107633000.0,,,30207304000.0,,,5419680555.0,159026000.0,0.0,-159571000.0,-24573000.0,-58206000.0,-242227000.0,59476000.0,44126000.0,341777000.0,0.0,100573000.0,100573000.0,100573000.0,0.0,0.0,0.279,230355000.0,129812000.0,0.0,0.489,2.119,13.152,13.268,360677000.0,0.0,23.75,3.581,3.612,0.0,781844000.0,360167000.0,360167000.0,0.0,,,,,0.0,230355000.0,1.0,228197076.0,226698000,229719000.0,1.589,32547319000.0,0.0,29239000.0,743655000.0,143.571,
63,HBAN,MRQ,2005-09-30,2005-09-30,2005-09-30,2021-09-07,-21839000.0,32762988000.0,,,,,11.411,-22562000.0,825804000.0,825804000.0,0.0,108574000.0,,11.492,6487996000.0,,,6487996000.0,0.0,28535000.0,22349122000.0,0.037,0.215,151626000.0,180161000.0,0.468,180161000.0,151626000.0,151626000.0,0.47,0.47,0.47,2622675000.0,,2622675000.0,10483210320.0,19.0,14.279,412900000.0,1.797,1.0,384678000.0,1.0,217703000.0,0.0,38207477000.0,,0.0,29266081000.0,,,30140313000.0,,,5186544320.0,-215992000.0,0.0,-45948000.0,154678000.0,-49902000.0,83874000.0,-735328000.0,-783389000.0,435462000.0,0.0,108574000.0,108574000.0,108574000.0,0.0,0.0,0.282,233052000.0,151626000.0,0.0,0.457,1.978,12.881,12.84,358876000.0,0.0,22.47,3.319,3.305,0.0,729536000.0,384678000.0,384678000.0,0.0,,,,,0.0,233052000.0,1.0,230820842.0,229830000,233456000.0,1.674,32545285000.0,0.0,43052000.0,768344000.0,141.606,
64,HBAN,MRQ,2005-06-30,2005-06-30,2005-06-30,2021-09-07,-720000.0,32988974000.0,,,,,11.329,-19796000.0,999190000.0,999190000.0,0.0,106425000.0,,11.54,6288347000.0,,,6288347000.0,0.0,55406000.0,22330576000.0,0.034,0.215,137039000.0,192445000.0,0.5,192445000.0,137039000.0,137039000.0,0.46,0.45,0.46,2630775000.0,,2630775000.0,10803760276.0,21.0,14.168,-532194000.0,-2.292,1.0,385175000.0,1.0,217576000.0,0.0,38060555000.0,,0.0,29007397000.0,,,30358199000.0,,,5607601276.0,38063000.0,0.0,-33912000.0,118032000.0,-47136000.0,591460000.0,-40999000.0,-114339000.0,-512398000.0,0.0,106425000.0,106425000.0,106425000.0,0.0,0.0,0.276,248136000.0,137039000.0,0.0,0.467,2.132,14.469,14.284,356697000.0,0.0,24.14,3.542,3.541,0.0,670328000.0,385175000.0,385175000.0,0.0,,,,,0.0,248136000.0,1.0,232294999.0,232217000,235671000.0,1.659,32771398000.0,0.0,30614000.0,784504000.0,141.124,
65,HBAN,MRQ,2005-03-31,2005-03-31,2005-03-31,2021-09-07,-18686000.0,32182599000.0,,,,,11.171,-16068000.0,944250000.0,944250000.0,0.0,96519000.0,,11.427,6133215000.0,,,6133215000.0,0.0,54958000.0,21770973000.0,0.032,0.2,125097000.0,180055000.0,0.47,180055000.0,125097000.0,125097000.0,0.42,0.41,0.42,2589773000.0,,2589773000.0,12220270666.0,23.0,15.078,393790000.0,1.699,1.0,383374000.0,1.0,217780000.0,0.0,37153784000.0,,0.0,28492997000.0,,,29592826000.0,,,5541384666.0,-445681000.0,0.0,7775000.0,-1400954000.0,-45384000.0,-430432000.0,-425107000.0,-532229000.0,409858000.0,0.0,96519000.0,96519000.0,96519000.0,0.0,0.0,0.252,258277000.0,125097000.0,0.0,0.476,2.14,14.163,13.977,354979000.0,0.0,23.9,3.392,3.392,0.0,613766000.0,383374000.0,383374000.0,0.0,,,,,0.0,258277000.0,1.0,231857099.0,231824000,235053000.0,1.654,31964819000.0,0.0,28578000.0,781152000.0,137.884,
66,HBAN,MRQ,2004-12-31,2004-12-31,2004-12-31,2021-09-07,-10903000.0,32565497000.0,,,,,10.978,-12947000.0,899718000.0,899718000.0,0.0,91139000.0,,11.833,7578604000.0,,,7578604000.0,0.0,53172000.0,20768161000.0,0.03,0.2,128340000.0,181512000.0,0.443,181512000.0,128340000.0,128340000.0,0.4,0.39,0.4,2537638000.0,,2537638000.0,12288262795.0,22.0,14.309,-9068000.0,-0.039,1.0,409354000.0,1.0,215807000.0,0.0,39028576000.0,,0.0,28689150000.0,,,30027859000.0,,,5717554795.0,-386831000.0,0.0,-18301000.0,-83020000.0,-46302000.0,562495000.0,-953205000.0,-1027448000.0,3879000.0,0.0,91139000.0,91139000.0,91139000.0,0.0,0.0,0.223,281014000.0,128340000.0,0.0,0.5,2.253,14.332,14.218,355115000.0,0.0,24.74,3.414,3.396,0.0,563596000.0,409354000.0,409354000.0,0.0,,,,,0.0,281014000.0,1.0,231105691.0,231149000,235503000.0,1.771,32349690000.0,0.0,37201000.0,783628000.0,139.952,
67,HBAN,MRQ,2004-09-30,2004-09-30,2004-09-30,2021-09-07,-13812000.0,31808240000.0,,,,,10.707,-6655000.0,1089513000.0,1089513000.0,0.0,93486000.0,,11.925,7660221000.0,,,7660221000.0,0.0,76799000.0,20109025000.0,0.029,0.2,131741000.0,208540000.0,0.515,208540000.0,131741000.0,131741000.0,0.41,0.4,0.41,2460917000.0,,2460917000.0,12542428940.0,23.0,13.301,165317000.0,0.719,1.0,405164000.0,1.0,216011000.0,0.0,38162937000.0,,0.0,27619733000.0,,,29347323000.0,,,5721462940.0,535424000.0,0.0,10785000.0,-394944000.0,-41534000.0,202073000.0,161379000.0,55998000.0,171972000.0,0.0,93486000.0,93486000.0,93486000.0,0.0,0.0,0.231,273423000.0,131741000.0,0.0,0.488,2.325,14.266,14.234,356438000.0,0.0,24.91,3.346,3.348,0.0,518792000.0,405164000.0,405164000.0,0.0,,,,,0.0,273423000.0,1.0,229685385.0,229848000,234348000.0,1.763,31592229000.0,0.0,38255000.0,723525000.0,137.448,
68,HBAN,MRQ,2004-06-30,2004-06-30,2004-06-30,2021-09-07,-27204000.0,31421206000.0,,,,,10.401,-23757000.0,1187004000.0,1187004000.0,0.0,110127000.0,,12.167,8007970000.0,,,8007970000.0,0.0,86860000.0,19465146000.0,0.038,0.175,153511000.0,240371000.0,0.552,240371000.0,153511000.0,153511000.0,0.48,0.47,0.48,2386369000.0,,2386369000.0,12385992407.0,23.0,12.426,134742000.0,0.587,1.0,435664000.0,1.0,216215000.0,0.0,38025957000.0,,0.0,27008784000.0,,,29034837000.0,,,5271847407.0,365494000.0,0.0,1074000.0,151983000.0,-39970000.0,601469000.0,-394474000.0,-497302000.0,158499000.0,0.0,110127000.0,110127000.0,110127000.0,0.0,0.0,0.253,282153000.0,153511000.0,0.0,0.365,2.209,13.231,13.283,354534000.0,0.0,22.98,3.019,3.019,0.0,471356000.0,435664000.0,435664000.0,0.0,,,,,0.0,282153000.0,1.0,229410244.0,229429000,232659000.0,1.899,31204991000.0,0.0,43384000.0,699148000.0,136.012,
69,HBAN,MRQ,2004-03-31,2004-03-31,2004-03-31,2021-09-07,21490000.0,31039080000.0,,,,,10.314,-13172000.0,820459000.0,820459000.0,0.0,104173000.0,,12.129,7934604000.0,,,7934604000.0,0.0,89282000.0,18988846000.0,0.039,0.175,139074000.0,228356000.0,0.538,228356000.0,139074000.0,139074000.0,0.45,0.45,0.45,2364179000.0,,2364179000.0,12389647593.0,23.0,12.391,180694000.0,0.788,1.0,424728000.0,1.0,216805000.0,0.0,37936420000.0,,0.0,26828265000.0,,,28674901000.0,,,5053127593.0,-5230000.0,0.0,6442000.0,-402172000.0,-40269000.0,58020000.0,-257116000.0,-372307000.0,193866000.0,0.0,104173000.0,104173000.0,104173000.0,0.0,0.0,0.245,285654000.0,139074000.0,0.0,0.389,2.137,13.132,13.192,351073000.0,0.0,22.03,2.902,2.9,0.0,401395000.0,424728000.0,424728000.0,0.0,,,,,0.0,285654000.0,1.0,229374834.0,229227000,232915000.0,1.853,30822275000.0,0.0,34901000.0,687820000.0,134.462,
70,HBAN,MRQ,2003-12-31,2003-12-31,2003-12-31,2021-09-07,2678000.0,30519326000.0,,,,,10.177,-19938000.0,933316000.0,933316000.0,0.0,93261000.0,,12.415,8305358000.0,,,8305358000.0,0.0,138717000.0,18487395000.0,0.038,0.175,127019000.0,265736000.0,0.598,265736000.0,127019000.0,127019000.0,0.41,0.4,0.41,2275002000.0,,2275002000.0,12079225630.0,24.0,11.916,532153000.0,2.381,1.0,444484000.0,1.0,217009000.0,0.0,37674359000.0,,0.0,26035578000.0,,,28244324000.0,,,5149917630.0,133884000.0,0.0,4006000.0,510437000.0,-40016000.0,125943000.0,-544150000.0,-630167000.0,552091000.0,0.0,93261000.0,93261000.0,93261000.0,0.0,0.0,0.21,317465000.0,127019000.0,0.0,0.427,2.264,13.83,13.889,349712000.0,0.0,22.5,2.936,2.942,0.0,337358000.0,444484000.0,444484000.0,0.0,,,,,0.0,317465000.0,1.0,228885228.0,223545000,232269000.0,1.988,30302317000.0,0.0,33758000.0,654535000.0,135.554,
71,HBAN,MRQ,2003-09-30,2003-09-30,2003-09-30,2021-09-07,25865000.0,30128923000.0,,,,,9.705,-19080000.0,813280000.0,813280000.0,0.0,90882000.0,,12.442,7776325000.0,,,7776325000.0,0.0,134206000.0,18833856000.0,0.042,0.35,128112000.0,262318000.0,0.594,262318000.0,128112000.0,128112000.0,0.39,0.39,0.39,2241456000.0,,2241456000.0,9846754263.0,21.0,10.698,549967000.0,2.381,1.0,441624000.0,1.0,217212000.0,0.0,36874756000.0,,0.0,25619227000.0,,,27887467000.0,,,4539562263.0,-364962000.0,-81367000.0,3490000.0,391276000.0,-37293000.0,1013968000.0,-1947977000.0,-1983379000.0,569047000.0,0.0,90882000.0,90882000.0,90882000.0,0.0,0.0,0.206,300182000.0,141442000.0,0.0,0.897,2.025,13.031,13.233,338863000.0,0.0,19.85,2.625,2.651,0.0,283987000.0,441624000.0,441624000.0,0.0,,,,,0.0,300182000.0,1.0,228693313.0,230966000,230966000.0,1.912,29911711000.0,0.0,37230000.0,0.0,129.507,
72,HBAN,MRQ,2003-06-30,2003-06-30,2003-06-30,2021-09-07,40817000.0,28337213000.0,,,,,9.632,-11642000.0,1198014000.0,1198014000.0,0.0,96490000.0,,11.868,6538486000.0,,,6538486000.0,0.0,110351000.0,18371359000.0,0.033,0.16,133166000.0,243517000.0,0.566,243517000.0,133166000.0,133166000.0,0.42,0.42,0.42,2202199000.0,,2202199000.0,10377743971.0,22.0,11.556,56814000.0,0.248,1.0,430199000.0,1.0,218080000.0,0.0,33459605000.0,,0.0,23268841000.0,,,26135014000.0,,,4460550971.0,317343000.0,0.0,441000.0,-330357000.0,-45672000.0,288031000.0,-39144000.0,-219345000.0,68456000.0,0.0,96490000.0,96490000.0,96490000.0,0.0,0.0,0.224,297033000.0,133166000.0,0.0,0.381,2.025,12.91,13.182,332916000.0,0.0,19.51,2.588,2.588,0.0,233453000.0,430199000.0,430199000.0,0.0,,,,,0.0,297033000.0,1.0,228628958.0,228633000,230572000.0,1.882,28119133000.0,0.0,36676000.0,0.0,122.988,
73,HBAN,MRQ,2003-03-31,2003-03-31,2003-03-31,2021-09-07,54630000.0,27904634000.0,,,,,9.319,-6529000.0,899899000.0,899899000.0,0.0,91730000.0,,11.943,6852415000.0,,,6852415000.0,0.0,119772000.0,17688984000.0,0.034,0.16,122360000.0,242132000.0,0.553,242132000.0,122360000.0,122360000.0,0.39,0.39,0.39,2156046000.0,,2156046000.0,9988949226.0,24.0,11.257,143147000.0,0.619,1.0,437839000.0,1.0,218363000.0,0.0,33638787000.0,,0.0,22862840000.0,,,25748588000.0,,,4291170226.0,-108525000.0,0.0,-80916000.0,128112000.0,-28042000.0,224848000.0,-483049000.0,-629552000.0,149676000.0,0.0,91730000.0,91730000.0,91730000.0,0.0,0.0,0.21,315479000.0,122360000.0,0.0,0.41,1.99,13.41,13.77,340223000.0,0.0,18.59,2.506,2.512,0.0,173200000.0,437839000.0,437839000.0,0.0,,,,,0.0,315479000.0,1.0,230832180.0,231355000,232805000.0,1.892,27686271000.0,0.0,30630000.0,0.0,119.67,
74,HBAN,MRQ,2002-12-31,2002-12-31,2002-12-31,2021-09-07,62300000.0,27527932000.0,,,,,9.42,-14032000.0,1006783000.0,1006783000.0,0.0,69263000.0,,11.571,6704562000.0,,,6704562000.0,0.0,81985000.0,17499326000.0,0.034,0.16,90489000.0,172474000.0,0.411,172474000.0,90489000.0,90489000.0,0.3,0.3,0.3,2189793000.0,,2189793000.0,9590905063.0,18.0,9.567,26638000.0,0.115,1.0,419798000.0,1.0,218567000.0,0.0,33007144000.0,,0.0,22239570000.0,,,25338139000.0,,,4407038063.0,-60524000.0,0.0,-75569000.0,473844000.0,-47757000.0,719883000.0,-821077000.0,-986179000.0,40670000.0,0.0,69263000.0,69263000.0,69263000.0,0.0,0.0,0.165,329309000.0,90489000.0,0.0,0.533,2.013,13.613,13.963,341366000.0,0.0,18.71,2.323,2.39,0.0,118471000.0,419798000.0,419798000.0,0.0,,,,,0.0,329309000.0,1.0,235544525.0,232454000,234985000.0,1.806,27309365000.0,0.0,21226000.0,0.0,117.483,
75,HBAN,MRQ,2002-09-30,2002-09-30,2002-09-30,2021-09-07,60556000.0,26712886000.0,,,,,9.343,19003000.0,1048413000.0,1048413000.0,0.0,88015000.0,,10.917,6232280000.0,,,6232280000.0,0.0,123859000.0,17117811000.0,0.035,0.16,116067000.0,239926000.0,0.551,239926000.0,116067000.0,116067000.0,0.37,0.36,0.37,2241621000.0,,2241621000.0,8596318399.0,22.0,6.703,263144000.0,1.097,1.0,435563000.0,1.0,218424000.0,0.0,31678329000.0,,0.0,21158666000.0,,,24471265000.0,,,4376067399.0,144902000.0,7871000.0,-118586000.0,1063427000.0,-39052000.0,1174650000.0,-1273777000.0,-1526360000.0,244141000.0,0.0,88015000.0,88015000.0,88015000.0,0.0,0.0,0.202,319496000.0,116067000.0,0.0,0.432,1.952,15.833,16.097,339984000.0,0.0,18.19,1.973,1.968,0.0,86270000.0,435563000.0,435563000.0,0.0,,,,,0.0,319496000.0,1.0,240575448.0,239925000,241357000.0,1.815,26494462000.0,0.0,28052000.0,0.0,110.428,
76,HBAN,MRQ,2002-06-30,2002-06-30,2002-06-30,2021-09-07,28655000.0,25354572000.0,,,,,9.198,-35470000.0,886946000.0,886946000.0,0.0,70978000.0,,10.2,5107197000.0,,,5107197000.0,0.0,137447000.0,16861100000.0,0.025,0.16,95353000.0,232800000.0,0.555,232800000.0,95353000.0,95353000.0,0.29,0.29,0.29,2263804000.0,,2263804000.0,9144324374.0,28.0,8.167,82313000.0,0.334,1.0,419099000.0,1.0,210685000.0,0.0,29364138000.0,,0.0,19709873000.0,,,23090768000.0,,,4801560374.0,219955000.0,-4026000.0,-148403000.0,67025000.0,-39992000.0,460461000.0,-358401000.0,-379593000.0,117783000.0,0.0,70978000.0,70978000.0,70978000.0,0.0,0.0,0.169,323746000.0,95353000.0,0.0,0.552,2.121,20.785,20.882,353931000.0,0.0,19.42,2.272,2.262,0.0,36967000.0,419099000.0,419099000.0,0.0,,,,,0.0,323746000.0,1.0,247248217.0,246106000,247867000.0,1.703,25143887000.0,0.0,24375000.0,0.0,102.167,
77,HBAN,MRQ,2002-03-31,2002-03-31,2002-03-31,2021-09-07,9484000.0,24694613000.0,,,,,9.4,-7872000.0,683849000.0,683849000.0,0.0,95475000.0,,9.476,5026613000.0,,,5026613000.0,0.0,136549000.0,16266785000.0,0.026,0.16,220796000.0,357345000.0,0.574,357345000.0,220796000.0,220796000.0,0.38,0.38,0.38,2357144000.0,,2357144000.0,8798284659.0,39.0,9.805,619595000.0,2.471,1.0,622392000.0,1.0,209942000.0,0.0,28827435000.0,,0.0,19044937000.0,,,22337469000.0,,,4948927659.0,-507211000.0,-1289917000.0,-24242000.0,22324000.0,-40201000.0,811715000.0,-1946393000.0,-592686000.0,627467000.0,0.0,95475000.0,95475000.0,95475000.0,0.0,0.0,0.153,401596000.0,220796000.0,0.0,0.421,2.1,30.473,30.308,362135000.0,0.0,19.7,2.534,2.529,0.0,5027000.0,622392000.0,622392000.0,0.0,,,,,0.0,401596000.0,1.0,251214602.0,250749000,251953000.0,2.482,24484671000.0,0.0,125321000.0,0.0,97.646,
78,HBAN,MRQ,2001-12-31,2001-12-31,2001-12-31,2021-09-07,25488000.0,28416945000.0,,,,,9.323,-17867000.0,1159571000.0,1159571000.0,0.0,21924000.0,,11.134,5008928000.0,,,5008928000.0,0.0,492637000.0,20187304000.0,0.033,0.16,-40242000.0,452395000.0,0.61,452395000.0,-40242000.0,-40242000.0,0.09,0.09,0.09,2341897000.0,,2341897000.0,8203399297.0,86.0,12.328,256470000.0,1.021,1.0,741095000.0,1.0,716054000.0,0.0,31550248000.0,,0.0,21686541000.0,,,26075048000.0,,,4318011297.0,48043000.0,0.0,-204000.0,16883000.0,-40191000.0,99352000.0,-325646000.0,228184000.0,274337000.0,0.0,21924000.0,21924000.0,21924000.0,0.0,0.0,0.03,781337000.0,-40242000.0,0.0,1.778,1.844,32.034,31.833,452036000.0,0.0,17.19,2.605,2.603,0.0,-50466000.0,741095000.0,741095000.0,0.0,,,,,0.0,781337000.0,1.0,251193211.0,251195000,252253000.0,2.95,27700891000.0,0.0,-62166000.0,0.0,110.276,
79,HBAN,MRQ,2001-09-30,2001-09-30,2001-09-30,2021-09-07,38708000.0,28316175000.0,,,,,9.574,-11594000.0,1115245000.0,1115245000.0,0.0,42629000.0,,10.777,5000633000.0,,,5000633000.0,0.0,26098000.0,20071388000.0,0.035,0.0,50977000.0,77075000.0,0.233,77075000.0,50977000.0,50977000.0,0.17,0.17,0.17,2404406000.0,,2404406000.0,9208216200.0,40.0,12.234,206852000.0,0.824,1.0,330684000.0,1.0,726094000.0,0.0,31475469000.0,,0.0,24588641000.0,,,25911769000.0,,,4346713200.0,205187000.0,0.0,1492000.0,-786730000.0,-50216000.0,244489000.0,-257748000.0,-249485000.0,218446000.0,0.0,42629000.0,42629000.0,42629000.0,0.0,0.0,0.129,279707000.0,50977000.0,0.0,0.0,1.808,23.744,23.712,447774000.0,0.0,17.31,2.66,2.66,0.0,-1381000.0,330684000.0,330684000.0,0.0,,,,,0.0,279707000.0,1.0,251109948.0,251148000,252203000.0,1.317,27590081000.0,0.0,8348000.0,0.0,109.856,
80,HBAN,MRQ,2001-06-30,2001-06-30,2001-06-30,2021-09-07,-8388000.0,27948150000.0,,,,,9.376,-13923000.0,913579000.0,913579000.0,0.0,2377000.0,,10.875,5775084000.0,,,5775084000.0,0.0,19101000.0,18996922000.0,0.049,0.2,-8552000.0,10549000.0,0.041,10549000.0,-8552000.0,-8552000.0,0.01,0.01,0.01,2353522000.0,,2353522000.0,9088916031.0,37.0,11.774,118932000.0,0.474,1.0,258741000.0,1.0,737437000.0,0.0,32072218000.0,,0.0,24421970000.0,,,25594628000.0,,,4104079031.0,-194136000.0,0.0,271000.0,-218578000.0,-50212000.0,-400830000.0,73839000.0,81383000.0,132855000.0,0.0,2377000.0,2377000.0,2377000.0,0.0,0.0,0.009,267293000.0,-8552000.0,0.0,20.0,1.744,21.491,21.513,457749000.0,0.0,16.35,2.511,2.511,0.0,-3677000.0,258741000.0,258741000.0,0.0,,,,,0.0,267293000.0,1.0,251014008.0,251024000,251448000.0,1.031,27210713000.0,0.0,-10929000.0,0.0,108.399,
81,HBAN,MRQ,2001-03-31,2001-03-31,2001-03-31,2021-09-07,-4221000.0,28441188000.0,,,,,9.583,-16079000.0,1011820000.0,1011820000.0,0.0,67866000.0,,10.825,5996657000.0,,,5996657000.0,0.0,32136000.0,19130157000.0,0.056,0.2,93294000.0,125430000.0,0.383,125430000.0,93294000.0,93294000.0,0.27,0.27,0.27,2405256000.0,,2405256000.0,7892238361.0,20.0,8.535,-144711000.0,-0.577,1.0,327384000.0,1.0,745023000.0,0.0,32681002000.0,,0.0,24831096000.0,,,26035932000.0,,,3576657361.0,-293336000.0,0.0,1103000.0,333592000.0,-50173000.0,-362817000.0,198113000.0,212300000.0,-128632000.0,0.0,67866000.0,67866000.0,67866000.0,0.0,0.0,0.207,234090000.0,93294000.0,0.0,0.741,1.487,12.501,12.391,457504000.0,0.0,14.25,2.093,2.093,0.0,44161000.0,327384000.0,327384000.0,0.0,,,,,0.0,234090000.0,1.0,250993499.0,250998000,251510000.0,1.304,27696165000.0,0.0,25428000.0,0.0,110.344,
82,HBAN,MRQ,2000-12-31,2000-12-31,2000-12-31,2021-09-07,-24520000.0,28599377000.0,,,,,9.431,-25563000.0,1327670000.0,1327670000.0,0.0,70194000.0,,11.087,5643251000.0,,,5643251000.0,0.0,443562000.0,19777245000.0,0.049,0.2,96039000.0,539601000.0,0.752,539601000.0,96039000.0,96039000.0,0.28,0.28,0.28,2366047000.0,,2366047000.0,9096545057.0,20.0,9.308,542506000.0,2.162,1.0,717403000.0,1.0,755270000.0,0.0,32159688000.0,,0.0,24712182000.0,,,26233330000.0,,,4061251057.0,348543000.0,0.0,-525000.0,-380552000.0,-50396000.0,-187394000.0,-32132000.0,776266000.0,568069000.0,0.0,70194000.0,70194000.0,70194000.0,0.0,0.0,0.098,621364000.0,96039000.0,0.0,0.714,1.716,12.596,12.454,454844000.0,0.0,16.19,2.345,2.325,0.0,26354000.0,717403000.0,717403000.0,0.0,,,,,0.0,621364000.0,1.0,250849355.0,250884192,251553456.0,2.859,27844107000.0,0.0,25845000.0,0.0,110.984,
83,HBAN,MRQ,2000-09-30,2000-09-30,2000-09-30,2021-09-07,-81647000.0,28577193000.0,,,,,9.094,-15045000.0,985121000.0,985121000.0,0.0,50530000.0,,11.514,6020415000.0,,,6020415000.0,0.0,28849000.0,19533166000.0,0.054,0.2,67540000.0,96389000.0,0.291,96389000.0,67540000.0,67540000.0,0.2,0.2,0.2,2283565000.0,,2283565000.0,8392098304.0,16.0,13.401,140936000.0,0.561,1.0,331125000.0,1.0,0.0,0.0,33612487000.0,,0.0,25007212000.0,,,26293628000.0,,,3692050304.0,-168888000.0,-8279000.0,-19445000.0,175700000.0,-44405000.0,-113918000.0,-210951000.0,-193189000.0,155981000.0,0.0,50530000.0,50530000.0,50530000.0,0.0,0.0,0.153,263585000.0,67540000.0,0.0,1.0,1.617,10.056,9.993,442676000.0,0.0,14.69,2.498,2.496,0.0,295000.0,331125000.0,331125000.0,0.0,,,,,0.0,263585000.0,1.0,251330858.0,251113540,252032874.0,1.319,28577193000.0,0.0,17010000.0,0.0,113.802,
84,HBAN,MRQ,2000-06-30,2000-06-30,2000-06-30,2021-09-07,-105987000.0,28584363000.0,,,,,9.258,-17980000.0,1144001000.0,1144001000.0,0.0,97521000.0,,11.611,5844049000.0,,,5844049000.0,0.0,28738000.0,19758934000.0,0.051,0.2,134560000.0,163298000.0,0.491,163298000.0,134560000.0,134560000.0,0.4,0.4,0.4,2266654000.0,,2266654000.0,8347191287.0,14.0,11.722,165201000.0,0.675,1.0,332636000.0,1.0,0.0,0.0,33284411000.0,,0.0,24863273000.0,,,26317709000.0,,,3509680287.0,223259000.0,20283000.0,-536000.0,-66134000.0,-44398000.0,-560064000.0,600142000.0,594297000.0,183181000.0,0.0,97521000.0,97521000.0,97521000.0,0.0,0.0,0.293,198076000.0,134560000.0,0.0,0.5,1.548,8.312,9.355,439007000.0,0.0,15.81,2.326,2.566,0.0,241662000.0,332636000.0,332636000.0,0.0,,,,,0.0,198076000.0,1.0,221991163.0,244834775,245651908.0,1.359,28584363000.0,0.0,37039000.0,0.0,116.75,
85,HBAN,MRQ,2000-03-31,2000-03-31,2000-03-31,2021-09-07,-90559000.0,28407979000.0,,,,,8.464,-3068000.0,1042683000.0,1042683000.0,0.0,104173000.0,,12.535,5880194000.0,,,5880194000.0,0.0,27466000.0,19779364000.0,0.036,0.2,150578000.0,178044000.0,0.508,178044000.0,150578000.0,150578000.0,0.42,0.42,0.42,2098823000.0,,2098823000.0,10278902706.0,16.0,14.009,93537000.0,0.377,1.0,350684000.0,1.0,0.0,0.0,33245490000.0,,0.0,24882649000.0,,,26309156000.0,,,5102481706.0,-175912000.0,0.0,-146834000.0,-510244000.0,-45904000.0,-716218000.0,443701000.0,443850000.0,96605000.0,0.0,104173000.0,104173000.0,104173000.0,0.0,0.0,0.297,200106000.0,150578000.0,0.0,0.476,2.431,11.875,13.165,429793000.0,0.0,22.38,3.327,3.619,0.0,188528000.0,350684000.0,350684000.0,0.0,,,,,0.0,200106000.0,1.0,227992927.0,247974250,249138955.0,1.414,28407979000.0,0.0,46405000.0,0.0,114.56,
86,HBAN,MRQ,1999-12-31,1999-12-31,1999-12-31,2021-09-07,-94093000.0,29036953000.0,,,,,8.645,-20561000.0,1214562000.0,1214562000.0,0.0,114940000.0,,12.305,6390983000.0,,,6390983000.0,0.0,26800000.0,19792603000.0,0.034,0.2,161709000.0,188509000.0,0.407,188509000.0,161709000.0,161709000.0,0.45,0.45,0.45,2182356000.0,,2182356000.0,11458406175.0,19.0,15.756,122042000.0,0.483,1.0,463395000.0,1.0,0.0,0.0,34213374000.0,,0.0,25428671000.0,,,26854597000.0,,,5486602175.0,246407000.0,0.0,-25577000.0,-552873000.0,-45963000.0,-73609000.0,177413000.0,196584000.0,142603000.0,0.0,114940000.0,114940000.0,114940000.0,0.0,0.0,0.248,301686000.0,161709000.0,0.0,0.444,2.514,12.999,14.386,438871000.0,0.0,23.88,3.593,3.966,0.0,128761000.0,463395000.0,463395000.0,0.0,,,,,0.0,301686000.0,1.0,229757210.0,252429698,254170820.0,1.836,29036953000.0,0.0,46769000.0,0.0,115.03,
87,HBAN,MRQ,1999-09-30,1999-09-30,1999-09-30,2021-09-07,-73746000.0,28974622000.0,,,,,8.529,-3470000.0,979489000.0,979489000.0,0.0,105587000.0,,12.419,6951293000.0,,,6951293000.0,0.0,26397000.0,19241808000.0,0.03,0.2,155820000.0,182217000.0,0.503,182217000.0,155820000.0,155820000.0,0.42,0.41,0.42,2159165000.0,,2159165000.0,11604440025.0,23.0,19.201,247300000.0,0.977,1.0,362009000.0,1.0,0.0,0.0,34946426000.0,,0.0,25515893000.0,,,26815457000.0,,,6117137025.0,-23824000.0,0.0,-28150000.0,450132000.0,-41981000.0,688660000.0,-963254000.0,-965237000.0,250770000.0,0.0,105587000.0,105587000.0,105587000.0,0.0,0.0,0.292,206189000.0,155820000.0,0.0,0.476,2.833,18.079,20.913,434584000.0,0.0,26.56,4.354,4.786,0.0,59646000.0,362009000.0,362009000.0,0.0,,,,,0.0,206189000.0,1.0,230313894.0,253145949,255216297.0,1.43,28974622000.0,0.0,50233000.0,0.0,114.458,
88,HBAN,MRQ,1999-06-30,1999-06-30,1999-06-30,2021-09-07,-55564000.0,28161080000.0,,,,,8.447,-16701000.0,1004043000.0,1004043000.0,0.0,104975000.0,,12.121,6491346000.0,,,6491346000.0,0.0,29722000.0,18933161000.0,0.023,0.2,155260000.0,184982000.0,0.518,184982000.0,155260000.0,155260000.0,0.41,0.41,0.41,2146202000.0,,2146202000.0,13147518610.0,28.0,22.856,174403000.0,0.686,1.0,357398000.0,1.0,0.0,0.0,33648383000.0,,0.0,24712442000.0,,,26014878000.0,,,7350645610.0,23614000.0,0.0,-17452000.0,-280742000.0,-41756000.0,-453677000.0,286187000.0,299955000.0,191104000.0,0.0,104975000.0,104975000.0,104975000.0,0.0,0.0,0.294,202138000.0,155260000.0,0.0,0.488,3.425,22.862,28.455,443485000.0,0.0,35.0,5.307,6.421,0.0,152935000.0,357398000.0,357398000.0,0.0,,,,,0.0,202138000.0,1.0,210018446.0,254073478,256469450.0,1.407,28161080000.0,0.0,50285000.0,0.0,110.838,
89,HBAN,MRQ,1999-03-31,1999-03-31,1999-03-31,2021-09-07,-18220000.0,28577908000.0,,,,,9.237,-18220000.0,979589000.0,979589000.0,0.0,96572000.0,,12.366,6776462000.0,,,6776462000.0,0.0,29572000.0,19046901000.0,0.026,0.2,141982000.0,171554000.0,0.499,171554000.0,141982000.0,141982000.0,0.42,0.41,0.42,2138057000.0,,2138057000.0,10980410918.0,24.0,20.214,233766000.0,1.01,1.0,344088000.0,1.0,0.0,0.0,34374781000.0,,0.0,25150229000.0,,,26439851000.0,,,6512294918.0,-368894000.0,0.0,-22361000.0,993078000.0,-42158000.0,252703000.0,-873583000.0,-858157000.0,251986000.0,0.0,96572000.0,96572000.0,96572000.0,0.0,0.0,0.281,202106000.0,141982000.0,0.0,0.476,3.046,21.085,25.361,441426000.0,0.0,30.94,4.753,5.227,0.0,89994000.0,344088000.0,344088000.0,0.0,,,,,0.0,202106000.0,1.0,210481413.0,231459010,233405712.0,1.487,28577908000.0,0.0,45410000.0,0.0,123.469,
90,HBAN,MRQ,1998-12-31,1998-12-31,1998-12-31,2021-09-07,24693000.0,28296336000.0,,,,,8.399,134177000.0,1318378000.0,1318378000.0,0.0,31218000.0,,12.168,5786494000.0,,,5786494000.0,0.0,23069000.0,19722772000.0,0.027,0.2,42547000.0,65616000.0,0.192,65616000.0,42547000.0,42547000.0,0.02,0.02,0.02,2148795000.0,,2148795000.0,10555113351.0,24.0,20.256,151765000.0,0.593,1.0,341479000.0,1.0,0.0,0.0,32764452000.0,,0.0,24576219000.0,,,26147541000.0,,,6344659351.0,193253000.0,72985000.0,-22333000.0,424936000.0,-42360000.0,1019375000.0,-843710000.0,-955276000.0,17588000.0,0.0,31218000.0,31218000.0,31218000.0,0.0,0.0,0.091,298932000.0,42547000.0,0.0,10.0,2.953,21.025,25.475,447038000.0,0.0,30.06,4.686,5.679,0.0,35458000.0,341479000.0,341479000.0,0.0,,,,,0.0,298932000.0,1.0,211066512.0,255825970,258279601.0,1.335,28296336000.0,0.0,11329000.0,0.0,110.608,
91,HBAN,MRQ,1998-09-30,1998-09-30,1998-09-30,2021-09-07,60675000.0,27355096000.0,,,,,9.524,-38993000.0,1146460000.0,1146460000.0,0.0,88755000.0,,11.333,5356914000.0,,,5356914000.0,0.0,22965000.0,19246735000.0,0.032,0.2,130119000.0,153084000.0,0.448,153084000.0,130119000.0,130119000.0,0.38,0.38,0.38,2218049000.0,,2218049000.0,9767542820.0,18.0,16.13,93657000.0,0.402,1.0,341996000.0,1.0,0.0,0.0,31565550000.0,,0.0,23742921000.0,,,25137047000.0,,,5319734820.0,-700836000.0,0.0,-7126000.0,-513286000.0,-38486000.0,-984921000.0,151435000.0,188034000.0,132650000.0,0.0,88755000.0,88755000.0,88755000.0,0.0,0.0,0.26,211877000.0,130119000.0,0.0,0.526,2.398,14.728,16.642,526454000.0,0.0,25.13,3.987,4.386,0.0,46397000.0,341996000.0,341996000.0,0.0,,,,,0.0,211877000.0,1.0,211688612.0,232886000,234845000.0,1.469,27355096000.0,0.0,41364000.0,0.0,117.461,
92,HBAN,MRQ,1998-06-30,1998-06-30,1998-06-30,2021-09-07,15376000.0,28187219000.0,,,,,9.168,-43928000.0,1430184000.0,1430184000.0,0.0,92309000.0,,12.21,5877992000.0,,,5877992000.0,0.0,17154000.0,19666248000.0,0.024,0.2,135812000.0,152966000.0,0.447,152966000.0,135812000.0,135812000.0,0.4,0.39,0.4,2133849000.0,,2133849000.0,11746541753.0,24.0,21.42,-33278000.0,-0.143,1.0,342490000.0,1.0,0.0,0.0,32635027000.0,,0.0,24315960000.0,,,26053370000.0,,,6443152753.0,827450000.0,344046000.0,968000.0,-748677000.0,-38447000.0,-1130260000.0,1947060000.0,1844686000.0,10650000.0,0.0,92309000.0,92309000.0,92309000.0,0.0,0.0,0.27,206678000.0,135812000.0,0.0,0.5,3.019,20.541,25.188,496840000.0,0.0,33.5,4.891,5.919,0.0,219241000.0,342490000.0,342490000.0,0.0,,,,,0.0,206678000.0,1.0,192332918.0,232759820,236130212.0,1.471,28187219000.0,0.0,43503000.0,0.0,121.1,
93,HBAN,MRQ,1998-03-31,1998-03-31,1998-03-31,2021-09-07,10410000.0,26808479000.0,,,,,9.812,-21788000.0,1025516000.0,1025516000.0,0.0,89486000.0,,11.925,6528905000.0,,,6528905000.0,0.0,17768000.0,17700544000.0,0.022,0.2,131644000.0,149412000.0,0.455,149412000.0,131644000.0,131644000.0,0.42,0.42,0.42,2074094000.0,,2074094000.0,11819377663.0,25.0,21.944,-15247000.0,-0.072,1.0,328086000.0,1.0,0.0,0.0,32311868000.0,,0.0,24208958000.0,,,24734385000.0,,,7000917663.0,-619858000.0,0.0,1984000.0,329712000.0,-38339000.0,8714000.0,-635113000.0,-618127000.0,6541000.0,0.0,89486000.0,89486000.0,89486000.0,0.0,0.0,0.273,196442000.0,131644000.0,0.0,0.476,3.375,22.956,27.398,400331000.0,0.0,36.44,5.434,5.978,0.0,165419000.0,328086000.0,328086000.0,0.0,,,,,0.0,196442000.0,1.0,192121780.0,211377206,213809119.0,1.552,26808479000.0,0.0,42158000.0,0.0,126.828,
94,HBAN,MRQ,1997-12-31,1997-12-31,1997-12-31,2021-09-07,14800000.0,26730540000.0,,,,,8.773,-4500000.0,1182068000.0,1182068000.0,0.0,90649000.0,,12.198,6200528000.0,,,6200528000.0,0.0,16778000.0,17983718000.0,0.022,0.2,133306000.0,150084000.0,0.466,150084000.0,133306000.0,133306000.0,0.31,0.3,0.31,2025391000.0,,2025391000.0,11137583316.0,24.0,21.314,-4330000.0,-0.019,1.0,321838000.0,1.0,0.0,0.0,31749000000.0,,0.0,23932050000.0,,,24705149000.0,,,6884693316.0,309465000.0,4371000.0,2592000.0,712765000.0,-31539000.0,991658000.0,-682363000.0,-285827000.0,170000.0,0.0,90649000.0,90649000.0,90649000.0,0.0,0.0,0.282,188532000.0,133306000.0,0.0,0.645,3.399,23.524,28.346,389481000.0,0.0,36.0,5.454,6.584,0.0,114379000.0,321838000.0,321838000.0,0.0,,,,,0.0,188532000.0,1.0,191241481.0,230872887,233692401.0,1.394,26730540000.0,0.0,42657000.0,0.0,115.78,
95,HBAN,MRQ,1997-09-30,1997-09-30,1997-09-30,2021-09-07,2793000.0,25576135000.0,,,,,9.25,-11825000.0,1039802000.0,1039802000.0,0.0,41232000.0,,12.143,5481746000.0,,,5481746000.0,0.0,15942000.0,17589786000.0,0.022,0.2,79994000.0,95936000.0,0.295,95936000.0,79994000.0,79994000.0,0.2,0.19,0.2,1945991000.0,,1945991000.0,9720499178.0,22.0,18.848,118963000.0,0.565,1.0,324904000.0,1.0,0.0,0.0,30018079000.0,,0.0,23414743000.0,,,23630144000.0,,,5745244178.0,216214000.0,0.0,-16083000.0,272758000.0,-34168000.0,218450000.0,-133024000.0,-124057000.0,130788000.0,0.0,41232000.0,41232000.0,41232000.0,0.0,0.0,0.127,244910000.0,79994000.0,0.0,1.0,2.952,20.435,28.008,392777000.0,0.0,36.13,4.699,6.217,0.0,62074000.0,324904000.0,324904000.0,0.0,,,,,0.0,244910000.0,1.0,159015892.0,210369843,213055682.0,1.544,25576135000.0,0.0,38762000.0,0.0,121.577,
96,HBAN,MRQ,1997-06-30,1997-06-30,1997-06-30,2021-09-07,-25080000.0,25257133000.0,,,,,9.169,-12492000.0,1107119000.0,1107119000.0,0.0,83603000.0,,12.087,5229646000.0,,,5229646000.0,0.0,15367000.0,17637871000.0,0.027,0.2,127823000.0,143190000.0,0.457,143190000.0,127823000.0,127823000.0,0.4,0.39,0.4,1930000000.0,,1930000000.0,9094489200.0,19.0,16.303,8770000.0,0.042,1.0,313628000.0,1.0,0.0,0.0,29379660000.0,,0.0,22957361000.0,,,23327133000.0,,,4252434200.0,136495000.0,-15869000.0,12740000.0,-640765000.0,-33754000.0,-34754000.0,149987000.0,170691000.0,21262000.0,0.0,83603000.0,83603000.0,83603000.0,0.0,0.0,0.267,185805000.0,127823000.0,0.0,0.5,2.203,13.399,19.718,391502000.0,0.0,29.38,3.597,5.23,0.0,367519000.0,313628000.0,313628000.0,0.0,,,,,0.0,185805000.0,1.0,144739081.0,210481123,212798232.0,1.49,25257133000.0,0.0,44220000.0,0.0,119.997,
97,HBAN,MRQ,1997-03-31,1997-03-31,1997-03-31,2021-09-07,-60924000.0,25167739000.0,,,,,9.774,-8789000.0,978538000.0,978538000.0,0.0,77179000.0,,12.618,5687027000.0,,,5687027000.0,0.0,15296000.0,16976046000.0,0.03,0.2,118041000.0,133337000.0,0.442,133337000.0,118041000.0,118041000.0,0.41,0.4,0.41,1848145000.0,,1848145000.0,8354521291.0,19.0,15.57,162567000.0,0.86,1.0,301902000.0,1.0,0.0,0.0,29876228000.0,,0.0,23031667000.0,,,23319594000.0,,,3714584291.0,-103032000.0,9204000.0,-28158000.0,-76409000.0,-33299000.0,156331000.0,-430719000.0,-434467000.0,171356000.0,0.0,77179000.0,77179000.0,77179000.0,0.0,0.0,0.256,183861000.0,118041000.0,0.0,0.488,2.01,12.43,17.617,389036000.0,0.0,26.25,3.336,4.458,0.0,353954000.0,301902000.0,301902000.0,0.0,,,,,0.0,183861000.0,1.0,141507973.0,189082054,189082054.0,1.597,25167739000.0,0.0,40862000.0,0.0,133.105,
98,HBAN,MRQ,1996-12-31,1996-12-31,1996-12-31,2021-09-07,-13931000.0,24371946000.0,,,,,8.433,-12438000.0,1074779000.0,1074779000.0,0.0,79132000.0,,12.649,5750034000.0,,,5750034000.0,0.0,26090000.0,16402312000.0,0.03,0.2,117176000.0,143266000.0,0.508,143266000.0,117176000.0,117176000.0,0.28,,0.28,1785658000.0,,1785658000.0,,,,151236000.0,0.714,1.0,282184000.0,1.0,0.0,0.0,29047201000.0,,0.0,22226266000.0,,,22586288000.0,,,3732980328.0,41930000.0,0.0,-46460000.0,52811000.0,-33236000.0,242568000.0,-364312000.0,-356501000.0,163674000.0,0.0,79132000.0,79132000.0,79132000.0,0.0,0.0,0.28,165008000.0,117176000.0,0.0,0.714,2.091,12.269,18.319,380460000.0,0.0,26.38,3.295,4.931,0.0,312079000.0,282184000.0,282184000.0,0.0,,,,,0.0,165008000.0,1.0,141507973.0,211740756,,1.333,24371946000.0,0.0,38044000.0,0.0,115.103,
99,HBAN,MRQ,1996-09-30,1996-09-30,1996-09-30,2021-09-07,-33506000.0,23998460000.0,,,,,9.215,-16384000.0,1028831000.0,1028831000.0,0.0,77444000.0,,12.584,5696945000.0,,,5696945000.0,0.0,21891000.0,16153791000.0,0.035,0.2,116169000.0,138060000.0,0.485,138060000.0,116169000.0,116169000.0,0.4,,0.4,1766689000.0,,1766689000.0,,,,109901000.0,0.573,1.0,284642000.0,1.0,0.0,0.0,28666574000.0,,0.0,21871234000.0,,,22231771000.0,,,,-500450000.0,0.0,-44794000.0,163842000.0,-38628000.0,285831000.0,-912566000.0,-904082000.0,126285000.0,0.0,77444000.0,77444000.0,77444000.0,0.0,0.0,0.272,168473000.0,116169000.0,0.0,0.5,,,,381332000.0,0.0,23.0,,,0.0,266247000.0,284642000.0,284642000.0,0.0,,,,,0.0,168473000.0,1.0,,191710810,,1.485,23998460000.0,0.0,38725000.0,0.0,125.181,
100,HBAN,MRQ,1996-06-30,1996-06-30,1996-06-30,2021-09-07,-61603000.0,20321166000.0,,,,,9.173,-9884000.0,844872000.0,844872000.0,0.0,65088000.0,,12.774,5392192000.0,,,5392192000.0,0.0,22744000.0,13112831000.0,0.034,0.2,99160000.0,121904000.0,0.498,121904000.0,99160000.0,99160000.0,0.4,,0.4,1475296000.0,,1475296000.0,,,,64687000.0,0.402,1.0,244626000.0,1.0,0.0,0.0,24868486000.0,,0.0,18514387000.0,,,18845870000.0,,,,510754000.0,0.0,-8089000.0,200525000.0,-26926000.0,273616000.0,162567000.0,168650000.0,74571000.0,0.0,65088000.0,65088000.0,65088000.0,0.0,0.0,0.266,145466000.0,99160000.0,0.0,0.5,,,,312702000.0,0.0,23.875,,,0.0,440913000.0,244626000.0,244626000.0,0.0,,,,,0.0,145466000.0,1.0,,160825633,,1.521,20321166000.0,0.0,34072000.0,0.0,126.355,
101,HBAN,MRQ,1996-03-31,1996-03-31,1996-03-31,2021-09-07,-3954000.0,20137982000.0,,,,,10.114,-11247000.0,790758000.0,790758000.0,0.0,62825000.0,,12.403,5205092000.0,,,5205092000.0,0.0,21178000.0,13006213000.0,0.033,0.2,97561000.0,118739000.0,0.493,118739000.0,97561000.0,97561000.0,0.42,,0.42,1502510000.0,,1502510000.0,,,,103357000.0,0.696,1.0,241057000.0,1.0,0.0,0.0,24552316000.0,,0.0,18375550000.0,,,18635472000.0,,,,-263564000.0,631000.0,-115101000.0,-495116000.0,-26589000.0,-698521000.0,320353000.0,328670000.0,114604000.0,0.0,62825000.0,62825000.0,62825000.0,0.0,0.0,0.261,143496000.0,97561000.0,0.0,0.476,,,,310985000.0,0.0,23.938,,,0.0,402389000.0,241057000.0,241057000.0,0.0,,,,,0.0,143496000.0,1.0,,148559506,,1.623,20137982000.0,0.0,34736000.0,0.0,135.555,
102,HBAN,MRQ,1995-12-31,1995-12-31,1995-12-31,2021-09-07,40972000.0,20254598000.0,,,,,7.654,,1145351000.0,1145351000.0,,,,12.335,5674723000.0,,,5674723000.0,0.0,,12636582000.0,0.033,0.2,,,,,,,,,,1518865000.0,,1518865000.0,,,,,,1.0,,,0.0,,24783970000.0,,0.0,18226119000.0,,,18735733000.0,,,,,,,,,,,,,,,,,,,,,,0.0,,,,16.901,296465000.0,,24.0,,4.365,0.0,366514000.0,,,,,,,,,,1.0,,198429594,,,20254598000.0,0.0,,0.0,102.074,
0,HBAN,MRT,2021-06-30,2021-06-30,2021-06-30,2021-09-07,-19000000.0,175172000000.0,136023500000.0,,,0.035,18.231,-169000000.0,13926000000.0,13926000000.0,0.0,1136000000.0,,7.539,7733000000.0,,,7733000000.0,0.0,463000000.0,142805000000.0,0.042,0.6,1366000000.0,1829000000.0,0.389,1829000000.0,1366000000.0,1366000000.0,0.99,0.97,0.99,20511000000.0,15005250000.0,20511000000.0,13315615211.0,10.0,7.28,1432000000.0,1.273,1.0,4699000000.0,1.0,5935000000.0,0.0,163044000000.0,132073000000.0,0.0,146193000000.0,,,154641000000.0,,,14527615211.0,6962000000.0,466000000.0,-4000000.0,-5052000000.0,-615000000.0,5645000000.0,-284000000.0,-745000000.0,1601000000.0,0.0,1136000000.0,999000000.0,999000000.0,0.0,0.0,0.213,3333000000.0,1366000000.0,0.0,0.606,0.708,14.542,14.414,1128000000.0,137000000.0,14.27,3.092,3.417,0.0,1939000000.0,4699000000.0,4699000000.0,0.0,0.007,0.067,0.01,0.291,103000000.0,3333000000.0,1.0,1018052923.0,1125039000,1125039000.0,4.177,169237000000.0,0.0,230000000.0,0.0,150.428,
1,HBAN,MRT,2021-03-31,2021-03-31,2021-03-31,2021-09-07,-56000000.0,125768000000.0,121836750000.0,,,0.037,13.366,-130000000.0,8641000000.0,8641000000.0,0.0,1301000000.0,,8.248,7429000000.0,,,7429000000.0,0.0,319000000.0,102184000000.0,0.038,0.6,1548000000.0,1867000000.0,0.416,1867000000.0,1548000000.0,1548000000.0,1.17,1.15,1.17,13600000000.0,12956000000.0,13600000000.0,17813304897.0,12.0,9.541,584000000.0,0.574,1.0,4484000000.0,1.0,2470000000.0,0.0,122086000000.0,121199000000.0,0.0,107716000000.0,,,112168000000.0,,,15990304897.0,6822000000.0,0.0,-4000000.0,-5290000000.0,-612000000.0,10801000000.0,-4693000000.0,-4671000000.0,714000000.0,0.0,1301000000.0,1188000000.0,1188000000.0,0.0,0.0,0.265,2936000000.0,1548000000.0,0.0,0.513,1.176,13.46,13.436,747000000.0,113000000.0,15.72,3.566,3.567,0.0,2223000000.0,4484000000.0,4484000000.0,0.0,0.01,0.092,0.013,0.345,90000000.0,2936000000.0,1.0,1017194968.0,1017512000,1041003000.0,4.407,123298000000.0,0.0,247000000.0,0.0,121.176,
2,HBAN,MRT,2020-12-31,2020-12-31,2020-12-31,2021-09-07,192000000.0,123038000000.0,118869000000.0,,,0.032,12.774,-119000000.0,6712000000.0,6712000000.0,0.0,817000000.0,,8.47,8535000000.0,,,8535000000.0,0.0,367000000.0,98948000000.0,0.048,0.6,972000000.0,1339000000.0,0.355,1339000000.0,972000000.0,972000000.0,0.71,0.69,0.71,12993000000.0,12498250000.0,12993000000.0,15860632865.0,16.0,11.845,1204000000.0,1.184,1.0,3767000000.0,1.0,2418000000.0,0.0,122443000000.0,121229500000.0,0.0,106895000000.0,,,110045000000.0,,,12848632865.0,5425000000.0,0.0,-92000000.0,-4039000000.0,-614000000.0,12741000000.0,-8639000000.0,-8587000000.0,1323000000.0,0.0,817000000.0,717000000.0,717000000.0,0.0,0.0,0.19,2795000000.0,972000000.0,0.0,0.845,0.989,17.92,17.789,757000000.0,100000000.0,12.63,3.411,3.41,0.0,1878000000.0,3767000000.0,3767000000.0,0.0,0.006,0.057,0.008,0.258,77000000.0,2795000000.0,1.0,1017310599.0,1017117000,1032683000.0,3.704,120620000000.0,0.0,155000000.0,0.0,118.59,
3,HBAN,MRT,2020-09-30,2020-09-30,2020-09-30,2021-09-07,257000000.0,120116000000.0,115360000000.0,,,0.032,12.698,-107000000.0,6384000000.0,6384000000.0,0.0,818000000.0,,8.299,9396000000.0,,,9396000000.0,0.0,336000000.0,95154000000.0,0.065,0.6,969000000.0,1305000000.0,0.352,1305000000.0,969000000.0,969000000.0,0.72,0.72,0.72,12917000000.0,12198750000.0,12917000000.0,12852728876.0,13.0,9.849,1828000000.0,1.797,1.0,3709000000.0,1.0,2409000000.0,0.0,120719000000.0,120048750000.0,0.0,104502000000.0,,,107199000000.0,,,9328728876.0,4639000000.0,0.0,-284000000.0,-2786000000.0,-615000000.0,9970000000.0,-7266000000.0,-7372000000.0,1935000000.0,0.0,818000000.0,734000000.0,734000000.0,0.0,0.0,0.198,2740000000.0,969000000.0,0.0,0.833,0.722,12.709,12.736,752000000.0,84000000.0,9.17,2.515,2.515,0.0,1752000000.0,3709000000.0,3709000000.0,0.0,0.006,0.06,0.008,0.261,79000000.0,2740000000.0,1.0,1017309583.0,1017253000,1031460000.0,3.646,117707000000.0,0.0,151000000.0,0.0,115.711,
4,HBAN,MRT,2020-06-30,2020-06-30,2020-06-30,2021-09-07,290000000.0,118425000000.0,112514750000.0,,,0.033,12.117,-105000000.0,6375000000.0,6375000000.0,0.0,887000000.0,,8.617,9899000000.0,,,9899000000.0,0.0,360000000.0,93691000000.0,0.066,0.6,1050000000.0,1410000000.0,0.377,1410000000.0,1050000000.0,1050000000.0,0.79,0.79,0.79,12314000000.0,11946750000.0,12314000000.0,19881460479.0,19.0,14.1,1327000000.0,1.306,1.0,3745000000.0,1.0,2401000000.0,0.0,119548000000.0,119013750000.0,0.0,102798000000.0,,,106111000000.0,,,9163460479.0,4695000000.0,7000000.0,-352000000.0,-3320000000.0,-609000000.0,8930000000.0,-5667000000.0,-5789000000.0,1432000000.0,0.0,887000000.0,813000000.0,813000000.0,0.0,0.0,0.217,2695000000.0,1050000000.0,0.0,0.759,0.744,11.271,11.437,751000000.0,74000000.0,9.035,2.447,2.452,0.0,1633000000.0,3745000000.0,3745000000.0,0.0,0.007,0.068,0.009,0.28,75000000.0,2695000000.0,1.0,1014218094.0,1016259000,1028683000.0,3.685,116024000000.0,0.0,163000000.0,0.0,114.168,
5,HBAN,MRT,2020-03-31,2020-03-31,2020-03-31,2021-09-07,227000000.0,113897000000.0,109970250000.0,,,0.037,11.565,-94000000.0,1904000000.0,1904000000.0,0.0,1101000000.0,,8.678,12622000000.0,,,12622000000.0,0.0,374000000.0,86830000000.0,0.072,0.59,1296000000.0,1670000000.0,0.416,1670000000.0,1296000000.0,1296000000.0,0.99,0.99,0.99,11769000000.0,11785250000.0,11769000000.0,19550583807.0,15.0,11.707,1481000000.0,1.455,1.0,4016000000.0,1.0,2407000000.0,0.0,122208000000.0,118417500000.0,0.0,102867000000.0,,,102128000000.0,,,8367583807.0,431000000.0,-548000000.0,-504000000.0,345000000.0,-604000000.0,4540000000.0,-5684000000.0,-5155000000.0,1575000000.0,0.0,1101000000.0,1028000000.0,1028000000.0,0.0,0.0,0.256,2720000000.0,1296000000.0,0.0,0.596,0.711,8.14,8.293,743000000.0,73000000.0,8.21,2.084,2.08,0.0,1657000000.0,4016000000.0,4016000000.0,0.0,0.009,0.087,0.011,0.323,81000000.0,2720000000.0,1.0,1019194130.0,1017643000,1034576000.0,3.946,111490000000.0,0.0,195000000.0,0.0,109.557,
6,HBAN,MRT,2019-12-31,2019-12-31,2019-12-31,2021-09-07,-256000000.0,109002000000.0,108546750000.0,,,0.04,11.354,-107000000.0,1272000000.0,1272000000.0,0.0,1411000000.0,,8.241,12455000000.0,,,12455000000.0,0.0,386000000.0,82347000000.0,0.038,0.58,1659000000.0,2045000000.0,0.467,2045000000.0,1659000000.0,1659000000.0,1.29,1.27,1.29,11795000000.0,11701000000.0,11795000000.0,25862948522.0,16.0,12.647,1467000000.0,1.412,1.0,4380000000.0,1.0,2465000000.0,0.0,117720000000.0,116985250000.0,0.0,99257000000.0,,,97207000000.0,,,15573948522.0,-1502000000.0,-548000000.0,-441000000.0,1639000000.0,-597000000.0,-1199000000.0,-1877000000.0,-1450000000.0,1574000000.0,0.0,1411000000.0,1337000000.0,1337000000.0,0.0,0.0,0.305,2721000000.0,1659000000.0,0.0,0.45,1.32,11.648,11.69,763000000.0,74000000.0,15.08,3.556,3.577,0.0,2088000000.0,4380000000.0,4380000000.0,0.0,0.012,0.114,0.014,0.379,83000000.0,2721000000.0,1.0,1032755207.0,1038840000,1056079000.0,4.216,106537000000.0,0.0,248000000.0,0.0,102.554,
7,HBAN,MRT,2019-09-30,2019-09-30,2019-09-30,2021-09-07,-175000000.0,108735000000.0,108491500000.0,,,0.041,11.507,-130000000.0,1758000000.0,1758000000.0,0.0,1428000000.0,,8.13,12047000000.0,,,12047000000.0,0.0,451000000.0,82395000000.0,0.04,0.57,1678000000.0,2129000000.0,0.483,2129000000.0,1678000000.0,1678000000.0,1.29,1.29,1.29,11909000000.0,11527750000.0,11909000000.0,26196994894.0,16.0,12.305,1350000000.0,1.304,1.0,4409000000.0,1.0,2445000000.0,0.0,116579000000.0,116098750000.0,0.0,98462000000.0,,,96826000000.0,,,14809994894.0,337000000.0,-563000000.0,-445000000.0,1012000000.0,-594000000.0,1306000000.0,-2449000000.0,-1857000000.0,1480000000.0,0.0,1428000000.0,1354000000.0,1354000000.0,0.0,0.0,0.307,2731000000.0,1678000000.0,0.0,0.442,1.244,10.938,11.062,775000000.0,74000000.0,14.27,3.359,3.35,0.0,1946000000.0,4409000000.0,4409000000.0,0.0,0.012,0.117,0.014,0.381,83000000.0,2731000000.0,1.0,1037841268.0,1034940000,1051273000.0,4.26,106290000000.0,0.0,250000000.0,0.0,102.702,
8,HBAN,MRT,2019-06-30,2019-06-30,2019-06-30,2021-09-07,-273000000.0,108247000000.0,107720750000.0,,,0.041,11.168,-123000000.0,1747000000.0,1747000000.0,0.0,1434000000.0,,8.277,13134000000.0,,,13134000000.0,0.0,469000000.0,80882000000.0,0.041,0.56,1679000000.0,2148000000.0,0.489,2148000000.0,1679000000.0,1679000000.0,1.28,1.28,1.28,11668000000.0,11284000000.0,11668000000.0,25240802403.0,15.0,11.751,1853000000.0,1.774,1.0,4394000000.0,1.0,2471000000.0,0.0,117163000000.0,115077250000.0,0.0,98052000000.0,,,96579000000.0,,,14461802403.0,216000000.0,-570000000.0,-1068000000.0,741000000.0,-569000000.0,1024000000.0,-2784000000.0,-2191000000.0,1976000000.0,0.0,1434000000.0,1360000000.0,1360000000.0,0.0,0.0,0.31,2715000000.0,1679000000.0,0.0,0.438,1.239,10.634,10.797,774000000.0,74000000.0,13.82,3.291,3.286,0.0,1750000000.0,4394000000.0,4394000000.0,0.0,0.013,0.121,0.015,0.382,82000000.0,2715000000.0,1.0,1046440116.0,1044802000,1060280000.0,4.206,105776000000.0,0.0,245000000.0,0.0,101.24,
9,HBAN,MRT,2019-03-31,2019-03-31,2019-03-31,2021-09-07,-455000000.0,108203000000.0,106998500000.0,,,0.04,10.919,-118000000.0,1483000000.0,1483000000.0,0.0,1425000000.0,,8.465,12262000000.0,,,12262000000.0,0.0,519000000.0,82155000000.0,0.042,0.53,1664000000.0,2183000000.0,0.504,2183000000.0,1664000000.0,1664000000.0,1.25,1.25,1.25,11432000000.0,11235000000.0,11432000000.0,21190592720.0,13.0,9.707,1811000000.0,1.73,1.0,4331000000.0,1.0,2503000000.0,0.0,116479000000.0,114172250000.0,0.0,98389000000.0,,,96771000000.0,,,13273592720.0,267000000.0,-15000000.0,-916000000.0,606000000.0,-544000000.0,1740000000.0,-3402000000.0,-3449000000.0,1929000000.0,0.0,1425000000.0,1348000000.0,1348000000.0,0.0,0.0,0.311,2667000000.0,1664000000.0,0.0,0.424,1.161,9.847,10.144,784000000.0,77000000.0,12.68,3.065,3.065,0.0,1551000000.0,4331000000.0,4331000000.0,0.0,0.013,0.12,0.015,0.384,80000000.0,2667000000.0,1.0,1046813306.0,1046995000,1065638000.0,4.137,105700000000.0,0.0,239000000.0,0.0,100.956,
10,HBAN,MRT,2018-12-31,2018-12-31,2018-12-31,2021-09-07,-609000000.0,108781000000.0,106009250000.0,,,0.04,10.265,-110000000.0,2725000000.0,2725000000.0,0.0,1393000000.0,,8.798,10642000000.0,,,10642000000.0,0.0,493000000.0,84774000000.0,0.042,0.5,1628000000.0,2121000000.0,0.496,2121000000.0,1628000000.0,1628000000.0,1.22,1.2,1.22,11102000000.0,11204000000.0,11102000000.0,22044428767.0,14.0,10.393,1616000000.0,1.494,1.0,4275000000.0,1.0,2524000000.0,0.0,114174000000.0,113060250000.0,0.0,97947000000.0,,,97679000000.0,,,12653428767.0,1152000000.0,-15000000.0,-939000000.0,-3594000000.0,-514000000.0,3089000000.0,-3663000000.0,-3640000000.0,1726000000.0,0.0,1393000000.0,1323000000.0,1323000000.0,0.0,0.0,0.309,2647000000.0,1628000000.0,0.0,0.41,1.14,9.564,9.77,790000000.0,70000000.0,11.92,2.96,3.016,0.0,1361000000.0,4275000000.0,4275000000.0,0.0,0.012,0.118,0.014,0.381,78000000.0,2647000000.0,1.0,1061529259.0,1081542000,1105985000.0,3.953,106257000000.0,0.0,235000000.0,0.0,98.246,
11,HBAN,MRT,2018-09-30,2018-09-30,2018-09-30,2021-09-07,-790000000.0,105652000000.0,104860250000.0,,,0.04,10.082,-111000000.0,1342000000.0,1342000000.0,0.0,1491000000.0,,8.663,10733000000.0,,,10733000000.0,0.0,456000000.0,81689000000.0,0.032,0.47,1649000000.0,2105000000.0,0.499,2105000000.0,1649000000.0,1649000000.0,1.3,1.28,1.3,10934000000.0,11132000000.0,10934000000.0,27220060917.0,17.0,12.931,1881000000.0,1.734,1.0,4217000000.0,1.0,2550000000.0,0.0,112493000000.0,113092500000.0,0.0,96241000000.0,,,94718000000.0,,,16475060917.0,105000000.0,0.0,-876000000.0,-68000000.0,-449000000.0,2254000000.0,-4141000000.0,-4061000000.0,1992000000.0,0.0,1491000000.0,1421000000.0,1421000000.0,0.0,0.0,0.337,2568000000.0,1649000000.0,0.0,0.362,1.507,11.594,11.477,827000000.0,70000000.0,14.92,3.907,3.837,0.0,1196000000.0,4217000000.0,4217000000.0,0.0,0.014,0.128,0.015,0.391,78000000.0,2568000000.0,1.0,1104226603.0,1084536000,1103740000.0,3.888,103102000000.0,0.0,158000000.0,0.0,95.066,
12,HBAN,MRT,2018-06-30,2018-06-30,2018-06-30,2021-09-07,-730000000.0,105358000000.0,103944281500.0,,,0.04,10.398,-119000000.0,1423000000.0,1423000000.0,0.0,1388000000.0,,8.184,12168000000.0,,,12168000000.0,0.0,430000000.0,79587000000.0,0.028,0.41,1574000000.0,2004000000.0,0.48,2004000000.0,1574000000.0,1574000000.0,1.21,1.18,1.21,11472000000.0,11073212250.0,11472000000.0,26619505536.0,17.0,13.283,1878000000.0,1.702,1.0,4171000000.0,1.0,2560000000.0,0.0,113543000000.0,112267278750.0,0.0,95808000000.0,,,93886000000.0,,,16262505536.0,-133000000.0,0.0,-314000000.0,-724000000.0,-415000000.0,2614000000.0,-4744000000.0,-4647000000.0,1997000000.0,0.0,1388000000.0,1317000000.0,1317000000.0,0.0,0.0,0.316,2597000000.0,1574000000.0,0.0,0.339,1.418,12.348,12.198,840000000.0,71000000.0,14.76,3.899,3.904,0.0,990000000.0,4171000000.0,4171000000.0,0.0,0.013,0.119,0.014,0.377,84000000.0,2597000000.0,1.0,1101795768.0,1103337000,1122612000.0,3.78,102798000000.0,0.0,186000000.0,0.0,93.17,
13,HBAN,MRT,2018-03-31,2018-03-31,2018-03-31,2021-09-07,-677000000.0,104246000000.0,102956476250.0,,,0.04,10.433,-155000000.0,1115000000.0,1115000000.0,0.0,1305000000.0,,8.219,11472000000.0,,,11472000000.0,0.0,307000000.0,79471000000.0,0.025,0.38,1513000000.0,1820000000.0,0.438,1820000000.0,1513000000.0,1513000000.0,1.14,1.11,1.14,11308000000.0,10868757750.0,11308000000.0,28882602883.0,19.0,15.87,1697000000.0,1.566,1.0,4152000000.0,1.0,2572000000.0,0.0,112031000000.0,111459563000.0,0.0,95031000000.0,,,92938000000.0,,,16187602883.0,-241000000.0,0.0,-313000000.0,1064000000.0,-380000000.0,2813000000.0,-4906000000.0,-4786000000.0,1852000000.0,0.0,1305000000.0,1236000000.0,1236000000.0,0.0,0.0,0.298,2639000000.0,1513000000.0,0.0,0.333,1.432,13.097,13.246,847000000.0,69000000.0,15.1,3.899,3.942,0.0,780000000.0,4152000000.0,4152000000.0,0.0,0.012,0.114,0.014,0.364,109000000.0,2639000000.0,1.0,1072026681.0,1083836000,1124778000.0,3.831,101674000000.0,0.0,208000000.0,0.0,93.809,
14,HBAN,MRT,2017-12-31,2017-12-31,2017-12-31,2021-09-07,-528000000.0,104185000000.0,101906352750.0,,,0.04,9.97,-194000000.0,1567000000.0,1567000000.0,0.0,1186000000.0,,8.634,14262000000.0,,,14262000000.0,0.0,413000000.0,77041000000.0,0.024,0.35,1394000000.0,1807000000.0,0.44,1807000000.0,1394000000.0,1394000000.0,1.02,1.0,1.02,10814000000.0,10651044500.0,10814000000.0,25525006346.0,18.0,14.126,1760000000.0,1.623,1.0,4108000000.0,1.0,2577000000.0,0.0,114303000000.0,110103707500.0,0.0,94560000000.0,,,93371000000.0,,,15738578346.0,135000000.0,0.0,-260000000.0,2314000000.0,-349000000.0,3047000000.0,-4866000000.0,-4690000000.0,1954000000.0,0.0,1186000000.0,1110000000.0,1110000000.0,0.0,0.0,0.27,2714000000.0,1394000000.0,0.0,0.343,1.455,14.179,14.275,864000000.0,76000000.0,14.56,3.831,3.844,0.0,588000000.0,4108000000.0,4108000000.0,0.0,0.011,0.104,0.013,0.339,92000000.0,2714000000.0,1.0,1080946315.0,1084686000,1136186000.0,3.787,101608000000.0,0.0,208000000.0,0.0,93.675,
15,HBAN,MRT,2017-09-30,2017-09-30,2017-09-30,2021-09-07,-369963000.0,101988126000.0,100788602750.0,,,0.04,9.851,-201312000.0,1243828000.0,1243828000.0,0.0,994142000.0,,8.533,11030256000.0,,,11030256000.0,0.0,387556000.0,78445113000.0,0.023,0.32,1296153000.0,1683709000.0,0.415,1683709000.0,1296153000.0,1296153000.0,0.85,0.83,0.85,10698849000.0,10524544500.0,10698849000.0,26713353907.0,21.0,15.866,1433882000.0,1.32,1.0,4058165000.0,1.0,2582439000.0,0.0,109192115000.0,108440957500.0,0.0,92793492000.0,,,91289277000.0,,,15216629907.0,-467783000.0,-479782000.0,-129084000.0,17585000.0,-338344000.0,1184036000.0,-3287013000.0,-2673403000.0,1635194000.0,0.0,994142000.0,918551000.0,918551000.0,0.0,0.0,0.226,2762012000.0,1296153000.0,0.0,0.376,1.422,16.566,16.424,853290000.0,75591000.0,13.96,3.75,3.736,0.0,201215000.0,4058165000.0,4058165000.0,0.0,0.009,0.087,0.012,0.319,90432000.0,2762012000.0,1.0,1090016469.0,1086038000,1106491000.0,3.737,99405687000.0,0.0,302011000.0,0.0,91.531,
16,HBAN,MRT,2017-06-30,2017-06-30,2017-06-30,2021-09-07,-350357000.0,101406779000.0,100482924250.0,,,0.039,9.784,-213154000.0,1592624000.0,1592624000.0,0.0,846146000.0,,8.518,13089348000.0,,,13089348000.0,0.0,382751000.0,75933373000.0,0.023,0.31,1082906000.0,1465657000.0,0.378,1465657000.0,1082906000.0,1082906000.0,0.73,0.71,0.73,10654182000.0,10446523500.0,10654182000.0,23868564103.0,22.0,16.285,1274208000.0,1.17,1.0,3877165000.0,1.0,2591366000.0,0.0,110312137000.0,108039176000.0,0.0,91902041000.0,,,90752597000.0,,,14697862103.0,647976000.0,-613000000.0,2113000.0,1677068000.0,-306913000.0,1589621000.0,-2429007000.0,-1665865000.0,1487362000.0,0.0,846146000.0,771018000.0,771018000.0,0.0,0.0,0.199,2794259000.0,1082906000.0,0.0,0.425,1.38,19.063,18.521,855347000.0,75128000.0,13.52,3.791,3.797,0.0,33557000.0,3877165000.0,3877165000.0,0.0,0.008,0.074,0.01,0.279,90201000.0,2794259000.0,1.0,1087119978.0,1088934000,1108527000.0,3.561,98815413000.0,0.0,236760000.0,0.0,90.745,
17,HBAN,MRT,2017-03-31,2017-03-31,2017-03-31,2021-09-07,-390860000.0,100045506000.0,93619733750.0,,,0.038,9.607,-162843000.0,1371868000.0,1371868000.0,0.0,748686000.0,,8.586,10542570000.0,,,10542570000.0,0.0,485897000.0,77422510000.0,0.022,0.3,960729000.0,1446626000.0,0.404,1446626000.0,960729000.0,960729000.0,0.69,0.67,0.69,10437147000.0,9659804000.0,10437147000.0,25098808340.0,26.0,17.35,1256367000.0,1.156,1.0,3584649000.0,1.0,2608630000.0,0.0,106607578000.0,100972267750.0,0.0,90748834000.0,,,89608359000.0,,,14540032340.0,493908000.0,-613000000.0,3874000.0,619746000.0,-275805000.0,1666255000.0,-2591557000.0,-1859844000.0,1419210000.0,0.0,748686000.0,672684000.0,672684000.0,0.0,0.0,0.188,2623920000.0,960729000.0,0.0,0.435,1.393,21.615,19.406,852582000.0,76002000.0,13.39,4.056,4.058,0.0,-126244000.0,3584649000.0,3584649000.0,0.0,0.007,0.07,0.01,0.268,52732000.0,2623920000.0,1.0,1085887404.0,1086374000,1108617000.0,3.3,97436876000.0,0.0,212043000.0,0.0,89.69,
18,HBAN,MRT,2016-12-31,2016-12-31,2016-12-31,2021-09-07,-401000000.0,99714000000.0,86769599000.0,,,0.038,11.397,-120000000.0,1443000000.0,1443000000.0,0.0,712000000.0,,8.673,12002000000.0,,,12002000000.0,0.0,380000000.0,75608000000.0,0.022,0.29,920000000.0,1300000000.0,0.391,1300000000.0,920000000.0,920000000.0,0.72,0.7,0.72,10308000000.0,8839934750.0,10308000000.0,23774464651.0,26.0,18.288,1095000000.0,1.211,1.0,3328000000.0,1.0,2621000000.0,0.0,107652000000.0,94138387000.0,0.0,90340000000.0,,,89406000000.0,,,14340827651.0,538000000.0,-613000000.0,0.0,2753000000.0,-245000000.0,2768000000.0,-3445000000.0,-2764000000.0,1215000000.0,0.0,712000000.0,647000000.0,647000000.0,0.0,0.0,0.194,2408000000.0,920000000.0,0.0,0.403,1.391,22.165,18.361,816000000.0,65000000.0,13.22,4.309,3.593,0.0,-227000000.0,3328000000.0,3328000000.0,0.0,0.007,0.073,0.01,0.276,66000000.0,2408000000.0,1.0,1084782727.0,904438000,918790000.0,3.68,97093000000.0,0.0,208000000.0,0.0,107.352,
19,HBAN,MRT,2016-09-30,2016-09-30,2016-09-30,2021-09-07,-172175000.0,100765412000.0,79595674250.0,,,0.039,11.066,-87667000.0,1713052000.0,1713052000.0,0.0,651210000.0,,8.701,11146689000.0,,,11146689000.0,0.0,377656000.0,77405096000.0,0.028,0.28,841134000.0,1218790000.0,0.397,1218790000.0,841134000.0,841134000.0,0.73,0.71,0.73,10386765000.0,7911586250.0,10386765000.0,16854147401.0,20.0,13.829,1230313000.0,1.311,1.0,3066980000.0,1.0,2614060000.0,0.0,107584989000.0,86439103500.0,0.0,90909897000.0,,,90378647000.0,,,7879658401.0,636990000.0,-133382000.0,-8580000.0,1671743000.0,-216084000.0,3848325000.0,-4529315000.0,-4347145000.0,1317980000.0,0.0,651210000.0,596702000.0,596702000.0,0.0,0.0,0.195,2225846000.0,841134000.0,0.0,0.384,0.759,13.205,13.507,828440000.0,54508000.0,9.86,2.569,3.017,0.0,-359380000.0,3066980000.0,3066980000.0,0.0,0.007,0.075,0.01,0.274,60432000.0,2225846000.0,1.0,799153996.0,938578000,952081000.0,3.268,98151352000.0,0.0,189924000.0,0.0,104.575,
20,HBAN,MRT,2016-06-30,2016-06-30,2016-06-30,2021-09-07,-134042000.0,73954017000.0,71956865750.0,,,0.041,9.406,-69753000.0,912076000.0,912076000.0,0.0,676794000.0,,8.851,9886565000.0,,,9886565000.0,0.0,381292000.0,55043465000.0,0.03,0.27,888971000.0,1270263000.0,0.434,1270263000.0,888971000.0,888971000.0,0.79,0.78,0.79,7507304000.0,6960554250.0,7507304000.0,14646271348.0,16.0,11.53,1163790000.0,1.458,1.0,2929078000.0,1.0,884002000.0,0.0,82044504000.0,78592258750.0,0.0,68054242000.0,,,66446713000.0,,,7122400348.0,-513380000.0,-164000.0,-84783000.0,2439381000.0,-207777000.0,4256167000.0,-6003090000.0,-5972809000.0,1233543000.0,0.0,676794000.0,632855000.0,632855000.0,0.0,0.0,0.216,2040107000.0,888971000.0,0.0,0.342,0.949,11.254,11.316,596642000.0,43939000.0,8.94,2.432,2.436,0.0,-390838000.0,2929078000.0,2929078000.0,0.0,0.009,0.091,0.011,0.303,53226000.0,2040107000.0,1.0,796689077.0,798167000,810371000.0,3.67,73070015000.0,0.0,212177000.0,0.0,91.547,
21,HBAN,MRT,2016-03-31,2016-03-31,2016-03-31,2021-09-07,-167286000.0,72644967000.0,70679773500.0,,,0.041,8.995,-92063000.0,882916000.0,882916000.0,0.0,698460000.0,,9.149,8406787000.0,,,8406787000.0,0.0,350439000.0,55628842000.0,0.027,0.26,920411000.0,1270850000.0,0.434,1270850000.0,920411000.0,920411000.0,0.83,0.82,0.83,7157670000.0,6707792750.0,7157670000.0,14368438864.0,16.0,11.306,1150984000.0,1.446,1.0,2928634000.0,1.0,896783000.0,0.0,79272055000.0,76585938750.0,0.0,66804753000.0,,,65487297000.0,,,7584539864.0,-84219000.0,-164000.0,-183967000.0,1169551000.0,-200457000.0,4022371000.0,-5349637000.0,-5301145000.0,1243047000.0,0.0,698460000.0,666427000.0,666427000.0,0.0,0.0,0.228,2008223000.0,920411000.0,0.0,0.313,1.06,11.381,11.494,611603000.0,32033000.0,9.54,2.59,2.592,0.0,-487717000.0,2928634000.0,2928634000.0,0.0,0.009,0.099,0.012,0.314,51173000.0,2008223000.0,1.0,795025143.0,795755000,808349000.0,3.68,71748184000.0,0.0,221951000.0,0.0,90.164,
22,HBAN,MRT,2015-12-31,2015-12-31,2015-12-31,2021-09-07,-226158000.0,71018301000.0,69519197000.0,,,0.042,8.208,-93000000.0,898994000.0,898994000.0,0.0,693000000.0,,9.769,7656643000.0,,,7656643000.0,0.0,341000000.0,55294979000.0,0.023,0.25,914000000.0,1255000000.0,0.434,1255000000.0,914000000.0,914000000.0,0.82,0.81,0.82,6594606000.0,6533863750.0,6594606000.0,15534147406.0,17.0,12.378,940000000.0,1.17,1.0,2890000000.0,1.0,921084000.0,0.0,76854866000.0,75128873250.0,0.0,65189905000.0,,,64423695000.0,,,8811053406.0,-374000000.0,-458000000.0,-233000000.0,376000000.0,-193000000.0,3522000000.0,-4929000000.0,-4424000000.0,1033000000.0,0.0,693000000.0,661000000.0,661000000.0,0.0,0.0,0.229,1976000000.0,914000000.0,0.0,0.305,1.336,13.33,13.488,620540000.0,32000000.0,11.06,3.049,3.075,0.0,-594067000.0,2890000000.0,2890000000.0,0.0,0.01,0.101,0.012,0.316,51000000.0,1976000000.0,1.0,796659440.0,803412000,817129000.0,3.597,70097217000.0,0.0,221000000.0,0.0,87.249,
23,HBAN,MRT,2015-09-30,2015-09-30,2015-09-30,2021-09-07,-139739000.0,70210178000.0,68339124250.0,,,0.042,8.219,-96324000.0,1090163000.0,1090163000.0,0.0,678262000.0,,9.666,7813257000.0,,,7813257000.0,0.0,356646000.0,54244711000.0,0.023,0.24,900478000.0,1257124000.0,0.439,1257124000.0,900478000.0,900478000.0,0.79,0.79,0.79,6582637000.0,6467254750.0,6582637000.0,14427147024.0,16.0,11.476,564062000.0,0.704,1.0,2860891000.0,1.0,735662000.0,0.0,76197610000.0,73702341000.0,0.0,64030772000.0,,,63627541000.0,,,8512497024.0,144496000.0,-457836000.0,-252035000.0,499554000.0,-191254000.0,4214973000.0,-4730863000.0,-4233886000.0,660386000.0,0.0,678262000.0,646398000.0,646398000.0,0.0,0.0,0.226,1960413000.0,900478000.0,0.0,0.304,1.293,13.169,13.418,620515000.0,31864000.0,10.6,2.975,2.967,0.0,-708341000.0,2860891000.0,2860891000.0,0.0,0.009,0.1,0.012,0.315,49146000.0,1960413000.0,1.0,803065757.0,800883000,814326000.0,3.572,69474516000.0,0.0,222216000.0,0.0,86.747,
24,HBAN,MRT,2015-06-30,2015-06-30,2015-06-30,2021-09-07,-185650000.0,68845648000.0,66869237000.0,,,0.042,8.051,-80083000.0,1451378000.0,1451378000.0,0.0,680690000.0,,9.598,7366028000.0,,,7366028000.0,0.0,347922000.0,53473179000.0,0.02,0.23,909774000.0,1257696000.0,0.445,1257696000.0,909774000.0,909774000.0,0.79,0.79,0.79,6496258000.0,6392648000.0,6496258000.0,15336620428.0,17.0,12.194,512199000.0,0.635,1.0,2823997000.0,1.0,741074000.0,0.0,74019224000.0,72034321000.0,0.0,62318990000.0,,,62349390000.0,,,9144454428.0,161516000.0,247253000.0,-223660000.0,-841369000.0,-181661000.0,2748663000.0,-3179429000.0,-3410840000.0,592282000.0,0.0,680690000.0,648830000.0,648830000.0,0.0,0.0,0.23,1914223000.0,909774000.0,0.0,0.291,1.408,14.094,14.316,615436000.0,31860000.0,11.31,3.238,3.232,0.0,-804884000.0,2823997000.0,2823997000.0,0.0,0.01,0.101,0.013,0.322,46447000.0,1914223000.0,1.0,808528243.0,806891000,820238000.0,3.5,68104574000.0,0.0,229084000.0,0.0,84.404,
25,HBAN,MRT,2015-03-31,2015-03-31,2015-03-31,2021-09-07,-160832000.0,68002661000.0,65607103250.0,,,0.042,7.98,-62289000.0,973906000.0,973906000.0,0.0,649103000.0,,9.524,7166072000.0,,,7166072000.0,0.0,346481000.0,52832695000.0,0.02,0.22,871605000.0,1218086000.0,0.443,1218086000.0,871605000.0,871605000.0,0.75,0.75,0.75,6461954000.0,6328781250.0,6461954000.0,14398722731.0,17.0,11.821,652276000.0,0.805,1.0,2752687000.0,1.0,751034000.0,0.0,73443793000.0,70940484750.0,0.0,62017746000.0,,,61540707000.0,,,8950783731.0,-73388000.0,247253000.0,-232005000.0,2144286000.0,-174527000.0,4429116000.0,-5217069000.0,-5466060000.0,714565000.0,0.0,649103000.0,617248000.0,617248000.0,0.0,0.0,0.224,1881082000.0,871605000.0,0.0,0.293,1.385,14.501,14.733,607263000.0,31855000.0,11.05,3.252,3.251,0.0,-943525000.0,2752687000.0,2752687000.0,0.0,0.009,0.098,0.012,0.317,45343000.0,1881082000.0,1.0,810025677.0,809778000,823809000.0,3.399,67251627000.0,0.0,222502000.0,0.0,83.049,
26,HBAN,MRT,2014-12-31,2014-12-31,2014-12-31,2021-09-07,-222292000.0,66298010000.0,63892876250.0,,,0.043,7.718,-59808000.0,1285124000.0,1285124000.0,0.0,632392000.0,,9.477,6733063000.0,,,6733063000.0,0.0,332832000.0,51732151000.0,0.02,0.21,852985000.0,1185817000.0,0.434,1185817000.0,852985000.0,852985000.0,0.73,0.72,0.73,6328170000.0,6257351250.0,6328170000.0,14370821586.0,17.0,12.119,828978000.0,1.011,1.0,2735331000.0,1.0,597212000.0,0.0,71148737000.0,68594561000.0,0.0,60273623000.0,,,59969840000.0,,,8568055586.0,219433000.0,691637000.0,-314122000.0,1919776000.0,-166935000.0,4335428000.0,-5004781000.0,-5698754000.0,888786000.0,0.0,632392000.0,600538000.0,600538000.0,0.0,0.0,0.22,1882346000.0,852985000.0,0.0,0.288,1.354,14.267,14.411,616407000.0,31854000.0,10.52,3.132,3.153,0.0,-1052324000.0,2735331000.0,2735331000.0,0.0,0.009,0.096,0.012,0.312,43666000.0,1882346000.0,1.0,814453953.0,819917000,833081000.0,3.336,65700798000.0,0.0,220593000.0,0.0,80.131,
27,HBAN,MRT,2014-09-30,2014-09-30,2014-09-30,2021-09-07,-182016000.0,64330629000.0,62185167250.0,,,0.043,7.697,-45613000.0,952760000.0,952760000.0,0.0,626950000.0,,9.237,6755526000.0,,,6755526000.0,0.0,310208000.0,50129837000.0,0.021,0.2,842421000.0,1152629000.0,0.429,1152629000.0,842421000.0,842421000.0,0.72,0.72,0.72,6284210000.0,6197847000.0,6284210000.0,14383106340.0,17.0,12.479,783564000.0,0.96,1.0,2687505000.0,1.0,607865000.0,0.0,69525530000.0,66477865000.0,0.0,58788027000.0,,,58046419000.0,,,7949432340.0,-227796000.0,691637000.0,-267822000.0,3710919000.0,-162815000.0,5504182000.0,-6561155000.0,-7256430000.0,829177000.0,0.0,626950000.0,595094000.0,595094000.0,0.0,0.0,0.221,1845084000.0,842421000.0,0.0,0.278,1.265,13.358,13.514,613214000.0,31856000.0,9.73,2.958,2.956,0.0,-1159168000.0,2687505000.0,2687505000.0,0.0,0.01,0.096,0.013,0.313,43020000.0,1845084000.0,1.0,817002296.0,816497000,829623000.0,3.292,63722764000.0,0.0,215471000.0,0.0,78.044,
28,HBAN,MRT,2014-06-30,2014-06-30,2014-06-30,2021-09-07,-159727000.0,63797113000.0,60264572750.0,,,0.044,7.596,-75899000.0,1288087000.0,1288087000.0,0.0,650770000.0,,9.223,7721761000.0,,,7721761000.0,0.0,299048000.0,48748765000.0,0.021,0.2,877418000.0,1176466000.0,0.441,1176466000.0,877418000.0,877418000.0,0.75,0.74,0.75,6240791000.0,6117189250.0,6240791000.0,11407493020.0,13.0,9.696,910857000.0,1.109,1.0,2665520000.0,1.0,586908000.0,0.0,69643879000.0,63581548250.0,0.0,57926109000.0,,,57556322000.0,,,7896943020.0,224547000.0,-13452000.0,-238388000.0,4800340000.0,-165623000.0,6219456000.0,-6981665000.0,-6937275000.0,986756000.0,0.0,650770000.0,618911000.0,618911000.0,0.0,0.0,0.232,1788102000.0,877418000.0,0.0,0.267,1.265,12.759,12.72,622289000.0,31859000.0,9.54,2.963,2.94,0.0,-1264129000.0,2665520000.0,2665520000.0,0.0,0.01,0.101,0.014,0.329,41903000.0,1788102000.0,1.0,827771805.0,821546000,834687000.0,3.245,63210205000.0,0.0,226648000.0,0.0,76.941,
29,HBAN,MRT,2014-03-31,2014-03-31,2014-03-31,2021-09-07,-201747000.0,61145753000.0,58343716250.0,,,0.045,7.444,-88879000.0,1044495000.0,1044495000.0,0.0,637151000.0,,8.9,4555045000.0,,,4555045000.0,0.0,296383000.0,49348753000.0,0.02,0.2,861593000.0,1157976000.0,0.439,1157976000.0,861593000.0,861593000.0,0.73,0.72,0.73,6176234000.0,6002870250.0,6176234000.0,12039451945.0,14.0,10.397,868421000.0,1.047,1.0,2636924000.0,1.0,596205000.0,0.0,64060098000.0,60512639250.0,0.0,55547254000.0,,,54969519000.0,,,8287211945.0,144576000.0,-13452000.0,-208818000.0,2338742000.0,-158071000.0,3868446000.0,-4681170000.0,-4628718000.0,957300000.0,0.0,637151000.0,605288000.0,605288000.0,0.0,0.0,0.23,1775331000.0,861593000.0,0.0,0.274,1.342,13.691,13.658,628966000.0,31863000.0,9.97,3.143,3.137,0.0,-1379832000.0,2636924000.0,2636924000.0,0.0,0.01,0.101,0.014,0.327,38404000.0,1775331000.0,1.0,831214839.0,829659000,842677000.0,3.178,60549548000.0,0.0,224442000.0,0.0,72.981,
30,HBAN,MRT,2013-12-31,2013-12-31,2013-12-31,2021-09-07,-214009000.0,59467174000.0,57071019500.0,,,0.046,7.301,-102208000.0,1058175000.0,1058175000.0,0.0,641282000.0,,8.764,4810415000.0,,,4810415000.0,0.0,281545000.0,47506718000.0,0.02,0.19,868756000.0,1150301000.0,0.438,1150301000.0,868756000.0,868756000.0,0.73,0.72,0.73,6090153000.0,5925596250.0,6090153000.0,9854287583.0,11.0,8.567,911037000.0,1.092,1.0,2626759000.0,1.0,537461000.0,0.0,62681953000.0,58709521750.0,0.0,53979835000.0,,,53377021000.0,,,8014495583.0,-261674000.0,0.0,-112394000.0,2002472000.0,-150608000.0,2965414000.0,-4240333000.0,-4193145000.0,1013245000.0,0.0,641282000.0,609413000.0,609413000.0,0.0,0.0,0.232,1758003000.0,868756000.0,0.0,0.26,1.316,13.151,13.219,634657000.0,31869000.0,9.65,3.051,3.065,0.0,-1479324000.0,2626759000.0,2626759000.0,0.0,0.011,0.103,0.015,0.331,37007000.0,1758003000.0,1.0,830517677.0,834205000,843974000.0,3.149,58929713000.0,0.0,227474000.0,0.0,70.642,
31,HBAN,MRT,2013-09-30,2013-09-30,2013-09-30,2021-09-07,-230767000.0,56648251000.0,56242522250.0,,,0.047,7.179,-135879000.0,1170758000.0,1170758000.0,0.0,640657000.0,,8.502,3010550000.0,,,3010550000.0,0.0,276842000.0,46564046000.0,0.022,0.18,888639000.0,1165481000.0,0.436,1165481000.0,888639000.0,888639000.0,0.73,0.71,0.73,5961579000.0,5850610750.0,5961579000.0,8665812790.0,10.0,7.435,1004867000.0,1.21,1.0,2671261000.0,1.0,547780000.0,0.0,57940263000.0,57338453750.0,0.0,50992393000.0,,,50686672000.0,,,6853114790.0,310057000.0,-52000.0,-206573000.0,398698000.0,-143262000.0,-147478000.0,-683211000.0,-624466000.0,1140746000.0,0.0,640657000.0,608780000.0,608780000.0,0.0,0.0,0.228,1782622000.0,888639000.0,0.0,0.247,1.15,11.257,11.315,639632000.0,31877000.0,8.26,2.565,2.568,0.0,-1578401000.0,2671261000.0,2671261000.0,0.0,0.011,0.104,0.015,0.333,35558000.0,1782622000.0,1.0,829674914.0,830398000,841025000.0,3.217,56100471000.0,0.0,247982000.0,0.0,67.559,
32,HBAN,MRT,2013-06-30,2013-06-30,2013-06-30,2021-09-07,-283736000.0,56113687000.0,56191209500.0,,,0.047,6.929,-123291000.0,1070621000.0,1070621000.0,0.0,629588000.0,,8.702,2883319000.0,,,2883319000.0,0.0,271060000.0,46331434000.0,0.022,0.17,840814000.0,1111874000.0,0.418,1111874000.0,840814000.0,840814000.0,0.71,0.7,0.71,5783515000.0,5812117000.0,5783515000.0,7962191358.0,9.0,7.161,727152000.0,0.871,1.0,2658403000.0,1.0,558142000.0,0.0,57368243000.0,57291576750.0,0.0,50533860000.0,,,50330172000.0,,,6601025358.0,-224682000.0,-52000.0,-215449000.0,-770903000.0,-136068000.0,-890384000.0,-184741000.0,-143821000.0,850443000.0,0.0,629588000.0,597695000.0,597695000.0,0.0,0.0,0.225,1817589000.0,840814000.0,0.0,0.239,1.141,11.044,11.085,626745000.0,31893000.0,7.87,2.483,2.471,0.0,-1706673000.0,2658403000.0,2658403000.0,0.0,0.011,0.103,0.015,0.316,32949000.0,1817589000.0,1.0,838757987.0,834730000,843840000.0,3.185,55555545000.0,0.0,211226000.0,0.0,66.555,
33,HBAN,MRT,2013-03-31,2013-03-31,2013-03-31,2021-09-07,-159955000.0,56054966000.0,56318527500.0,,,0.047,6.976,-124241000.0,900005000.0,900005000.0,0.0,631294000.0,,8.554,2261171000.0,,,2261171000.0,0.0,271026000.0,46867141000.0,0.022,0.16,836537000.0,1107563000.0,0.418,1107563000.0,836537000.0,836537000.0,0.71,0.7,0.71,5867138000.0,5778546000.0,5867138000.0,7826503164.0,9.0,7.066,812528000.0,0.966,1.0,2652530000.0,1.0,568504000.0,0.0,56847628000.0,57570013500.0,0.0,50550695000.0,,,50187828000.0,,,6205582164.0,-282529000.0,-52000.0,-180481000.0,-1935879000.0,-136651000.0,-423918000.0,-795380000.0,-761747000.0,936769000.0,0.0,631294000.0,599384000.0,599384000.0,0.0,0.0,0.226,1815993000.0,836537000.0,0.0,0.225,1.058,10.353,10.38,620833000.0,31910000.0,7.37,2.339,2.337,0.0,-1807746000.0,2652530000.0,2652530000.0,0.0,0.011,0.104,0.015,0.315,30591000.0,1815993000.0,1.0,842005721.0,841103000,848708000.0,3.154,55486462000.0,0.0,205243000.0,0.0,65.969,
34,HBAN,MRT,2012-12-31,2012-12-31,2012-12-31,2021-09-07,-150817000.0,56153185000.0,56273949500.0,,,0.047,6.749,-129641000.0,1333727000.0,1333727000.0,0.0,631290000.0,,8.698,2954648000.0,,,2954648000.0,0.0,274572000.0,46252683000.0,0.025,0.16,833581000.0,1108153000.0,0.415,1108153000.0,833581000.0,833581000.0,0.7,0.69,0.7,5790211000.0,5699218500.0,5790211000.0,7364378553.0,9.0,6.646,872489000.0,1.017,1.0,2669457000.0,1.0,576425000.0,0.0,57197681000.0,57885998250.0,0.0,50124915000.0,,,50362974000.0,,,5466551553.0,146838000.0,40258000.0,-146881000.0,-1715074000.0,-137616000.0,227686000.0,-1082978000.0,-1085377000.0,1002130000.0,0.0,631290000.0,599301000.0,599301000.0,0.0,0.0,0.225,1835876000.0,833581000.0,0.0,0.229,0.944,9.122,9.129,617257000.0,31989000.0,6.39,2.048,2.054,0.0,-1917933000.0,2669457000.0,2669457000.0,0.0,0.011,0.105,0.014,0.312,27873000.0,1835876000.0,1.0,855485376.0,857962000,863402000.0,3.111,55576760000.0,0.0,202291000.0,0.0,64.778,
35,HBAN,MRT,2012-09-30,2012-09-30,2012-09-30,2021-09-07,-84542000.0,56443000000.0,55848316250.0,,,0.046,6.77,-124194000.0,863236000.0,863236000.0,0.0,600601000.0,,8.719,2761063000.0,,,2761063000.0,0.0,277062000.0,46741286000.0,0.023,0.16,772309000.0,1049371000.0,0.409,1049371000.0,772309000.0,772309000.0,0.67,0.67,0.67,5807604000.0,5606190750.0,5807604000.0,8381170109.0,11.0,7.987,758557000.0,0.884,1.0,2567831000.0,1.0,588072000.0,0.0,57752755000.0,57877358000.0,0.0,50776882000.0,,,50635396000.0,,,5918676109.0,-1392675000.0,40310000.0,-65303000.0,-2550494000.0,-137949000.0,23853000.0,-2299279000.0,-2348647000.0,882751000.0,0.0,600601000.0,568882000.0,568882000.0,0.0,0.0,0.222,1795522000.0,772309000.0,0.0,0.239,1.019,10.404,10.291,590750000.0,31719000.0,6.895,2.305,2.304,0.0,-2043405000.0,2567831000.0,2567831000.0,0.0,0.01,0.101,0.013,0.301,39624000.0,1795522000.0,1.0,858401176.0,857871000,863588000.0,2.993,55854928000.0,0.0,171708000.0,0.0,65.109,
36,HBAN,MRT,2012-06-30,2012-06-30,2012-06-30,2021-09-07,-135977000.0,56622959000.0,55482243000.0,,,0.046,6.552,-127413000.0,1307413000.0,1307413000.0,0.0,576225000.0,,9.023,3769907000.0,,,3769907000.0,0.0,278181000.0,46076075000.0,0.025,0.16,758584000.0,1036765000.0,0.409,1036765000.0,758584000.0,758584000.0,0.64,0.64,0.64,5649231000.0,5504409500.0,5649231000.0,8384232992.0,11.0,8.087,837794000.0,0.972,1.0,2534921000.0,1.0,603463000.0,0.0,58481990000.0,57751215750.0,0.0,50541905000.0,,,50973728000.0,,,5533916992.0,234706000.0,40310000.0,-40230000.0,-1768788000.0,-113464000.0,2003412000.0,-2733913000.0,-2729005000.0,965207000.0,0.0,576225000.0,544786000.0,544786000.0,0.0,0.0,0.215,1776337000.0,758584000.0,0.0,0.25,0.98,10.158,10.0,583057000.0,31439000.0,6.4,2.183,2.177,0.0,-2168768000.0,2534921000.0,2534921000.0,0.0,0.01,0.099,0.013,0.299,32486000.0,1776337000.0,1.0,864674530.0,862261000,867551000.0,2.94,56019496000.0,0.0,182359000.0,0.0,64.968,
37,HBAN,MRT,2012-03-31,2012-03-31,2012-03-31,2021-09-07,-157816000.0,55876654000.0,54589013000.0,,,0.046,6.42,-146518000.0,1263138000.0,1263138000.0,0.0,569437000.0,,9.068,4113454000.0,,,4113454000.0,0.0,279594000.0,45008964000.0,0.02,0.13,751490000.0,1031084000.0,0.41,1031084000.0,751490000.0,751490000.0,0.63,0.63,0.63,5549828000.0,5405262500.0,5549828000.0,8902955518.0,12.0,8.635,970578000.0,1.123,1.0,2511967000.0,1.0,615403000.0,0.0,58111567000.0,57300269500.0,0.0,49667102000.0,,,50326826000.0,,,5570917518.0,-97603000.0,40310000.0,0.0,-1564771000.0,-87621000.0,1234970000.0,-2449669000.0,-2432172000.0,1117096000.0,0.0,569437000.0,538278000.0,538278000.0,0.0,0.0,0.214,1760477000.0,751490000.0,0.0,0.206,1.004,10.35,10.23,577538000.0,31159000.0,6.445,2.218,2.218,0.0,-2279137000.0,2511967000.0,2511967000.0,0.0,0.01,0.1,0.013,0.299,24969000.0,1760477000.0,1.0,864378203.0,864499000,869164000.0,2.906,55261251000.0,0.0,182053000.0,0.0,63.923,
38,HBAN,MRT,2011-12-31,2011-12-31,2011-12-31,2021-09-07,-173763000.0,54450652000.0,53856976750.0,,,0.045,6.273,-143763000.0,1206911000.0,1206911000.0,0.0,542613000.0,,9.05,4538949000.0,,,4538949000.0,0.0,282105000.0,43279625000.0,0.018,0.1,707234000.0,989339000.0,0.406,989339000.0,707234000.0,707234000.0,0.59,0.59,0.59,5418100000.0,5277455250.0,5418100000.0,7645995108.0,11.0,7.728,1451024000.0,1.68,1.0,2435734000.0,1.0,619570000.0,0.0,57163120000.0,56875110000.0,0.0,48341810000.0,,,49032552000.0,,,4743771108.0,268080000.0,0.0,0.0,-1297719000.0,-61591000.0,-22001000.0,-1304706000.0,-1279831000.0,1594787000.0,0.0,542613000.0,511800000.0,511800000.0,0.0,0.0,0.21,1728500000.0,707234000.0,0.0,0.169,0.876,9.269,9.305,564429000.0,30813000.0,5.49,1.948,1.947,0.0,-2389639000.0,2435734000.0,2435734000.0,0.0,0.01,0.097,0.012,0.29,19666000.0,1728500000.0,1.0,864074883.0,863691000,867624000.0,2.82,53831082000.0,0.0,164621000.0,0.0,62.327,
39,HBAN,MRT,2011-09-30,2011-09-30,2011-09-30,2021-09-07,-80404000.0,54978707000.0,53699224250.0,,,0.045,6.251,-124680000.0,2295730000.0,2295730000.0,0.0,538655000.0,,9.18,5197954000.0,,,5197954000.0,0.0,290200000.0,43219727000.0,0.015,0.07,696371000.0,986571000.0,0.406,986571000.0,696371000.0,696371000.0,0.51,0.51,0.51,5400479000.0,5168065750.0,5400479000.0,8418248875.0,12.0,8.533,1236741000.0,1.432,1.0,2429189000.0,1.0,632745000.0,0.0,57248186000.0,57088926750.0,0.0,47784281000.0,,,49578228000.0,,,4143950875.0,1051050000.0,0.0,886172000.0,-246672000.0,-34203000.0,1249859000.0,-1560230000.0,-1529572000.0,1361421000.0,0.0,538655000.0,431791000.0,431791000.0,0.0,0.0,0.178,1732818000.0,696371000.0,0.0,0.137,0.767,9.597,9.412,543324000.0,106864000.0,4.8,1.706,1.707,0.0,-2474205000.0,2429189000.0,2429189000.0,0.0,0.008,0.084,0.012,0.287,0.0,1732818000.0,1.0,863323099.0,863911000,867633000.0,2.812,54345962000.0,0.0,157716000.0,0.0,62.907,
40,HBAN,MRT,2011-06-30,2011-06-30,2011-06-30,2021-09-07,-122543000.0,53050039000.0,53266241500.0,,,0.044,6.084,-107906000.0,1100580000.0,1100580000.0,0.0,496210000.0,,9.1,5374878000.0,,,5374878000.0,0.0,293029000.0,41402355000.0,0.006,0.04,644674000.0,937703000.0,0.396,937703000.0,644674000.0,644674000.0,0.45,0.45,0.45,5252643000.0,5209796750.0,5252643000.0,9785833672.0,15.0,10.436,1138623000.0,1.319,1.0,2365683000.0,1.0,646132000.0,0.0,56678205000.0,56932828250.0,0.0,47149151000.0,,,47797396000.0,,,5663894672.0,-141894000.0,0.0,886172000.0,18587000.0,-31595000.0,900092000.0,-2288515000.0,-2350860000.0,1246529000.0,0.0,496210000.0,367554000.0,367554000.0,0.0,0.0,0.155,1721009000.0,644674000.0,0.0,0.089,1.078,15.41,14.578,528590000.0,128656000.0,6.56,2.394,2.394,0.0,-2574855000.0,2365683000.0,2365683000.0,0.0,0.007,0.071,0.011,0.273,0.0,1721009000.0,1.0,863398578.0,863358000,867469000.0,2.74,52403907000.0,0.0,148464000.0,0.0,60.698,
41,HBAN,MRT,2011-03-31,2011-03-31,2011-03-31,2021-09-07,-203921000.0,52948509000.0,52946441250.0,,,0.042,5.836,-81554000.0,1338819000.0,1338819000.0,0.0,399056000.0,,9.509,5460758000.0,,,5460758000.0,0.0,289690000.0,41366487000.0,0.006,0.04,511859000.0,801549000.0,0.361,801549000.0,511859000.0,511859000.0,0.32,0.32,0.32,5038599000.0,5256245000.0,5038599000.0,10604202260.0,21.0,13.23,1198097000.0,1.388,1.0,2218269000.0,1.0,659519000.0,0.0,56410929000.0,56540945750.0,0.0,46763815000.0,,,47909910000.0,,,5732569260.0,-101820000.0,0.0,886172000.0,548147000.0,-30072000.0,928133000.0,-2309604000.0,-2406677000.0,1279651000.0,0.0,399056000.0,248678000.0,248678000.0,0.0,0.0,0.112,1706410000.0,511859000.0,0.0,0.125,1.138,23.052,20.75,500736000.0,150378000.0,6.64,2.584,2.584,0.0,-2704350000.0,2218269000.0,2218269000.0,0.0,0.005,0.047,0.009,0.231,0.0,1706410000.0,1.0,863338744.0,863359000,867237000.0,2.569,52288990000.0,0.0,112803000.0,0.0,60.565,
42,HBAN,MRT,2010-12-31,2010-12-31,2010-12-31,2021-09-07,-197496000.0,53819642000.0,52676013500.0,,,0.038,6.851,-68200000.0,982926000.0,982926000.0,0.0,312347000.0,,9.806,5854559000.0,,,5854559000.0,0.0,286186000.0,41853898000.0,0.006,0.04,352311000.0,638497000.0,0.315,638497000.0,352311000.0,352311000.0,0.19,0.19,0.19,4980542000.0,5339016750.0,4980542000.0,8991648193.0,26.0,14.083,772623000.0,1.063,1.0,2026116000.0,1.0,672888000.0,0.0,58018387000.0,56090024000.0,0.0,47731432000.0,,,48839100000.0,,,4926698193.0,-673456000.0,0.0,886172000.0,557723000.0,-28598000.0,1262505000.0,-2776784000.0,-2860582000.0,840823000.0,0.0,312347000.0,140315000.0,140315000.0,0.0,0.0,0.069,1673805000.0,352311000.0,0.0,0.211,0.989,35.112,36.158,491602000.0,172032000.0,6.87,2.432,2.465,0.0,-2814433000.0,2026116000.0,2026116000.0,0.0,0.003,0.026,0.006,0.174,0.0,1673805000.0,1.0,717132197.0,726934000,729532000.0,2.787,53146754000.0,0.0,39964000.0,0.0,73.111,
43,HBAN,MRT,2010-09-30,2010-09-30,2010-09-30,2021-09-07,-28396000.0,53246776000.0,52109769250.0,,,0.022,7.766,-62502000.0,1413466000.0,1413466000.0,0.0,-180240000.0,,8.564,5478416000.0,,,5478416000.0,0.0,276638000.0,41072371000.0,0.007,0.04,-403614000.0,-126976000.0,-0.11,-126976000.0,-403614000.0,-403614000.0,0.08,0.08,0.08,5567403000.0,5427881750.0,5567403000.0,8121861451.0,-20.0,-63.964,931328000.0,1.299,1.0,1158193000.0,1.0,687934000.0,0.0,56623792000.0,55000300000.0,0.0,46770909000.0,,,47679373000.0,,,4078945451.0,-742882000.0,0.0,-17000.0,-931099000.0,-27114000.0,168913000.0,-1905625000.0,-1965445000.0,993830000.0,0.0,-180240000.0,-297807000.0,-297807000.0,0.0,0.0,-0.257,1561807000.0,-403614000.0,0.0,0.5,0.733,-13.697,71.125,489349000.0,117567000.0,5.69,3.522,3.522,0.0,-2846392000.0,1158193000.0,1158193000.0,0.0,-0.006,-0.055,-0.007,-0.348,0.0,1561807000.0,1.0,716862118.0,716911000,719567000.0,1.616,52558842000.0,0.0,-223374000.0,0.0,73.313,
44,HBAN,MRT,2010-06-30,2010-06-30,2010-06-30,2021-09-07,-84398000.0,51770838000.0,51926240000.0,,,0.014,7.589,-60248000.0,1415244000.0,1415244000.0,0.0,-447376000.0,,8.519,5458160000.0,,,5458160000.0,0.0,258390000.0,39848507000.0,0.007,0.04,-791612000.0,-533222000.0,-0.717,-533222000.0,-791612000.0,-791612000.0,-0.35,-0.35,-0.35,5438436000.0,5454807500.0,5438436000.0,7428491616.0,-9.0,-13.931,1142096000.0,1.594,1.0,743983000.0,1.0,703079000.0,0.0,55110675000.0,54686197750.0,0.0,45255954000.0,,,46332402000.0,,,3969827616.0,-966828000.0,0.0,587318000.0,-863435000.0,-25493000.0,274420000.0,-2443592000.0,-2489180000.0,1202344000.0,0.0,-447376000.0,-564671000.0,-564671000.0,0.0,0.0,-0.759,1535595000.0,-791612000.0,0.0,-0.114,0.73,-7.03,-15.829,492859000.0,117295000.0,5.54,5.336,5.336,0.0,-2910115000.0,743983000.0,743983000.0,0.0,-0.011,-0.104,-0.014,-1.064,0.0,1535595000.0,1.0,716575382.0,716580000,719387000.0,1.038,51067759000.0,0.0,-344236000.0,0.0,71.266,
45,HBAN,MRT,2010-03-31,2010-03-31,2010-03-31,2021-09-07,-133473000.0,51866798000.0,51832843500.0,,,0.009,7.496,-47510000.0,1674722000.0,1674722000.0,0.0,-621235000.0,,8.659,5133386000.0,,,5133386000.0,0.0,244015000.0,40303467000.0,0.007,0.04,-991540000.0,-747525000.0,-1.59,-747525000.0,-991540000.0,-991540000.0,-0.78,-0.78,-0.78,5369686000.0,5400329000.0,5369686000.0,6699492866.0,-7.0,-8.962,1175313000.0,1.641,1.0,470227000.0,1.0,718220000.0,0.0,54607242000.0,54438840000.0,0.0,44877947000.0,,,46497112000.0,,,3861300866.0,-962191000.0,0.0,1135645000.0,-1846793000.0,-21913000.0,403016000.0,-2588030000.0,-2626933000.0,1222823000.0,0.0,-621235000.0,-766555000.0,-766555000.0,0.0,0.0,-1.63,1461767000.0,-991540000.0,0.0,-0.051,0.719,-5.037,-6.91,491573000.0,145320000.0,5.39,8.212,8.211,0.0,-2922161000.0,470227000.0,470227000.0,0.0,-0.015,-0.142,-0.018,-2.109,0.0,1461767000.0,1.0,716382350.0,716320000,718593000.0,0.656,51148578000.0,0.0,-370305000.0,0.0,71.405,
46,HBAN,MRT,2009-12-31,2009-12-31,2009-12-31,2021-09-07,-156985000.0,51554665000.0,51791675250.0,,,0.007,10.015,-49223000.0,1840719000.0,1840719000.0,0.0,-3094179000.0,,8.662,4678911000.0,,,4678911000.0,0.0,228041000.0,40493927000.0,0.011,0.04,-3678183000.0,-3450142000.0,-9.712,-3450142000.0,-3678183000.0,-3678183000.0,-6.14,-6.14,-6.14,5336002000.0,5261591500.0,5336002000.0,6210915511.0,-2.0,-1.8,1917039000.0,3.598,1.0,355260000.0,1.0,733366000.0,0.0,53659491000.0,54514001000.0,0.0,44441402000.0,,,46218663000.0,,,2609931511.0,676676000.0,0.0,1135645000.0,-3227017000.0,-55026000.0,305775000.0,-1595361000.0,-1622353000.0,1966262000.0,0.0,-3094179000.0,-3268935000.0,-3268935000.0,0.0,0.0,-9.202,4033443000.0,-3678183000.0,0.0,-0.007,0.489,-0.798,-0.594,496021000.0,174756000.0,3.65,7.347,5.474,0.0,-2922026000.0,355260000.0,355260000.0,0.0,-0.063,-0.621,-0.067,-10.353,0.0,4033443000.0,1.0,715049729.0,532802000,532802000.0,0.667,50821299000.0,0.0,-584004000.0,0.0,95.385,
47,HBAN,MRT,2009-09-30,2009-09-30,2009-09-30,2021-09-07,-211842000.0,52512659000.0,52491223750.0,,,0.007,9.624,-47727000.0,2280049000.0,2280049000.0,0.0,-3141781000.0,,8.253,5881033000.0,,,5881033000.0,0.0,224080000.0,39829057000.0,0.035,0.163,-3749444000.0,-3525364000.0,-10.03,-3525364000.0,-3749444000.0,-3749444000.0,-8.73,-8.72,-8.73,5675106000.0,5734817500.0,5675106000.0,6174410336.0,-2.0,-1.751,2055554000.0,3.486,1.0,351498000.0,1.0,746260000.0,0.0,55367383000.0,55604573000.0,0.0,45427500000.0,,,46837553000.0,,,2680072336.0,711350000.0,0.0,1135662000.0,-3721040000.0,-96981000.0,889199000.0,-2281130000.0,-2279077000.0,2103281000.0,0.0,-3141781000.0,-3310406000.0,-3310406000.0,0.0,0.0,-9.418,4100942000.0,-3749444000.0,0.0,-0.019,0.472,-0.81,-0.54,496280000.0,168625000.0,4.71,7.625,7.902,0.0,-2515707000.0,351498000.0,351498000.0,0.0,-0.063,-0.577,-0.067,-10.667,0.0,4100942000.0,1.0,569017481.0,589708000,589708000.0,0.596,51766399000.0,0.0,-607663000.0,0.0,87.783,
48,HBAN,MRT,2009-06-30,2009-06-30,2009-06-30,2021-09-07,-273525000.0,51397252000.0,53028206250.0,,,0.012,11.368,-49919000.0,2475686000.0,2475686000.0,0.0,-2900528000.0,,8.845,5970024000.0,,,5970024000.0,0.0,231225000.0,39165132000.0,0.068,0.285,-3399977000.0,-3168752000.0,-4.96,-3168752000.0,-3399977000.0,-3399977000.0,-8.23,-8.22,-8.23,5220522000.0,5909981000.0,5220522000.0,5677766170.0,-2.0,-1.792,2456033000.0,5.348,1.0,638864000.0,1.0,770346000.0,0.0,54121244000.0,56724690250.0,0.0,44166850000.0,,,46176730000.0,,,1680323170.0,734452000.0,0.0,548327000.0,-3868315000.0,-139767000.0,-1094944000.0,-676556000.0,-622245000.0,2505952000.0,0.0,-2900528000.0,-3052021000.0,-3052021000.0,0.0,0.0,-4.777,4038841000.0,-3399977000.0,0.0,-0.035,0.322,-0.551,-0.508,503877000.0,151493000.0,4.18,2.63,3.005,0.0,-2313377000.0,638864000.0,638864000.0,0.0,-0.058,-0.516,-0.06,-5.322,0.0,4038841000.0,1.0,401991189.0,459246000,459246000.0,1.391,50626906000.0,0.0,-499449000.0,0.0,110.239,
49,HBAN,MRT,2009-03-31,2009-03-31,2009-03-31,2021-09-07,-279589000.0,51702125000.0,54012353500.0,,,0.017,13.122,-61262000.0,2655586000.0,2655586000.0,0.0,-2674081000.0,,9.738,6653029000.0,,,6653029000.0,0.0,239491000.0,39070273000.0,0.246,0.408,-3134452000.0,-2894961000.0,-3.073,-2894961000.0,-3134452000.0,-3134452000.0,-7.58,-7.57,-7.58,4814736000.0,6200653750.0,4814736000.0,7688403655.0,-2.0,-2.656,2241099000.0,6.108,1.0,942210000.0,1.0,791682000.0,0.0,54907886000.0,58261272000.0,0.0,44183148000.0,,,46887389000.0,,,607795655.0,-8411000.0,0.0,0.0,-4139545000.0,-223068000.0,-1513523000.0,-797249000.0,-659306000.0,2302361000.0,0.0,-2674081000.0,-2779274000.0,-2779274000.0,0.0,0.0,-2.95,4076662000.0,-3134452000.0,0.0,-0.054,0.126,-0.219,-0.219,517130000.0,105193000.0,1.66,0.645,0.646,0.0,-2128592000.0,942210000.0,942210000.0,0.0,-0.051,-0.448,-0.054,-3.327,0.0,4076662000.0,1.0,366141961.0,366919000,366919000.0,2.568,50910443000.0,0.0,-460371000.0,0.0,138.751,
50,HBAN,MRT,2008-12-31,2008-12-31,2008-12-31,2021-09-07,-326693000.0,54352859000.0,55099814500.0,,,0.021,19.743,-59945000.0,1099254000.0,1099254000.0,0.0,-113806000.0,,6.519,8179862000.0,,,8179862000.0,0.0,244860000.0,37943286000.0,0.087,0.663,-296008000.0,-51148000.0,-0.043,-51148000.0,-296008000.0,-296008000.0,-0.44,-0.44,-0.44,7228906000.0,6474119500.0,7228906000.0,11423509416.0,-39.0,-223.342,1177384000.0,3.216,1.0,1181366000.0,1.0,3411688000.0,0.0,58021779000.0,60024015250.0,0.0,45093485000.0,,,47123953000.0,,,2803946416.0,-1164578000.0,0.0,0.0,-1541043000.0,-279608000.0,297801000.0,-2699708000.0,-2512168000.0,1237329000.0,0.0,-113806000.0,-160206000.0,-160206000.0,0.0,0.0,-0.136,1477374000.0,-296008000.0,0.0,-1.507,0.388,-17.502,-17.409,519500000.0,46400000.0,7.66,2.373,2.374,0.0,367364000.0,1181366000.0,1181366000.0,0.0,-0.003,-0.025,-0.005,-0.251,0.0,1477374000.0,1.0,366050446.0,366155000,366155000.0,3.226,50941171000.0,0.0,-182202000.0,0.0,139.125,
51,HBAN,MRT,2008-09-30,2008-09-30,2008-09-30,2021-09-07,-266677000.0,54660589000.0,55185966750.0,,,0.027,17.414,-78349000.0,1199536000.0,1199536000.0,0.0,64203000.0,,7.573,9819099000.0,,,9819099000.0,0.0,228175000.0,37569056000.0,0.099,0.795,-24914000.0,203261000.0,0.135,203261000.0,-24914000.0,-24914000.0,-0.11,-0.1,-0.11,6375760000.0,6154178000.0,6375760000.0,11311212976.0,-454.0,55.649,1980468000.0,5.409,1.0,1501920000.0,1.0,3432300000.0,0.0,59847852000.0,60331576750.0,0.0,46590568000.0,,,48284829000.0,,,2925541976.0,-462467000.0,-31239000.0,0.0,937733000.0,-328167000.0,301291000.0,-2822575000.0,-2544055000.0,2058817000.0,0.0,64203000.0,40961000.0,40961000.0,0.0,0.0,0.027,1526834000.0,-24914000.0,0.0,-7.227,0.459,71.423,-72.636,527798000.0,23242000.0,7.99,1.948,1.948,0.0,856887000.0,1501920000.0,1501920000.0,0.0,0.001,0.007,0.0,-0.017,0.0,1526834000.0,1.0,366150435.0,366124000,367361000.0,4.102,51228289000.0,0.0,-89117000.0,0.0,139.921,
52,HBAN,MRT,2008-06-30,2008-06-30,2008-06-30,2021-09-07,-243122000.0,55333841000.0,55346801250.0,,,0.03,17.431,-87543000.0,1473674000.0,1473674000.0,0.0,127342000.0,,7.669,9859345000.0,,,9859345000.0,0.0,205224000.0,38124426000.0,0.161,0.928,69718000.0,274942000.0,0.167,274942000.0,69718000.0,69718000.0,0.1,0.11,0.1,6383213000.0,6122656500.0,6383213000.0,11476380532.0,165.0,41.741,332709000.0,0.909,1.0,1643119000.0,1.0,3451941000.0,0.0,60267571000.0,60172286500.0,0.0,46815647000.0,,,48950628000.0,,,2113028532.0,-317805000.0,-80060000.0,0.0,1141348000.0,-349376000.0,2002671000.0,-2740728000.0,-2443399000.0,420252000.0,0.0,127342000.0,116191000.0,116191000.0,0.0,0.0,0.071,1573401000.0,69718000.0,0.0,9.28,0.331,18.186,57.7,533789000.0,11151000.0,5.77,1.286,1.286,0.0,842563000.0,1643119000.0,1643119000.0,0.0,0.002,0.019,0.001,0.042,0.0,1573401000.0,1.0,366209451.0,366206000,367234000.0,4.487,51881900000.0,0.0,-57624000.0,0.0,141.674,
53,HBAN,MRT,2008-03-31,2008-03-31,2008-03-31,2021-09-07,-122217000.0,56051969000.0,50618512500.0,,,0.029,16.133,-104516000.0,1495643000.0,1495643000.0,0.0,106511000.0,,8.487,10858995000.0,,,10858995000.0,0.0,165160000.0,38116341000.0,0.099,1.06,46834000.0,211994000.0,0.143,211994000.0,46834000.0,46834000.0,0.19,0.2,0.19,5908599000.0,5292888500.0,5908599000.0,11978974636.0,256.0,56.506,-633686000.0,-1.73,1.0,1487087000.0,1.0,3456462000.0,0.0,61958859000.0,55724150000.0,0.0,47617573000.0,,,50143370000.0,,,3937114636.0,712035000.0,-80060000.0,0.0,3685558000.0,-325015000.0,4043701000.0,-2802496000.0,-2554696000.0,-529170000.0,0.0,106511000.0,106511000.0,106511000.0,0.0,0.0,0.072,1440253000.0,46834000.0,0.0,5.579,0.666,36.964,56.579,544718000.0,0.0,10.75,2.648,2.647,0.0,800947000.0,1487087000.0,1487087000.0,0.0,0.002,0.02,0.001,0.031,0.0,1440253000.0,1.0,366243222.0,366235000,367208000.0,4.06,52595507000.0,0.0,-59677000.0,0.0,143.611,
54,HBAN,MRT,2007-12-31,2007-12-31,2007-12-31,2021-09-07,-49611000.0,54697468000.0,45350345000.0,,,0.029,19.771,-109450000.0,1756687000.0,1756687000.0,0.0,75169000.0,,8.194,9798547000.0,,,9798547000.0,0.0,127261000.0,37742921000.0,0.072,1.06,22643000.0,149904000.0,0.112,149904000.0,22643000.0,22643000.0,0.25,0.25,0.25,5949140000.0,4578578750.0,5949140000.0,12747231960.0,563.0,85.036,-452229000.0,-1.503,1.0,1334487000.0,1.0,3487303000.0,0.0,59252025000.0,50138063500.0,0.0,46095840000.0,,,48748328000.0,,,5400660960.0,488499000.0,-80060000.0,0.0,2675034000.0,-289758000.0,2236648000.0,-1405370000.0,-1210865000.0,-342779000.0,0.0,75169000.0,75169000.0,75169000.0,0.0,0.0,0.056,1311844000.0,22643000.0,0.0,4.24,0.908,71.847,59.04,557565000.0,0.0,14.76,4.047,3.328,0.0,771689000.0,1334487000.0,1334487000.0,0.0,0.002,0.016,0.0,0.017,0.0,1311844000.0,1.0,365898439.0,300908000,303455000.0,4.435,51210165000.0,0.0,-52526000.0,0.0,170.185,
55,HBAN,MRT,2007-09-30,2007-09-30,2007-09-30,2021-09-07,-74101000.0,55303927000.0,40508232750.0,,,0.041,17.081,-94871000.0,1491222000.0,1491222000.0,0.0,402164000.0,,7.849,8837393000.0,,,8837393000.0,0.0,103586000.0,38404365000.0,0.062,1.045,535848000.0,639434000.0,0.382,639434000.0,535848000.0,535848000.0,1.5,1.48,1.5,6249674000.0,3844875250.0,6249674000.0,12892123863.0,24.0,20.162,-1343944000.0,-3.673,1.0,1675928000.0,1.0,3439407000.0,0.0,59210691000.0,45258340250.0,0.0,45766767000.0,,,49054253000.0,,,6213400863.0,414719000.0,-54556000.0,-74937000.0,1260749000.0,-262778000.0,1759266000.0,-95474000.0,-3309000.0,-1249073000.0,0.0,402164000.0,402164000.0,402164000.0,0.0,0.0,0.24,1140080000.0,535848000.0,0.0,0.697,0.994,15.45,11.32,547380000.0,0.0,16.98,3.707,3.707,0.0,1108001000.0,1675928000.0,1675928000.0,0.0,0.01,0.105,0.012,0.32,0.0,1140080000.0,1.0,365924668.0,365895000,368280000.0,4.58,51864520000.0,0.0,133684000.0,0.0,141.747,
56,HBAN,MRT,2007-06-30,2007-06-30,2007-06-30,2021-09-07,-80790000.0,36420686000.0,35597738000.0,,,0.041,12.982,-87591000.0,1090010000.0,1090010000.0,0.0,421408000.0,,10.886,7768733000.0,,,7768733000.0,0.0,91584000.0,24599912000.0,0.045,1.03,445742000.0,537326000.0,0.372,537326000.0,445742000.0,445742000.0,1.78,1.75,1.78,3064141000.0,3064893250.0,3064141000.0,10626675220.0,24.0,19.777,-248721000.0,-1.054,1.0,1442689000.0,1.0,624384000.0,0.0,42475025000.0,40641670250.0,0.0,32192364000.0,,,33356545000.0,,,5364516220.0,434244000.0,-5735000.0,-74892000.0,350734000.0,-252024000.0,58529000.0,536845000.0,561317000.0,-161130000.0,0.0,421408000.0,421408000.0,421408000.0,0.0,0.0,0.292,996947000.0,445742000.0,0.0,0.579,1.751,12.73,12.775,398436000.0,0.0,22.74,3.718,3.72,0.0,1066800000.0,1442689000.0,1442689000.0,0.0,0.012,0.137,0.011,0.309,0.0,996947000.0,1.0,235906606.0,236032000,239008000.0,6.112,35796302000.0,0.0,24334000.0,0.0,151.659,
57,HBAN,MRT,2007-03-31,2007-03-31,2007-03-31,2021-09-07,-59509000.0,34979299000.0,35559010750.0,,,0.042,12.952,-58294000.0,967673000.0,967673000.0,0.0,452491000.0,,10.464,6229831000.0,,,6229831000.0,0.0,101261000.0,24585893000.0,0.046,1.015,498056000.0,599317000.0,0.399,599317000.0,498056000.0,498056000.0,1.9,1.87,1.9,3051360000.0,3033647000.0,3051360000.0,10220452343.0,21.0,17.053,321842000.0,1.366,1.0,1502707000.0,1.0,626944000.0,0.0,39614513000.0,40544392500.0,0.0,30764566000.0,,,31927939000.0,,,5145815343.0,422851000.0,-5735000.0,-265509000.0,-480965000.0,-250979000.0,-944393000.0,987108000.0,958414000.0,380136000.0,0.0,452491000.0,452491000.0,452491000.0,0.0,0.0,0.301,1004651000.0,498056000.0,0.0,0.534,1.686,11.372,11.5,377687000.0,0.0,21.85,3.424,3.426,0.0,1049021000.0,1502707000.0,1502707000.0,0.0,0.013,0.149,0.012,0.331,0.0,1004651000.0,1.0,235506423.0,235586000,238754000.0,6.379,34352355000.0,0.0,45565000.0,0.0,145.817,
58,HBAN,MRT,2006-12-31,2006-12-31,2006-12-31,2021-09-07,-55066000.0,35329019000.0,35730663250.0,,,0.042,12.735,-47207000.0,1154331000.0,1154331000.0,0.0,461221000.0,,10.72,6188807000.0,,,6188807000.0,0.0,111649000.0,25047770000.0,0.042,1.0,514061000.0,625710000.0,0.413,625710000.0,514061000.0,514061000.0,1.95,1.92,1.95,3014326000.0,3040852000.0,3014326000.0,11358559250.0,22.0,18.153,177252000.0,0.749,1.0,1515055000.0,1.0,630363000.0,0.0,39733132000.0,40858413000.0,0.0,30991343000.0,,,32314693000.0,,,5643736250.0,479971000.0,60772000.0,-378835000.0,-524440000.0,-231117000.0,-155784000.0,411296000.0,276825000.0,224459000.0,0.0,461221000.0,461221000.0,461221000.0,0.0,0.0,0.304,1000994000.0,514061000.0,0.0,0.513,1.872,12.237,12.179,372772000.0,0.0,23.75,3.725,3.71,0.0,1015769000.0,1515055000.0,1515055000.0,0.0,0.013,0.152,0.013,0.339,0.0,1000994000.0,1.0,237631000.0,236699000,239920000.0,6.401,34698656000.0,0.0,52840000.0,0.0,146.594,
59,HBAN,MRT,2006-09-30,2006-09-30,2006-09-30,2021-09-07,32076000.0,35661948000.0,35089609750.0,,,0.043,13.168,-27189000.0,907421000.0,907421000.0,0.0,474079000.0,,10.395,6622244000.0,,,6622244000.0,0.0,122480000.0,24738395000.0,0.04,0.965,528812000.0,651292000.0,0.436,651292000.0,528812000.0,528812000.0,2.01,2.0,2.01,3129746000.0,2926645750.0,3129746000.0,12179024735.0,23.0,18.7,359120000.0,1.511,1.0,1492371000.0,1.0,632760000.0,0.0,40744011000.0,40445664250.0,0.0,31494594000.0,,,32532202000.0,,,5684135735.0,336756000.0,66507000.0,-463469000.0,-68537000.0,-220112000.0,-90174000.0,40621000.0,-118689000.0,386309000.0,0.0,474079000.0,474079000.0,474079000.0,0.0,0.0,0.318,963559000.0,528812000.0,0.0,0.48,1.816,11.99,11.905,367709000.0,0.0,23.93,3.809,3.811,0.0,986861000.0,1492371000.0,1492371000.0,0.0,0.014,0.162,0.013,0.354,0.0,963559000.0,1.0,237531790.0,237672000,240896000.0,6.279,35029188000.0,0.0,54733000.0,0.0,147.385,
60,HBAN,MRT,2006-06-30,2006-06-30,2006-06-30,2021-09-07,-44091000.0,36265777000.0,34364869750.0,,,0.045,12.159,-34069000.0,913697000.0,913697000.0,0.0,425207000.0,,11.339,7369672000.0,,,7369672000.0,0.0,123958000.0,24592932000.0,0.039,0.93,583807000.0,707765000.0,0.46,707765000.0,583807000.0,583807000.0,1.82,1.82,1.82,2939156000.0,2799878000.0,2939156000.0,11667393823.0,20.0,16.485,645672000.0,2.671,1.0,1537988000.0,1.0,635838000.0,0.0,42085914000.0,39811530750.0,0.0,31969585000.0,,,33326621000.0,,,5783597823.0,143971000.0,66507000.0,-509462000.0,850169000.0,-211204000.0,668416000.0,-1204186000.0,-1403531000.0,679741000.0,0.0,425207000.0,425207000.0,425207000.0,0.0,0.0,0.276,954181000.0,583807000.0,0.0,0.511,1.968,13.602,12.956,365763000.0,0.0,23.58,3.76,3.706,0.0,888911000.0,1537988000.0,1537988000.0,0.0,0.012,0.152,0.015,0.38,0.0,954181000.0,1.0,245275565.0,241729000,244538000.0,6.362,35629939000.0,0.0,158600000.0,0.0,147.396,
61,HBAN,MRT,2006-03-31,2006-03-31,2006-03-31,2021-09-07,-31434000.0,35665909000.0,33545669000.0,,,0.045,13.336,-48696000.0,820462000.0,820462000.0,0.0,420028000.0,,10.579,6664957000.0,,,6664957000.0,0.0,149633000.0,24555163000.0,0.037,0.895,563736000.0,713369000.0,0.471,713369000.0,563736000.0,563736000.0,1.82,1.81,1.82,3080180000.0,2722782750.0,3080180000.0,10930071648.0,19.0,15.322,241399000.0,1.045,1.0,1513694000.0,1.0,639809000.0,0.0,40870595000.0,38805191000.0,0.0,31667553000.0,,,32585729000.0,,,5390717648.0,86677000.0,66507000.0,-352757000.0,236772000.0,-196922000.0,727405000.0,-930823000.0,-1169968000.0,290095000.0,0.0,420028000.0,420028000.0,420028000.0,0.0,0.0,0.277,949958000.0,563736000.0,0.0,0.492,1.75,12.834,13.258,375740000.0,0.0,24.13,3.561,3.682,0.0,836549000.0,1513694000.0,1513694000.0,0.0,0.013,0.154,0.015,0.372,0.0,949958000.0,1.0,223403135.0,230968000,234363000.0,6.554,35026100000.0,0.0,143708000.0,685559000.0,151.649,
62,HBAN,MRT,2005-12-31,2005-12-31,2005-12-31,2021-09-07,-22093000.0,32764805000.0,32674841500.0,,,0.046,11.113,-57288000.0,988836000.0,988836000.0,0.0,412091000.0,,11.811,6523654000.0,,,6523654000.0,0.0,172977000.0,22409675000.0,0.036,0.845,543574000.0,716551000.0,0.473,716551000.0,543574000.0,543574000.0,1.79,1.77,1.79,2557501000.0,2600181000.0,2557501000.0,11127433555.0,20.0,15.529,617411000.0,2.683,1.0,1513394000.0,1.0,217486000.0,0.0,38082137000.0,37875988250.0,0.0,29107633000.0,,,30207304000.0,,,5419680555.0,-464584000.0,0.0,-231656000.0,-1152817000.0,-200628000.0,2675000.0,-1141958000.0,-1385831000.0,674699000.0,0.0,412091000.0,412091000.0,412091000.0,0.0,0.0,0.272,969820000.0,543574000.0,0.0,0.472,2.119,13.152,13.268,360677000.0,0.0,23.75,3.581,3.612,0.0,781844000.0,1513394000.0,1513394000.0,0.0,0.013,0.158,0.014,0.359,0.0,969820000.0,1.0,228197076.0,230142000,233475000.0,6.576,32547319000.0,0.0,131483000.0,743655000.0,141.423,
63,HBAN,MRT,2005-09-30,2005-09-30,2005-09-30,2021-09-07,-21839000.0,32762988000.0,32625014500.0,,,0.048,11.411,-71373000.0,825804000.0,825804000.0,0.0,402657000.0,,11.492,6487996000.0,,,6487996000.0,0.0,192071000.0,22349122000.0,0.037,0.83,542102000.0,734173000.0,0.47,734173000.0,542102000.0,542102000.0,1.75,1.72,1.75,2622675000.0,2595215250.0,2622675000.0,10483210320.0,19.0,14.279,265428000.0,1.155,1.0,1562581000.0,1.0,217703000.0,0.0,38207477000.0,38112598000.0,0.0,29266081000.0,,,30140313000.0,,,5186544320.0,-1010441000.0,0.0,-90386000.0,-1211264000.0,-188724000.0,807397000.0,-2154639000.0,-2457405000.0,336801000.0,0.0,402657000.0,402657000.0,402657000.0,0.0,0.0,0.258,1020479000.0,542102000.0,0.0,0.474,1.978,12.881,12.84,358876000.0,0.0,22.47,3.319,3.305,0.0,729536000.0,1562581000.0,1562581000.0,0.0,0.012,0.155,0.014,0.347,0.0,1020479000.0,1.0,230820842.0,229830000,233456000.0,6.799,32545285000.0,0.0,139445000.0,768344000.0,141.606,
64,HBAN,MRT,2005-06-30,2005-06-30,2005-06-30,2021-09-07,-720000.0,32988974000.0,32386327500.0,,,0.049,11.329,-55466000.0,999190000.0,999190000.0,0.0,387569000.0,,11.54,6288347000.0,,,6288347000.0,0.0,240335000.0,22330576000.0,0.034,0.815,522217000.0,762552000.0,0.482,762552000.0,522217000.0,522217000.0,1.69,1.65,1.69,2630775000.0,2554775750.0,2630775000.0,10803760276.0,21.0,14.168,17845000.0,0.077,1.0,1583067000.0,1.0,217576000.0,0.0,38060555000.0,38101463000.0,0.0,29007397000.0,,,30358199000.0,,,5607601276.0,-259025000.0,0.0,-33653000.0,-1760886000.0,-180356000.0,925596000.0,-1257932000.0,-1618018000.0,73311000.0,0.0,387569000.0,387569000.0,387569000.0,0.0,0.0,0.245,1060850000.0,522217000.0,0.0,0.482,2.132,14.469,14.284,356697000.0,0.0,24.14,3.542,3.541,0.0,670328000.0,1583067000.0,1583067000.0,0.0,0.012,0.152,0.014,0.33,0.0,1060850000.0,1.0,232294999.0,232217000,235671000.0,6.817,32771398000.0,0.0,134648000.0,784504000.0,141.124,
65,HBAN,MRT,2005-03-31,2005-03-31,2005-03-31,2021-09-07,-18686000.0,32182599000.0,31994385500.0,,,0.051,11.171,-59427000.0,944250000.0,944250000.0,0.0,391271000.0,,11.427,6133215000.0,,,6133215000.0,0.0,271789000.0,21770973000.0,0.032,0.775,538689000.0,810478000.0,0.496,810478000.0,538689000.0,538689000.0,1.71,1.67,1.71,2589773000.0,2493674250.0,2589773000.0,12220270666.0,23.0,15.078,684781000.0,2.954,1.0,1633556000.0,1.0,217780000.0,0.0,37153784000.0,38092813500.0,0.0,28492997000.0,,,29592826000.0,,,5541384666.0,68406000.0,0.0,1333000.0,-1726935000.0,-173190000.0,935605000.0,-1611407000.0,-2000981000.0,744208000.0,0.0,391271000.0,391271000.0,391271000.0,0.0,0.0,0.24,1094867000.0,538689000.0,0.0,0.453,2.14,14.163,13.977,354979000.0,0.0,23.9,3.392,3.392,0.0,613766000.0,1633556000.0,1633556000.0,0.0,0.012,0.157,0.014,0.33,0.0,1094867000.0,1.0,231857099.0,231824000,235053000.0,7.047,31964819000.0,0.0,147418000.0,781152000.0,137.884,
66,HBAN,MRT,2004-12-31,2004-12-31,2004-12-31,2021-09-07,-10903000.0,32565497000.0,31708505750.0,,,0.053,11.037,-56531000.0,899718000.0,899718000.0,0.0,398925000.0,,11.833,7578604000.0,,,7578604000.0,0.0,306113000.0,20768161000.0,0.03,0.75,552666000.0,858779000.0,0.513,858779000.0,552666000.0,552666000.0,1.74,1.71,1.74,2537638000.0,2437275750.0,2537638000.0,12288262795.0,22.0,14.309,471685000.0,2.052,1.0,1674910000.0,1.0,215807000.0,0.0,39028576000.0,38288472500.0,0.0,28689150000.0,,,30027859000.0,,,5717554795.0,508857000.0,0.0,0.0,-728153000.0,-168075000.0,1424057000.0,-1443416000.0,-1841059000.0,528216000.0,0.0,398925000.0,398925000.0,398925000.0,0.0,0.0,0.238,1122244000.0,552666000.0,0.0,0.431,2.253,14.332,14.218,355115000.0,0.0,24.74,3.414,3.396,0.0,563596000.0,1674910000.0,1674910000.0,0.0,0.013,0.164,0.014,0.33,0.0,1122244000.0,1.0,231105691.0,229913000,233856000.0,7.285,32349690000.0,0.0,153741000.0,783628000.0,140.704,
67,HBAN,MRT,2004-09-30,2004-09-30,2004-09-30,2021-09-07,-13812000.0,31808240000.0,31196963000.0,,,0.055,10.707,-63522000.0,1089513000.0,1089513000.0,0.0,401047000.0,,11.925,7660221000.0,,,7660221000.0,0.0,391658000.0,20109025000.0,0.029,0.725,551345000.0,943003000.0,0.551,943003000.0,551345000.0,551345000.0,1.75,1.72,1.75,2460917000.0,2371616750.0,2460917000.0,12542428940.0,23.0,13.301,1012906000.0,4.407,1.0,1710040000.0,1.0,216011000.0,0.0,38162937000.0,37949918250.0,0.0,27619733000.0,,,29347323000.0,,,5721462940.0,1029572000.0,0.0,22307000.0,-134696000.0,-161789000.0,987505000.0,-1034361000.0,-1443778000.0,1076428000.0,0.0,401047000.0,401047000.0,401047000.0,0.0,0.0,0.235,1158695000.0,551345000.0,0.0,0.414,2.325,14.266,14.234,356438000.0,0.0,24.91,3.346,3.348,0.0,518792000.0,1710040000.0,1710040000.0,0.0,0.013,0.169,0.015,0.322,0.0,1158695000.0,1.0,229685385.0,229848000,234348000.0,7.44,31592229000.0,0.0,150298000.0,723525000.0,137.448,
68,HBAN,MRT,2004-06-30,2004-06-30,2004-06-30,2021-09-07,-27204000.0,31421206000.0,30777133750.0,,,0.057,10.401,-75947000.0,1187004000.0,1187004000.0,0.0,398443000.0,,12.167,8007970000.0,,,8007970000.0,0.0,449065000.0,19465146000.0,0.038,0.875,547716000.0,996781000.0,0.571,996781000.0,547716000.0,547716000.0,1.73,1.71,1.73,2386369000.0,2316751500.0,2386369000.0,12385992407.0,23.0,12.426,1397556000.0,6.091,1.0,1746500000.0,1.0,216215000.0,0.0,38025957000.0,37627873000.0,0.0,27008784000.0,,,29034837000.0,,,5271847407.0,129186000.0,-81367000.0,15012000.0,651524000.0,-157548000.0,1799400000.0,-3143717000.0,-3483155000.0,1473503000.0,0.0,398443000.0,398443000.0,398443000.0,0.0,0.0,0.228,1185454000.0,561046000.0,0.0,0.506,2.209,13.231,13.283,354534000.0,0.0,22.98,3.019,3.019,0.0,471356000.0,1746500000.0,1746500000.0,0.0,0.013,0.172,0.015,0.314,0.0,1185454000.0,1.0,229410244.0,229429000,232659000.0,7.612,31204991000.0,0.0,149273000.0,699148000.0,136.012,
69,HBAN,MRT,2004-03-31,2004-03-31,2004-03-31,2021-09-07,21490000.0,31039080000.0,30006135500.0,,,0.058,10.314,-63832000.0,820459000.0,820459000.0,0.0,384806000.0,,12.129,7934604000.0,,,7934604000.0,0.0,472556000.0,18988846000.0,0.039,0.86,527371000.0,999927000.0,0.574,999927000.0,527371000.0,527371000.0,1.67,1.66,1.67,2364179000.0,2270709000.0,2364179000.0,12389647593.0,23.0,12.391,1319628000.0,5.757,1.0,1741035000.0,1.0,216805000.0,0.0,37936420000.0,36486285000.0,0.0,26828265000.0,,,28674901000.0,,,5053127593.0,81035000.0,-81367000.0,14379000.0,169184000.0,-163250000.0,1485962000.0,-2788387000.0,-3205198000.0,1383460000.0,0.0,384806000.0,384806000.0,384806000.0,0.0,0.0,0.221,1200334000.0,540701000.0,0.0,0.515,2.137,13.132,13.192,351073000.0,0.0,22.03,2.902,2.9,0.0,401395000.0,1741035000.0,1741035000.0,0.0,0.013,0.169,0.014,0.303,0.0,1200334000.0,1.0,229374834.0,229227000,232915000.0,7.595,30822275000.0,0.0,142565000.0,687820000.0,134.462,
70,HBAN,MRT,2003-12-31,2003-12-31,2003-12-31,2021-09-07,2678000.0,30519326000.0,29222524000.0,,,0.06,9.917,-57189000.0,933316000.0,933316000.0,0.0,372363000.0,,12.415,8305358000.0,,,8305358000.0,0.0,503046000.0,18487395000.0,0.038,0.845,510657000.0,1013703000.0,0.578,1013703000.0,510657000.0,510657000.0,1.62,1.61,1.62,2275002000.0,2218675750.0,2275002000.0,12079225630.0,24.0,11.916,1282081000.0,5.589,1.0,1754146000.0,1.0,217009000.0,0.0,37674359000.0,35411876750.0,0.0,26035578000.0,,,28244324000.0,,,5149917630.0,-22260000.0,-81367000.0,-72979000.0,699468000.0,-151023000.0,1652790000.0,-3014320000.0,-3462443000.0,1339270000.0,0.0,372363000.0,372363000.0,372363000.0,0.0,0.0,0.212,1230159000.0,523987000.0,0.0,0.522,2.264,13.83,13.889,349712000.0,0.0,22.5,2.936,2.942,0.0,337358000.0,1754146000.0,1754146000.0,0.0,0.013,0.168,0.014,0.291,0.0,1230159000.0,1.0,228885228.0,229401000,231582000.0,7.647,30302317000.0,0.0,138294000.0,654535000.0,132.093,
71,HBAN,MRT,2003-09-30,2003-09-30,2003-09-30,2021-09-07,25865000.0,30128923000.0,28474675500.0,,,0.061,9.705,-51283000.0,813280000.0,813280000.0,0.0,348365000.0,,12.442,7776325000.0,,,7776325000.0,0.0,446314000.0,18833856000.0,0.042,0.83,474127000.0,920441000.0,0.532,920441000.0,474127000.0,474127000.0,1.5,1.5,1.5,2241456000.0,2197373500.0,2241456000.0,9846754263.0,21.0,10.698,776566000.0,3.362,1.0,1729460000.0,1.0,217212000.0,0.0,36874756000.0,34245073000.0,0.0,25619227000.0,,,27887467000.0,,,4539562263.0,-216668000.0,-81367000.0,-152554000.0,662875000.0,-158764000.0,2246730000.0,-3291247000.0,-3818455000.0,827849000.0,0.0,348365000.0,348365000.0,348365000.0,0.0,0.0,0.201,1242003000.0,487457000.0,0.0,0.553,2.025,13.031,13.233,338863000.0,0.0,19.85,2.625,2.651,0.0,283987000.0,1729460000.0,1729460000.0,0.0,0.012,0.159,0.014,0.274,0.0,1242003000.0,1.0,228693313.0,230966000,230966000.0,7.488,29911711000.0,0.0,125762000.0,0.0,129.507,
72,HBAN,MRT,2003-06-30,2003-06-30,2003-06-30,2021-09-07,40817000.0,28337213000.0,27620666250.0,,,0.062,9.632,-13200000.0,1198014000.0,1198014000.0,0.0,345498000.0,,11.868,6538486000.0,,,6538486000.0,0.0,435967000.0,18371359000.0,0.033,0.64,462082000.0,898049000.0,0.521,898049000.0,462082000.0,462082000.0,1.48,1.47,1.48,2202199000.0,2197414750.0,2202199000.0,10377743971.0,22.0,11.556,489743000.0,2.142,1.0,1723399000.0,1.0,218080000.0,0.0,33459605000.0,32945966250.0,0.0,23268841000.0,,,26135014000.0,,,4460550971.0,293196000.0,7871000.0,-274630000.0,1335026000.0,-160523000.0,2407412000.0,-2617047000.0,-3361436000.0,502943000.0,0.0,345498000.0,345498000.0,345498000.0,0.0,0.0,0.2,1261317000.0,462082000.0,0.0,0.432,2.025,12.91,13.182,332916000.0,0.0,19.51,2.588,2.588,0.0,233453000.0,1723399000.0,1723399000.0,0.0,0.013,0.157,0.014,0.268,0.0,1261317000.0,1.0,228628958.0,228633000,230572000.0,7.538,28119133000.0,0.0,116584000.0,0.0,122.988,
73,HBAN,MRT,2003-03-31,2003-03-31,2003-03-31,2021-09-07,54630000.0,27904634000.0,26875006000.0,,,0.064,9.319,-37028000.0,899899000.0,899899000.0,0.0,319986000.0,,11.943,6852415000.0,,,6852415000.0,0.0,463063000.0,17688984000.0,0.034,0.64,424269000.0,887332000.0,0.518,887332000.0,424269000.0,424269000.0,1.35,1.34,1.35,2156046000.0,2212816000.0,2156046000.0,9988949226.0,24.0,11.257,515242000.0,2.227,1.0,1712299000.0,1.0,218363000.0,0.0,33638787000.0,31922099500.0,0.0,22862840000.0,,,25748588000.0,,,4291170226.0,195808000.0,3845000.0,-423474000.0,1732408000.0,-154843000.0,2579842000.0,-2936304000.0,-3521684000.0,552270000.0,0.0,319986000.0,319986000.0,319986000.0,0.0,0.0,0.187,1288030000.0,424269000.0,0.0,0.474,1.99,13.41,13.77,340223000.0,0.0,18.59,2.506,2.512,0.0,173200000.0,1712299000.0,1712299000.0,0.0,0.012,0.145,0.013,0.248,0.0,1288030000.0,1.0,230832180.0,231355000,232805000.0,7.401,27686271000.0,0.0,104283000.0,0.0,119.67,
74,HBAN,MRT,2002-12-31,2002-12-31,2002-12-31,2021-09-07,62300000.0,27527932000.0,26072500750.0,,,0.073,9.038,-38371000.0,1006783000.0,1006783000.0,0.0,323731000.0,,11.571,6704562000.0,,,6704562000.0,0.0,479840000.0,17499326000.0,0.034,0.64,522705000.0,1002545000.0,0.529,1002545000.0,522705000.0,522705000.0,1.34,1.33,1.34,2189793000.0,2263090500.0,2189793000.0,9590905063.0,18.0,9.567,991690000.0,4.093,1.0,1896852000.0,1.0,218567000.0,0.0,33007144000.0,30719261500.0,0.0,22239570000.0,,,25338139000.0,,,4407038063.0,-202878000.0,-1286072000.0,-366800000.0,1626620000.0,-167002000.0,3166709000.0,-4399648000.0,-3484818000.0,1030061000.0,0.0,323731000.0,323731000.0,323731000.0,0.0,0.0,0.171,1374147000.0,522705000.0,0.0,0.478,2.013,13.613,13.963,341366000.0,0.0,18.71,2.323,2.39,0.0,118471000.0,1896852000.0,1896852000.0,0.0,0.012,0.143,0.017,0.276,0.0,1374147000.0,1.0,235544525.0,242279000,244012000.0,7.829,27309365000.0,0.0,198974000.0,0.0,112.719,
75,HBAN,MRT,2002-09-30,2002-09-30,2002-09-30,2021-09-07,60556000.0,26712886000.0,26294754000.0,,,0.084,9.343,-42206000.0,1048413000.0,1048413000.0,0.0,276392000.0,,10.917,6232280000.0,,,6232280000.0,0.0,890492000.0,17117811000.0,0.035,0.64,391974000.0,1282466000.0,0.578,1282466000.0,391974000.0,391974000.0,1.13,1.12,1.13,2241621000.0,2301116500.0,2241621000.0,8596318399.0,22.0,6.703,1221522000.0,5.091,1.0,2218149000.0,1.0,218424000.0,0.0,31678329000.0,30355037500.0,0.0,21158666000.0,,,24471265000.0,,,4376067399.0,-94311000.0,-1286072000.0,-291435000.0,1169659000.0,-159436000.0,2546178000.0,-3904217000.0,-2270455000.0,1263728000.0,0.0,276392000.0,276392000.0,276392000.0,0.0,0.0,0.125,1826175000.0,391974000.0,0.0,0.566,1.952,15.833,16.097,339984000.0,0.0,18.19,1.973,1.968,0.0,86270000.0,2218149000.0,2218149000.0,0.0,0.011,0.12,0.013,0.177,0.0,1826175000.0,1.0,240575448.0,239925000,241357000.0,9.245,26494462000.0,0.0,115582000.0,0.0,110.428,
76,HBAN,MRT,2002-06-30,2002-06-30,2002-06-30,2021-09-07,28655000.0,25354572000.0,26695576250.0,,,0.079,9.198,-72803000.0,886946000.0,886946000.0,0.0,231006000.0,,10.2,5107197000.0,,,5107197000.0,0.0,792731000.0,16861100000.0,0.025,0.48,326884000.0,1119615000.0,0.53,1119615000.0,326884000.0,326884000.0,0.93,0.93,0.93,2263804000.0,2341812750.0,2263804000.0,9144324374.0,28.0,8.167,1165230000.0,4.735,1.0,2113270000.0,1.0,210685000.0,0.0,29364138000.0,30304322500.0,0.0,19709873000.0,,,23090768000.0,,,4801560374.0,-34026000.0,-1293943000.0,-171357000.0,-680498000.0,-170600000.0,1616017000.0,-2888188000.0,-993580000.0,1238033000.0,0.0,231006000.0,231006000.0,231006000.0,0.0,0.0,0.109,1786386000.0,326884000.0,0.0,0.516,2.121,20.785,20.882,353931000.0,0.0,19.42,2.272,2.262,0.0,36967000.0,2113270000.0,2113270000.0,0.0,0.009,0.099,0.011,0.155,0.0,1786386000.0,1.0,247248217.0,246106000,247867000.0,8.587,25143887000.0,0.0,95878000.0,0.0,102.167,
77,HBAN,MRT,2002-03-31,2002-03-31,2002-03-31,2021-09-07,9484000.0,24694613000.0,27343970750.0,,,0.071,9.4,-51256000.0,683849000.0,683849000.0,0.0,162405000.0,,9.476,5026613000.0,,,5026613000.0,0.0,674385000.0,16266785000.0,0.026,0.52,222979000.0,897364000.0,0.46,897364000.0,222979000.0,222979000.0,0.65,0.65,0.65,2357144000.0,2364242250.0,2357144000.0,8798284659.0,39.0,9.805,1201849000.0,4.793,1.0,1952912000.0,1.0,209942000.0,0.0,28827435000.0,30981342500.0,0.0,19044937000.0,,,22337469000.0,,,4948927659.0,-448117000.0,-1289917000.0,-22683000.0,-966101000.0,-180820000.0,754726000.0,-2455948000.0,-532604000.0,1253105000.0,0.0,162405000.0,162405000.0,162405000.0,0.0,0.0,0.083,1729933000.0,222979000.0,0.0,0.8,2.1,30.473,30.308,362135000.0,0.0,19.7,2.534,2.529,0.0,5027000.0,1952912000.0,1952912000.0,0.0,0.006,0.069,0.007,0.114,0.0,1729933000.0,1.0,251214602.0,250749000,251953000.0,7.788,24484671000.0,0.0,60574000.0,0.0,97.646,
78,HBAN,MRT,2001-12-31,2001-12-31,2001-12-31,2021-09-07,25488000.0,28416945000.0,28280614500.0,,,0.059,9.327,-59463000.0,1159571000.0,1159571000.0,0.0,134796000.0,,11.134,5008928000.0,,,5008928000.0,0.0,569972000.0,20187304000.0,0.033,0.56,95477000.0,665449000.0,0.401,665449000.0,95477000.0,95477000.0,0.54,0.54,0.54,2341897000.0,2376270250.0,2341897000.0,8203399297.0,86.0,12.328,437543000.0,1.743,1.0,1657904000.0,1.0,716054000.0,0.0,31550248000.0,31944734250.0,0.0,21686541000.0,,,26075048000.0,,,4318011297.0,-234242000.0,0.0,2662000.0,-654833000.0,-190792000.0,-419806000.0,-311442000.0,272382000.0,497006000.0,0.0,134796000.0,134796000.0,134796000.0,0.0,0.0,0.081,1562427000.0,95477000.0,0.0,1.037,1.844,32.034,31.833,452036000.0,0.0,17.19,2.605,2.603,0.0,-50466000.0,1657904000.0,1657904000.0,0.0,0.005,0.057,0.003,0.058,0.0,1562427000.0,1.0,251193211.0,251078000,251716000.0,6.603,27700891000.0,0.0,-39319000.0,0.0,110.328,
79,HBAN,MRT,2001-09-30,2001-09-30,2001-09-30,2021-09-07,38708000.0,28316175000.0,28326222500.0,,,0.058,9.574,-67159000.0,1115245000.0,1115245000.0,0.0,183066000.0,,10.777,5000633000.0,,,5000633000.0,0.0,520897000.0,20071388000.0,0.035,0.6,231758000.0,752655000.0,0.461,752655000.0,231758000.0,231758000.0,0.73,0.73,0.73,2404406000.0,2382307750.0,2404406000.0,9208216200.0,40.0,12.234,723579000.0,2.881,1.0,1634212000.0,1.0,726094000.0,0.0,31475469000.0,32097094250.0,0.0,24588641000.0,,,25911769000.0,,,4346713200.0,66258000.0,0.0,2341000.0,-1052268000.0,-200997000.0,-706552000.0,-17928000.0,820464000.0,790738000.0,0.0,183066000.0,183066000.0,183066000.0,0.0,0.0,0.112,1402454000.0,231758000.0,0.0,0.822,1.808,23.744,23.712,447774000.0,0.0,17.31,2.66,2.66,0.0,-1381000.0,1634212000.0,1634212000.0,0.0,0.006,0.077,0.007,0.142,0.0,1402454000.0,1.0,251109948.0,251148000,252203000.0,6.507,27590081000.0,0.0,48692000.0,0.0,109.856,
80,HBAN,MRT,2001-06-30,2001-06-30,2001-06-30,2021-09-07,-8388000.0,27948150000.0,28391477000.0,,,0.058,9.376,-70610000.0,913579000.0,913579000.0,0.0,190967000.0,,10.875,5775084000.0,,,5775084000.0,0.0,523648000.0,18996922000.0,0.049,0.8,248321000.0,771969000.0,0.472,771969000.0,248321000.0,248321000.0,0.76,0.76,0.76,2353522000.0,2352097500.0,2353522000.0,9088916031.0,37.0,11.774,657663000.0,2.62,1.0,1634653000.0,1.0,737437000.0,0.0,32072218000.0,32631348750.0,0.0,24421970000.0,,,25594628000.0,,,4104079031.0,-307817000.0,-8279000.0,-18596000.0,-89838000.0,-195186000.0,-1064959000.0,28869000.0,876760000.0,728273000.0,0.0,190967000.0,190967000.0,190967000.0,0.0,0.0,0.117,1386332000.0,248321000.0,0.0,1.053,1.744,21.491,21.513,457749000.0,0.0,16.35,2.511,2.511,0.0,-3677000.0,1634653000.0,1634653000.0,0.0,0.007,0.081,0.008,0.152,0.0,1386332000.0,1.0,251014008.0,251024000,251448000.0,6.512,27210713000.0,0.0,57354000.0,0.0,108.399,
81,HBAN,MRT,2001-03-31,2001-03-31,2001-03-31,2021-09-07,-4221000.0,28441188000.0,28550530250.0,,,0.06,9.583,-74667000.0,1011820000.0,1011820000.0,0.0,286111000.0,,10.825,5996657000.0,,,5996657000.0,0.0,533285000.0,19130157000.0,0.056,0.8,391433000.0,924718000.0,0.541,924718000.0,391433000.0,391433000.0,1.15,1.15,1.15,2405256000.0,2330380500.0,2405256000.0,7892238361.0,20.0,8.535,703932000.0,2.805,1.0,1708548000.0,1.0,745023000.0,0.0,32681002000.0,32934397000.0,0.0,24831096000.0,,,26035932000.0,,,3576657361.0,109578000.0,12004000.0,-19403000.0,62606000.0,-189372000.0,-1224193000.0,555172000.0,1389674000.0,778599000.0,0.0,286111000.0,286111000.0,286111000.0,0.0,0.0,0.167,1317115000.0,391433000.0,0.0,0.696,1.487,12.501,12.391,457504000.0,0.0,14.25,2.093,2.093,0.0,44161000.0,1708548000.0,1708548000.0,0.0,0.01,0.123,0.012,0.229,0.0,1317115000.0,1.0,250993499.0,250998000,251510000.0,6.807,27696165000.0,0.0,105322000.0,0.0,110.344,
82,HBAN,MRT,2000-12-31,2000-12-31,2000-12-31,2021-09-07,-24520000.0,28599377000.0,28542228000.0,,,0.061,9.513,-61656000.0,1327670000.0,1327670000.0,0.0,322418000.0,,11.087,5643251000.0,,,5643251000.0,0.0,528615000.0,19777245000.0,0.049,0.8,448717000.0,977332000.0,0.564,977332000.0,448717000.0,448717000.0,1.3,1.29,1.3,2366047000.0,2253772250.0,2366047000.0,9096545057.0,20.0,9.308,942180000.0,3.788,1.0,1731848000.0,1.0,755270000.0,0.0,32159688000.0,33075519000.0,0.0,24712182000.0,,,26233330000.0,,,4061251057.0,227002000.0,12004000.0,-167340000.0,-781230000.0,-185103000.0,-1577594000.0,800760000.0,1621224000.0,1003836000.0,0.0,322418000.0,322418000.0,322418000.0,0.0,0.0,0.186,1283131000.0,448717000.0,0.0,0.615,1.716,12.596,12.454,454844000.0,0.0,16.19,2.345,2.325,0.0,26354000.0,1731848000.0,1731848000.0,0.0,0.011,0.143,0.014,0.259,0.0,1283131000.0,1.0,250849355.0,248709000,249570000.0,6.963,27844107000.0,0.0,126299000.0,0.0,111.955,
83,HBAN,MRT,2000-09-30,2000-09-30,2000-09-30,2021-09-07,-81647000.0,28577193000.0,28651622000.0,,,0.052,9.094,-56654000.0,985121000.0,985121000.0,0.0,367164000.0,,11.514,6020415000.0,,,6020415000.0,0.0,111853000.0,19533166000.0,0.054,0.8,514387000.0,626240000.0,0.424,626240000.0,514387000.0,514387000.0,1.47,1.47,1.47,2283565000.0,2207849500.0,2283565000.0,8392098304.0,16.0,13.401,521716000.0,2.078,1.0,1477840000.0,1.0,0.0,0.0,33612487000.0,33588940500.0,0.0,25007212000.0,,,26293628000.0,,,3692050304.0,124866000.0,12004000.0,-192392000.0,-953551000.0,-180670000.0,-1463809000.0,1010305000.0,1041542000.0,578370000.0,0.0,367164000.0,367164000.0,367164000.0,0.0,0.0,0.248,963453000.0,514387000.0,0.0,0.544,1.617,10.056,9.993,442676000.0,0.0,14.69,2.498,2.496,0.0,295000.0,1477840000.0,1477840000.0,0.0,0.013,0.166,0.015,0.348,0.0,963453000.0,1.0,251330858.0,251113540,252032874.0,5.885,28577193000.0,0.0,147223000.0,0.0,113.802,
84,HBAN,MRT,2000-06-30,2000-06-30,2000-06-30,2021-09-07,-105987000.0,28584363000.0,28750979250.0,,,0.052,9.258,-45079000.0,1144001000.0,1144001000.0,0.0,422221000.0,,11.611,5844049000.0,,,5844049000.0,0.0,109401000.0,19758934000.0,0.051,0.8,602667000.0,712068000.0,0.472,712068000.0,602667000.0,602667000.0,1.69,1.68,1.69,2266654000.0,2176749500.0,2266654000.0,8347191287.0,14.0,11.722,628080000.0,2.565,1.0,1508724000.0,1.0,0.0,0.0,33284411000.0,33922425250.0,0.0,24863273000.0,,,26317709000.0,,,3509680287.0,269930000.0,20283000.0,-201097000.0,-679119000.0,-178246000.0,-661231000.0,258002000.0,269494000.0,673159000.0,0.0,422221000.0,422221000.0,422221000.0,0.0,0.0,0.28,906057000.0,602667000.0,0.0,0.473,1.548,8.312,9.355,439007000.0,0.0,15.81,2.326,2.566,0.0,241662000.0,1508724000.0,1508724000.0,0.0,0.015,0.194,0.018,0.399,0.0,906057000.0,1.0,221991163.0,244834775,245651908.0,6.162,28584363000.0,0.0,180446000.0,0.0,116.75,
85,HBAN,MRT,2000-03-31,2000-03-31,2000-03-31,2021-09-07,-90559000.0,28407979000.0,28645158500.0,,,0.054,8.464,-43800000.0,1042683000.0,1042683000.0,0.0,429675000.0,,12.535,5880194000.0,,,5880194000.0,0.0,110385000.0,19779364000.0,0.036,0.8,623367000.0,733752000.0,0.478,733752000.0,623367000.0,623367000.0,1.7,1.69,1.7,2098823000.0,2146636500.0,2098823000.0,10278902706.0,16.0,14.009,637282000.0,2.57,1.0,1533486000.0,1.0,0.0,0.0,33245490000.0,34013418250.0,0.0,24882649000.0,,,26309156000.0,,,5102481706.0,70285000.0,0.0,-218013000.0,-893727000.0,-175604000.0,-554844000.0,-55953000.0,-24848000.0,681082000.0,0.0,429675000.0,429675000.0,429675000.0,0.0,0.0,0.28,910119000.0,623367000.0,0.0,0.471,2.431,11.875,13.165,429793000.0,0.0,22.38,3.327,3.619,0.0,188528000.0,1533486000.0,1533486000.0,0.0,0.015,0.2,0.018,0.407,0.0,910119000.0,1.0,227992927.0,247974250,249138955.0,6.184,28407979000.0,0.0,193692000.0,0.0,114.56,
86,HBAN,MRT,1999-12-31,1999-12-31,1999-12-31,2021-09-07,-94093000.0,29036953000.0,28687640750.0,,,0.053,8.607,-58952000.0,1214562000.0,1214562000.0,0.0,422074000.0,,12.305,6390983000.0,,,6390983000.0,0.0,112491000.0,19792603000.0,0.034,0.8,614771000.0,727262000.0,0.476,727262000.0,614771000.0,614771000.0,1.66,1.65,1.66,2182356000.0,2156445000.0,2182356000.0,11458406175.0,19.0,15.756,777511000.0,3.066,1.0,1526890000.0,1.0,0.0,0.0,34213374000.0,34295741000.0,0.0,25428671000.0,,,26854597000.0,,,5486602175.0,-122697000.0,0.0,-93540000.0,609595000.0,-171858000.0,414077000.0,-1373237000.0,-1326855000.0,836463000.0,0.0,422074000.0,422074000.0,422074000.0,0.0,0.0,0.276,912119000.0,614771000.0,0.0,0.482,2.514,12.999,14.386,438871000.0,0.0,23.88,3.593,3.966,0.0,128761000.0,1526890000.0,1526890000.0,0.0,0.015,0.196,0.018,0.403,0.0,912119000.0,1.0,229757210.0,253559501,255646520.0,6.022,29036953000.0,0.0,192697000.0,0.0,114.517,
87,HBAN,MRT,1999-09-30,1999-09-30,1999-09-30,2021-09-07,-73746000.0,28974622000.0,28502486500.0,,,0.049,8.529,95786000.0,979489000.0,979489000.0,0.0,338352000.0,,12.419,6951293000.0,,,6951293000.0,0.0,108760000.0,19241808000.0,0.03,0.8,495609000.0,604369000.0,0.43,604369000.0,495609000.0,495609000.0,1.27,1.25,1.27,2159165000.0,2148054750.0,2159165000.0,11604440025.0,23.0,19.201,807234000.0,3.189,1.0,1404974000.0,1.0,0.0,0.0,34946426000.0,33933510500.0,0.0,25515893000.0,,,26815457000.0,,,6117137025.0,-175851000.0,72985000.0,-90296000.0,1587404000.0,-168255000.0,1507061000.0,-2394360000.0,-2478715000.0,711448000.0,0.0,338352000.0,338352000.0,338352000.0,0.0,0.0,0.241,909365000.0,495609000.0,0.0,0.63,2.833,18.079,20.913,434584000.0,0.0,26.56,4.354,4.786,0.0,59646000.0,1404974000.0,1404974000.0,0.0,0.012,0.158,0.015,0.353,0.0,909365000.0,1.0,230313894.0,253145949,255216297.0,5.55,28974622000.0,0.0,157257000.0,0.0,114.458,
88,HBAN,MRT,1999-06-30,1999-06-30,1999-06-30,2021-09-07,-55564000.0,28161080000.0,28097605000.0,,,0.049,8.447,60263000.0,1004043000.0,1004043000.0,0.0,321520000.0,,12.121,6491346000.0,,,6491346000.0,0.0,105328000.0,18933161000.0,0.023,0.8,469908000.0,575236000.0,0.415,575236000.0,469908000.0,469908000.0,1.23,1.22,1.23,2146202000.0,2162775750.0,2146202000.0,13147518610.0,28.0,22.856,653591000.0,2.572,1.0,1384961000.0,1.0,0.0,0.0,33648383000.0,33088291500.0,0.0,24712442000.0,,,26014878000.0,,,7350645610.0,-852863000.0,72985000.0,-69272000.0,623986000.0,-164760000.0,-166520000.0,-1279671000.0,-1325444000.0,593328000.0,0.0,321520000.0,321520000.0,321520000.0,0.0,0.0,0.232,915053000.0,469908000.0,0.0,0.65,3.425,22.862,28.455,443485000.0,0.0,35.0,5.307,6.421,0.0,152935000.0,1384961000.0,1384961000.0,0.0,0.011,0.149,0.014,0.339,0.0,915053000.0,1.0,210018446.0,254073478,256469450.0,5.451,28161080000.0,0.0,148388000.0,0.0,110.838,
89,HBAN,MRT,1999-03-31,1999-03-31,1999-03-31,2021-09-07,-18220000.0,28577908000.0,28104139750.0,,,0.049,9.237,33036000.0,979589000.0,979589000.0,0.0,308854000.0,,12.366,6776462000.0,,,6776462000.0,0.0,92760000.0,19046901000.0,0.026,0.8,450460000.0,543220000.0,0.396,543220000.0,450460000.0,450460000.0,1.22,1.2,1.22,2138057000.0,2159687500.0,2138057000.0,10980410918.0,24.0,20.214,445910000.0,1.927,1.0,1370053000.0,1.0,0.0,0.0,34374781000.0,32834952500.0,0.0,25150229000.0,,,26439851000.0,,,6512294918.0,-49027000.0,417031000.0,-50852000.0,156051000.0,-161451000.0,-843103000.0,381202000.0,219287000.0,412874000.0,0.0,308854000.0,308854000.0,308854000.0,0.0,0.0,0.225,919593000.0,450460000.0,0.0,0.656,3.046,21.085,25.361,441426000.0,0.0,30.94,4.753,5.227,0.0,89994000.0,1370053000.0,1370053000.0,0.0,0.011,0.143,0.014,0.329,0.0,919593000.0,1.0,210481413.0,231459010,233405712.0,5.919,28577908000.0,0.0,141606000.0,0.0,123.469,
90,HBAN,MRT,1998-12-31,1998-12-31,1998-12-31,2021-09-07,24693000.0,28296336000.0,27661782500.0,,,0.049,8.399,29468000.0,1318378000.0,1318378000.0,0.0,301768000.0,,12.168,5786494000.0,,,5786494000.0,0.0,80956000.0,19722772000.0,0.027,0.8,440122000.0,521078000.0,0.385,521078000.0,440122000.0,440122000.0,1.18,1.17,1.18,2148795000.0,2143696750.0,2148795000.0,10555113351.0,24.0,20.256,196897000.0,0.77,1.0,1354051000.0,1.0,0.0,0.0,32764452000.0,32319224250.0,0.0,24576219000.0,,,26147541000.0,,,6344659351.0,-299991000.0,417031000.0,-26507000.0,-507315000.0,-157632000.0,-1087092000.0,619672000.0,459317000.0,167429000.0,0.0,301768000.0,301768000.0,301768000.0,0.0,0.0,0.223,913929000.0,440122000.0,0.0,0.678,2.953,21.025,25.475,447038000.0,0.0,30.06,4.686,5.679,0.0,35458000.0,1354051000.0,1354051000.0,0.0,0.011,0.141,0.014,0.325,0.0,913929000.0,1.0,211066512.0,255825970,258279601.0,5.293,28296336000.0,0.0,138354000.0,0.0,110.608,
91,HBAN,MRT,1998-09-30,1998-09-30,1998-09-30,2021-09-07,60675000.0,27355096000.0,27270333500.0,,,0.049,9.524,-109209000.0,1146460000.0,1146460000.0,0.0,361199000.0,,11.333,5356914000.0,,,5356914000.0,0.0,74665000.0,19246735000.0,0.032,0.8,530881000.0,605546000.0,0.454,605546000.0,530881000.0,530881000.0,1.51,1.49,1.51,2218049000.0,2112845750.0,2218049000.0,9767542820.0,18.0,16.13,40802000.0,0.175,1.0,1334410000.0,1.0,0.0,0.0,31565550000.0,32065361250.0,0.0,23742921000.0,,,25137047000.0,,,5319734820.0,-183779000.0,348417000.0,-1582000.0,-219486000.0,-146811000.0,-1114809000.0,781019000.0,1128766000.0,150011000.0,0.0,361199000.0,361199000.0,361199000.0,0.0,0.0,0.271,803529000.0,530881000.0,0.0,0.53,2.398,14.728,16.642,526454000.0,0.0,25.13,3.987,4.386,0.0,46397000.0,1334410000.0,1334410000.0,0.0,0.013,0.171,0.017,0.398,0.0,803529000.0,1.0,211688612.0,232886000,234845000.0,5.73,27355096000.0,0.0,169682000.0,0.0,117.461,
92,HBAN,MRT,1998-06-30,1998-06-30,1998-06-30,2021-09-07,15376000.0,28187219000.0,26825593250.0,,,0.049,9.168,-82041000.0,1430184000.0,1430184000.0,0.0,313676000.0,,12.21,5877992000.0,,,5877992000.0,0.0,67642000.0,19666248000.0,0.024,0.8,480756000.0,548398000.0,0.416,548398000.0,480756000.0,480756000.0,1.33,1.3,1.33,2133849000.0,2044831250.0,2133849000.0,11746541753.0,24.0,21.42,66108000.0,0.284,1.0,1317318000.0,1.0,0.0,0.0,32635027000.0,31678493500.0,0.0,24315960000.0,,,26053370000.0,,,6443152753.0,733271000.0,348417000.0,-10539000.0,566558000.0,-142493000.0,88562000.0,496560000.0,816675000.0,148149000.0,0.0,313676000.0,313676000.0,313676000.0,0.0,0.0,0.238,836562000.0,480756000.0,0.0,0.602,3.019,20.541,25.188,496840000.0,0.0,33.5,4.891,5.919,0.0,219241000.0,1317318000.0,1317318000.0,0.0,0.012,0.153,0.015,0.365,0.0,836562000.0,1.0,192332918.0,232759820,236130212.0,5.66,28187219000.0,0.0,167080000.0,0.0,121.1,
93,HBAN,MRT,1998-03-31,1998-03-31,1998-03-31,2021-09-07,10410000.0,26808479000.0,26093071750.0,,,0.049,9.812,-50605000.0,1025516000.0,1025516000.0,0.0,304970000.0,,11.925,6528905000.0,,,6528905000.0,0.0,65855000.0,17700544000.0,0.022,0.8,472767000.0,538622000.0,0.418,538622000.0,472767000.0,472767000.0,1.33,1.3,1.33,2074094000.0,1993869000.0,2074094000.0,11819377663.0,25.0,21.944,108156000.0,0.512,1.0,1288456000.0,1.0,0.0,0.0,32311868000.0,30864651750.0,0.0,24208958000.0,,,24734385000.0,,,7000917663.0,42316000.0,-11498000.0,1233000.0,674470000.0,-137800000.0,1184068000.0,-1300513000.0,-857320000.0,158761000.0,0.0,304970000.0,304970000.0,304970000.0,0.0,0.0,0.237,815689000.0,472767000.0,0.0,0.602,3.375,22.956,27.398,400331000.0,0.0,36.44,5.434,5.978,0.0,165419000.0,1288456000.0,1288456000.0,0.0,0.012,0.153,0.015,0.367,0.0,815689000.0,1.0,192121780.0,211377206,213809119.0,6.096,26808479000.0,0.0,167797000.0,0.0,126.828,
94,HBAN,MRT,1997-12-31,1997-12-31,1997-12-31,2021-09-07,14800000.0,26730540000.0,25682886750.0,,,0.049,8.773,-37606000.0,1182068000.0,1182068000.0,0.0,292663000.0,,12.198,6200528000.0,,,6200528000.0,0.0,63383000.0,17983718000.0,0.022,0.8,459164000.0,522547000.0,0.414,522547000.0,459164000.0,459164000.0,1.27,1.25,1.27,2025391000.0,1937381750.0,2025391000.0,11137583316.0,24.0,21.314,285970000.0,1.239,1.0,1262272000.0,1.0,0.0,0.0,31749000000.0,30255741750.0,0.0,23932050000.0,,,24705149000.0,,,6884693316.0,559142000.0,-2294000.0,-28909000.0,268349000.0,-132760000.0,1331685000.0,-1096119000.0,-673660000.0,323576000.0,0.0,292663000.0,292663000.0,292663000.0,0.0,0.0,0.232,803108000.0,459164000.0,0.0,0.63,3.399,23.524,28.346,389481000.0,0.0,36.0,5.454,6.584,0.0,114379000.0,1262272000.0,1262272000.0,0.0,0.011,0.151,0.015,0.364,0.0,803108000.0,1.0,191241481.0,230872887,233692401.0,5.467,26730540000.0,0.0,166501000.0,0.0,115.78,
95,HBAN,MRT,1997-09-30,1997-09-30,1997-09-30,2021-09-07,2793000.0,25576135000.0,25093238250.0,,,0.049,9.25,-45544000.0,1039802000.0,1039802000.0,0.0,281146000.0,,12.143,5481746000.0,,,5481746000.0,0.0,72695000.0,17589786000.0,0.022,0.8,443034000.0,515729000.0,0.422,515729000.0,443034000.0,443034000.0,1.29,,1.29,1945991000.0,1877448500.0,1945991000.0,9720499178.0,22.0,18.848,441536000.0,2.099,1.0,1222618000.0,1.0,0.0,0.0,30018079000.0,29580292000.0,0.0,23414743000.0,,,23630144000.0,,,5745244178.0,291607000.0,-6665000.0,-77961000.0,-391605000.0,-134457000.0,582595000.0,-778068000.0,-744334000.0,487080000.0,0.0,281146000.0,281146000.0,281146000.0,0.0,0.0,0.23,779584000.0,443034000.0,0.0,0.62,2.952,20.435,28.008,392777000.0,0.0,36.13,4.699,6.217,0.0,62074000.0,1222618000.0,1222618000.0,0.0,0.011,0.15,0.015,0.362,0.0,779584000.0,1.0,159015892.0,210369843,,5.812,25576135000.0,0.0,161888000.0,0.0,121.577,
96,HBAN,MRT,1997-06-30,1997-06-30,1997-06-30,2021-09-07,-25080000.0,25257133000.0,24698819500.0,,,0.048,9.169,-50103000.0,1107119000.0,1107119000.0,0.0,317358000.0,,12.087,5229646000.0,,,5229646000.0,0.0,78644000.0,17637871000.0,0.027,0.8,479209000.0,557853000.0,0.472,557853000.0,479209000.0,479209000.0,1.49,,1.49,1930000000.0,1832623000.0,1930000000.0,9094489200.0,19.0,16.303,432474000.0,2.055,1.0,1182356000.0,1.0,0.0,0.0,29379660000.0,29242415750.0,0.0,22957361000.0,,,23327133000.0,,,4252434200.0,-425057000.0,-6665000.0,-106672000.0,-500521000.0,-138917000.0,649976000.0,-1557610000.0,-1524359000.0,482577000.0,0.0,317358000.0,317358000.0,317358000.0,0.0,0.0,0.268,703147000.0,479209000.0,0.0,0.537,2.203,13.399,19.718,391502000.0,0.0,29.38,3.597,5.23,0.0,367519000.0,1182356000.0,1182356000.0,0.0,0.013,0.173,0.016,0.405,0.0,703147000.0,1.0,144739081.0,210481123,,5.617,25257133000.0,0.0,161851000.0,0.0,119.997,
97,HBAN,MRT,1997-03-31,1997-03-31,1997-03-31,2021-09-07,-60924000.0,25167739000.0,23464827750.0,,,0.047,9.774,-47495000.0,978538000.0,978538000.0,0.0,298843000.0,,12.618,5687027000.0,,,5687027000.0,0.0,86021000.0,16976046000.0,0.03,0.8,450546000.0,536567000.0,0.482,536567000.0,450546000.0,450546000.0,1.49,,1.49,1848145000.0,1718947000.0,1848145000.0,8354521291.0,19.0,15.57,488391000.0,2.583,1.0,1113354000.0,1.0,0.0,0.0,29876228000.0,28114622250.0,0.0,23031667000.0,,,23319594000.0,,,3714584291.0,-50798000.0,9204000.0,-127501000.0,340769000.0,-132089000.0,958346000.0,-1545030000.0,-1526400000.0,535886000.0,0.0,298843000.0,298843000.0,298843000.0,0.0,0.0,0.268,662808000.0,450546000.0,0.0,0.537,2.01,12.43,17.617,389036000.0,0.0,26.25,3.336,4.458,0.0,353954000.0,1113354000.0,1113354000.0,0.0,0.013,0.174,0.016,0.405,0.0,662808000.0,1.0,141507973.0,189082054,,5.888,25167739000.0,0.0,151703000.0,0.0,133.105,
98,HBAN,MRT,1996-12-31,1996-12-31,1996-12-31,2021-09-07,-13931000.0,24371946000.0,22207388500.0,,,0.051,8.433,-49953000.0,1074779000.0,1074779000.0,0.0,304269000.0,,12.649,5750034000.0,,,5750034000.0,0.0,91903000.0,16402312000.0,0.03,0.8,457268000.0,549171000.0,0.485,549171000.0,457268000.0,457268000.0,1.44,1.42,1.44,1785658000.0,1632538250.0,1785658000.0,,,,429181000.0,2.027,1.0,1132778000.0,1.0,0.0,0.0,29047201000.0,26783644250.0,0.0,22226266000.0,,,22586288000.0,,,3732980328.0,-211330000.0,631000.0,-214444000.0,-77938000.0,-125379000.0,103494000.0,-793958000.0,-763263000.0,479134000.0,0.0,304269000.0,304269000.0,304269000.0,0.0,0.0,0.269,675510000.0,457268000.0,0.0,0.556,2.091,12.269,18.319,380460000.0,0.0,26.38,3.295,4.931,0.0,312079000.0,1132778000.0,1132778000.0,0.0,0.014,0.186,0.017,0.404,0.0,675510000.0,1.0,141507973.0,211740756,213764495.0,5.35,24371946000.0,0.0,152999000.0,0.0,115.103,
99,HBAN,MRT,1996-09-30,1996-09-30,1996-09-30,2021-09-07,-33506000.0,23998460000.0,21178051500.0,,,,9.215,,1028831000.0,1028831000.0,,,,12.584,5696945000.0,,,5696945000.0,0.0,,16153791000.0,0.035,0.8,,,,,,,,,,1766689000.0,1565840000.0,1766689000.0,,,,,,1.0,,,0.0,,28666574000.0,25717836500.0,0.0,21871234000.0,,,22231771000.0,,,,,,,,,,,,,,,,,,,,,,0.0,,,,,381332000.0,,23.0,,,0.0,266247000.0,,,,,,,,,,1.0,,191710810,,,23998460000.0,0.0,,0.0,125.181,
100,HBAN,MRT,1996-06-30,1996-06-30,1996-06-30,2021-09-07,-61603000.0,20321166000.0,,,,,9.173,,844872000.0,844872000.0,,,,12.774,5392192000.0,,,5392192000.0,0.0,,13112831000.0,0.034,0.8,,,,,,,,,,1475296000.0,,1475296000.0,,,,,,1.0,,,0.0,,24868486000.0,,0.0,18514387000.0,,,18845870000.0,,,,,,,,,,,,,,,,,,,,,,0.0,,,,,312702000.0,,23.875,,,0.0,440913000.0,,,,,,,,,,1.0,,160825633,,,20321166000.0,0.0,,0.0,126.355,
101,HBAN,MRT,1996-03-31,1996-03-31,1996-03-31,2021-09-07,-3954000.0,20137982000.0,,,,,10.114,,790758000.0,790758000.0,,,,12.403,5205092000.0,,,5205092000.0,0.0,,13006213000.0,0.033,0.8,,,,,,,,,,1502510000.0,,1502510000.0,,,,,,1.0,,,0.0,,24552316000.0,,0.0,18375550000.0,,,18635472000.0,,,,,,,,,,,,,,,,,,,,,,0.0,,,,,310985000.0,,23.938,,,0.0,402389000.0,,,,,,,,,,1.0,,148559506,,,20137982000.0,0.0,,0.0,135.555,
102,HBAN,MRT,1995-12-31,1995-12-31,1995-12-31,2021-09-07,40972000.0,20254598000.0,,,,,7.654,-41821000.0,1145351000.0,1145351000.0,0.0,281801000.0,,12.335,5674723000.0,,,5674723000.0,0.0,76488000.0,12636582000.0,0.033,0.8,429084000.0,505572000.0,0.463,505572000.0,429084000.0,429084000.0,1.42,1.41,1.42,1518865000.0,,1518865000.0,,,,388949000.0,1.96,1.0,1091145000.0,1.0,0.0,0.0,24783970000.0,,0.0,18226119000.0,,,18735733000.0,,,,281967000.0,165803000.0,-164999000.0,1468584000.0,-118906000.0,1908106000.0,-2056909000.0,-2211024000.0,430770000.0,0.0,281801000.0,281801000.0,281801000.0,0.0,0.0,0.258,662061000.0,429084000.0,0.0,0.563,,,16.901,296465000.0,0.0,24.0,,4.365,0.0,366514000.0,1091145000.0,1091145000.0,0.0,,,,0.393,0.0,662061000.0,1.0,,198429594,198429594.0,5.499,20254598000.0,0.0,147283000.0,0.0,102.074,
103,HBAN,MRT,1994-12-31,1994-12-31,1994-12-31,2021-09-07,,,,,,,,-24738000.0,,,0.0,242593000.0,,,,,,,,84215000.0,,0.042,0.72,366474000.0,450689000.0,0.472,450689000.0,366474000.0,366474000.0,1.62,,1.62,,,,,,,1149641000.0,7.673,1.0,954631000.0,1.0,,0.0,,,,,,,,,,,145577000.0,0.0,-33738000.0,145298000.0,-87545000.0,-216204000.0,-812598000.0,-835014000.0,1174379000.0,0.0,242593000.0,242593000.0,242593000.0,0.0,0.0,0.254,588157000.0,366474000.0,,0.444,,,10.574,,0.0,17.13,,2.689,,,954631000.0,954631000.0,0.0,,,,0.384,0.0,588157000.0,1.0,,149830736,,6.371,,,123881000.0,,,
