None,ticker,dimension,calendardate,datekey,reportperiod,lastupdated,accoci,assets,assetsavg,assetsc,assetsnc,assetturnover,bvps,capex,cashneq,cashnequsd,cor,consolinc,currentratio,de,debt,debtc,debtnc,debtusd,deferredrev,depamor,deposits,divyield,dps,ebit,ebitda,ebitdamargin,ebitdausd,ebitusd,ebt,eps,epsdil,epsusd,equity,equityavg,equityusd,ev,evebit,evebitda,fcf,fcfps,fxusd,gp,grossmargin,intangibles,intexp,invcap,invcapavg,inventory,investments,investmentsc,investmentsnc,liabilities,liabilitiesc,liabilitiesnc,marketcap,ncf,ncfbus,ncfcommon,ncfdebt,ncfdiv,ncff,ncfi,ncfinv,ncfo,ncfx,netinc,netinccmn,netinccmnusd,netincdis,netincnci,netmargin,opex,opinc,payables,payoutratio,pb,pe,pe1,ppnenet,prefdivis,price,ps,ps1,receivables,retearn,revenue,revenueusd,rnd,roa,roe,roic,ros,sbcomp,sgna,sharefactor,sharesbas,shareswa,shareswadil,sps,tangibles,taxassets,taxexp,taxliabilities,tbvps,workingcapital
0,LOW,MRY,2020-12-31,2021-01-29,2021-01-29,2021-08-26,-136000000.0,46735000000.0,48802500000.0,22326000000.0,24409000000.0,1.836,1.961,-1701000000.0,4690000000.0,4690000000.0,60025000000.0,5835000000.0,1.192,31.523,26211000000.0,1653000000.0,24558000000.0,26211000000.0,2627000000.0,2073000000.0,0.0,0.014,2.3,8587000000.0,10660000000.0,0.119,10660000000.0,8587000000.0,7739000000.0,7.77,7.75,7.77,1437000000.0,2895500000.0,1437000000.0,140236809024.0,16.0,13.155,9348000000.0,12.758,1.0,29572000000.0,0.33,0.0,848000000.0,49526000000.0,47884500000.0,16193000000.0,706000000.0,506000000.0,200000000.0,45298000000.0,18730000000.0,26568000000.0,122254809024.0,3974000000.0,0.0,-4819000000.0,1370000000.0,-1704000000.0,-5191000000.0,-1894000000.0,-168000000.0,11049000000.0,10000000.0,5835000000.0,5835000000.0,5835000000.0,0.0,0.0,0.065,19925000000.0,9647000000.0,10884000000.0,0.296,85.076,20.952,21.474,22987000000.0,0.0,166.85,1.364,1.364,0.0,1117000000.0,89597000000.0,89597000000.0,0.0,0.12,2.015,0.179,0.096,155000000.0,18526000000.0,1.0,732722859.0,732722859.0,,122.28,46735000000.0,340000000.0,1904000000.0,0.0,63.783,3596000000.0
1,LOW,MRY,2019-12-31,2020-01-31,2020-01-31,2021-08-26,-136000000.0,39471000000.0,40787250000.0,15318000000.0,24153000000.0,1.769,2.573,-1321000000.0,716000000.0,716000000.0,49205000000.0,4281000000.0,1.009,19.016,23750000000.0,3039000000.0,20711000000.0,23750000000.0,2113000000.0,1878000000.0,0.0,0.018,2.13,6314000000.0,8192000000.0,0.114,8192000000.0,6314000000.0,5623000000.0,5.49,5.49,5.49,1972000000.0,2576500000.0,1972000000.0,110588103983.0,18.0,13.5,2975000000.0,3.881,1.0,22943000000.0,0.318,0.0,691000000.0,47323000000.0,45813500000.0,13179000000.0,532000000.0,160000000.0,372000000.0,37499000000.0,15182000000.0,22317000000.0,89095103983.0,193000000.0,0.0,-4195000000.0,3079000000.0,-1618000000.0,-2735000000.0,-1369000000.0,-48000000.0,4296000000.0,1000000.0,4281000000.0,4281000000.0,4281000000.0,0.0,0.0,0.059,16629000000.0,6314000000.0,7659000000.0,0.388,45.18,20.812,21.173,22660000000.0,0.0,116.24,1.235,1.235,0.0,1727000000.0,72148000000.0,72148000000.0,0.0,0.105,1.662,0.138,0.088,98000000.0,15367000000.0,1.0,766475430.0,766475430.0,,94.13,39471000000.0,216000000.0,1342000000.0,0.0,51.497,136000000.0
2,LOW,MRY,2018-12-31,2019-02-01,2019-02-01,2021-08-26,-209000000.0,34508000000.0,36640750000.0,14228000000.0,20280000000.0,1.946,4.538,-1098000000.0,511000000.0,511000000.0,48401000000.0,2314000000.0,0.981,8.47,16223000000.0,1832000000.0,14391000000.0,16223000000.0,2126000000.0,1607000000.0,0.0,0.019,1.85,4018000000.0,5625000000.0,0.079,5625000000.0,4018000000.0,3394000000.0,2.84,2.84,2.84,3644000000.0,5141000000.0,3644000000.0,91884154950.0,23.0,16.335,5095000000.0,6.345,1.0,22908000000.0,0.321,303000000.0,624000000.0,35420000000.0,34997000000.0,12561000000.0,474000000.0,218000000.0,256000000.0,30864000000.0,14497000000.0,16367000000.0,77975154950.0,-23000000.0,0.0,-2923000000.0,-741000000.0,-1455000000.0,-5124000000.0,-1080000000.0,20000000.0,6193000000.0,-12000000.0,2314000000.0,2314000000.0,2314000000.0,0.0,0.0,0.032,18890000000.0,4018000000.0,8279000000.0,0.651,21.398,33.697,34.194,18432000000.0,0.0,97.11,1.093,1.093,0.0,3452000000.0,71309000000.0,71309000000.0,0.0,0.063,0.45,0.115,0.056,74000000.0,17413000000.0,1.0,802957007.0,802957007.0,,88.808,34205000000.0,294000000.0,1080000000.0,0.0,42.599,-269000000.0
3,LOW,MRY,2017-12-31,2018-02-02,2018-02-02,2021-08-26,11000000.0,35291000000.0,36588750000.0,12772000000.0,22519000000.0,1.875,7.078,-1078000000.0,588000000.0,588000000.0,46185000000.0,3447000000.0,1.056,5.009,16995000000.0,1431000000.0,15564000000.0,16995000000.0,2181000000.0,1540000000.0,0.0,0.016,1.58,6122000000.0,7662000000.0,0.112,7662000000.0,6122000000.0,5489000000.0,4.09,4.09,4.09,5873000000.0,5670500000.0,5873000000.0,99515700596.0,16.0,12.988,3987000000.0,4.805,1.0,22434000000.0,0.327,1307000000.0,633000000.0,38295000000.0,36858000000.0,11393000000.0,510000000.0,102000000.0,408000000.0,29418000000.0,12096000000.0,17322000000.0,84220700596.0,30000000.0,-509000000.0,-3053000000.0,744000000.0,-1288000000.0,-3607000000.0,-1441000000.0,133000000.0,5065000000.0,13000000.0,3447000000.0,3447000000.0,3447000000.0,0.0,0.0,0.05,15848000000.0,6586000000.0,6590000000.0,0.386,14.34,24.433,24.817,19721000000.0,0.0,101.5,1.227,1.227,0.0,5425000000.0,68619000000.0,68619000000.0,0.0,0.094,0.608,0.166,0.089,99000000.0,14444000000.0,1.0,829760597.0,829760597.0,,82.697,33984000000.0,168000000.0,2042000000.0,0.0,40.956,676000000.0
4,LOW,MRY,2016-12-31,2017-02-03,2017-02-03,2021-08-26,-240000000.0,34408000000.0,35856500000.0,12000000000.0,22408000000.0,1.813,7.397,-1130000000.0,558000000.0,558000000.0,43343000000.0,3093000000.0,1.002,4.348,15699000000.0,1305000000.0,14394000000.0,15699000000.0,2016000000.0,1590000000.0,0.0,0.018,1.33,5846000000.0,7436000000.0,0.114,7436000000.0,5846000000.0,5201000000.0,3.48,3.47,3.48,6434000000.0,6789500000.0,6434000000.0,77986097770.0,13.0,10.488,4487000000.0,5.158,1.0,21674000000.0,0.333,1082000000.0,645000000.0,36493000000.0,35553500000.0,10458000000.0,466000000.0,100000000.0,366000000.0,27974000000.0,11974000000.0,16000000000.0,63751097770.0,153000000.0,-2356000000.0,-3456000000.0,2560000000.0,-1121000000.0,-2092000000.0,-3361000000.0,138000000.0,5617000000.0,-11000000.0,3093000000.0,3093000000.0,3093000000.0,0.0,0.0,0.048,15828000000.0,5846000000.0,6651000000.0,0.382,9.908,20.611,21.06,19949000000.0,0.0,73.29,0.981,0.981,0.0,6241000000.0,65017000000.0,65017000000.0,0.0,0.086,0.456,0.164,0.09,90000000.0,14375000000.0,1.0,869847152.0,869847152.0,,74.745,33326000000.0,222000000.0,2108000000.0,0.0,38.312,26000000.0
5,LOW,MRY,2015-12-31,2016-01-29,2016-01-29,2021-08-26,-394000000.0,31266000000.0,32990250000.0,10561000000.0,20705000000.0,1.791,8.364,-1140000000.0,405000000.0,405000000.0,38504000000.0,2546000000.0,1.007,3.085,12649000000.0,1104000000.0,11545000000.0,12649000000.0,1807000000.0,1587000000.0,0.0,0.015,1.07,4971000000.0,6558000000.0,0.111,6558000000.0,4971000000.0,4419000000.0,2.73,2.73,2.73,7654000000.0,8549000000.0,7654000000.0,76948396138.0,15.0,11.734,3644000000.0,3.982,1.0,20570000000.0,0.348,154000000.0,552000000.0,32864000000.0,31926000000.0,9458000000.0,529000000.0,307000000.0,222000000.0,23612000000.0,10492000000.0,13120000000.0,65576396138.0,-61000000.0,0.0,-3800000000.0,1209000000.0,-957000000.0,-3493000000.0,-1343000000.0,-175000000.0,4784000000.0,-9000000.0,2546000000.0,2546000000.0,2546000000.0,0.0,0.0,0.043,15599000000.0,4971000000.0,5633000000.0,0.392,8.568,25.757,26.249,19577000000.0,0.0,71.66,1.11,1.11,0.0,7593000000.0,59074000000.0,59074000000.0,0.0,0.077,0.298,0.156,0.084,117000000.0,14105000000.0,1.0,915104607.0,915104607.0,,64.554,31112000000.0,241000000.0,1873000000.0,0.0,33.998,69000000.0
6,LOW,MRY,2014-12-31,2015-01-30,2015-01-30,2021-08-26,-103000000.0,31721000000.0,33279750000.0,9851000000.0,21870000000.0,1.689,10.246,-828000000.0,466000000.0,466000000.0,36665000000.0,2698000000.0,1.054,2.182,11358000000.0,552000000.0,10806000000.0,11358000000.0,1709000000.0,1586000000.0,0.0,0.013,0.87,4792000000.0,6378000000.0,0.113,6378000000.0,4792000000.0,4276000000.0,2.71,2.71,2.71,9968000000.0,10855000000.0,9968000000.0,75719291344.0,16.0,11.872,4101000000.0,4.215,1.0,19558000000.0,0.348,0.0,516000000.0,33265000000.0,32843500000.0,8911000000.0,479000000.0,125000000.0,354000000.0,21753000000.0,9348000000.0,12405000000.0,65924291344.0,75000000.0,0.0,-3768000000.0,805000000.0,-822000000.0,-3761000000.0,-1088000000.0,-256000000.0,4929000000.0,-5000000.0,2698000000.0,2698000000.0,2698000000.0,0.0,0.0,0.048,14766000000.0,4792000000.0,5124000000.0,0.321,6.614,24.435,25.004,20034000000.0,0.0,67.76,1.173,1.173,0.0,9591000000.0,56223000000.0,56223000000.0,0.0,0.081,0.249,0.146,0.085,119000000.0,13272000000.0,1.0,972908668.0,972908668.0,,57.789,31721000000.0,133000000.0,1578000000.0,0.0,32.604,503000000.0
7,LOW,MRY,2013-12-31,2014-01-31,2014-01-31,2021-08-26,-17000000.0,32732000000.0,33737000000.0,10296000000.0,22436000000.0,1.583,11.334,-865000000.0,391000000.0,391000000.0,34941000000.0,2286000000.0,1.16,1.761,10521000000.0,435000000.0,10086000000.0,10521000000.0,1622000000.0,1562000000.0,0.0,0.015,0.7,4149000000.0,5711000000.0,0.107,5711000000.0,4149000000.0,3673000000.0,2.14,2.14,2.14,11853000000.0,12704500000.0,11853000000.0,57451412791.0,14.0,10.06,3246000000.0,3.104,1.0,18476000000.0,0.346,0.0,476000000.0,33986000000.0,33007250000.0,9127000000.0,464000000.0,185000000.0,279000000.0,20879000000.0,8876000000.0,12003000000.0,48411412791.0,-150000000.0,-203000000.0,-3545000000.0,1324000000.0,-733000000.0,-2969000000.0,-1286000000.0,-223000000.0,4111000000.0,-6000000.0,2286000000.0,2286000000.0,2286000000.0,0.0,0.0,0.043,14327000000.0,4149000000.0,5008000000.0,0.327,4.084,21.177,21.631,20834000000.0,0.0,46.29,0.906,0.906,0.0,11355000000.0,53417000000.0,53417000000.0,0.0,0.068,0.18,0.126,0.078,100000000.0,12865000000.0,1.0,1045828749.0,1045828749.0,,51.076,32732000000.0,252000000.0,1387000000.0,291000000.0,31.298,1420000000.0
8,LOW,MRY,2012-12-31,2013-02-01,2013-02-01,2021-08-26,52000000.0,32666000000.0,34714750000.0,9784000000.0,22882000000.0,1.455,12.321,-1081000000.0,541000000.0,541000000.0,33194000000.0,1959000000.0,1.269,1.357,9077000000.0,47000000.0,9030000000.0,9077000000.0,1539000000.0,1623000000.0,0.0,0.016,0.62,3560000000.0,5183000000.0,0.103,5183000000.0,3560000000.0,3137000000.0,1.69,1.69,1.69,13857000000.0,14527250000.0,13857000000.0,51325550094.0,14.0,9.903,2681000000.0,2.384,1.0,17327000000.0,0.343,0.0,423000000.0,33494000000.0,33361000000.0,8600000000.0,396000000.0,125000000.0,271000000.0,18809000000.0,7708000000.0,11101000000.0,43367550094.0,-473000000.0,0.0,-4044000000.0,1393000000.0,-704000000.0,-3333000000.0,-903000000.0,174000000.0,3762000000.0,1000000.0,1959000000.0,1959000000.0,1959000000.0,0.0,0.0,0.039,13767000000.0,3560000000.0,4657000000.0,0.367,3.13,22.138,22.817,21477000000.0,0.0,38.56,0.858,0.858,0.0,13224000000.0,50521000000.0,50521000000.0,0.0,0.056,0.135,0.107,0.07,100000000.0,12244000000.0,1.0,1124677129.0,1124677129.0,,44.92,32666000000.0,217000000.0,1178000000.0,455000000.0,29.045,2076000000.0
9,LOW,MRY,2011-12-31,2012-02-03,2012-02-03,2021-08-26,46000000.0,33559000000.0,34338500000.0,10072000000.0,23487000000.0,1.462,13.199,-1777000000.0,1014000000.0,1014000000.0,32858000000.0,1839000000.0,1.276,1.03,7627000000.0,592000000.0,7035000000.0,7627000000.0,1505000000.0,1579000000.0,0.0,0.019,0.53,3277000000.0,4856000000.0,0.097,4856000000.0,3277000000.0,2906000000.0,1.43,1.43,1.43,16533000000.0,16895000000.0,16533000000.0,40009656262.0,12.0,8.239,2572000000.0,2.053,1.0,17350000000.0,0.346,0.0,371000000.0,32281000000.0,31348500000.0,8355000000.0,790000000.0,286000000.0,504000000.0,17026000000.0,7891000000.0,9135000000.0,34069656262.0,362000000.0,-100000000.0,-2837000000.0,956000000.0,-647000000.0,-2549000000.0,-1437000000.0,455000000.0,4349000000.0,-1000000.0,1839000000.0,1839000000.0,1839000000.0,0.0,0.0,0.037,14073000000.0,3277000000.0,4352000000.0,0.371,2.061,18.526,19.021,21970000000.0,0.0,27.2,0.679,0.679,0.0,15852000000.0,50208000000.0,50208000000.0,0.0,0.054,0.109,0.105,0.065,107000000.0,12593000000.0,1.0,1252560892.0,1252560892.0,,40.084,33559000000.0,183000000.0,1067000000.0,531000000.0,26.792,2181000000.0
10,LOW,MRY,2010-12-31,2011-01-28,2011-01-28,2021-08-26,53000000.0,33699000000.0,35021750000.0,9967000000.0,23732000000.0,1.394,13.125,-1304000000.0,652000000.0,652000000.0,31663000000.0,2010000000.0,1.4,0.861,6573000000.0,36000000.0,6537000000.0,6573000000.0,1338000000.0,1684000000.0,0.0,0.017,0.42,3560000000.0,5244000000.0,0.107,5244000000.0,3560000000.0,3228000000.0,1.42,1.42,1.42,18112000000.0,18809000000.0,18112000000.0,39342098702.0,11.0,7.502,2548000000.0,1.846,1.0,17152000000.0,0.351,0.0,332000000.0,32501000000.0,31068250000.0,8321000000.0,1479000000.0,471000000.0,1008000000.0,15587000000.0,7119000000.0,8468000000.0,34845098702.0,20000000.0,0.0,-2514000000.0,1433000000.0,-571000000.0,-1651000000.0,-2184000000.0,-866000000.0,3852000000.0,3000000.0,2010000000.0,2010000000.0,2010000000.0,0.0,0.0,0.041,13592000000.0,3560000000.0,4351000000.0,0.296,1.924,17.336,17.782,22089000000.0,0.0,25.25,0.714,0.714,0.0,17371000000.0,48815000000.0,48815000000.0,0.0,0.057,0.107,0.115,0.073,115000000.0,12006000000.0,1.0,1380003909.0,1380003909.0,,35.373,33699000000.0,193000000.0,1218000000.0,467000000.0,24.419,2848000000.0
11,LOW,MRY,2009-12-31,2010-01-29,2010-01-29,2021-08-26,27000000.0,33005000000.0,33905750000.0,9732000000.0,23273000000.0,1.393,12.954,-1781000000.0,632000000.0,632000000.0,30757000000.0,1783000000.0,1.323,0.731,5080000000.0,552000000.0,4528000000.0,5080000000.0,1232000000.0,1733000000.0,0.0,0.016,0.355,3112000000.0,4845000000.0,0.103,4845000000.0,3112000000.0,2825000000.0,1.21,1.21,1.21,19069000000.0,19025250000.0,19069000000.0,35805496524.0,12.0,7.39,2273000000.0,1.544,1.0,16463000000.0,0.349,0.0,287000000.0,30098000000.0,29837750000.0,8249000000.0,702000000.0,425000000.0,277000000.0,13936000000.0,7355000000.0,6581000000.0,31869496524.0,387000000.0,0.0,-376000000.0,-1034000000.0,-391000000.0,-1801000000.0,-1886000000.0,-103000000.0,4054000000.0,20000000.0,1783000000.0,1783000000.0,1783000000.0,0.0,0.0,0.038,13351000000.0,3112000000.0,4287000000.0,0.293,1.671,17.874,17.893,22499000000.0,0.0,21.65,0.675,0.675,0.0,18307000000.0,47220000000.0,47220000000.0,0.0,0.053,0.094,0.104,0.066,102000000.0,11737000000.0,1.0,1472032172.0,1472032172.0,,32.078,33005000000.0,208000000.0,1042000000.0,598000000.0,22.421,2377000000.0
12,LOW,MRY,2008-12-31,2009-01-30,2009-01-30,2021-08-26,-6000000.0,32625000000.0,32714250000.0,9190000000.0,23435000000.0,1.474,12.287,-3237000000.0,245000000.0,245000000.0,31729000000.0,2195000000.0,1.216,0.807,6060000000.0,1021000000.0,5039000000.0,6060000000.0,674000000.0,1667000000.0,0.0,0.018,0.335,3786000000.0,5453000000.0,0.113,5453000000.0,3786000000.0,3506000000.0,1.5,1.49,1.5,18055000000.0,17534250000.0,18055000000.0,31851839825.0,8.0,5.841,885000000.0,0.602,1.0,16501000000.0,0.342,0.0,280000000.0,30880000000.0,29455500000.0,8209000000.0,669000000.0,416000000.0,253000000.0,14570000000.0,7560000000.0,7010000000.0,26846839825.0,-36000000.0,0.0,166000000.0,-615000000.0,-491000000.0,-939000000.0,-3226000000.0,67000000.0,4122000000.0,7000000.0,2195000000.0,2195000000.0,2195000000.0,0.0,0.0,0.046,12715000000.0,3786000000.0,4109000000.0,0.223,1.487,12.231,12.18,22722000000.0,0.0,18.27,0.557,0.557,0.0,17049000000.0,48230000000.0,48230000000.0,0.0,0.067,0.125,0.129,0.078,95000000.0,11176000000.0,1.0,1469449361.0,1469449361.0,,32.822,32625000000.0,105000000.0,1311000000.0,599000000.0,22.202,1630000000.0
13,LOW,MRY,2007-12-31,2008-02-01,2008-02-01,2021-08-26,8000000.0,30869000000.0,30167750000.0,8686000000.0,22183000000.0,1.6,11.006,-3953000000.0,281000000.0,281000000.0,31556000000.0,2809000000.0,1.121,0.918,6680000000.0,1104000000.0,5576000000.0,6680000000.0,717000000.0,1464000000.0,0.0,0.011,0.29,4705000000.0,6169000000.0,0.128,6169000000.0,4705000000.0,4511000000.0,1.89,1.86,1.89,16098000000.0,15961750000.0,16098000000.0,42664506701.0,9.0,6.916,394000000.0,0.269,1.0,16727000000.0,0.346,0.0,194000000.0,29517000000.0,27283500000.0,7611000000.0,758000000.0,249000000.0,509000000.0,14771000000.0,7751000000.0,7020000000.0,37369506701.0,-83000000.0,0.0,-2126000000.0,2241000000.0,-428000000.0,-307000000.0,-4123000000.0,-163000000.0,4347000000.0,0.0,2809000000.0,2809000000.0,2809000000.0,0.0,0.0,0.058,12022000000.0,4705000000.0,3713000000.0,0.153,2.321,13.303,13.519,21361000000.0,0.0,25.55,0.774,0.774,0.0,15345000000.0,48283000000.0,48283000000.0,0.0,0.093,0.176,0.172,0.097,99000000.0,10515000000.0,1.0,1462603002.0,1462603002.0,,33.012,30869000000.0,247000000.0,1702000000.0,670000000.0,21.106,935000000.0
14,LOW,MRY,2006-12-31,2007-02-02,2007-02-02,2021-08-26,1000000.0,27767000000.0,27001250000.0,8314000000.0,19453000000.0,1.738,10.326,-3844000000.0,364000000.0,364000000.0,30729000000.0,3105000000.0,1.271,0.766,4436000000.0,111000000.0,4325000000.0,4436000000.0,731000000.0,1237000000.0,0.0,0.005,0.18,5152000000.0,6389000000.0,0.136,6389000000.0,5152000000.0,4998000000.0,2.02,1.99,2.02,15725000000.0,15078000000.0,15725000000.0,55772154945.0,11.0,8.729,658000000.0,0.432,1.0,16198000000.0,0.345,0.0,154000000.0,25300000000.0,23354000000.0,7144000000.0,597000000.0,432000000.0,165000000.0,12042000000.0,6539000000.0,5503000000.0,52003154945.0,-59000000.0,0.0,-1561000000.0,979000000.0,-276000000.0,-846000000.0,-3715000000.0,145000000.0,4502000000.0,0.0,3105000000.0,3105000000.0,3105000000.0,0.0,0.0,0.066,11046000000.0,5152000000.0,3524000000.0,0.089,3.307,16.748,16.906,18971000000.0,0.0,34.15,1.108,1.108,0.0,14860000000.0,46927000000.0,46927000000.0,0.0,0.115,0.206,0.221,0.11,62000000.0,9738000000.0,1.0,1522786382.0,1522786382.0,,30.817,27767000000.0,161000000.0,1893000000.0,735000000.0,18.234,1775000000.0
15,LOW,MRY,2005-12-31,2006-02-03,2006-02-03,2021-08-26,1000000.0,24639000000.0,23832500000.0,7788000000.0,16851000000.0,1.814,9.142,-3318000000.0,423000000.0,423000000.0,28453000000.0,2765000000.0,1.335,0.723,3531000000.0,32000000.0,3499000000.0,3531000000.0,709000000.0,1051000000.0,0.0,0.003,0.11,4654000000.0,5705000000.0,0.132,5705000000.0,4654000000.0,4496000000.0,1.78,1.73,1.78,14296000000.0,13218750000.0,14296000000.0,52603474490.0,11.0,9.221,524000000.0,0.335,1.0,14790000000.0,0.342,0.0,158000000.0,21915000000.0,20323000000.0,6635000000.0,747000000.0,453000000.0,294000000.0,10343000000.0,5832000000.0,4511000000.0,49667474490.0,-107000000.0,0.0,-484000000.0,380000000.0,-171000000.0,-275000000.0,-3674000000.0,-326000000.0,3842000000.0,0.0,2765000000.0,2765000000.0,2765000000.0,0.0,0.0,0.064,10136000000.0,4654000000.0,2832000000.0,0.062,3.474,17.963,17.843,16354000000.0,0.0,31.76,1.149,1.149,0.0,12191000000.0,43243000000.0,43243000000.0,0.0,0.116,0.209,0.229,0.108,76000000.0,9014000000.0,1.0,1563837358.0,1563837358.0,,27.652,24639000000.0,155000000.0,1731000000.0,735000000.0,15.755,1956000000.0
16,LOW,MRY,2004-12-31,2005-01-28,2005-01-28,2021-08-26,0.0,21101000000.0,20422500000.0,6866000000.0,14235000000.0,1.785,7.44,-2841000000.0,530000000.0,530000000.0,24224000000.0,2167000000.0,1.216,0.835,3690000000.0,630000000.0,3060000000.0,3690000000.0,539000000.0,926000000.0,0.0,0.003,0.075,3696000000.0,4622000000.0,0.127,4622000000.0,3696000000.0,3520000000.0,1.39,1.35,1.39,11498000000.0,10829750000.0,11498000000.0,46626690508.0,13.0,10.088,232000000.0,0.15,1.0,12240000000.0,0.336,0.0,176000000.0,18613000000.0,18180000000.0,5850000000.0,429000000.0,283000000.0,146000000.0,9603000000.0,5648000000.0,3955000000.0,43413690508.0,-336000000.0,0.0,-849000000.0,-82000000.0,-116000000.0,-1047000000.0,-2362000000.0,491000000.0,3073000000.0,0.0,2167000000.0,2167000000.0,2167000000.0,0.0,0.0,0.059,8544000000.0,3696000000.0,2695000000.0,0.054,3.776,20.034,20.209,13911000000.0,0.0,28.09,1.191,1.191,9000000.0,9597000000.0,36464000000.0,36464000000.0,0.0,0.106,0.2,0.203,0.101,70000000.0,7562000000.0,1.0,1545521200.0,1545521200.0,,23.593,21101000000.0,119000000.0,1353000000.0,736000000.0,13.653,1218000000.0
17,LOW,MRY,2003-12-31,2004-01-30,2004-01-30,2021-08-26,1000000.0,18751000000.0,18231750000.0,6522000000.0,12229000000.0,1.691,6.496,-2273000000.0,913000000.0,913000000.0,21305000000.0,1822000000.0,1.553,0.835,3755000000.0,77000000.0,3678000000.0,3755000000.0,0.0,807000000.0,0.0,0.002,0.055,3103000000.0,3910000000.0,0.127,3910000000.0,3103000000.0,2923000000.0,1.16,1.13,1.16,10216000000.0,9546500000.0,10216000000.0,44671241867.0,14.0,11.425,761000000.0,0.484,1.0,9533000000.0,0.309,0.0,180000000.0,17393000000.0,16278250000.0,4584000000.0,880000000.0,711000000.0,169000000.0,8535000000.0,4200000000.0,4335000000.0,42109241867.0,530000000.0,0.0,149000000.0,-79000000.0,-87000000.0,-17000000.0,-2487000000.0,-119000000.0,3034000000.0,0.0,1822000000.0,1822000000.0,1822000000.0,-15000000.0,0.0,0.059,6445000000.0,3088000000.0,2212000000.0,0.047,4.122,23.112,23.082,11819000000.0,0.0,26.775,1.365,1.365,146000000.0,7574000000.0,30838000000.0,30838000000.0,0.0,0.1,0.191,0.191,0.101,82000000.0,5578000000.0,1.0,1572707446.0,1572707446.0,,19.608,18751000000.0,62000000.0,1101000000.0,594000000.0,11.923,2322000000.0
18,LOW,MRY,2002-12-31,2003-01-31,2003-01-31,2021-08-26,1000000.0,16109000000.0,15739500000.0,5568000000.0,10541000000.0,1.659,5.315,-2292000000.0,853000000.0,853000000.0,18164000000.0,1491000000.0,1.556,0.94,3815000000.0,79000000.0,3736000000.0,3815000000.0,0.0,659000000.0,0.0,0.003,0.043,2566000000.0,3225000000.0,0.124,3225000000.0,2566000000.0,2384000000.0,0.955,0.93,0.955,8302000000.0,7730000000.0,8302000000.0,29215325596.0,11.0,9.059,362000000.0,0.232,1.0,7948000000.0,0.304,0.0,182000000.0,15493000000.0,14393250000.0,3968000000.0,302000000.0,273000000.0,29000000.0,7807000000.0,3578000000.0,4229000000.0,26692663596.0,129000000.0,0.0,115000000.0,-113000000.0,-66000000.0,-64000000.0,-2477000000.0,-152000000.0,2654000000.0,0.0,1491000000.0,1491000000.0,1491000000.0,-12000000.0,0.0,0.057,5394000000.0,2554000000.0,1943000000.0,0.045,3.215,17.903,17.895,10352000000.0,0.0,17.09,1.022,1.022,172000000.0,5887000000.0,26112000000.0,26112000000.0,0.0,0.095,0.193,0.178,0.098,29000000.0,4625000000.0,1.0,1561887864.0,1561887864.0,,16.718,16109000000.0,58000000.0,893000000.0,478000000.0,10.314,1990000000.0
19,LOW,MRY,2001-12-31,2002-02-01,2002-02-01,2021-08-26,1000000.0,13736000000.0,13279956750.0,4920000000.0,8816000000.0,1.635,4.31,-2154000000.0,799000000.0,799000000.0,15427000000.0,1023000000.0,1.631,1.058,3893000000.0,159000000.0,3734000000.0,3893000000.0,0.0,530000000.0,0.0,0.002,0.039,1790000000.0,2320000000.0,0.107,2320000000.0,1790000000.0,1616000000.0,0.665,0.65,0.665,6674000000.0,6253609000.0,6674000000.0,38613222989.0,22.0,16.644,-558000000.0,-0.36,1.0,6287000000.0,0.29,0.0,174000000.0,13813000000.0,12936730000.0,3611000000.0,76000000.0,54000000.0,22000000.0,7062000000.0,3017000000.0,4045000000.0,35386294989.0,343000000.0,0.0,115000000.0,874000000.0,-60000000.0,929000000.0,-2196000000.0,-28000000.0,1596000000.0,0.0,1023000000.0,1023000000.0,1023000000.0,-13000000.0,0.0,0.047,4510000000.0,1777000000.0,1715000000.0,0.059,5.302,34.591,34.361,8653000000.0,0.0,22.85,1.63,1.63,166000000.0,4482000000.0,21714000000.0,21714000000.0,0.0,0.077,0.164,0.138,0.082,35000000.0,3857000000.0,1.0,1548634354.0,1548634354.0,,14.021,13736000000.0,93000000.0,593000000.0,305000000.0,8.87,1903000000.0
20,LOW,MRY,2000-12-31,2001-02-02,2001-02-02,2021-08-26,451000.0,11358167000.0,10549889750.0,4157426000.0,7200741000.0,1.78,,-2261000000.0,455658000.0,455658000.0,13488000000.0,810000000.0,1.428,1.067,2989839000.0,292170000.0,2697669000.0,2989839000.0,0.0,410000000.0,0.0,0.003,0.035,1402000000.0,1812000000.0,0.096,1812000000.0,1402000000.0,1281000000.0,0.53,0.525,0.53,5494885000.0,5217503250.0,5494885000.0,,,,-1131000000.0,,1.0,5291000000.0,0.282,0.0,121000000.0,10981350000.0,9667660500.0,3285370000.0,47561000.0,12871000.0,34690000.0,5863282000.0,2910998000.0,2952284000.0,,-35000000.0,0.0,27000000.0,1111000000.0,-53000000.0,1085000000.0,-2250000000.0,63000000.0,1130000000.0,0.0,810000000.0,810000000.0,810000000.0,0.0,0.0,0.043,3889000000.0,1402000000.0,1714370000.0,0.066,,,25.396,7034960000.0,0.0,13.46,,,160985000.0,3518356000.0,18779000000.0,18779000000.0,0.0,0.077,0.155,0.145,0.075,7000000.0,3348000000.0,1.0,,,,,11358167000.0,81044000.0,471000000.0,251450000.0,,1246428000.0
21,LOW,MRY,1999-12-31,2000-01-28,2000-01-28,2021-08-26,,,,,,,,-1404511000.0,,,11525013000.0,672795000.0,,,,,,,,337822000.0,,0.003,0.031,1147969000.0,1485791000.0,0.093,1485791000.0,1147969000.0,1063117000.0,0.44,0.44,0.44,,,,,,,-207350000.0,,1.0,4380582000.0,0.275,,84852000.0,,,,,,,,,,,262248000.0,0.0,369385000.0,261679000.0,-47558000.0,583506000.0,-1518419000.0,-60880000.0,1197161000.0,0.0,672795000.0,672795000.0,672795000.0,0.0,0.0,0.042,3232613000.0,1147969000.0,,0.07,,,25.318,,0.0,11.14,,,,,15905595000.0,15905595000.0,0.0,,,,0.072,9888000.0,2772428000.0,1.0,,,,,,,390322000.0,,,
0,LOW,MRQ,2021-06-30,2021-07-30,2021-07-30,2021-08-26,-65000000.0,49404000000.0,,25083000000.0,24321000000.0,,-0.248,-371000000.0,4835000000.0,4835000000.0,18258000000.0,3018000000.0,1.158,-283.309,28709000000.0,2901000000.0,25808000000.0,28709000000.0,3138000000.0,592000000.0,0.0,0.013,0.8,4210000000.0,4802000000.0,0.174,4802000000.0,4210000000.0,3994000000.0,4.27,4.25,4.27,-175000000.0,,-175000000.0,157238660499.0,16.0,12.737,2050000000.0,2.908,1.0,9312000000.0,0.338,0.0,216000000.0,51614000000.0,,17322000000.0,1645000000.0,1420000000.0,225000000.0,49579000000.0,21664000000.0,27915000000.0,136210660499.0,-1857000000.0,0.0,-3082000000.0,975000000.0,-430000000.0,-2907000000.0,-1368000000.0,-997000000.0,2421000000.0,-3000000.0,3018000000.0,3018000000.0,3018000000.0,0.0,0.0,0.109,5102000000.0,4210000000.0,12011000000.0,0.187,-778.347,19.434,19.743,22851000000.0,0.0,192.69,1.44,1.436,0.0,-460000000.0,27570000000.0,27570000000.0,0.0,,,,,61000000.0,4693000000.0,1.0,706890137.0,705000000.0,707000000.0,39.106,49404000000.0,221000000.0,976000000.0,0.0,70.077,3419000000.0
1,LOW,MRQ,2021-03-31,2021-04-30,2021-04-30,2021-08-26,-11000000.0,51200000000.0,,26816000000.0,24384000000.0,,0.62,-397000000.0,6692000000.0,6692000000.0,16292000000.0,2321000000.0,1.171,114.056,27720000000.0,1889000000.0,25831000000.0,27720000000.0,3072000000.0,567000000.0,0.0,0.012,0.6,3245000000.0,3812000000.0,0.156,3812000000.0,3245000000.0,3034000000.0,3.22,3.21,3.22,445000000.0,,445000000.0,162282657205.0,16.0,13.533,4095000000.0,5.703,1.0,8130000000.0,0.333,0.0,211000000.0,49336000000.0,,18382000000.0,651000000.0,454000000.0,197000000.0,50755000000.0,22892000000.0,27863000000.0,140761657205.0,2002000000.0,0.0,-3029000000.0,1445000000.0,-440000000.0,-2020000000.0,-477000000.0,54000000.0,4492000000.0,7000000.0,2321000000.0,2321000000.0,2321000000.0,0.0,0.0,0.095,4885000000.0,3245000000.0,13964000000.0,0.186,316.318,20.643,21.262,22945000000.0,0.0,196.25,1.492,1.494,0.0,98000000.0,24422000000.0,24422000000.0,0.0,,,,,54000000.0,4494000000.0,1.0,717256852.0,718000000.0,720000000.0,34.014,51200000000.0,213000000.0,713000000.0,0.0,71.309,3924000000.0
2,LOW,MRQ,2020-12-31,2021-01-29,2021-01-29,2021-08-26,-136000000.0,46735000000.0,,22326000000.0,24409000000.0,,1.961,-589000000.0,4690000000.0,4690000000.0,13855000000.0,978000000.0,1.192,31.523,26211000000.0,1653000000.0,24558000000.0,26211000000.0,2627000000.0,565000000.0,0.0,0.014,0.6,1524000000.0,2089000000.0,0.103,2089000000.0,1524000000.0,1320000000.0,1.35,1.34,1.35,1437000000.0,,1437000000.0,140236809024.0,16.0,13.155,-1025000000.0,-1.399,1.0,6456000000.0,0.318,0.0,204000000.0,49526000000.0,,16193000000.0,706000000.0,506000000.0,200000000.0,45298000000.0,18730000000.0,26568000000.0,122254809024.0,-3559000000.0,0.0,-3393000000.0,-36000000.0,-452000000.0,-3887000000.0,758000000.0,1348000000.0,-436000000.0,6000000.0,978000000.0,978000000.0,978000000.0,0.0,0.0,0.048,4932000000.0,1524000000.0,10884000000.0,0.444,85.076,20.952,21.474,22987000000.0,0.0,166.85,1.364,1.364,0.0,1117000000.0,20311000000.0,20311000000.0,0.0,,,,,48000000.0,4541000000.0,1.0,732722859.0,732722859.0,,27.72,46735000000.0,340000000.0,342000000.0,0.0,63.783,3596000000.0
3,LOW,MRQ,2020-09-30,2020-10-30,2020-10-30,2021-08-26,-245000000.0,50880000000.0,,26916000000.0,23964000000.0,,5.416,-448000000.0,8249000000.0,8249000000.0,15009000000.0,692000000.0,1.376,11.492,26231000000.0,1139000000.0,25092000000.0,26231000000.0,2621000000.0,527000000.0,0.0,0.014,0.6,1115000000.0,1642000000.0,0.074,1642000000.0,1115000000.0,894000000.0,0.92,0.91,0.92,4073000000.0,,4073000000.0,134025868873.0,17.0,13.353,-715000000.0,-0.951,1.0,7300000000.0,0.327,0.0,221000000.0,49298000000.0,,15712000000.0,2054000000.0,1852000000.0,202000000.0,46807000000.0,19564000000.0,27243000000.0,119481868873.0,-3392000000.0,0.0,-543000000.0,-1046000000.0,-416000000.0,-2033000000.0,-1092000000.0,-644000000.0,-267000000.0,0.0,692000000.0,692000000.0,692000000.0,0.0,0.0,0.031,5125000000.0,2175000000.0,12759000000.0,0.652,29.335,22.262,22.268,22506000000.0,0.0,158.1,1.401,1.394,0.0,3942000000.0,22309000000.0,22309000000.0,0.0,,,,,43000000.0,4770000000.0,1.0,755736046.0,752000000.0,754000000.0,29.666,50880000000.0,241000000.0,202000000.0,0.0,67.66,7352000000.0
4,LOW,MRQ,2020-06-30,2020-07-31,2020-07-31,2021-08-26,-285000000.0,51763000000.0,,27717000000.0,24046000000.0,,5.793,-361000000.0,11641000000.0,11641000000.0,17998000000.0,2828000000.0,1.297,10.883,26185000000.0,2129000000.0,24056000000.0,26185000000.0,2696000000.0,492000000.0,0.0,0.015,0.55,3957000000.0,4449000000.0,0.163,4449000000.0,3957000000.0,3738000000.0,3.74,3.74,3.74,4356000000.0,,4356000000.0,132697463225.0,16.0,12.746,6941000000.0,9.23,1.0,9304000000.0,0.341,0.0,219000000.0,44937000000.0,,13831000000.0,1411000000.0,1085000000.0,326000000.0,47407000000.0,21370000000.0,26037000000.0,112427463225.0,5686000000.0,0.0,79000000.0,-25000000.0,-416000000.0,-363000000.0,-1272000000.0,-909000000.0,7302000000.0,19000000.0,2828000000.0,2828000000.0,2828000000.0,0.0,0.0,0.104,5347000000.0,3957000000.0,12916000000.0,0.147,25.81,19.641,19.749,22532000000.0,0.0,148.91,1.398,1.393,0.0,4134000000.0,27302000000.0,27302000000.0,0.0,,,,,37000000.0,5020000000.0,1.0,755002775.0,752000000.0,753000000.0,36.306,51763000000.0,267000000.0,910000000.0,0.0,68.834,6347000000.0
5,LOW,MRQ,2020-03-31,2020-05-01,2020-05-01,2021-08-26,-393000000.0,45832000000.0,,21926000000.0,23906000000.0,,2.273,-303000000.0,5955000000.0,5955000000.0,13162000000.0,1337000000.0,1.197,25.709,26225000000.0,2110000000.0,24115000000.0,26225000000.0,2127000000.0,489000000.0,0.0,0.021,0.55,1991000000.0,2480000000.0,0.126,2480000000.0,1991000000.0,1786000000.0,1.76,1.76,1.76,1716000000.0,,1716000000.0,101895935770.0,15.0,11.574,4147000000.0,5.493,1.0,6513000000.0,0.331,0.0,205000000.0,47777000000.0,,14283000000.0,501000000.0,201000000.0,300000000.0,44116000000.0,18325000000.0,25791000000.0,78861935770.0,5239000000.0,0.0,-962000000.0,2477000000.0,-420000000.0,1092000000.0,-288000000.0,37000000.0,4450000000.0,-15000000.0,1337000000.0,1337000000.0,1337000000.0,0.0,0.0,0.068,4522000000.0,1991000000.0,10841000000.0,0.312,45.957,17.249,17.586,22505000000.0,0.0,104.46,1.065,1.065,0.0,1722000000.0,19675000000.0,19675000000.0,0.0,,,,,27000000.0,4196000000.0,1.0,754948648.0,755000000.0,756000000.0,26.06,45832000000.0,215000000.0,449000000.0,0.0,60.705,3601000000.0
6,LOW,MRQ,2019-12-31,2020-01-31,2020-01-31,2021-08-26,-136000000.0,39471000000.0,,15318000000.0,24153000000.0,,2.573,-465000000.0,716000000.0,716000000.0,11046000000.0,510000000.0,1.009,19.016,23750000000.0,3039000000.0,20711000000.0,23750000000.0,2113000000.0,508000000.0,0.0,0.018,0.55,958000000.0,1466000000.0,0.091,1466000000.0,958000000.0,775000000.0,0.68,0.69,0.68,1972000000.0,,1972000000.0,110588103983.0,18.0,13.5,-280000000.0,-0.365,1.0,4981000000.0,0.311,0.0,183000000.0,47323000000.0,,13179000000.0,532000000.0,160000000.0,372000000.0,37499000000.0,15182000000.0,22317000000.0,89095103983.0,-90000000.0,0.0,-624000000.0,1284000000.0,-423000000.0,243000000.0,-506000000.0,-41000000.0,185000000.0,0.0,510000000.0,510000000.0,510000000.0,0.0,0.0,0.032,4023000000.0,958000000.0,7659000000.0,0.809,45.18,20.812,21.173,22660000000.0,0.0,116.24,1.235,1.235,0.0,1727000000.0,16027000000.0,16027000000.0,0.0,,,,,23000000.0,3685000000.0,1.0,766475430.0,766475430.0,,20.91,39471000000.0,216000000.0,265000000.0,0.0,51.497,136000000.0
7,LOW,MRQ,2019-09-30,2019-11-01,2019-11-01,2021-08-26,-164000000.0,39764000000.0,,15662000000.0,24102000000.0,,3.196,-372000000.0,794000000.0,794000000.0,11748000000.0,1049000000.0,1.04,15.177,22287000000.0,1710000000.0,20577000000.0,22287000000.0,2097000000.0,458000000.0,0.0,0.018,0.55,1558000000.0,2016000000.0,0.116,2016000000.0,1558000000.0,1381000000.0,1.36,1.36,1.36,2458000000.0,,2458000000.0,107472656162.0,22.0,16.386,156000000.0,0.203,1.0,5640000000.0,0.324,0.0,177000000.0,46194000000.0,,13716000000.0,490000000.0,127000000.0,363000000.0,37306000000.0,15063000000.0,22243000000.0,87174656162.0,-1002000000.0,0.0,-873000000.0,174000000.0,-428000000.0,-1127000000.0,-405000000.0,-34000000.0,528000000.0,2000000.0,1049000000.0,1049000000.0,1049000000.0,0.0,0.0,0.06,4082000000.0,1558000000.0,8822000000.0,0.404,35.466,29.581,29.646,22244000000.0,0.0,112.95,1.215,1.21,0.0,2238000000.0,17388000000.0,17388000000.0,0.0,,,,,24000000.0,3772000000.0,1.0,771798638.0,769000000.0,770000000.0,22.611,39764000000.0,479000000.0,332000000.0,0.0,51.709,599000000.0
8,LOW,MRQ,2019-06-30,2019-08-02,2019-08-02,2021-08-26,-187000000.0,40695000000.0,,16796000000.0,23899000000.0,,3.38,-303000000.0,1796000000.0,1796000000.0,14252000000.0,1676000000.0,1.061,14.415,22094000000.0,1501000000.0,20593000000.0,22094000000.0,2192000000.0,461000000.0,0.0,0.02,0.55,2381000000.0,2842000000.0,0.135,2842000000.0,2381000000.0,2212000000.0,2.14,2.14,2.14,2640000000.0,,2640000000.0,96829802707.0,23.0,16.26,1143000000.0,1.464,1.0,6740000000.0,0.321,0.0,169000000.0,45158000000.0,,13730000000.0,454000000.0,275000000.0,179000000.0,38055000000.0,15835000000.0,22220000000.0,77688802707.0,-1177000000.0,0.0,-1904000000.0,-13000000.0,-382000000.0,-2297000000.0,-327000000.0,-24000000.0,1446000000.0,1000000.0,1676000000.0,1676000000.0,1676000000.0,0.0,0.0,0.08,4359000000.0,2381000000.0,9499000000.0,0.257,29.428,30.743,30.721,22170000000.0,0.0,99.23,1.082,1.079,0.0,2439000000.0,20992000000.0,20992000000.0,0.0,,,,,9000000.0,4048000000.0,1.0,782916484.0,781000000.0,781000000.0,26.878,40695000000.0,512000000.0,536000000.0,0.0,52.106,961000000.0
9,LOW,MRQ,2019-03-31,2019-05-03,2019-05-03,2021-08-26,-256000000.0,43219000000.0,,19335000000.0,23884000000.0,,4.065,-181000000.0,2973000000.0,2973000000.0,12160000000.0,1046000000.0,1.087,12.356,22114000000.0,1508000000.0,20606000000.0,22114000000.0,2213000000.0,451000000.0,0.0,0.017,0.48,1417000000.0,1868000000.0,0.105,1868000000.0,1417000000.0,1255000000.0,1.31,1.31,1.31,3236000000.0,,3236000000.0,105141876482.0,26.0,18.642,1956000000.0,2.457,1.0,5581000000.0,0.315,0.0,162000000.0,44579000000.0,,15026000000.0,425000000.0,190000000.0,235000000.0,39983000000.0,17781000000.0,22202000000.0,89429876482.0,2462000000.0,0.0,-794000000.0,1634000000.0,-385000000.0,446000000.0,-131000000.0,51000000.0,2137000000.0,-2000000.0,1046000000.0,1046000000.0,1046000000.0,0.0,0.0,0.059,4164000000.0,1417000000.0,11485000000.0,0.366,27.636,37.718,38.088,22076000000.0,0.0,112.36,1.247,1.248,0.0,3095000000.0,17741000000.0,17741000000.0,0.0,,,,,42000000.0,3862000000.0,1.0,795922717.0,796000000.0,797000000.0,22.288,43219000000.0,495000000.0,209000000.0,0.0,54.295,1554000000.0
10,LOW,MRQ,2018-12-31,2019-02-01,2019-02-01,2021-08-26,-209000000.0,34508000000.0,,14228000000.0,20280000000.0,,4.538,-302000000.0,511000000.0,511000000.0,10748000000.0,-824000000.0,0.981,8.47,16223000000.0,1832000000.0,14391000000.0,16223000000.0,2126000000.0,401000000.0,0.0,0.019,0.48,-568000000.0,-167000000.0,-0.011,-167000000.0,-568000000.0,-725000000.0,-1.0,-0.99,-1.0,3644000000.0,,3644000000.0,91884154950.0,23.0,16.335,-907000000.0,-1.13,1.0,4899000000.0,0.313,303000000.0,157000000.0,35420000000.0,,12561000000.0,474000000.0,218000000.0,256000000.0,30864000000.0,14497000000.0,16367000000.0,77975154950.0,-1103000000.0,0.0,-498000000.0,684000000.0,-387000000.0,-203000000.0,-292000000.0,9000000.0,-605000000.0,-3000000.0,-824000000.0,-824000000.0,-824000000.0,0.0,0.0,-0.053,5467000000.0,-568000000.0,8279000000.0,-0.48,21.398,33.697,34.194,18432000000.0,0.0,97.11,1.093,1.093,0.0,3452000000.0,15647000000.0,15647000000.0,0.0,,,,,-5000000.0,5098000000.0,1.0,802957007.0,802957007.0,,19.487,34205000000.0,294000000.0,99000000.0,0.0,42.599,-269000000.0
11,LOW,MRQ,2018-09-30,2018-11-02,2018-11-02,2021-08-26,-165000000.0,36713000000.0,,15138000000.0,21575000000.0,,6.692,-283000000.0,1668000000.0,1668000000.0,12038000000.0,629000000.0,1.005,5.806,15577000000.0,1117000000.0,14460000000.0,15577000000.0,2183000000.0,455000000.0,0.0,0.018,0.48,957000000.0,1412000000.0,0.081,1412000000.0,957000000.0,804000000.0,0.78,0.78,0.78,5394000000.0,,5394000000.0,91837207672.0,16.0,12.613,728000000.0,0.903,1.0,5377000000.0,0.309,1272000000.0,153000000.0,34281000000.0,,12365000000.0,498000000.0,208000000.0,290000000.0,31319000000.0,15069000000.0,16250000000.0,78257207672.0,-583000000.0,0.0,-629000000.0,-264000000.0,-390000000.0,-1284000000.0,-308000000.0,-21000000.0,1011000000.0,-2000000.0,629000000.0,629000000.0,629000000.0,0.0,0.0,0.036,4420000000.0,957000000.0,9283000000.0,0.615,14.508,21.202,21.516,18923000000.0,0.0,96.82,1.1,1.097,0.0,5156000000.0,17415000000.0,17415000000.0,0.0,,,,,17000000.0,3997000000.0,1.0,808275229.0,806000000.0,807000000.0,21.607,35441000000.0,285000000.0,175000000.0,0.0,43.971,69000000.0
12,LOW,MRQ,2018-06-30,2018-08-03,2018-08-03,2021-08-26,-142000000.0,37105000000.0,,15483000000.0,21622000000.0,,7.111,-294000000.0,2251000000.0,2251000000.0,14003000000.0,1520000000.0,1.062,5.418,15831000000.0,894000000.0,14937000000.0,15831000000.0,2277000000.0,364000000.0,0.0,0.018,0.48,2163000000.0,2527000000.0,0.121,2527000000.0,2163000000.0,2010000000.0,1.86,1.86,1.86,5781000000.0,,5781000000.0,93960112872.0,15.0,12.052,2064000000.0,2.539,1.0,6885000000.0,0.33,1271000000.0,153000000.0,34833000000.0,,11885000000.0,478000000.0,391000000.0,87000000.0,31324000000.0,14581000000.0,16743000000.0,79681112872.0,686000000.0,0.0,-1076000000.0,-8000000.0,-338000000.0,-1422000000.0,-244000000.0,49000000.0,2358000000.0,-6000000.0,1520000000.0,1520000000.0,1520000000.0,0.0,0.0,0.073,4722000000.0,2163000000.0,8984000000.0,0.258,13.783,20.254,20.468,19172000000.0,0.0,97.63,1.13,1.126,0.0,5517000000.0,20888000000.0,20888000000.0,0.0,,,,,38000000.0,4386000000.0,1.0,816153978.0,813000000.0,814000000.0,25.692,35834000000.0,249000000.0,490000000.0,0.0,44.076,902000000.0
13,LOW,MRQ,2018-03-31,2018-05-04,2018-05-04,2021-08-26,-71000000.0,38237000000.0,,16033000000.0,22204000000.0,,6.964,-219000000.0,1565000000.0,1565000000.0,11612000000.0,988000000.0,1.016,5.656,15844000000.0,896000000.0,14948000000.0,15844000000.0,2247000000.0,387000000.0,0.0,0.019,0.41,1465000000.0,1852000000.0,0.107,1852000000.0,1465000000.0,1305000000.0,1.19,1.19,1.19,5745000000.0,,5745000000.0,85961293849.0,13.0,10.705,3210000000.0,3.891,1.0,5748000000.0,0.331,1288000000.0,160000000.0,35454000000.0,,13204000000.0,526000000.0,205000000.0,321000000.0,32492000000.0,15774000000.0,16718000000.0,69554293849.0,977000000.0,0.0,-720000000.0,-1153000000.0,-340000000.0,-2215000000.0,-236000000.0,-17000000.0,3429000000.0,-1000000.0,988000000.0,988000000.0,988000000.0,0.0,0.0,0.057,4283000000.0,1465000000.0,10104000000.0,0.345,12.107,18.146,18.351,19500000000.0,0.0,84.23,1.006,1.005,0.0,5405000000.0,17360000000.0,17360000000.0,0.0,,,,,24000000.0,3934000000.0,1.0,825766281.0,825000000.0,826000000.0,21.042,36949000000.0,199000000.0,317000000.0,0.0,44.787,259000000.0
14,LOW,MRQ,2017-12-31,2018-02-02,2018-02-02,2021-08-26,11000000.0,35291000000.0,,12772000000.0,22519000000.0,,7.078,-312000000.0,588000000.0,588000000.0,11243000000.0,554000000.0,1.056,5.009,16995000000.0,1431000000.0,15564000000.0,16995000000.0,2181000000.0,392000000.0,0.0,0.016,0.41,1098000000.0,1490000000.0,0.096,1490000000.0,1098000000.0,944000000.0,0.67,0.67,0.67,5873000000.0,,5873000000.0,99515700596.0,16.0,12.988,-619000000.0,-0.746,1.0,4251000000.0,0.274,1307000000.0,154000000.0,38295000000.0,,11393000000.0,510000000.0,102000000.0,408000000.0,29418000000.0,12096000000.0,17322000000.0,84220700596.0,-155000000.0,0.0,-86000000.0,952000000.0,-341000000.0,523000000.0,-369000000.0,-57000000.0,-307000000.0,-2000000.0,554000000.0,554000000.0,554000000.0,0.0,0.0,0.036,3153000000.0,1098000000.0,6590000000.0,0.612,14.34,24.433,24.817,19721000000.0,0.0,101.5,1.227,1.227,0.0,5425000000.0,15494000000.0,15494000000.0,0.0,,,,,21000000.0,2829000000.0,1.0,829760597.0,829760597.0,,18.673,33984000000.0,168000000.0,390000000.0,0.0,40.956,676000000.0
15,LOW,MRQ,2017-09-30,2017-11-03,2017-11-03,2021-08-26,38000000.0,36783000000.0,,14009000000.0,22774000000.0,,6.91,-300000000.0,743000000.0,743000000.0,11057000000.0,872000000.0,1.02,5.406,16038000000.0,468000000.0,15570000000.0,16038000000.0,2198000000.0,380000000.0,0.0,0.02,0.41,1547000000.0,1927000000.0,0.115,1927000000.0,1547000000.0,1387000000.0,1.05,1.05,1.05,5742000000.0,,5742000000.0,79280724988.0,13.0,10.111,-2000000.0,-0.002,1.0,5713000000.0,0.341,1327000000.0,160000000.0,37013000000.0,,12393000000.0,455000000.0,85000000.0,370000000.0,31041000000.0,13738000000.0,17303000000.0,64892724988.0,-953000000.0,-4000000.0,-544000000.0,-91000000.0,-344000000.0,-978000000.0,-276000000.0,25000000.0,298000000.0,3000000.0,872000000.0,872000000.0,872000000.0,0.0,0.0,0.052,4166000000.0,1547000000.0,8903000000.0,0.39,11.301,18.249,18.686,19818000000.0,0.0,77.92,0.942,0.94,0.0,5289000000.0,16770000000.0,16770000000.0,0.0,,,,,23000000.0,3808000000.0,1.0,832812179.0,831000000.0,832000000.0,20.181,35456000000.0,347000000.0,515000000.0,0.0,42.667,271000000.0
16,LOW,MRQ,2017-06-30,2017-08-04,2017-08-04,2021-08-26,-136000000.0,36668000000.0,,14033000000.0,22635000000.0,,6.583,-270000000.0,1696000000.0,1696000000.0,12825000000.0,1419000000.0,1.03,5.624,16084000000.0,296000000.0,15788000000.0,16084000000.0,2240000000.0,379000000.0,0.0,0.019,0.41,2382000000.0,2761000000.0,0.142,2761000000.0,2382000000.0,2223000000.0,1.68,1.68,1.68,5536000000.0,,5536000000.0,80264026416.0,14.0,11.048,1509000000.0,1.794,1.0,6670000000.0,0.342,1255000000.0,159000000.0,36176000000.0,,11407000000.0,479000000.0,119000000.0,360000000.0,31132000000.0,13625000000.0,17507000000.0,66162026416.0,-267000000.0,-505000000.0,-1224000000.0,-16000000.0,-299000000.0,-1547000000.0,-505000000.0,259000000.0,1779000000.0,6000000.0,1419000000.0,1419000000.0,1419000000.0,0.0,0.0,0.073,4288000000.0,2382000000.0,8649000000.0,0.244,11.951,21.6,22.076,19762000000.0,0.0,78.37,0.975,0.971,0.0,5253000000.0,19495000000.0,19495000000.0,0.0,,,,,29000000.0,3931000000.0,1.0,844226444.0,841000000.0,842000000.0,23.181,35413000000.0,328000000.0,804000000.0,0.0,42.108,408000000.0
17,LOW,MRQ,2017-03-31,2017-05-05,2017-05-05,2021-08-26,-241000000.0,37613000000.0,,15276000000.0,22337000000.0,,6.454,-196000000.0,1963000000.0,1963000000.0,11060000000.0,602000000.0,1.04,5.8,16065000000.0,295000000.0,15770000000.0,16065000000.0,2184000000.0,389000000.0,0.0,0.016,0.35,1095000000.0,1484000000.0,0.088,1484000000.0,1095000000.0,934000000.0,0.7,0.7,0.7,5531000000.0,,5531000000.0,88871630948.0,17.0,12.787,3099000000.0,3.616,1.0,5800000000.0,0.344,1081000000.0,161000000.0,35948000000.0,,12254000000.0,561000000.0,84000000.0,477000000.0,32082000000.0,14686000000.0,17396000000.0,73730630948.0,1405000000.0,0.0,-1199000000.0,-101000000.0,-304000000.0,-1605000000.0,-291000000.0,-94000000.0,3295000000.0,6000000.0,602000000.0,602000000.0,602000000.0,0.0,0.0,0.036,4241000000.0,1559000000.0,9905000000.0,0.5,13.33,26.229,26.959,19748000000.0,0.0,86.0,1.106,1.106,0.0,5346000000.0,16860000000.0,16860000000.0,0.0,,,,,26000000.0,3876000000.0,1.0,857332918.0,857000000.0,858000000.0,19.673,36532000000.0,272000000.0,332000000.0,0.0,42.628,590000000.0
18,LOW,MRQ,2016-12-31,2017-02-03,2017-02-03,2021-08-26,-240000000.0,34408000000.0,,12000000000.0,22408000000.0,,7.397,-338000000.0,558000000.0,558000000.0,11142000000.0,663000000.0,1.002,4.348,15699000000.0,1305000000.0,14394000000.0,15699000000.0,2016000000.0,400000000.0,0.0,0.018,0.35,1269000000.0,1669000000.0,0.106,1669000000.0,1269000000.0,1110000000.0,0.74,0.74,0.74,6434000000.0,,6434000000.0,77986097770.0,13.0,10.488,10000000.0,0.011,1.0,4642000000.0,0.294,1082000000.0,159000000.0,36493000000.0,,10458000000.0,466000000.0,100000000.0,366000000.0,27974000000.0,11974000000.0,16000000000.0,63751097770.0,-402000000.0,-72000000.0,-490000000.0,483000000.0,-306000000.0,-436000000.0,-309000000.0,93000000.0,348000000.0,-5000000.0,663000000.0,663000000.0,663000000.0,0.0,0.0,0.042,3373000000.0,1269000000.0,6651000000.0,0.473,9.908,20.611,21.06,19949000000.0,0.0,73.29,0.981,0.981,0.0,6241000000.0,15784000000.0,15784000000.0,0.0,,,,,19000000.0,3035000000.0,1.0,869847152.0,869847152.0,,18.146,33326000000.0,222000000.0,447000000.0,0.0,38.312,26000000.0
19,LOW,MRQ,2016-09-30,2016-10-28,2016-10-28,2021-08-26,-214000000.0,35370000000.0,,12728000000.0,22642000000.0,,7.559,-319000000.0,960000000.0,960000000.0,10332000000.0,379000000.0,1.008,4.343,15195000000.0,800000000.0,14395000000.0,15195000000.0,2003000000.0,412000000.0,0.0,0.019,0.35,939000000.0,1351000000.0,0.086,1351000000.0,939000000.0,776000000.0,0.43,0.43,0.43,6599000000.0,,6599000000.0,72451423202.0,14.0,10.979,322000000.0,0.369,1.0,5407000000.0,0.344,1034000000.0,163000000.0,35938000000.0,,10990000000.0,559000000.0,123000000.0,436000000.0,28662000000.0,12633000000.0,16029000000.0,58628423202.0,-1028000000.0,0.0,-594000000.0,-651000000.0,-309000000.0,-1546000000.0,-118000000.0,213000000.0,641000000.0,-5000000.0,379000000.0,379000000.0,379000000.0,0.0,0.0,0.024,4468000000.0,939000000.0,7836000000.0,0.814,8.884,24.018,24.286,20037000000.0,0.0,67.03,0.939,0.937,0.0,6376000000.0,15739000000.0,15739000000.0,0.0,,,,,22000000.0,4084000000.0,1.0,874659454.0,873000000.0,874000000.0,18.029,34336000000.0,331000000.0,397000000.0,0.0,39.331,95000000.0
20,LOW,MRQ,2016-06-30,2016-07-29,2016-07-29,2021-08-26,-366000000.0,36471000000.0,,13351000000.0,23120000000.0,,7.829,-276000000.0,1988000000.0,1988000000.0,11972000000.0,1167000000.0,1.013,4.26,15811000000.0,1193000000.0,14618000000.0,15811000000.0,2029000000.0,395000000.0,0.0,0.014,0.35,2051000000.0,2446000000.0,0.134,2446000000.0,2051000000.0,1885000000.0,1.32,1.31,1.32,6913000000.0,,6913000000.0,83752696032.0,16.0,12.004,1132000000.0,1.282,1.0,6288000000.0,0.344,1074000000.0,166000000.0,36037000000.0,,10604000000.0,772000000.0,168000000.0,604000000.0,29449000000.0,13183000000.0,16266000000.0,72908696032.0,-2573000000.0,-2284000000.0,-1139000000.0,-11000000.0,-251000000.0,-1394000000.0,-2585000000.0,-19000000.0,1408000000.0,-2000000.0,1167000000.0,1167000000.0,1167000000.0,0.0,0.0,0.064,4237000000.0,2051000000.0,7696000000.0,0.265,10.547,26.057,26.288,20274000000.0,0.0,82.28,1.193,1.189,0.0,6839000000.0,18260000000.0,18260000000.0,0.0,,,,,24000000.0,3866000000.0,1.0,886104716.0,883000000.0,885000000.0,20.68,35397000000.0,250000000.0,718000000.0,0.0,40.087,168000000.0
21,LOW,MRQ,2016-03-31,2016-04-29,2016-04-29,2021-08-26,-309000000.0,37177000000.0,,16473000000.0,20704000000.0,,8.04,-197000000.0,4561000000.0,4561000000.0,9897000000.0,884000000.0,1.167,4.155,15405000000.0,1083000000.0,14322000000.0,15405000000.0,1959000000.0,383000000.0,0.0,0.015,0.28,1586000000.0,1969000000.0,0.129,1969000000.0,1586000000.0,1430000000.0,0.98,0.98,0.98,7212000000.0,,7212000000.0,80467284577.0,15.0,11.657,3023000000.0,3.37,1.0,5337000000.0,0.35,154000000.0,156000000.0,33746000000.0,,11055000000.0,574000000.0,174000000.0,400000000.0,29965000000.0,14121000000.0,15844000000.0,68223284577.0,4156000000.0,0.0,-1233000000.0,2739000000.0,-255000000.0,1284000000.0,-349000000.0,-149000000.0,3220000000.0,1000000.0,884000000.0,884000000.0,884000000.0,0.0,0.0,0.058,3751000000.0,1586000000.0,8821000000.0,0.286,9.46,24.745,25.256,19463000000.0,0.0,76.02,1.134,1.133,0.0,7074000000.0,15234000000.0,15234000000.0,0.0,,,,,25000000.0,3391000000.0,1.0,897438629.0,897000000.0,899000000.0,16.983,37023000000.0,154000000.0,546000000.0,0.0,41.274,2352000000.0
22,LOW,MRQ,2015-12-31,2016-01-29,2016-01-29,2021-08-26,-394000000.0,31266000000.0,,10561000000.0,20705000000.0,,8.364,-347000000.0,405000000.0,405000000.0,8648000000.0,11000000.0,1.007,3.085,12649000000.0,1104000000.0,11545000000.0,12649000000.0,1807000000.0,395000000.0,0.0,0.015,0.28,438000000.0,833000000.0,0.063,833000000.0,438000000.0,295000000.0,0.03,0.03,0.03,7654000000.0,,7654000000.0,76948396138.0,15.0,11.734,-109000000.0,-0.119,1.0,4588000000.0,0.347,154000000.0,143000000.0,32864000000.0,,9458000000.0,529000000.0,307000000.0,222000000.0,23612000000.0,10492000000.0,13120000000.0,65576396138.0,-822000000.0,0.0,-487000000.0,32000000.0,-257000000.0,-703000000.0,-357000000.0,-7000000.0,238000000.0,0.0,11000000.0,11000000.0,11000000.0,0.0,0.0,0.001,4150000000.0,438000000.0,5633000000.0,9.333,8.568,25.757,26.249,19577000000.0,0.0,71.66,1.11,1.11,0.0,7593000000.0,13236000000.0,13236000000.0,0.0,,,,,33000000.0,3771000000.0,1.0,915104607.0,915104607.0,,14.464,31112000000.0,241000000.0,284000000.0,0.0,33.998,69000000.0
23,LOW,MRQ,2015-09-30,2015-10-30,2015-10-30,2021-08-26,-379000000.0,33644000000.0,,12140000000.0,21504000000.0,,9.126,-243000000.0,1227000000.0,1227000000.0,9370000000.0,736000000.0,0.998,3.016,12588000000.0,1058000000.0,11530000000.0,12588000000.0,1815000000.0,401000000.0,0.0,0.014,0.28,1328000000.0,1729000000.0,0.12,1729000000.0,1328000000.0,1187000000.0,0.8,0.8,0.8,8378000000.0,,8378000000.0,78767919166.0,15.0,11.366,139000000.0,0.151,1.0,4990000000.0,0.347,154000000.0,141000000.0,32689000000.0,,10434000000.0,540000000.0,158000000.0,382000000.0,25266000000.0,12162000000.0,13104000000.0,68309919166.0,326000000.0,0.0,-746000000.0,1208000000.0,-260000000.0,198000000.0,-250000000.0,-7000000.0,382000000.0,-4000000.0,736000000.0,736000000.0,736000000.0,0.0,0.0,0.051,3662000000.0,1328000000.0,7338000000.0,0.35,8.153,22.884,23.29,19655000000.0,0.0,73.83,1.17,1.161,0.0,8298000000.0,14360000000.0,14360000000.0,0.0,,,,,27000000.0,3287000000.0,1.0,925232550.0,918000000.0,921000000.0,15.643,33490000000.0,295000000.0,451000000.0,0.0,36.481,-22000000.0
24,LOW,MRQ,2015-06-30,2015-07-31,2015-07-31,2021-08-26,-310000000.0,32736000000.0,,11115000000.0,21621000000.0,,9.331,-321000000.0,901000000.0,901000000.0,11367000000.0,1126000000.0,0.915,2.768,11350000000.0,1014000000.0,10336000000.0,11350000000.0,1885000000.0,400000000.0,0.0,0.014,0.28,1972000000.0,2372000000.0,0.137,2372000000.0,1972000000.0,1839000000.0,1.2,1.2,1.2,8687000000.0,,8687000000.0,74617077100.0,15.0,11.154,1365000000.0,1.466,1.0,5981000000.0,0.345,154000000.0,133000000.0,30890000000.0,,9704000000.0,600000000.0,188000000.0,412000000.0,24049000000.0,12141000000.0,11908000000.0,64691077100.0,-533000000.0,0.0,-1479000000.0,-21000000.0,-218000000.0,-1718000000.0,-495000000.0,-149000000.0,1686000000.0,-6000000.0,1126000000.0,1126000000.0,1126000000.0,0.0,0.0,0.065,4009000000.0,1972000000.0,7123000000.0,0.233,7.447,22.827,23.432,19751000000.0,0.0,69.36,1.121,1.119,0.0,8533000000.0,17348000000.0,17348000000.0,0.0,,,,,28000000.0,3634000000.0,1.0,932685656.0,931000000.0,933000000.0,18.634,32582000000.0,254000000.0,713000000.0,0.0,34.997,-1026000000.0
25,LOW,MRQ,2015-03-31,2015-05-01,2015-05-01,2021-08-26,-81000000.0,34315000000.0,,12536000000.0,21779000000.0,,9.976,-229000000.0,1434000000.0,1434000000.0,9117000000.0,673000000.0,0.967,2.621,11350000000.0,1026000000.0,10324000000.0,11350000000.0,1880000000.0,391000000.0,0.0,0.013,0.23,1232000000.0,1623000000.0,0.115,1623000000.0,1232000000.0,1098000000.0,0.7,0.7,0.7,9477000000.0,,9477000000.0,78186518048.0,16.0,11.961,2249000000.0,2.367,1.0,5012000000.0,0.355,0.0,134000000.0,31261000000.0,,10614000000.0,479000000.0,95000000.0,384000000.0,24838000000.0,12970000000.0,11868000000.0,67285518048.0,968000000.0,0.0,-1088000000.0,-10000000.0,-222000000.0,-1270000000.0,-241000000.0,-12000000.0,2478000000.0,1000000.0,673000000.0,673000000.0,673000000.0,0.0,0.0,0.048,3780000000.0,1232000000.0,8023000000.0,0.329,7.1,24.494,25.25,19892000000.0,0.0,70.7,1.181,1.179,0.0,9085000000.0,14129000000.0,14129000000.0,0.0,,,,,29000000.0,3415000000.0,1.0,951704640.0,950000000.0,952000000.0,14.873,34315000000.0,160000000.0,425000000.0,0.0,36.121,-434000000.0
26,LOW,MRQ,2014-12-31,2015-01-30,2015-01-30,2021-08-26,-103000000.0,31721000000.0,,9851000000.0,21870000000.0,,10.246,-285000000.0,466000000.0,466000000.0,8194000000.0,450000000.0,1.054,2.182,11358000000.0,552000000.0,10806000000.0,11358000000.0,1709000000.0,387000000.0,0.0,0.013,0.23,819000000.0,1206000000.0,0.096,1206000000.0,819000000.0,687000000.0,0.47,0.47,0.47,9968000000.0,,9968000000.0,75719291344.0,16.0,11.872,-40000000.0,-0.041,1.0,4347000000.0,0.347,0.0,132000000.0,33265000000.0,,8911000000.0,479000000.0,125000000.0,354000000.0,21753000000.0,9348000000.0,12405000000.0,65924291344.0,-1096000000.0,0.0,-908000000.0,-12000000.0,-225000000.0,-1137000000.0,-201000000.0,82000000.0,245000000.0,-3000000.0,450000000.0,450000000.0,450000000.0,0.0,0.0,0.036,3528000000.0,819000000.0,5124000000.0,0.489,6.614,24.435,25.004,20034000000.0,0.0,67.76,1.173,1.173,0.0,9591000000.0,12541000000.0,12541000000.0,0.0,,,,,35000000.0,3157000000.0,1.0,972908668.0,972908668.0,,12.89,31721000000.0,133000000.0,237000000.0,0.0,32.604,503000000.0
27,LOW,MRQ,2014-09-30,2014-10-31,2014-10-31,2021-08-26,-28000000.0,34032000000.0,,12130000000.0,21902000000.0,,10.971,-183000000.0,1562000000.0,1562000000.0,8963000000.0,585000000.0,1.123,2.172,11357000000.0,551000000.0,10806000000.0,11357000000.0,1765000000.0,401000000.0,0.0,0.014,0.23,1088000000.0,1489000000.0,0.109,1489000000.0,1088000000.0,954000000.0,0.59,0.59,0.59,10730000000.0,,10730000000.0,65540711734.0,14.0,10.581,578000000.0,0.591,1.0,4718000000.0,0.345,0.0,134000000.0,33023000000.0,,9762000000.0,606000000.0,211000000.0,395000000.0,23302000000.0,10804000000.0,12498000000.0,56462711734.0,523000000.0,0.0,-877000000.0,1228000000.0,-228000000.0,127000000.0,-362000000.0,-180000000.0,761000000.0,-3000000.0,585000000.0,585000000.0,585000000.0,0.0,0.0,0.043,3630000000.0,1088000000.0,6459000000.0,0.39,5.262,22.108,22.52,20180000000.0,0.0,57.2,1.02,1.011,0.0,10271000000.0,13681000000.0,13681000000.0,0.0,,,,,31000000.0,3255000000.0,1.0,987110345.0,978000000.0,980000000.0,13.989,34032000000.0,261000000.0,369000000.0,92000000.0,34.798,1326000000.0
28,LOW,MRQ,2014-06-30,2014-08-01,2014-08-01,2021-08-26,-5000000.0,33137000000.0,,11075000000.0,22062000000.0,,11.296,-182000000.0,1039000000.0,1039000000.0,10864000000.0,1039000000.0,1.106,1.948,10117000000.0,54000000.0,10063000000.0,10117000000.0,1782000000.0,400000000.0,0.0,0.016,0.23,1819000000.0,2219000000.0,0.134,2219000000.0,1819000000.0,1693000000.0,1.04,1.04,1.04,11240000000.0,,11240000000.0,56931276340.0,13.0,9.443,1747000000.0,1.756,1.0,5735000000.0,0.346,0.0,126000000.0,32202000000.0,,9315000000.0,472000000.0,90000000.0,382000000.0,21897000000.0,10013000000.0,11884000000.0,47462276340.0,381000000.0,0.0,-1097000000.0,-13000000.0,-183000000.0,-1304000000.0,-245000000.0,-61000000.0,1929000000.0,1000000.0,1039000000.0,1039000000.0,1039000000.0,0.0,0.0,0.063,3916000000.0,1819000000.0,6191000000.0,0.221,4.223,19.231,19.665,20368000000.0,0.0,47.59,0.869,0.867,0.0,10749000000.0,16599000000.0,16599000000.0,0.0,,,,,25000000.0,3541000000.0,1.0,997316166.0,995000000.0,996000000.0,16.682,33137000000.0,276000000.0,654000000.0,187000000.0,33.304,1062000000.0
29,LOW,MRQ,2014-03-31,2014-05-02,2014-05-02,2021-08-26,-9000000.0,34229000000.0,,11952000000.0,22277000000.0,,11.312,-178000000.0,658000000.0,658000000.0,8645000000.0,624000000.0,1.105,1.981,10127000000.0,47000000.0,10080000000.0,10127000000.0,1785000000.0,398000000.0,0.0,0.015,0.18,1066000000.0,1464000000.0,0.109,1464000000.0,1066000000.0,942000000.0,0.61,0.61,0.61,11482000000.0,,11482000000.0,57992115695.0,14.0,9.969,1816000000.0,1.789,1.0,4758000000.0,0.355,0.0,124000000.0,32884000000.0,,10515000000.0,470000000.0,110000000.0,360000000.0,22747000000.0,10814000000.0,11933000000.0,47862115695.0,267000000.0,0.0,-886000000.0,-398000000.0,-186000000.0,-1447000000.0,-280000000.0,-97000000.0,1994000000.0,0.0,624000000.0,624000000.0,624000000.0,0.0,0.0,0.047,3692000000.0,1066000000.0,7051000000.0,0.295,4.168,20.195,20.788,20617000000.0,0.0,46.98,0.891,0.887,0.0,10985000000.0,13403000000.0,13403000000.0,0.0,,,,,28000000.0,3319000000.0,1.0,1018776409.0,1015000000.0,1017000000.0,13.205,34229000000.0,283000000.0,318000000.0,261000000.0,33.723,1138000000.0
30,LOW,MRQ,2013-12-31,2014-01-31,2014-01-31,2021-08-26,-17000000.0,32732000000.0,,10296000000.0,22436000000.0,,11.334,-317000000.0,391000000.0,391000000.0,7618000000.0,306000000.0,1.16,1.761,10521000000.0,435000000.0,10086000000.0,10521000000.0,1622000000.0,395000000.0,0.0,0.015,0.18,627000000.0,1022000000.0,0.088,1022000000.0,627000000.0,499000000.0,0.3,0.3,0.3,11853000000.0,,11853000000.0,57451412791.0,14.0,10.06,-65000000.0,-0.062,1.0,4042000000.0,0.347,0.0,128000000.0,33986000000.0,,9127000000.0,464000000.0,185000000.0,279000000.0,20879000000.0,8876000000.0,12003000000.0,48411412791.0,-710000000.0,0.0,-865000000.0,373000000.0,-190000000.0,-696000000.0,-263000000.0,53000000.0,252000000.0,-3000000.0,306000000.0,306000000.0,306000000.0,0.0,0.0,0.026,3415000000.0,627000000.0,5008000000.0,0.6,4.084,21.177,21.631,20834000000.0,0.0,46.29,0.906,0.906,0.0,11355000000.0,11660000000.0,11660000000.0,0.0,,,,,30000000.0,3045000000.0,1.0,1045828749.0,1045828749.0,,11.149,32732000000.0,252000000.0,193000000.0,291000000.0,31.298,1420000000.0
31,LOW,MRQ,2013-09-30,2013-11-01,2013-11-01,2021-08-26,23000000.0,34077000000.0,,11365000000.0,22712000000.0,,12.083,-219000000.0,1101000000.0,1101000000.0,8476000000.0,499000000.0,1.209,1.694,10141000000.0,51000000.0,10090000000.0,10141000000.0,1674000000.0,400000000.0,0.0,0.014,0.18,924000000.0,1324000000.0,0.102,1324000000.0,924000000.0,799000000.0,0.47,0.47,0.47,12651000000.0,,12651000000.0,59703956069.0,15.0,10.491,284000000.0,0.271,1.0,4481000000.0,0.346,0.0,125000000.0,33714000000.0,,9593000000.0,554000000.0,115000000.0,439000000.0,21426000000.0,9403000000.0,12023000000.0,51726956069.0,16000000.0,-203000000.0,-753000000.0,973000000.0,-191000000.0,20000000.0,-505000000.0,-84000000.0,503000000.0,-2000000.0,499000000.0,499000000.0,499000000.0,0.0,0.0,0.039,3557000000.0,924000000.0,5776000000.0,0.383,4.089,22.797,23.419,20973000000.0,0.0,49.18,0.98,0.975,0.0,12103000000.0,12957000000.0,12957000000.0,0.0,,,,,26000000.0,3184000000.0,1.0,1051788452.0,1047000000.0,1049000000.0,12.375,34077000000.0,220000000.0,300000000.0,322000000.0,32.547,1962000000.0
32,LOW,MRQ,2013-06-30,2013-08-02,2013-08-02,2021-08-26,26000000.0,33408000000.0,,10913000000.0,22495000000.0,,12.242,-139000000.0,1085000000.0,1085000000.0,10314000000.0,941000000.0,1.168,1.558,9062000000.0,47000000.0,9015000000.0,9062000000.0,1718000000.0,391000000.0,0.0,0.015,0.18,1616000000.0,2007000000.0,0.128,2007000000.0,1616000000.0,1506000000.0,0.88,0.88,0.88,13062000000.0,,13062000000.0,56240024274.0,14.0,10.203,1225000000.0,1.148,1.0,5397000000.0,0.344,0.0,110000000.0,32045000000.0,,9106000000.0,495000000.0,189000000.0,306000000.0,20346000000.0,9340000000.0,11006000000.0,48248024274.0,4000000.0,0.0,-921000000.0,-11000000.0,-174000000.0,-1103000000.0,-255000000.0,-124000000.0,1364000000.0,-2000000.0,941000000.0,941000000.0,941000000.0,0.0,0.0,0.06,3781000000.0,1616000000.0,5664000000.0,0.205,3.694,22.275,22.722,20969000000.0,0.0,44.99,0.929,0.925,0.0,12504000000.0,15711000000.0,15711000000.0,0.0,,,,,26000000.0,3414000000.0,1.0,1072416632.0,1067000000.0,1068000000.0,14.724,33408000000.0,224000000.0,565000000.0,390000000.0,31.31,1573000000.0
33,LOW,MRQ,2013-03-31,2013-05-03,2013-05-03,2021-08-26,52000000.0,34731000000.0,,12014000000.0,22717000000.0,,12.18,-190000000.0,1081000000.0,1081000000.0,8533000000.0,540000000.0,1.151,1.621,9073000000.0,47000000.0,9026000000.0,9073000000.0,1725000000.0,376000000.0,0.0,0.016,0.16,981000000.0,1357000000.0,0.104,1357000000.0,981000000.0,868000000.0,0.49,0.49,0.49,13252000000.0,,13252000000.0,51630182479.0,14.0,9.946,1802000000.0,1.656,1.0,4555000000.0,0.348,0.0,113000000.0,32284000000.0,,10274000000.0,390000000.0,118000000.0,272000000.0,21479000000.0,10439000000.0,11040000000.0,43094182479.0,540000000.0,0.0,-1006000000.0,-11000000.0,-178000000.0,-1190000000.0,-263000000.0,-68000000.0,1992000000.0,1000000.0,540000000.0,540000000.0,540000000.0,0.0,0.0,0.041,3574000000.0,981000000.0,7041000000.0,0.327,3.252,21.853,22.753,21257000000.0,0.0,39.59,0.854,0.854,0.0,12618000000.0,13088000000.0,13088000000.0,0.0,,,,,18000000.0,3222000000.0,1.0,1088511808.0,1088000000.0,1090000000.0,12.029,34731000000.0,228000000.0,328000000.0,440000000.0,31.922,1575000000.0
34,LOW,MRQ,2012-12-31,2013-02-01,2013-02-01,2021-08-26,52000000.0,32666000000.0,,9784000000.0,22882000000.0,,12.321,-239000000.0,541000000.0,541000000.0,7261000000.0,289000000.0,1.269,1.357,9077000000.0,47000000.0,9030000000.0,9077000000.0,1539000000.0,438000000.0,0.0,0.016,0.16,565000000.0,1003000000.0,0.091,1003000000.0,565000000.0,455000000.0,0.26,0.27,0.26,13857000000.0,,13857000000.0,51325550094.0,14.0,9.903,15000000.0,0.013,1.0,3785000000.0,0.343,0.0,110000000.0,33494000000.0,,8600000000.0,396000000.0,125000000.0,271000000.0,18809000000.0,7708000000.0,11101000000.0,43367550094.0,-550000000.0,0.0,-503000000.0,-11000000.0,-180000000.0,-683000000.0,-120000000.0,101000000.0,254000000.0,-1000000.0,289000000.0,289000000.0,289000000.0,0.0,0.0,0.026,3220000000.0,565000000.0,4657000000.0,0.615,3.13,22.138,22.817,21477000000.0,0.0,38.56,0.858,0.858,0.0,13224000000.0,11046000000.0,11046000000.0,0.0,,,,,25000000.0,2808000000.0,1.0,1124677129.0,1124677129.0,,9.821,32666000000.0,217000000.0,166000000.0,455000000.0,29.045,2076000000.0
35,LOW,MRQ,2012-09-30,2012-11-02,2012-11-02,2021-08-26,53000000.0,33953000000.0,,10830000000.0,23123000000.0,,12.633,-269000000.0,1091000000.0,1091000000.0,7930000000.0,396000000.0,1.257,1.387,9049000000.0,45000000.0,9004000000.0,9049000000.0,1508000000.0,396000000.0,0.0,0.018,0.16,749000000.0,1145000000.0,0.095,1145000000.0,749000000.0,635000000.0,0.35,0.35,0.35,14225000000.0,,14225000000.0,45701732568.0,13.0,8.831,443000000.0,0.393,1.0,4143000000.0,0.343,0.0,114000000.0,33297000000.0,,8995000000.0,559000000.0,209000000.0,350000000.0,19728000000.0,8614000000.0,11114000000.0,37809732568.0,-619000000.0,0.0,-838000000.0,-560000000.0,-184000000.0,-1584000000.0,249000000.0,511000000.0,712000000.0,4000000.0,396000000.0,396000000.0,396000000.0,0.0,0.0,0.033,3394000000.0,749000000.0,5416000000.0,0.457,2.658,18.981,19.732,21591000000.0,0.0,33.15,0.74,0.73,0.0,13602000000.0,12073000000.0,12073000000.0,0.0,,,,,21000000.0,3023000000.0,1.0,1140565085.0,1126000000.0,1128000000.0,10.722,33953000000.0,235000000.0,239000000.0,486000000.0,30.154,2216000000.0
36,LOW,MRQ,2012-06-30,2012-08-03,2012-08-03,2021-08-26,47000000.0,35032000000.0,,11599000000.0,23433000000.0,,12.812,-265000000.0,1710000000.0,1710000000.0,9415000000.0,747000000.0,1.286,1.363,9602000000.0,594000000.0,9008000000.0,9602000000.0,1573000000.0,393000000.0,0.0,0.023,0.16,1293000000.0,1686000000.0,0.118,1686000000.0,1293000000.0,1197000000.0,0.64,0.64,0.64,14824000000.0,,14824000000.0,36533623133.0,11.0,7.52,64000000.0,0.055,1.0,4834000000.0,0.339,0.0,96000000.0,33902000000.0,,8699000000.0,1071000000.0,586000000.0,485000000.0,20208000000.0,9022000000.0,11186000000.0,29994623133.0,-1362000000.0,0.0,-967000000.0,-10000000.0,-166000000.0,-1126000000.0,-562000000.0,-287000000.0,329000000.0,-3000000.0,747000000.0,747000000.0,747000000.0,0.0,0.0,0.052,3541000000.0,1293000000.0,5084000000.0,0.25,2.023,16.472,16.881,21734000000.0,0.0,25.49,0.589,0.58,0.0,14199000000.0,14249000000.0,14249000000.0,0.0,,,,,29000000.0,3172000000.0,1.0,1176721190.0,1157000000.0,1159000000.0,12.315,35032000000.0,279000000.0,450000000.0,580000000.0,30.278,2577000000.0
37,LOW,MRQ,2012-03-31,2012-05-04,2012-05-04,2021-08-26,52000000.0,37208000000.0,,13628000000.0,23580000000.0,,12.606,-308000000.0,3072000000.0,3072000000.0,8589000000.0,527000000.0,1.239,1.447,9611000000.0,593000000.0,9018000000.0,9611000000.0,1597000000.0,396000000.0,0.0,0.018,0.14,953000000.0,1349000000.0,0.103,1349000000.0,953000000.0,850000000.0,0.43,0.43,0.43,15203000000.0,,15203000000.0,43887139321.0,13.0,8.813,2159000000.0,1.79,1.0,4564000000.0,0.347,0.0,103000000.0,32751000000.0,,9786000000.0,871000000.0,161000000.0,710000000.0,22005000000.0,10996000000.0,11009000000.0,37274139321.0,2058000000.0,0.0,-1736000000.0,1974000000.0,-174000000.0,60000000.0,-470000000.0,-151000000.0,2467000000.0,1000000.0,527000000.0,527000000.0,527000000.0,0.0,0.0,0.04,3611000000.0,953000000.0,6977000000.0,0.326,2.452,19.577,20.454,21821000000.0,0.0,31.09,0.728,0.733,0.0,14557000000.0,13153000000.0,13153000000.0,0.0,,,,,25000000.0,3241000000.0,1.0,1198910882.0,1206000000.0,1208000000.0,10.906,37208000000.0,279000000.0,323000000.0,412000000.0,30.852,2632000000.0
38,LOW,MRQ,2011-12-31,2012-02-03,2012-02-03,2021-08-26,46000000.0,33559000000.0,,10072000000.0,23487000000.0,,13.199,-539000000.0,1014000000.0,1014000000.0,7650000000.0,322000000.0,1.276,1.03,7627000000.0,592000000.0,7035000000.0,7627000000.0,1505000000.0,408000000.0,0.0,0.019,0.14,587000000.0,995000000.0,0.086,995000000.0,587000000.0,485000000.0,0.26,0.26,0.26,16533000000.0,,16533000000.0,40009656262.0,12.0,8.239,-82000000.0,-0.065,1.0,3979000000.0,0.342,0.0,102000000.0,32281000000.0,,8355000000.0,790000000.0,286000000.0,504000000.0,17026000000.0,7891000000.0,9135000000.0,34069656262.0,339000000.0,-100000000.0,-458000000.0,984000000.0,-177000000.0,337000000.0,-454000000.0,-17000000.0,457000000.0,-1000000.0,322000000.0,322000000.0,322000000.0,0.0,0.0,0.028,3392000000.0,587000000.0,4352000000.0,0.538,2.061,18.526,19.021,21970000000.0,0.0,27.2,0.679,0.679,0.0,15852000000.0,11629000000.0,11629000000.0,0.0,,,,,26000000.0,3010000000.0,1.0,1252560892.0,1252560892.0,,9.284,33559000000.0,183000000.0,163000000.0,531000000.0,26.792,2181000000.0
39,LOW,MRQ,2011-09-30,2011-10-28,2011-10-28,2021-08-26,46000000.0,33866000000.0,,10423000000.0,23443000000.0,,13.447,-478000000.0,675000000.0,675000000.0,7815000000.0,225000000.0,1.138,1.015,6615000000.0,590000000.0,6025000000.0,6615000000.0,1476000000.0,385000000.0,0.0,0.023,0.14,443000000.0,828000000.0,0.07,828000000.0,443000000.0,352000000.0,0.18,0.18,0.18,16809000000.0,,16809000000.0,32989465324.0,10.0,6.851,121000000.0,0.097,1.0,4037000000.0,0.341,0.0,91000000.0,30650000000.0,,8990000000.0,999000000.0,294000000.0,705000000.0,17057000000.0,9156000000.0,7901000000.0,26937465324.0,107000000.0,0.0,-1000000.0,-10000000.0,-176000000.0,-199000000.0,-289000000.0,188000000.0,599000000.0,-4000000.0,225000000.0,225000000.0,225000000.0,0.0,0.0,0.019,3594000000.0,443000000.0,5242000000.0,0.778,1.603,14.957,15.374,21888000000.0,0.0,21.37,0.549,0.544,0.0,16109000000.0,11852000000.0,11852000000.0,0.0,,,,,22000000.0,3233000000.0,1.0,1260527156.0,1250000000.0,1252000000.0,9.482,33866000000.0,237000000.0,127000000.0,322000000.0,27.093,1267000000.0
40,LOW,MRQ,2011-06-30,2011-07-29,2011-07-29,2021-08-26,82000000.0,34045000000.0,,10168000000.0,23877000000.0,,13.16,-452000000.0,568000000.0,568000000.0,9527000000.0,830000000.0,1.172,1.029,6620000000.0,39000000.0,6581000000.0,6620000000.0,1504000000.0,389000000.0,0.0,0.022,0.14,1419000000.0,1808000000.0,0.124,1808000000.0,1419000000.0,1329000000.0,0.65,0.64,0.65,16779000000.0,,16779000000.0,33178667061.0,9.0,6.452,418000000.0,0.328,1.0,5016000000.0,0.345,0.0,90000000.0,31420000000.0,,8825000000.0,1197000000.0,340000000.0,857000000.0,17266000000.0,8677000000.0,8589000000.0,28098667061.0,-928000000.0,0.0,-1362000000.0,-9000000.0,-145000000.0,-1516000000.0,-283000000.0,389000000.0,870000000.0,1000000.0,830000000.0,830000000.0,830000000.0,0.0,0.0,0.057,3597000000.0,1419000000.0,5378000000.0,0.215,1.675,14.191,14.387,22195000000.0,0.0,21.58,0.576,0.564,0.0,16060000000.0,14543000000.0,14543000000.0,0.0,,,,,29000000.0,3232000000.0,1.0,1302069836.0,1275000000.0,1278000000.0,11.406,34045000000.0,222000000.0,499000000.0,479000000.0,26.702,1491000000.0
41,LOW,MRQ,2011-03-31,2011-04-29,2011-04-29,2021-08-26,85000000.0,35884000000.0,,11973000000.0,23911000000.0,,13.187,-308000000.0,1496000000.0,1496000000.0,7866000000.0,461000000.0,1.207,1.055,6576000000.0,38000000.0,6538000000.0,6576000000.0,1620000000.0,397000000.0,0.0,0.017,0.11,828000000.0,1225000000.0,0.101,1225000000.0,828000000.0,740000000.0,0.35,0.34,0.35,17459000000.0,,17459000000.0,40526911078.0,12.0,7.828,2115000000.0,1.597,1.0,4319000000.0,0.354,0.0,88000000.0,31043000000.0,,9661000000.0,1554000000.0,345000000.0,1209000000.0,18425000000.0,9921000000.0,8504000000.0,34605911078.0,844000000.0,0.0,-1016000000.0,-9000000.0,-149000000.0,-1171000000.0,-411000000.0,-105000000.0,2423000000.0,3000000.0,461000000.0,461000000.0,461000000.0,0.0,0.0,0.038,3491000000.0,828000000.0,6694000000.0,0.314,1.982,17.46,18.357,22060000000.0,0.0,26.25,0.712,0.715,0.0,16715000000.0,12185000000.0,12185000000.0,0.0,,,,,30000000.0,3120000000.0,1.0,1318320422.0,1324000000.0,1328000000.0,9.203,35884000000.0,232000000.0,279000000.0,498000000.0,27.103,2052000000.0
42,LOW,MRQ,2010-12-31,2011-01-28,2011-01-28,2021-08-26,53000000.0,33699000000.0,,9967000000.0,23732000000.0,,13.125,-316000000.0,652000000.0,652000000.0,6754000000.0,285000000.0,1.4,0.861,6573000000.0,36000000.0,6537000000.0,6573000000.0,1338000000.0,412000000.0,0.0,0.017,0.11,542000000.0,954000000.0,0.091,954000000.0,542000000.0,456000000.0,0.21,0.21,0.21,18112000000.0,,18112000000.0,39342098702.0,11.0,7.502,-297000000.0,-0.215,1.0,3726000000.0,0.356,0.0,86000000.0,32501000000.0,,8321000000.0,1479000000.0,471000000.0,1008000000.0,15587000000.0,7119000000.0,8468000000.0,34845098702.0,-426000000.0,0.0,-961000000.0,984000000.0,-153000000.0,-130000000.0,-316000000.0,-39000000.0,19000000.0,1000000.0,285000000.0,285000000.0,285000000.0,0.0,0.0,0.027,3184000000.0,542000000.0,4351000000.0,0.524,1.924,17.336,17.782,22089000000.0,0.0,25.25,0.714,0.714,0.0,17371000000.0,10480000000.0,10480000000.0,0.0,,,,,31000000.0,2792000000.0,1.0,1380003909.0,1380003909.0,,7.594,33699000000.0,193000000.0,171000000.0,467000000.0,24.419,2848000000.0
43,LOW,MRQ,2010-09-30,2010-10-29,2010-10-29,2021-08-26,45000000.0,34341000000.0,,10701000000.0,23640000000.0,,13.591,-385000000.0,1078000000.0,1078000000.0,7526000000.0,404000000.0,1.336,0.818,5575000000.0,36000000.0,5539000000.0,5575000000.0,1423000000.0,424000000.0,0.0,0.019,0.11,731000000.0,1155000000.0,0.1,1155000000.0,731000000.0,651000000.0,0.29,0.29,0.29,18892000000.0,,18892000000.0,34324906703.0,10.0,6.734,666000000.0,0.479,1.0,4061000000.0,0.35,0.0,80000000.0,30830000000.0,,8543000000.0,1524000000.0,659000000.0,865000000.0,15449000000.0,8008000000.0,7441000000.0,29945906703.0,-113000000.0,0.0,-600000000.0,-8000000.0,-157000000.0,-765000000.0,-400000000.0,22000000.0,1051000000.0,1000000.0,404000000.0,404000000.0,404000000.0,0.0,0.0,0.035,3330000000.0,731000000.0,4959000000.0,0.379,1.585,15.516,15.807,22180000000.0,0.0,21.34,0.617,0.612,0.0,18144000000.0,11587000000.0,11587000000.0,0.0,,,,,29000000.0,2931000000.0,1.0,1403275853.0,1390000000.0,1392000000.0,8.336,34341000000.0,202000000.0,247000000.0,456000000.0,24.706,2693000000.0
44,LOW,MRQ,2010-06-30,2010-07-30,2010-07-30,2021-08-26,39000000.0,34633000000.0,,11121000000.0,23512000000.0,,13.559,-325000000.0,1191000000.0,1191000000.0,9355000000.0,832000000.0,1.391,0.803,5570000000.0,37000000.0,5533000000.0,5570000000.0,1375000000.0,424000000.0,0.0,0.018,0.11,1419000000.0,1843000000.0,0.128,1843000000.0,1419000000.0,1335000000.0,0.58,0.58,0.58,19213000000.0,,19213000000.0,33031596863.0,10.0,6.633,-279000000.0,-0.197,1.0,5006000000.0,0.349,0.0,84000000.0,31019000000.0,,8653000000.0,1546000000.0,816000000.0,730000000.0,15420000000.0,7993000000.0,7427000000.0,29641596863.0,-1486000000.0,0.0,-508000000.0,-510000000.0,-130000000.0,-1147000000.0,-384000000.0,-44000000.0,46000000.0,-1000000.0,832000000.0,832000000.0,832000000.0,0.0,0.0,0.058,3587000000.0,1419000000.0,4888000000.0,0.19,1.543,15.851,16.078,22274000000.0,0.0,20.74,0.614,0.609,0.0,18454000000.0,14361000000.0,14361000000.0,0.0,,,,,29000000.0,3189000000.0,1.0,1429199463.0,1417000000.0,1419000000.0,10.135,34633000000.0,205000000.0,503000000.0,459000000.0,24.441,3128000000.0
45,LOW,MRQ,2010-03-31,2010-04-30,2010-04-30,2021-08-26,45000000.0,37414000000.0,,13695000000.0,23719000000.0,,13.226,-278000000.0,2677000000.0,2677000000.0,8030000000.0,489000000.0,1.259,0.967,6067000000.0,536000000.0,5531000000.0,6067000000.0,1477000000.0,424000000.0,0.0,0.013,0.09,868000000.0,1292000000.0,0.104,1292000000.0,868000000.0,786000000.0,0.34,0.34,0.34,19019000000.0,,19019000000.0,43592716948.0,14.0,8.96,2458000000.0,1.709,1.0,4358000000.0,0.352,0.0,82000000.0,29923000000.0,,9899000000.0,1507000000.0,675000000.0,832000000.0,18395000000.0,10881000000.0,7514000000.0,39144716948.0,2045000000.0,0.0,-445000000.0,967000000.0,-131000000.0,391000000.0,-1084000000.0,-805000000.0,2736000000.0,2000000.0,489000000.0,489000000.0,489000000.0,0.0,0.0,0.039,3490000000.0,868000000.0,7062000000.0,0.265,2.058,21.783,22.23,22379000000.0,0.0,27.12,0.819,0.816,0.0,18246000000.0,12388000000.0,12388000000.0,0.0,,,,,26000000.0,3093000000.0,1.0,1443389268.0,1438000000.0,1441000000.0,8.615,37414000000.0,202000000.0,297000000.0,521000000.0,26.018,2814000000.0
46,LOW,MRQ,2009-12-31,2010-01-29,2010-01-29,2021-08-26,27000000.0,33005000000.0,,9732000000.0,23273000000.0,,12.954,-384000000.0,632000000.0,632000000.0,6614000000.0,205000000.0,1.323,0.731,5080000000.0,552000000.0,4528000000.0,5080000000.0,1232000000.0,430000000.0,0.0,0.016,0.09,377000000.0,807000000.0,0.079,807000000.0,377000000.0,321000000.0,0.14,0.14,0.14,19069000000.0,,19069000000.0,35805496524.0,12.0,7.39,-697000000.0,-0.473,1.0,3554000000.0,0.35,0.0,56000000.0,30098000000.0,,8249000000.0,702000000.0,425000000.0,277000000.0,13936000000.0,7355000000.0,6581000000.0,31869496524.0,-509000000.0,0.0,-431000000.0,-8000000.0,0.0,-439000000.0,240000000.0,607000000.0,-313000000.0,3000000.0,205000000.0,205000000.0,205000000.0,0.0,0.0,0.02,3177000000.0,377000000.0,4287000000.0,0.643,1.671,17.874,17.893,22499000000.0,0.0,21.65,0.675,0.675,0.0,18307000000.0,10168000000.0,10168000000.0,0.0,,,,,24000000.0,2775000000.0,1.0,1472032172.0,1472032172.0,,6.907,33005000000.0,208000000.0,116000000.0,598000000.0,22.421,2377000000.0
47,LOW,MRQ,2009-09-30,2009-10-30,2009-10-30,2021-08-26,46000000.0,34348000000.0,,10431000000.0,23917000000.0,,13.246,-388000000.0,1141000000.0,1141000000.0,7485000000.0,344000000.0,1.229,0.769,5077000000.0,553000000.0,4524000000.0,5077000000.0,719000000.0,433000000.0,0.0,0.018,0.09,605000000.0,1038000000.0,0.091,1038000000.0,605000000.0,528000000.0,0.23,0.23,0.23,19419000000.0,,19419000000.0,32904826147.0,11.0,6.852,263000000.0,0.179,1.0,3890000000.0,0.342,0.0,77000000.0,29795000000.0,,8424000000.0,1373000000.0,509000000.0,864000000.0,14929000000.0,8489000000.0,6440000000.0,28915826147.0,54000000.0,0.0,11000000.0,-23000000.0,-132000000.0,-144000000.0,-458000000.0,-51000000.0,651000000.0,5000000.0,344000000.0,344000000.0,344000000.0,0.0,0.0,0.03,3285000000.0,605000000.0,5046000000.0,0.391,1.489,16.609,16.726,22557000000.0,0.0,19.57,0.615,0.61,0.0,18236000000.0,11375000000.0,11375000000.0,0.0,,,,,28000000.0,2882000000.0,1.0,1477558822.0,1466000000.0,1469000000.0,7.759,34348000000.0,144000000.0,184000000.0,495000000.0,23.43,1942000000.0
48,LOW,MRQ,2009-06-30,2009-07-31,2009-07-31,2021-08-26,46000000.0,34122000000.0,,10033000000.0,24089000000.0,,13.098,-448000000.0,1087000000.0,1087000000.0,9021000000.0,759000000.0,1.186,0.779,5076000000.0,561000000.0,4515000000.0,5076000000.0,716000000.0,436000000.0,0.0,0.015,0.09,1292000000.0,1728000000.0,0.125,1728000000.0,1292000000.0,1216000000.0,0.51,0.51,0.51,19176000000.0,,19176000000.0,37555729826.0,11.0,7.477,923000000.0,0.63,1.0,4823000000.0,0.348,0.0,76000000.0,29652000000.0,,8189000000.0,1324000000.0,424000000.0,900000000.0,14946000000.0,8459000000.0,6487000000.0,33162729826.0,405000000.0,0.0,43000000.0,-9000000.0,-133000000.0,-99000000.0,-880000000.0,-417000000.0,1371000000.0,13000000.0,759000000.0,759000000.0,759000000.0,0.0,0.0,0.055,3531000000.0,1292000000.0,4970000000.0,0.176,1.729,17.593,17.685,22727000000.0,0.0,22.46,0.7,0.694,0.0,18025000000.0,13844000000.0,13844000000.0,0.0,,,,,26000000.0,3123000000.0,1.0,1476524035.0,1464000000.0,1466000000.0,9.456,34122000000.0,117000000.0,457000000.0,504000000.0,23.307,1574000000.0
49,LOW,MRQ,2009-03-31,2009-05-01,2009-05-01,2021-08-26,5000000.0,34148000000.0,,10541000000.0,23607000000.0,,12.611,-561000000.0,682000000.0,682000000.0,7636000000.0,476000000.0,1.207,0.852,5075000000.0,52000000.0,5023000000.0,5075000000.0,741000000.0,434000000.0,0.0,0.016,0.085,838000000.0,1272000000.0,0.108,1272000000.0,838000000.0,760000000.0,0.32,0.32,0.32,18437000000.0,,18437000000.0,36552897828.0,10.0,6.932,1784000000.0,1.22,1.0,4196000000.0,0.355,0.0,78000000.0,29806000000.0,,9013000000.0,908000000.0,460000000.0,448000000.0,15711000000.0,8735000000.0,6976000000.0,30737897828.0,437000000.0,0.0,1000000.0,-994000000.0,-126000000.0,-1119000000.0,-788000000.0,-242000000.0,2345000000.0,-1000000.0,476000000.0,476000000.0,476000000.0,0.0,0.0,0.04,3358000000.0,838000000.0,5843000000.0,0.266,1.667,14.892,14.893,22715000000.0,0.0,20.85,0.64,0.634,0.0,17399000000.0,11832000000.0,11832000000.0,0.0,,,,,24000000.0,2957000000.0,1.0,1474239704.0,1462000000.0,1464000000.0,8.093,34148000000.0,122000000.0,284000000.0,533000000.0,23.357,1806000000.0
50,LOW,MRQ,2008-12-31,2009-01-30,2009-01-30,2021-08-26,-6000000.0,32625000000.0,,9190000000.0,23435000000.0,,12.287,-724000000.0,245000000.0,245000000.0,6616000000.0,162000000.0,1.216,0.807,6060000000.0,1021000000.0,5039000000.0,6060000000.0,674000000.0,435000000.0,0.0,0.018,0.085,329000000.0,764000000.0,0.077,764000000.0,329000000.0,259000000.0,0.11,0.11,0.11,18055000000.0,,18055000000.0,31851839825.0,8.0,5.841,-960000000.0,-0.653,1.0,3368000000.0,0.337,0.0,70000000.0,30880000000.0,,8209000000.0,669000000.0,416000000.0,253000000.0,14570000000.0,7560000000.0,7010000000.0,26846839825.0,-77000000.0,0.0,41000000.0,722000000.0,-125000000.0,638000000.0,-486000000.0,241000000.0,-236000000.0,7000000.0,162000000.0,162000000.0,162000000.0,0.0,0.0,0.016,3039000000.0,329000000.0,4109000000.0,0.773,1.487,12.231,12.18,22722000000.0,0.0,18.27,0.557,0.557,0.0,17049000000.0,9984000000.0,9984000000.0,0.0,,,,,16000000.0,2712000000.0,1.0,1469449361.0,1469449361.0,,6.794,32625000000.0,105000000.0,97000000.0,599000000.0,22.202,1630000000.0
51,LOW,MRQ,2008-09-30,2008-10-31,2008-10-31,2021-08-26,-4000000.0,33029000000.0,,9521000000.0,23508000000.0,,12.308,-913000000.0,322000000.0,322000000.0,7743000000.0,488000000.0,1.129,0.839,5327000000.0,283000000.0,5044000000.0,5327000000.0,748000000.0,416000000.0,0.0,0.015,0.085,843000000.0,1259000000.0,0.107,1259000000.0,843000000.0,778000000.0,0.33,0.33,0.33,17957000000.0,,17957000000.0,36598272818.0,9.0,6.329,-423000000.0,-0.29,1.0,3985000000.0,0.34,0.0,65000000.0,29603000000.0,,8327000000.0,911000000.0,445000000.0,466000000.0,15072000000.0,8431000000.0,6641000000.0,31805272818.0,-155000000.0,0.0,77000000.0,80000000.0,-124000000.0,33000000.0,-678000000.0,251000000.0,490000000.0,0.0,488000000.0,488000000.0,488000000.0,0.0,0.0,0.042,3142000000.0,843000000.0,4831000000.0,0.258,1.771,13.03,12.994,22602000000.0,0.0,21.7,0.654,0.651,0.0,17012000000.0,11728000000.0,11728000000.0,0.0,,,,,25000000.0,2726000000.0,1.0,1465680775.0,1459000000.0,1461000000.0,8.038,33029000000.0,230000000.0,290000000.0,751000000.0,22.638,1090000000.0
52,LOW,MRQ,2008-06-30,2008-08-01,2008-08-01,2021-08-26,8000000.0,32549000000.0,,9304000000.0,23245000000.0,,12.032,-799000000.0,477000000.0,477000000.0,9527000000.0,938000000.0,1.091,0.859,5270000000.0,220000000.0,5050000000.0,5270000000.0,816000000.0,412000000.0,0.0,0.016,0.085,1566000000.0,1978000000.0,0.136,1978000000.0,1566000000.0,1497000000.0,0.64,0.63,0.64,17506000000.0,,17506000000.0,34558527387.0,8.0,5.787,531000000.0,0.365,1.0,4982000000.0,0.343,0.0,69000000.0,28814000000.0,,7939000000.0,1175000000.0,377000000.0,798000000.0,15043000000.0,8528000000.0,6515000000.0,29714527387.0,-436000000.0,0.0,38000000.0,-497000000.0,-125000000.0,-584000000.0,-1182000000.0,-346000000.0,1330000000.0,0.0,938000000.0,938000000.0,938000000.0,0.0,0.0,0.065,3416000000.0,1566000000.0,4786000000.0,0.133,1.697,11.446,11.404,22066000000.0,0.0,20.3,0.613,0.609,0.0,16648000000.0,14509000000.0,14509000000.0,0.0,,,,,26000000.0,3014000000.0,1.0,1463769822.0,1455000000.0,1470000000.0,9.972,32549000000.0,275000000.0,559000000.0,641000000.0,22.37,776000000.0
53,LOW,MRQ,2008-03-31,2008-05-02,2008-05-02,2021-08-26,5000000.0,32654000000.0,,10158000000.0,22496000000.0,,11.43,-801000000.0,913000000.0,913000000.0,7843000000.0,607000000.0,1.132,0.965,5757000000.0,181000000.0,5576000000.0,5757000000.0,893000000.0,404000000.0,0.0,0.012,0.08,1048000000.0,1452000000.0,0.121,1452000000.0,1048000000.0,972000000.0,0.42,0.41,0.42,16619000000.0,,16619000000.0,44596245391.0,10.0,7.388,1737000000.0,1.195,1.0,4166000000.0,0.347,0.0,76000000.0,28525000000.0,,8438000000.0,832000000.0,295000000.0,537000000.0,16035000000.0,8973000000.0,7062000000.0,38197245391.0,632000000.0,0.0,10000000.0,-920000000.0,-117000000.0,-1026000000.0,-880000000.0,-79000000.0,2538000000.0,0.0,607000000.0,607000000.0,607000000.0,0.0,0.0,0.051,3118000000.0,1048000000.0,5345000000.0,0.19,2.298,14.269,14.357,21641000000.0,0.0,26.13,0.794,0.79,0.0,15835000000.0,12009000000.0,12009000000.0,0.0,,,,,28000000.0,2725000000.0,1.0,1461815744.0,1454000000.0,1477000000.0,8.259,32654000000.0,259000000.0,365000000.0,699000000.0,22.458,1185000000.0
54,LOW,MRQ,2007-12-31,2008-02-01,2008-02-01,2021-08-26,8000000.0,30869000000.0,,8686000000.0,22183000000.0,,11.006,-1092000000.0,281000000.0,281000000.0,6758000000.0,408000000.0,1.121,0.918,6680000000.0,1104000000.0,5576000000.0,6680000000.0,717000000.0,395000000.0,0.0,0.011,0.08,699000000.0,1094000000.0,0.105,1094000000.0,699000000.0,653000000.0,0.28,0.28,0.28,16098000000.0,,16098000000.0,42664506701.0,9.0,6.916,-530000000.0,-0.362,1.0,3621000000.0,0.349,0.0,46000000.0,29517000000.0,,7611000000.0,758000000.0,249000000.0,509000000.0,14771000000.0,7751000000.0,7020000000.0,37369506701.0,-55000000.0,0.0,-274000000.0,1045000000.0,-116000000.0,657000000.0,-1274000000.0,-195000000.0,562000000.0,0.0,408000000.0,408000000.0,408000000.0,0.0,0.0,0.039,2922000000.0,699000000.0,3713000000.0,0.286,2.321,13.303,13.519,21361000000.0,0.0,25.55,0.774,0.774,0.0,15345000000.0,10379000000.0,10379000000.0,0.0,,,,,30000000.0,2489000000.0,1.0,1462603002.0,1462603002.0,,7.096,30869000000.0,247000000.0,245000000.0,670000000.0,21.106,935000000.0
55,LOW,MRQ,2007-09-30,2007-11-02,2007-11-02,2021-08-26,18000000.0,30189000000.0,,8776000000.0,21413000000.0,,10.921,-1189000000.0,336000000.0,336000000.0,7601000000.0,643000000.0,1.22,0.88,5631000000.0,51000000.0,5580000000.0,5631000000.0,793000000.0,368000000.0,0.0,0.01,0.08,1080000000.0,1448000000.0,0.125,1448000000.0,1080000000.0,1030000000.0,0.44,0.43,0.44,16054000000.0,,16054000000.0,43047617004.0,9.0,6.726,-482000000.0,-0.328,1.0,3964000000.0,0.343,0.0,50000000.0,28292000000.0,,7775000000.0,564000000.0,231000000.0,333000000.0,14135000000.0,7192000000.0,6943000000.0,38443617004.0,-1000000.0,0.0,-485000000.0,691000000.0,-118000000.0,89000000.0,-797000000.0,389000000.0,707000000.0,0.0,643000000.0,643000000.0,643000000.0,0.0,0.0,0.056,2884000000.0,1080000000.0,3895000000.0,0.182,2.395,12.755,12.935,20755000000.0,0.0,26.0,0.796,0.791,0.0,15281000000.0,11565000000.0,11565000000.0,0.0,,,,,24000000.0,2503000000.0,1.0,1478600654.0,1470000000.0,1497000000.0,7.867,30189000000.0,241000000.0,387000000.0,615000000.0,20.537,1584000000.0
56,LOW,MRQ,2007-06-30,2007-08-03,2007-08-03,2021-08-26,6000000.0,29644000000.0,,8851000000.0,20793000000.0,,10.717,-979000000.0,337000000.0,337000000.0,9284000000.0,1019000000.0,1.101,0.856,4941000000.0,640000000.0,4301000000.0,4941000000.0,819000000.0,356000000.0,0.0,0.008,0.08,1686000000.0,2042000000.0,0.144,2042000000.0,1686000000.0,1636000000.0,0.68,0.67,0.68,15969000000.0,,15969000000.0,45082241165.0,9.0,6.966,-40000000.0,-0.027,1.0,4883000000.0,0.345,0.0,50000000.0,26208000000.0,,7799000000.0,952000000.0,325000000.0,627000000.0,13675000000.0,8040000000.0,5635000000.0,41313241165.0,-292000000.0,0.0,-688000000.0,541000000.0,-119000000.0,-264000000.0,-967000000.0,22000000.0,939000000.0,0.0,1019000000.0,1019000000.0,1019000000.0,0.0,0.0,0.072,3197000000.0,1686000000.0,4167000000.0,0.118,2.587,13.383,13.456,19825000000.0,0.0,27.45,0.862,0.853,0.0,15210000000.0,14167000000.0,14167000000.0,0.0,,,,,23000000.0,2839000000.0,1.0,1505036108.0,1490000000.0,1518000000.0,9.508,29644000000.0,209000000.0,617000000.0,628000000.0,19.895,811000000.0
57,LOW,MRQ,2007-03-31,2007-05-04,2007-05-04,2021-08-26,5000000.0,29969000000.0,,10057000000.0,19912000000.0,,10.415,-693000000.0,629000000.0,629000000.0,7913000000.0,739000000.0,1.167,0.906,4398000000.0,92000000.0,4306000000.0,4398000000.0,851000000.0,345000000.0,0.0,0.007,0.05,1239000000.0,1584000000.0,0.13,1584000000.0,1239000000.0,1192000000.0,0.49,0.48,0.49,15726000000.0,,15726000000.0,50060919738.0,10.0,7.97,1446000000.0,0.958,1.0,4259000000.0,0.35,0.0,47000000.0,25117000000.0,,8501000000.0,977000000.0,571000000.0,406000000.0,14243000000.0,8621000000.0,5622000000.0,45988919738.0,265000000.0,0.0,-679000000.0,-36000000.0,-75000000.0,-789000000.0,-1085000000.0,-379000000.0,2139000000.0,0.0,739000000.0,739000000.0,739000000.0,0.0,0.0,0.061,3020000000.0,1239000000.0,5211000000.0,0.102,2.924,15.314,15.457,19187000000.0,0.0,30.45,0.975,0.975,0.0,14968000000.0,12172000000.0,12172000000.0,0.0,,,,,22000000.0,2685000000.0,1.0,1510309351.0,1510000000.0,1540000000.0,8.061,29969000000.0,201000000.0,453000000.0,657000000.0,19.847,1436000000.0
58,LOW,MRQ,2006-12-31,2007-02-02,2007-02-02,2021-08-26,1000000.0,27767000000.0,,8314000000.0,19453000000.0,,10.326,-1150000000.0,364000000.0,364000000.0,6718000000.0,613000000.0,1.271,0.766,4436000000.0,111000000.0,4325000000.0,4436000000.0,731000000.0,330000000.0,0.0,0.005,0.05,996000000.0,1326000000.0,0.127,1326000000.0,996000000.0,952000000.0,0.4,0.4,0.4,15725000000.0,,15725000000.0,55772154945.0,11.0,8.729,-291000000.0,-0.191,1.0,3687000000.0,0.354,0.0,44000000.0,25300000000.0,,7144000000.0,597000000.0,432000000.0,165000000.0,12042000000.0,6539000000.0,5503000000.0,52003154945.0,-293000000.0,0.0,76000000.0,12000000.0,-76000000.0,19000000.0,-1171000000.0,-13000000.0,859000000.0,0.0,613000000.0,613000000.0,613000000.0,0.0,0.0,0.059,2691000000.0,996000000.0,3524000000.0,0.125,3.307,16.748,16.906,18971000000.0,0.0,34.15,1.108,1.108,0.0,14860000000.0,10405000000.0,10405000000.0,0.0,,,,,6000000.0,2334000000.0,1.0,1522786382.0,1522786382.0,,6.833,27767000000.0,161000000.0,339000000.0,735000000.0,18.234,1775000000.0
59,LOW,MRQ,2006-09-30,2006-11-03,2006-11-03,2021-08-26,3000000.0,27173000000.0,,8622000000.0,18551000000.0,,9.912,-1161000000.0,657000000.0,657000000.0,7346000000.0,716000000.0,1.284,0.801,4426000000.0,89000000.0,4337000000.0,4426000000.0,846000000.0,316000000.0,0.0,0.006,0.05,1204000000.0,1520000000.0,0.136,1520000000.0,1204000000.0,1159000000.0,0.47,0.46,0.47,15086000000.0,,15086000000.0,47512260148.0,9.0,7.302,-122000000.0,-0.08,1.0,3865000000.0,0.345,0.0,45000000.0,24228000000.0,,7219000000.0,585000000.0,464000000.0,121000000.0,12087000000.0,6714000000.0,5373000000.0,44386260148.0,341000000.0,0.0,-495000000.0,983000000.0,-76000000.0,413000000.0,-1111000000.0,71000000.0,1039000000.0,0.0,716000000.0,716000000.0,716000000.0,0.0,0.0,0.064,2661000000.0,1204000000.0,3416000000.0,0.106,2.942,13.936,14.102,18188000000.0,0.0,29.05,0.938,0.934,0.0,14323000000.0,11211000000.0,11211000000.0,0.0,,,,,21000000.0,2320000000.0,1.0,1527926339.0,1522000000.0,1551000000.0,7.366,27173000000.0,157000000.0,443000000.0,683000000.0,17.853,1908000000.0
60,LOW,MRQ,2006-06-30,2006-08-04,2006-08-04,2021-08-26,1000000.0,26037000000.0,,8328000000.0,17709000000.0,,9.682,-810000000.0,316000000.0,316000000.0,8911000000.0,935000000.0,1.25,0.745,3442000000.0,32000000.0,3410000000.0,3442000000.0,826000000.0,301000000.0,0.0,0.005,0.05,1550000000.0,1851000000.0,0.138,1851000000.0,1550000000.0,1520000000.0,0.61,0.6,0.61,14920000000.0,,14920000000.0,46969800965.0,9.0,7.412,-316000000.0,-0.205,1.0,4478000000.0,0.334,0.0,30000000.0,22501000000.0,,7176000000.0,656000000.0,456000000.0,200000000.0,11117000000.0,6662000000.0,4455000000.0,44630800965.0,-824000000.0,0.0,-575000000.0,-9000000.0,-77000000.0,-660000000.0,-658000000.0,136000000.0,494000000.0,0.0,935000000.0,935000000.0,935000000.0,0.0,0.0,0.07,2928000000.0,1550000000.0,3629000000.0,0.082,2.991,14.328,14.39,17321000000.0,0.0,28.78,0.955,0.949,0.0,13843000000.0,13389000000.0,13389000000.0,0.0,,,,,24000000.0,2617000000.0,1.0,1550757504.0,1541000000.0,1571000000.0,8.689,26037000000.0,165000000.0,585000000.0,711000000.0,16.896,1666000000.0
61,LOW,MRQ,2006-03-31,2006-05-05,2006-05-05,2021-08-26,2000000.0,27028000000.0,,9788000000.0,17240000000.0,,9.365,-723000000.0,1140000000.0,1140000000.0,7752000000.0,841000000.0,1.227,0.854,3479000000.0,33000000.0,3446000000.0,3479000000.0,853000000.0,290000000.0,0.0,0.004,0.03,1403000000.0,1693000000.0,0.142,1693000000.0,1403000000.0,1368000000.0,0.54,0.53,0.54,14581000000.0,,14581000000.0,53783706512.0,11.0,8.755,1387000000.0,0.891,1.0,4169000000.0,0.35,0.0,35000000.0,21387000000.0,,7817000000.0,794000000.0,517000000.0,277000000.0,12447000000.0,7980000000.0,4467000000.0,50675706512.0,717000000.0,0.0,-567000000.0,-7000000.0,-47000000.0,-618000000.0,-775000000.0,-49000000.0,2110000000.0,0.0,841000000.0,841000000.0,841000000.0,0.0,0.0,0.071,2766000000.0,1403000000.0,4553000000.0,0.056,3.475,16.786,16.922,16760000000.0,0.0,32.66,1.12,1.124,0.0,12985000000.0,11921000000.0,11921000000.0,0.0,,,,,11000000.0,2467000000.0,1.0,1551613794.0,1557000000.0,1590000000.0,7.656,27028000000.0,175000000.0,527000000.0,717000000.0,17.359,1808000000.0
62,LOW,MRQ,2005-12-31,2006-02-03,2006-02-03,2021-08-26,1000000.0,24639000000.0,,7788000000.0,16851000000.0,,9.142,-1085000000.0,423000000.0,423000000.0,7023000000.0,693000000.0,1.335,0.723,3531000000.0,32000000.0,3499000000.0,3531000000.0,709000000.0,280000000.0,0.0,0.003,0.03,1163000000.0,1443000000.0,0.134,1443000000.0,1163000000.0,1127000000.0,0.44,0.44,0.44,14296000000.0,,14296000000.0,52603474490.0,11.0,9.221,-603000000.0,-0.386,1.0,3785000000.0,0.35,0.0,36000000.0,21915000000.0,,6635000000.0,747000000.0,453000000.0,294000000.0,10343000000.0,5832000000.0,4511000000.0,49667474490.0,-1022000000.0,0.0,-204000000.0,-584000000.0,-46000000.0,-834000000.0,-670000000.0,411000000.0,482000000.0,0.0,693000000.0,693000000.0,693000000.0,0.0,0.0,0.064,2622000000.0,1163000000.0,2832000000.0,0.068,3.474,17.963,17.843,16354000000.0,0.0,31.76,1.149,1.149,0.0,12191000000.0,10808000000.0,10808000000.0,0.0,,,,,19000000.0,2303000000.0,1.0,1563837358.0,1563837358.0,,6.911,24639000000.0,155000000.0,434000000.0,735000000.0,15.755,1956000000.0
63,LOW,MRQ,2005-09-30,2005-10-28,2005-10-28,2021-08-26,0.0,24953000000.0,,9042000000.0,15911000000.0,,8.697,-905000000.0,1445000000.0,1445000000.0,7012000000.0,646000000.0,1.368,0.84,4381000000.0,632000000.0,3749000000.0,4381000000.0,748000000.0,263000000.0,0.0,0.003,0.03,1087000000.0,1350000000.0,0.127,1350000000.0,1087000000.0,1051000000.0,0.41,0.4,0.41,13559000000.0,,13559000000.0,48969281300.0,11.0,9.136,226000000.0,0.145,1.0,3580000000.0,0.338,0.0,36000000.0,21279000000.0,,6429000000.0,1160000000.0,864000000.0,296000000.0,11394000000.0,6610000000.0,4784000000.0,46639281300.0,458000000.0,0.0,-160000000.0,980000000.0,-47000000.0,773000000.0,-1446000000.0,-542000000.0,1131000000.0,0.0,646000000.0,646000000.0,646000000.0,0.0,0.0,0.061,2493000000.0,1087000000.0,3201000000.0,0.073,3.44,18.148,18.127,15410000000.0,0.0,29.91,1.138,1.138,0.0,11544000000.0,10592000000.0,10592000000.0,0.0,,,,,19000000.0,2212000000.0,1.0,1559320672.0,1559000000.0,1608000000.0,6.794,24953000000.0,104000000.0,405000000.0,745000000.0,16.006,2432000000.0
64,LOW,MRQ,2005-06-30,2005-07-29,2005-07-29,2021-08-26,1000000.0,22988000000.0,,7818000000.0,15170000000.0,,8.427,-720000000.0,987000000.0,987000000.0,7902000000.0,839000000.0,1.263,0.762,3442000000.0,632000000.0,2810000000.0,3442000000.0,694000000.0,254000000.0,0.0,0.003,0.03,1403000000.0,1657000000.0,0.139,1657000000.0,1403000000.0,1364000000.0,0.54,0.52,0.54,13045000000.0,,13045000000.0,53930834735.0,13.0,10.519,311000000.0,0.201,1.0,4027000000.0,0.338,0.0,39000000.0,19253000000.0,,6165000000.0,622000000.0,432000000.0,190000000.0,9943000000.0,6190000000.0,3753000000.0,51152834735.0,200000000.0,0.0,-20000000.0,-8000000.0,-47000000.0,-75000000.0,-756000000.0,-22000000.0,1031000000.0,0.0,839000000.0,839000000.0,839000000.0,0.0,0.0,0.07,2624000000.0,1403000000.0,2987000000.0,0.056,3.921,20.964,21.022,14782000000.0,0.0,33.11,1.296,1.299,0.0,10944000000.0,11929000000.0,11929000000.0,0.0,,,,,22000000.0,2363000000.0,1.0,1544936114.0,1548000000.0,1605000000.0,7.706,22988000000.0,121000000.0,525000000.0,691000000.0,14.85,1628000000.0
65,LOW,MRQ,2005-03-31,2005-04-29,2005-04-29,2021-08-26,-1000000.0,22750000000.0,,8087000000.0,14663000000.0,,7.736,-608000000.0,787000000.0,787000000.0,6515000000.0,586000000.0,1.188,0.9,3689000000.0,631000000.0,3058000000.0,3689000000.0,689000000.0,254000000.0,0.0,0.003,0.02,1000000000.0,1254000000.0,0.127,1254000000.0,1000000000.0,953000000.0,0.38,0.365,0.38,11975000000.0,,11975000000.0,43403120675.0,11.0,8.901,590000000.0,0.381,1.0,3398000000.0,0.343,0.0,47000000.0,18845000000.0,,6618000000.0,600000000.0,439000000.0,161000000.0,10775000000.0,6807000000.0,3968000000.0,40355120675.0,257000000.0,0.0,-100000000.0,-8000000.0,-31000000.0,-139000000.0,-802000000.0,-173000000.0,1198000000.0,0.0,586000000.0,586000000.0,586000000.0,0.0,0.0,0.059,2398000000.0,1000000000.0,3471000000.0,0.053,3.37,17.538,17.545,14310000000.0,0.0,26.055,1.071,1.07,18000000.0,10152000000.0,9913000000.0,9913000000.0,0.0,,,,,16000000.0,2136000000.0,1.0,1548843626.0,1548000000.0,1610000000.0,6.404,22750000000.0,136000000.0,367000000.0,702000000.0,14.696,1280000000.0
66,LOW,MRQ,2004-12-31,2005-01-28,2005-01-28,2021-08-26,0.0,21101000000.0,,6866000000.0,14235000000.0,,7.44,-794000000.0,530000000.0,530000000.0,5619000000.0,499000000.0,1.216,0.835,3690000000.0,630000000.0,3060000000.0,3690000000.0,539000000.0,247000000.0,0.0,0.003,0.02,852000000.0,1099000000.0,0.129,1099000000.0,852000000.0,809000000.0,0.32,0.31,0.32,11498000000.0,,11498000000.0,46626690508.0,13.0,10.088,151000000.0,0.098,1.0,2931000000.0,0.343,0.0,43000000.0,18613000000.0,,5850000000.0,429000000.0,283000000.0,146000000.0,9603000000.0,5648000000.0,3955000000.0,43413690508.0,181000000.0,0.0,50000000.0,-12000000.0,-31000000.0,7000000.0,-771000000.0,20000000.0,945000000.0,0.0,499000000.0,499000000.0,499000000.0,0.0,0.0,0.058,2079000000.0,852000000.0,2695000000.0,0.062,3.776,20.034,20.209,13911000000.0,0.0,28.09,1.191,1.191,9000000.0,9597000000.0,8550000000.0,8550000000.0,0.0,,,,,3000000.0,1834000000.0,1.0,1545521200.0,1545521200.0,,5.532,21101000000.0,119000000.0,310000000.0,736000000.0,13.653,1218000000.0
67,LOW,MRQ,2004-09-30,2004-10-29,2004-10-29,2021-08-26,-1000000.0,20363000000.0,,6746000000.0,13617000000.0,,7.106,-780000000.0,349000000.0,349000000.0,6013000000.0,516000000.0,1.376,0.856,3692000000.0,31000000.0,3661000000.0,3692000000.0,0.0,236000000.0,0.0,0.002,0.02,881000000.0,1117000000.0,0.123,1117000000.0,881000000.0,841000000.0,0.335,0.325,0.335,10971000000.0,,10971000000.0,46297541900.0,13.0,10.594,-369000000.0,-0.239,1.0,3051000000.0,0.337,0.0,40000000.0,18805000000.0,,5864000000.0,454000000.0,301000000.0,153000000.0,9392000000.0,4901000000.0,4491000000.0,43439541900.0,-300000000.0,0.0,25000000.0,-10000000.0,-31000000.0,-16000000.0,-695000000.0,83000000.0,411000000.0,0.0,516000000.0,516000000.0,516000000.0,0.0,0.0,0.057,2170000000.0,881000000.0,2596000000.0,0.06,3.959,21.494,21.646,13265000000.0,0.0,28.14,1.235,1.236,35000000.0,9157000000.0,9064000000.0,9064000000.0,0.0,,,,,19000000.0,1906000000.0,1.0,1543693742.0,1544000000.0,1604000000.0,5.87,20363000000.0,101000000.0,325000000.0,699000000.0,13.188,1845000000.0
68,LOW,MRQ,2004-06-30,2004-07-30,2004-07-30,2021-08-26,-1000000.0,19596000000.0,,6502000000.0,13094000000.0,,6.728,-722000000.0,696000000.0,696000000.0,6780000000.0,700000000.0,1.374,0.877,3698000000.0,34000000.0,3664000000.0,3698000000.0,0.0,225000000.0,0.0,0.003,0.02,1181000000.0,1406000000.0,0.138,1406000000.0,1181000000.0,1136000000.0,0.45,0.435,0.45,10442000000.0,,10442000000.0,39881761903.0,12.0,9.457,-214000000.0,-0.138,1.0,3389000000.0,0.333,0.0,45000000.0,17867000000.0,,5286000000.0,490000000.0,335000000.0,155000000.0,9154000000.0,4731000000.0,4423000000.0,37983761903.0,-395000000.0,0.0,-660000000.0,-52000000.0,-30000000.0,-742000000.0,-161000000.0,573000000.0,508000000.0,0.0,700000000.0,700000000.0,700000000.0,0.0,0.0,0.069,2208000000.0,1181000000.0,2452000000.0,0.044,3.638,19.409,19.41,12722000000.0,0.0,24.36,1.12,1.115,41000000.0,8672000000.0,10169000000.0,10169000000.0,0.0,,,,,25000000.0,1969000000.0,1.0,1559267730.0,1552000000.0,1612000000.0,6.552,19596000000.0,82000000.0,436000000.0,656000000.0,12.626,1771000000.0
69,LOW,MRQ,2004-03-31,2004-04-30,2004-04-30,2021-08-26,0.0,20630000000.0,,8068000000.0,12562000000.0,,6.621,-545000000.0,1091000000.0,1091000000.0,5811000000.0,452000000.0,1.379,0.982,3746000000.0,78000000.0,3668000000.0,3746000000.0,0.0,218000000.0,0.0,0.002,0.015,782000000.0,1000000000.0,0.115,1000000000.0,782000000.0,734000000.0,0.29,0.28,0.29,10408000000.0,,10408000000.0,43178254555.0,14.0,10.786,664000000.0,0.422,1.0,2870000000.0,0.331,0.0,48000000.0,17435000000.0,,5723000000.0,1064000000.0,901000000.0,163000000.0,10222000000.0,5850000000.0,4372000000.0,40869254555.0,178000000.0,0.0,-264000000.0,-8000000.0,-24000000.0,-296000000.0,-735000000.0,-185000000.0,1209000000.0,0.0,452000000.0,452000000.0,452000000.0,0.0,0.0,0.052,2088000000.0,782000000.0,3492000000.0,0.052,3.927,22.044,21.966,12177000000.0,0.0,26.03,1.261,1.263,185000000.0,8002000000.0,8681000000.0,8681000000.0,0.0,,,,,23000000.0,1853000000.0,1.0,1570082772.0,1572000000.0,1636000000.0,5.522,20630000000.0,90000000.0,282000000.0,622000000.0,13.123,2218000000.0
70,LOW,MRQ,2003-12-31,2004-01-30,2004-01-30,2021-08-26,1000000.0,18751000000.0,,6522000000.0,12229000000.0,,6.496,-659000000.0,913000000.0,913000000.0,5006000000.0,353000000.0,1.553,0.835,3755000000.0,77000000.0,3678000000.0,3755000000.0,0.0,236000000.0,0.0,0.002,0.015,611000000.0,847000000.0,0.117,847000000.0,611000000.0,566000000.0,0.225,0.21,0.225,10216000000.0,,10216000000.0,44671241867.0,14.0,11.425,343000000.0,0.218,1.0,2246000000.0,0.31,0.0,45000000.0,17393000000.0,,4584000000.0,880000000.0,711000000.0,169000000.0,8535000000.0,4200000000.0,4335000000.0,42109241867.0,187000000.0,0.0,38000000.0,-8000000.0,-24000000.0,6000000.0,-837000000.0,-170000000.0,1002000000.0,0.0,353000000.0,353000000.0,353000000.0,-7000000.0,0.0,0.049,1642000000.0,604000000.0,2212000000.0,0.067,4.122,23.112,23.082,11819000000.0,0.0,26.775,1.365,1.365,146000000.0,7574000000.0,7252000000.0,7252000000.0,0.0,,,,,33000000.0,1413000000.0,1.0,1572707446.0,1572707446.0,,4.611,18751000000.0,62000000.0,213000000.0,594000000.0,11.923,2322000000.0
71,LOW,MRQ,2003-09-30,2003-10-31,2003-10-31,2021-08-26,0.0,18471000000.0,,6698000000.0,11773000000.0,,6.274,-648000000.0,1196000000.0,1196000000.0,5361000000.0,452000000.0,1.551,0.873,3758000000.0,77000000.0,3681000000.0,3758000000.0,0.0,198000000.0,0.0,0.002,0.015,766000000.0,964000000.0,0.124,964000000.0,766000000.0,724000000.0,0.29,0.28,0.29,9862000000.0,,9862000000.0,48511487286.0,16.0,12.636,-300000000.0,-0.191,1.0,2441000000.0,0.313,0.0,42000000.0,16714000000.0,,5006000000.0,245000000.0,126000000.0,119000000.0,8609000000.0,4319000000.0,4290000000.0,46304487286.0,-354000000.0,0.0,38000000.0,-4000000.0,-24000000.0,10000000.0,-700000000.0,7000000.0,348000000.0,0.0,452000000.0,452000000.0,452000000.0,-4000000.0,0.0,0.058,1679000000.0,762000000.0,2334000000.0,0.052,4.695,25.597,25.511,11425000000.0,0.0,29.465,1.579,1.58,225000000.0,7293000000.0,7802000000.0,7802000000.0,0.0,,,,,24000000.0,1450000000.0,1.0,1571508138.0,1572000000.0,1616000000.0,4.963,18471000000.0,81000000.0,272000000.0,588000000.0,11.75,2379000000.0
72,LOW,MRQ,2003-06-30,2003-08-01,2003-08-01,2021-08-26,0.0,17914000000.0,,6671000000.0,11243000000.0,,5.978,-594000000.0,1550000000.0,1550000000.0,6040000000.0,597000000.0,1.547,0.911,3757000000.0,73000000.0,3684000000.0,3757000000.0,0.0,190000000.0,0.0,0.002,0.013,1002000000.0,1192000000.0,0.138,1192000000.0,1002000000.0,957000000.0,0.38,0.375,0.38,9373000000.0,,9373000000.0,39038488645.0,13.0,10.772,36000000.0,0.023,1.0,2626000000.0,0.303,0.0,45000000.0,15808000000.0,,4652000000.0,253000000.0,137000000.0,116000000.0,8541000000.0,4313000000.0,4228000000.0,36825488645.0,-50000000.0,0.0,45000000.0,-60000000.0,-19000000.0,-34000000.0,-651000000.0,-45000000.0,630000000.0,0.0,597000000.0,597000000.0,597000000.0,-3000000.0,0.0,0.069,1627000000.0,999000000.0,2468000000.0,0.034,3.929,21.713,21.759,10955000000.0,0.0,23.5,1.318,1.319,199000000.0,6865000000.0,8666000000.0,8666000000.0,0.0,,,,,16000000.0,1416000000.0,1.0,1567042070.0,1568000000.0,1608000000.0,5.527,17914000000.0,67000000.0,360000000.0,524000000.0,11.425,2358000000.0
73,LOW,MRQ,2003-03-31,2003-05-02,2003-05-02,2021-08-26,0.0,17791000000.0,,6944000000.0,10847000000.0,,5.578,-372000000.0,1600000000.0,1600000000.0,4899000000.0,421000000.0,1.445,1.037,3813000000.0,80000000.0,3733000000.0,3813000000.0,0.0,183000000.0,0.0,0.002,0.013,724000000.0,907000000.0,0.127,907000000.0,724000000.0,676000000.0,0.27,0.265,0.27,8735000000.0,,8735000000.0,37390100773.0,14.0,11.056,682000000.0,0.436,1.0,2219000000.0,0.312,0.0,48000000.0,15198000000.0,,4864000000.0,209000000.0,77000000.0,132000000.0,9056000000.0,4806000000.0,4250000000.0,34428100773.0,747000000.0,0.0,28000000.0,-7000000.0,-20000000.0,1000000.0,-299000000.0,89000000.0,1054000000.0,0.0,421000000.0,421000000.0,421000000.0,-2000000.0,0.0,0.059,1497000000.0,722000000.0,2960000000.0,0.048,3.941,21.985,22.075,10545000000.0,0.0,22.075,1.287,1.292,189000000.0,6288000000.0,7118000000.0,7118000000.0,0.0,,,,,9000000.0,1299000000.0,1.0,1559596864.0,1566000000.0,1604000000.0,4.545,17791000000.0,72000000.0,255000000.0,499000000.0,11.361,2138000000.0
74,LOW,MRQ,2002-12-31,2003-01-31,2003-01-31,2021-08-26,1000000.0,16109000000.0,,5568000000.0,10541000000.0,,5.315,-872000000.0,853000000.0,853000000.0,3881000000.0,339000000.0,1.556,0.94,3815000000.0,79000000.0,3736000000.0,3815000000.0,0.0,187000000.0,0.0,0.003,0.013,589000000.0,776000000.0,0.135,776000000.0,589000000.0,544000000.0,0.215,0.205,0.215,8302000000.0,,8302000000.0,29215325596.0,11.0,9.059,-253000000.0,-0.162,1.0,1858000000.0,0.324,0.0,45000000.0,15493000000.0,,3968000000.0,302000000.0,273000000.0,29000000.0,7807000000.0,3578000000.0,4229000000.0,26692663596.0,-377000000.0,0.0,34000000.0,-18000000.0,-19000000.0,-3000000.0,-1009000000.0,-126000000.0,619000000.0,0.0,339000000.0,339000000.0,339000000.0,-12000000.0,0.0,0.059,1281000000.0,577000000.0,1943000000.0,0.06,3.215,17.903,17.895,10352000000.0,0.0,17.09,1.022,1.022,172000000.0,5887000000.0,5739000000.0,5739000000.0,0.0,,,,,9000000.0,1058000000.0,1.0,1561887864.0,1561887864.0,,3.674,16109000000.0,58000000.0,205000000.0,478000000.0,10.314,1990000000.0
75,LOW,MRQ,2002-09-30,2002-11-01,2002-11-01,2021-08-26,0.0,15811000000.0,,6024000000.0,9787000000.0,,5.095,-525000000.0,1305000000.0,1305000000.0,4450000000.0,339000000.0,1.591,0.987,3828000000.0,89000000.0,3739000000.0,3828000000.0,0.0,164000000.0,0.0,0.002,0.01,585000000.0,749000000.0,0.117,749000000.0,585000000.0,541000000.0,0.215,0.215,0.215,7958000000.0,,7958000000.0,35195421728.0,15.0,11.833,-118000000.0,-0.076,1.0,1965000000.0,0.306,0.0,44000000.0,14547000000.0,,4151000000.0,102000000.0,92000000.0,10000000.0,7853000000.0,3787000000.0,4066000000.0,32854829728.0,-182000000.0,0.0,14000000.0,-16000000.0,-16000000.0,-18000000.0,-571000000.0,-40000000.0,407000000.0,0.0,339000000.0,339000000.0,339000000.0,0.0,0.0,0.053,1380000000.0,585000000.0,2046000000.0,0.047,4.129,23.979,23.785,9648000000.0,0.0,21.05,1.302,1.303,187000000.0,5587000000.0,6415000000.0,6415000000.0,0.0,,,,,7000000.0,1193000000.0,1.0,1560799512.0,1562000000.0,1604000000.0,4.107,15811000000.0,110000000.0,202000000.0,318000000.0,10.122,2237000000.0
76,LOW,MRQ,2002-06-30,2002-08-02,2002-08-02,2021-08-26,1000000.0,15427000000.0,,6011000000.0,9416000000.0,,4.88,-398000000.0,1487000000.0,1487000000.0,5286000000.0,467000000.0,1.595,1.029,3827000000.0,94000000.0,3733000000.0,3827000000.0,0.0,158000000.0,0.0,0.002,0.01,792000000.0,950000000.0,0.127,950000000.0,792000000.0,746000000.0,0.3,0.295,0.3,7603000000.0,,7603000000.0,28491076904.0,13.0,10.159,56000000.0,0.036,1.0,2202000000.0,0.294,0.0,46000000.0,13999000000.0,,3987000000.0,62000000.0,48000000.0,14000000.0,7824000000.0,3768000000.0,4056000000.0,26071214904.0,11000000.0,0.0,43000000.0,-72000000.0,-15000000.0,-44000000.0,-399000000.0,6000000.0,454000000.0,0.0,467000000.0,467000000.0,467000000.0,0.0,0.0,0.062,1410000000.0,792000000.0,2106000000.0,0.033,3.429,20.342,20.181,9260000000.0,0.0,16.75,1.074,1.075,201000000.0,5263000000.0,7488000000.0,7488000000.0,0.0,,,,,7000000.0,1233000000.0,1.0,1556490442.0,1558000000.0,1600000000.0,4.806,15427000000.0,106000000.0,279000000.0,312000000.0,9.902,2243000000.0
77,LOW,MRQ,2002-03-31,2002-05-03,2002-05-03,2021-08-26,0.0,15611000000.0,,6441000000.0,9170000000.0,,4.541,-497000000.0,1476000000.0,1476000000.0,4548000000.0,346000000.0,1.432,1.212,3896000000.0,160000000.0,3736000000.0,3896000000.0,0.0,150000000.0,0.0,0.002,0.01,600000000.0,750000000.0,0.116,750000000.0,600000000.0,553000000.0,0.225,0.22,0.225,7057000000.0,,7057000000.0,36969629482.0,19.0,14.489,677000000.0,0.436,1.0,1923000000.0,0.297,0.0,47000000.0,13534000000.0,,4360000000.0,67000000.0,48000000.0,19000000.0,8554000000.0,4497000000.0,4057000000.0,33875198482.0,677000000.0,0.0,24000000.0,-7000000.0,-16000000.0,1000000.0,-498000000.0,8000000.0,1174000000.0,0.0,346000000.0,346000000.0,346000000.0,0.0,0.0,0.053,1323000000.0,600000000.0,2740000000.0,0.044,4.8,29.618,29.268,8992000000.0,0.0,21.805,1.479,1.479,193000000.0,4812000000.0,6471000000.0,6471000000.0,0.0,,,,,6000000.0,1141000000.0,1.0,1553551868.0,1554000000.0,1596000000.0,4.164,15611000000.0,97000000.0,207000000.0,314000000.0,10.046,1944000000.0
78,LOW,MRQ,2001-12-31,2002-02-01,2002-02-01,2021-08-26,1000000.0,13736000000.0,,4920000000.0,8816000000.0,,4.31,-514310000.0,799000000.0,799000000.0,3371501000.0,218140000.0,1.631,1.058,3893000000.0,159000000.0,3734000000.0,3893000000.0,0.0,140137000.0,0.0,0.002,0.01,385092000.0,525229000.0,0.108,525229000.0,385092000.0,338451000.0,0.145,0.14,0.145,6674000000.0,,6674000000.0,38613222989.0,22.0,16.644,104105000.0,0.067,1.0,1484874000.0,0.306,0.0,46641000.0,13813000000.0,,3611000000.0,76000000.0,54000000.0,22000000.0,7062000000.0,3017000000.0,4045000000.0,35386294989.0,188115000.0,0.0,42162000.0,72041000.0,-15623000.0,98580000.0,-542880000.0,-25466000.0,618415000.0,0.0,218140000.0,218140000.0,218140000.0,-13000000.0,0.0,0.045,1112782000.0,372092000.0,1715000000.0,0.069,5.302,34.591,34.361,8653000000.0,0.0,22.85,1.63,1.63,166000000.0,4482000000.0,4856375000.0,4856375000.0,0.0,,,,,9148000.0,944513000.0,1.0,1548634354.0,1548634354.0,,3.136,13736000000.0,93000000.0,120311000.0,305000000.0,8.87,1903000000.0
79,LOW,MRQ,2001-09-30,2001-11-02,2001-11-02,2021-08-26,807000.0,13508126000.0,,5061728000.0,8446398000.0,,4.149,-598760000.0,610543000.0,610543000.0,3863645000.0,250497000.0,1.669,1.104,3813624000.0,50333000.0,3763291000.0,3813624000.0,0.0,138324000.0,0.0,0.002,0.01,441033000.0,579357000.0,0.106,579357000.0,441033000.0,397614000.0,0.16,0.16,0.16,6419320000.0,,6419320000.0,31257338598.0,19.0,14.4,-433540000.0,-0.28,1.0,1590889000.0,0.292,0.0,43419000.0,13679069000.0,,3905859000.0,50643000.0,24767000.0,25876000.0,7088806000.0,3032138000.0,4056668000.0,28451033598.0,-18750000.0,0.0,4829000.0,382586000.0,-15468000.0,371947000.0,-555917000.0,17035000.0,165220000.0,0.0,250497000.0,250497000.0,250497000.0,0.0,0.0,0.046,1149856000.0,441033000.0,1895822000.0,0.062,4.432,30.081,29.919,8279838000.0,0.0,18.4,1.329,1.33,197771000.0,4278839000.0,5454534000.0,5454534000.0,0.0,,,,,1714000.0,973036000.0,1.0,1546251826.0,1547062000.0,1591278000.0,3.526,13508126000.0,93210000.0,147117000.0,290129000.0,8.731,2029590000.0
80,LOW,MRQ,2001-06-30,2001-08-03,2001-08-03,2021-08-26,622000.0,12853953000.0,,4845071000.0,8008882000.0,,3.987,-536228000.0,629293000.0,629293000.0,4409018000.0,329083000.0,1.54,1.089,3422159000.0,143993000.0,3278166000.0,3422159000.0,0.0,132044000.0,0.0,0.002,0.01,564961000.0,697005000.0,0.114,697005000.0,564961000.0,522347000.0,0.215,0.21,0.215,6153254000.0,,6153254000.0,30903844100.0,20.0,15.117,-347099000.0,-0.225,1.0,1717708000.0,0.28,0.0,42614000.0,12500888000.0,,3651191000.0,67393000.0,36408000.0,30985000.0,6700699000.0,3145931000.0,3554768000.0,28460728100.0,-370660000.0,0.0,38590000.0,-19830000.0,-15447000.0,3313000.0,-563102000.0,3144000.0,189129000.0,0.0,329083000.0,329083000.0,329083000.0,0.0,0.0,0.054,1152747000.0,564961000.0,1910317000.0,0.047,4.625,31.707,31.564,7829205000.0,0.0,18.465,1.392,1.393,213430000.0,4043810000.0,6126726000.0,6126726000.0,0.0,,,,,8675000.0,999706000.0,1.0,1541333772.0,1543334000.0,1590174000.0,3.97,12853953000.0,98508000.0,193264000.0,273382000.0,8.329,1699140000.0
81,LOW,MRQ,2001-03-31,2001-05-04,2001-05-04,2021-08-26,478000.0,13021748000.0,,5444860000.0,7576888000.0,,3.753,-504702000.0,999953000.0,999953000.0,3782836000.0,225280000.0,1.473,1.258,3429458000.0,137635000.0,3291823000.0,3429458000.0,0.0,119495000.0,0.0,0.002,0.009,398914000.0,518409000.0,0.098,518409000.0,398914000.0,357588000.0,0.145,0.145,0.145,5767862000.0,,5767862000.0,,,,118534000.0,0.077,1.0,1493529000.0,0.283,0.0,41326000.0,11753963000.0,,3917667000.0,70314000.0,38173000.0,32141000.0,7253886000.0,3697290000.0,3556596000.0,24742260375.0,544295000.0,0.0,29419000.0,439203000.0,-13462000.0,455160000.0,-534101000.0,-22713000.0,623236000.0,0.0,225280000.0,225280000.0,225280000.0,0.0,0.0,0.043,1094615000.0,398914000.0,2449287000.0,0.062,4.29,29.173,28.923,7421342000.0,0.0,16.052,1.263,1.259,196529000.0,3730174000.0,5276365000.0,5276365000.0,0.0,,,,,15463000.0,939745000.0,1.0,1541333772.0,1536836000.0,1575020000.0,3.433,13021748000.0,95006000.0,132308000.0,261580000.0,8.473,1747570000.0
82,LOW,MRQ,2000-12-31,2001-02-02,2001-02-02,2021-08-26,451000.0,11358167000.0,,4157426000.0,7200741000.0,,,-692934000.0,455658000.0,455658000.0,3252008000.0,140959000.0,1.428,1.067,2989839000.0,292170000.0,2697669000.0,2989839000.0,0.0,112766000.0,0.0,0.003,0.009,263134000.0,375900000.0,0.083,375900000.0,263134000.0,222392000.0,0.095,0.09,0.095,5494885000.0,,5494885000.0,,,,-148128000.0,,1.0,1291485000.0,0.284,0.0,40742000.0,10981350000.0,,3285370000.0,47561000.0,12871000.0,34690000.0,5863282000.0,2910998000.0,2952284000.0,,327376000.0,0.0,17616000.0,490164000.0,-12909000.0,494871000.0,-712301000.0,1669000.0,544806000.0,0.0,140959000.0,140959000.0,140959000.0,0.0,0.0,0.031,1028351000.0,263134000.0,1714370000.0,0.095,,,25.396,7034960000.0,0.0,13.46,,,160985000.0,3518356000.0,4543493000.0,4543493000.0,0.0,,,,,1804000.0,874813000.0,1.0,,,,,11358167000.0,81044000.0,81433000.0,251450000.0,,1246428000.0
83,LOW,MRQ,2000-09-30,2000-10-27,2000-10-27,2021-08-26,-89000.0,10663567000.0,,4056393000.0,6607174000.0,,3.491,-625529000.0,128746000.0,128746000.0,3204769000.0,202293000.0,1.411,0.995,2500368000.0,290562000.0,2209806000.0,2500368000.0,0.0,104898000.0,0.0,0.003,0.009,348103000.0,453001000.0,0.101,453001000.0,348103000.0,320082000.0,0.13,0.13,0.13,5346230000.0,,5346230000.0,,,,-562606000.0,-0.367,1.0,1299372000.0,0.288,0.0,28021000.0,10159996000.0,,3500202000.0,47919000.0,10706000.0,37213000.0,5317337000.0,2875193000.0,2442144000.0,,-441487000.0,0.0,1759000.0,141239000.0,-13368000.0,129630000.0,-634040000.0,959000.0,62923000.0,0.0,202293000.0,202293000.0,202293000.0,0.0,0.0,0.045,951269000.0,348103000.0,1786577000.0,0.069,,,,6439167000.0,0.0,10.47,,,173784000.0,3390914000.0,4504141000.0,4504141000.0,0.0,,,,,1440000.0,809427000.0,1.0,,1531362000.0,1537500000.0,2.941,10663567000.0,69000000.0,117789000.0,228456000.0,6.963,1181200000.0
84,LOW,MRQ,2000-06-30,2000-07-28,2000-07-28,2021-08-26,-186000.0,10242579000.0,,4177295000.0,6065284000.0,,3.365,-481363000.0,570233000.0,570233000.0,3812225000.0,279599000.0,1.571,0.988,2358911000.0,141905000.0,2217006000.0,2358911000.0,0.0,98708000.0,0.0,0.003,0.009,468628000.0,567336000.0,0.108,567336000.0,468628000.0,442404000.0,0.185,0.18,0.185,5151936000.0,,5151936000.0,,,,-426003000.0,-0.278,1.0,1452027000.0,0.276,0.0,26224000.0,9372466000.0,,3167436000.0,48772000.0,11272000.0,37500000.0,5090643000.0,2658791000.0,2431852000.0,,47298000.0,0.0,3233000.0,495422000.0,-13366000.0,485289000.0,-493351000.0,-46000.0,55360000.0,0.0,279599000.0,279599000.0,279599000.0,0.0,0.0,0.053,983399000.0,468628000.0,1691471000.0,0.049,,,,5932792000.0,0.0,10.562,,,183749000.0,3201989000.0,5264252000.0,5264252000.0,0.0,,,,,3133000.0,857052000.0,1.0,,1530916000.0,1537480000.0,3.439,10242579000.0,59077000.0,162805000.0,210988000.0,6.69,1518504000.0
85,LOW,MRQ,2000-03-31,2000-04-28,2000-04-28,2021-08-26,-326000.0,9935246000.0,,4265093000.0,5670153000.0,,3.188,-461174000.0,522935000.0,522935000.0,3218998000.0,187149000.0,1.368,1.037,1863276000.0,131074000.0,1732202000.0,1863276000.0,0.0,93628000.0,0.0,0.003,0.009,322135000.0,415763000.0,0.093,415763000.0,322135000.0,296122000.0,0.122,0.122,0.122,4876962000.0,,4876962000.0,,,,5737000.0,0.004,1.0,1248116000.0,0.279,0.0,26013000.0,8156830000.0,,3338322000.0,48090000.0,15062000.0,33028000.0,5058284000.0,3118757000.0,1939527000.0,,31813000.0,0.0,4392000.0,-15825000.0,-13357000.0,-24790000.0,-410308000.0,60418000.0,466911000.0,0.0,187149000.0,187149000.0,187149000.0,0.0,0.0,0.042,925981000.0,322135000.0,2204307000.0,0.074,,,,5548148000.0,0.0,12.375,,,175546000.0,2935756000.0,4467114000.0,4467114000.0,0.0,,,,,623000.0,806708000.0,1.0,,1530016000.0,1539188000.0,2.92,9935246000.0,51413000.0,108973000.0,203467000.0,6.494,1146336000.0
0,LOW,MRT,2021-06-30,2021-07-30,2021-07-30,2021-08-26,-65000000.0,49404000000.0,49554750000.0,25083000000.0,24321000000.0,1.909,-0.248,-1805000000.0,4835000000.0,4835000000.0,63414000000.0,7009000000.0,1.158,-283.309,28709000000.0,2901000000.0,25808000000.0,28709000000.0,3138000000.0,2251000000.0,0.0,0.013,2.6,10094000000.0,12345000000.0,0.13,12345000000.0,10094000000.0,9242000000.0,9.76,9.71,9.76,-175000000.0,1445000000.0,-175000000.0,157238660499.0,16.0,12.737,4405000000.0,6.248,1.0,31198000000.0,0.33,0.0,852000000.0,51614000000.0,49943500000.0,17322000000.0,1645000000.0,1420000000.0,225000000.0,49579000000.0,21664000000.0,27915000000.0,136210660499.0,-6806000000.0,0.0,-10047000000.0,1338000000.0,-1738000000.0,-10847000000.0,-2179000000.0,-239000000.0,6210000000.0,10000000.0,7009000000.0,7009000000.0,7009000000.0,0.0,0.0,0.074,20044000000.0,11154000000.0,12011000000.0,0.266,-778.347,19.434,19.743,22851000000.0,0.0,192.69,1.44,1.436,0.0,-460000000.0,94612000000.0,94612000000.0,0.0,0.141,4.851,0.202,0.107,206000000.0,18498000000.0,1.0,706890137.0,705000000.0,,134.201,49404000000.0,221000000.0,2233000000.0,0.0,70.077,3419000000.0
1,LOW,MRT,2021-03-31,2021-04-30,2021-04-30,2021-08-26,-11000000.0,51200000000.0,50144500000.0,26816000000.0,24384000000.0,1.881,0.62,-1795000000.0,6692000000.0,6692000000.0,63154000000.0,6819000000.0,1.171,114.056,27720000000.0,1889000000.0,25831000000.0,27720000000.0,3072000000.0,2151000000.0,0.0,0.012,2.35,9841000000.0,11992000000.0,0.127,11992000000.0,9841000000.0,8986000000.0,9.23,9.2,9.23,445000000.0,2577750000.0,445000000.0,162282657205.0,16.0,13.533,9296000000.0,12.947,1.0,31190000000.0,0.331,0.0,855000000.0,49336000000.0,48274250000.0,18382000000.0,651000000.0,454000000.0,197000000.0,50755000000.0,22892000000.0,27863000000.0,140761657205.0,737000000.0,0.0,-6886000000.0,338000000.0,-1724000000.0,-8303000000.0,-2083000000.0,-151000000.0,11091000000.0,32000000.0,6819000000.0,6819000000.0,6819000000.0,0.0,0.0,0.072,20289000000.0,10901000000.0,13964000000.0,0.255,316.318,20.643,21.262,22945000000.0,0.0,196.25,1.492,1.494,0.0,98000000.0,94344000000.0,94344000000.0,0.0,0.136,2.645,0.204,0.104,182000000.0,18825000000.0,1.0,717256852.0,718000000.0,,131.398,51200000000.0,213000000.0,2167000000.0,0.0,71.309,3924000000.0
2,LOW,MRT,2020-12-31,2021-01-29,2021-01-29,2021-08-26,-136000000.0,46735000000.0,48802500000.0,22326000000.0,24409000000.0,1.836,1.961,-1701000000.0,4690000000.0,4690000000.0,60025000000.0,5835000000.0,1.192,31.523,26211000000.0,1653000000.0,24558000000.0,26211000000.0,2627000000.0,2073000000.0,0.0,0.014,2.3,8587000000.0,10660000000.0,0.119,10660000000.0,8587000000.0,7739000000.0,7.77,7.75,7.77,1437000000.0,2895500000.0,1437000000.0,140236809024.0,16.0,13.155,9348000000.0,12.758,1.0,29572000000.0,0.33,0.0,848000000.0,49526000000.0,47884500000.0,16193000000.0,706000000.0,506000000.0,200000000.0,45298000000.0,18730000000.0,26568000000.0,122254809024.0,3974000000.0,0.0,-4819000000.0,1370000000.0,-1704000000.0,-5191000000.0,-1894000000.0,-168000000.0,11049000000.0,10000000.0,5835000000.0,5835000000.0,5835000000.0,0.0,0.0,0.065,19925000000.0,9647000000.0,10884000000.0,0.296,85.076,20.952,21.474,22987000000.0,0.0,166.85,1.364,1.364,0.0,1117000000.0,89597000000.0,89597000000.0,0.0,0.12,2.015,0.179,0.096,155000000.0,18526000000.0,1.0,732722859.0,732722859.0,,122.28,46735000000.0,340000000.0,1904000000.0,0.0,63.783,3596000000.0
3,LOW,MRT,2020-09-30,2020-10-30,2020-10-30,2021-08-26,-245000000.0,50880000000.0,46986500000.0,26916000000.0,23964000000.0,1.816,5.416,-1577000000.0,8249000000.0,8249000000.0,57215000000.0,5367000000.0,1.376,11.492,26231000000.0,1139000000.0,25092000000.0,26231000000.0,2621000000.0,2016000000.0,0.0,0.014,2.25,8021000000.0,10037000000.0,0.118,10037000000.0,8021000000.0,7193000000.0,7.1,7.1,7.1,4073000000.0,3029250000.0,4073000000.0,134025868873.0,17.0,13.353,10093000000.0,13.422,1.0,28098000000.0,0.329,0.0,828000000.0,49298000000.0,47333750000.0,15712000000.0,2054000000.0,1852000000.0,202000000.0,46807000000.0,19564000000.0,27243000000.0,119481868873.0,7443000000.0,0.0,-2050000000.0,2690000000.0,-1675000000.0,-1061000000.0,-3158000000.0,-1557000000.0,11670000000.0,4000000.0,5367000000.0,5367000000.0,5367000000.0,0.0,0.0,0.063,19017000000.0,9081000000.0,12759000000.0,0.317,29.335,22.262,22.268,22506000000.0,0.0,158.1,1.401,1.394,0.0,3942000000.0,85313000000.0,85313000000.0,0.0,0.114,1.772,0.169,0.094,130000000.0,17671000000.0,1.0,755736046.0,752000000.0,,113.448,50880000000.0,241000000.0,1826000000.0,0.0,67.66,7352000000.0
4,LOW,MRT,2020-06-30,2020-07-31,2020-07-31,2021-08-26,-285000000.0,51763000000.0,44207500000.0,27717000000.0,24046000000.0,1.819,5.793,-1501000000.0,11641000000.0,11641000000.0,53954000000.0,5724000000.0,1.297,10.883,26185000000.0,2129000000.0,24056000000.0,26185000000.0,2696000000.0,1947000000.0,0.0,0.015,2.2,8464000000.0,10411000000.0,0.13,10411000000.0,8464000000.0,7680000000.0,7.54,7.55,7.54,4356000000.0,2625500000.0,4356000000.0,132697463225.0,16.0,12.746,10964000000.0,14.58,1.0,26438000000.0,0.329,0.0,784000000.0,44937000000.0,46557750000.0,13831000000.0,1411000000.0,1085000000.0,326000000.0,47407000000.0,21370000000.0,26037000000.0,112427463225.0,9833000000.0,0.0,-2380000000.0,3910000000.0,-1687000000.0,-155000000.0,-2471000000.0,-947000000.0,12465000000.0,6000000.0,5724000000.0,5724000000.0,5724000000.0,0.0,0.0,0.071,17974000000.0,8464000000.0,12916000000.0,0.292,25.81,19.641,19.749,22532000000.0,0.0,148.91,1.398,1.393,0.0,4134000000.0,80392000000.0,80392000000.0,0.0,0.129,2.18,0.182,0.105,111000000.0,16673000000.0,1.0,755002775.0,752000000.0,,106.904,51763000000.0,267000000.0,1956000000.0,0.0,68.834,6347000000.0
5,LOW,MRT,2020-03-31,2020-05-01,2020-05-01,2021-08-26,-393000000.0,45832000000.0,41440500000.0,21926000000.0,23906000000.0,1.788,2.273,-1443000000.0,5955000000.0,5955000000.0,50208000000.0,4572000000.0,1.197,25.709,26225000000.0,2110000000.0,24115000000.0,26225000000.0,2127000000.0,1916000000.0,0.0,0.021,2.2,6888000000.0,8804000000.0,0.119,8804000000.0,6888000000.0,6154000000.0,5.94,5.95,5.94,1716000000.0,2196500000.0,1716000000.0,101895935770.0,15.0,11.574,5166000000.0,6.842,1.0,23874000000.0,0.322,0.0,734000000.0,47777000000.0,46613000000.0,14283000000.0,501000000.0,201000000.0,300000000.0,44116000000.0,18325000000.0,25791000000.0,78861935770.0,2970000000.0,0.0,-4363000000.0,3922000000.0,-1653000000.0,-2089000000.0,-1526000000.0,-62000000.0,6609000000.0,-12000000.0,4572000000.0,4572000000.0,4572000000.0,0.0,0.0,0.062,16986000000.0,6888000000.0,10841000000.0,0.37,45.957,17.249,17.586,22505000000.0,0.0,104.46,1.065,1.065,0.0,1722000000.0,74082000000.0,74082000000.0,0.0,0.11,2.081,0.148,0.093,83000000.0,15701000000.0,1.0,754948648.0,755000000.0,,98.122,45832000000.0,215000000.0,1582000000.0,0.0,60.705,3601000000.0
6,LOW,MRT,2019-12-31,2020-01-31,2020-01-31,2021-08-26,-136000000.0,39471000000.0,40787250000.0,15318000000.0,24153000000.0,1.769,2.573,-1321000000.0,716000000.0,716000000.0,49205000000.0,4281000000.0,1.009,19.016,23750000000.0,3039000000.0,20711000000.0,23750000000.0,2113000000.0,1878000000.0,0.0,0.018,2.13,6314000000.0,8192000000.0,0.114,8192000000.0,6314000000.0,5623000000.0,5.49,5.49,5.49,1972000000.0,2576500000.0,1972000000.0,110588103983.0,18.0,13.5,2975000000.0,3.881,1.0,22943000000.0,0.318,0.0,691000000.0,47323000000.0,45813500000.0,13179000000.0,532000000.0,160000000.0,372000000.0,37499000000.0,15182000000.0,22317000000.0,89095103983.0,193000000.0,0.0,-4195000000.0,3079000000.0,-1618000000.0,-2735000000.0,-1369000000.0,-48000000.0,4296000000.0,1000000.0,4281000000.0,4281000000.0,4281000000.0,0.0,0.0,0.059,16629000000.0,6314000000.0,7659000000.0,0.388,45.18,20.812,21.173,22660000000.0,0.0,116.24,1.235,1.235,0.0,1727000000.0,72148000000.0,72148000000.0,0.0,0.105,1.662,0.138,0.088,98000000.0,15367000000.0,1.0,766475430.0,766475430.0,,94.13,39471000000.0,216000000.0,1342000000.0,0.0,51.497,136000000.0
7,LOW,MRT,2019-09-30,2019-11-01,2019-11-01,2021-08-26,-164000000.0,39764000000.0,39546500000.0,15662000000.0,24102000000.0,1.815,3.196,-1158000000.0,794000000.0,794000000.0,48908000000.0,2947000000.0,1.04,15.177,22287000000.0,1710000000.0,20577000000.0,22287000000.0,2097000000.0,1771000000.0,0.0,0.018,2.06,4788000000.0,6559000000.0,0.091,6559000000.0,4788000000.0,4123000000.0,3.81,3.82,3.81,2458000000.0,2994500000.0,2458000000.0,107472656162.0,22.0,16.386,2348000000.0,3.053,1.0,22860000000.0,0.319,0.0,665000000.0,46194000000.0,42837750000.0,13716000000.0,490000000.0,127000000.0,363000000.0,37306000000.0,15063000000.0,22243000000.0,87174656162.0,-820000000.0,0.0,-4069000000.0,2479000000.0,-1582000000.0,-3181000000.0,-1155000000.0,2000000.0,3506000000.0,-2000000.0,2947000000.0,2947000000.0,2947000000.0,0.0,0.0,0.041,18072000000.0,4788000000.0,8822000000.0,0.541,35.466,29.581,29.646,22244000000.0,0.0,112.95,1.215,1.21,0.0,2238000000.0,71768000000.0,71768000000.0,0.0,0.075,0.984,0.112,0.067,70000000.0,16780000000.0,1.0,771798638.0,769000000.0,,93.326,39764000000.0,479000000.0,1176000000.0,0.0,51.709,599000000.0
8,LOW,MRT,2019-06-30,2019-08-02,2019-08-02,2021-08-26,-187000000.0,40695000000.0,38783750000.0,16796000000.0,23899000000.0,1.851,3.38,-1069000000.0,1796000000.0,1796000000.0,49198000000.0,2527000000.0,1.061,14.415,22094000000.0,1501000000.0,20593000000.0,22094000000.0,2192000000.0,1768000000.0,0.0,0.02,1.99,4187000000.0,5955000000.0,0.083,5955000000.0,4187000000.0,3546000000.0,3.23,3.24,3.23,2640000000.0,3728500000.0,2640000000.0,96829802707.0,23.0,16.26,2920000000.0,3.739,1.0,22597000000.0,0.315,0.0,641000000.0,45158000000.0,39859500000.0,13730000000.0,454000000.0,275000000.0,179000000.0,38055000000.0,15835000000.0,22220000000.0,77688802707.0,-401000000.0,0.0,-3825000000.0,2041000000.0,-1544000000.0,-3338000000.0,-1058000000.0,15000000.0,3989000000.0,-6000000.0,2527000000.0,2527000000.0,2527000000.0,0.0,0.0,0.035,18410000000.0,4187000000.0,9499000000.0,0.616,29.428,30.743,30.721,22170000000.0,0.0,99.23,1.082,1.079,0.0,2439000000.0,71795000000.0,71795000000.0,0.0,0.065,0.678,0.105,0.058,63000000.0,17005000000.0,1.0,782916484.0,781000000.0,,91.927,40695000000.0,512000000.0,1019000000.0,0.0,52.106,961000000.0
9,LOW,MRT,2019-03-31,2019-05-03,2019-05-03,2021-08-26,-256000000.0,43219000000.0,37886250000.0,19335000000.0,23884000000.0,1.892,4.065,-1060000000.0,2973000000.0,2973000000.0,48949000000.0,2371000000.0,1.087,12.356,22114000000.0,1508000000.0,20606000000.0,22114000000.0,2213000000.0,1671000000.0,0.0,0.017,1.92,3969000000.0,5640000000.0,0.079,5640000000.0,3969000000.0,3344000000.0,2.95,2.96,2.95,3236000000.0,4513750000.0,3236000000.0,105141876482.0,26.0,18.642,3841000000.0,4.825,1.0,22742000000.0,0.317,0.0,625000000.0,44579000000.0,37278250000.0,15026000000.0,425000000.0,190000000.0,235000000.0,39983000000.0,17781000000.0,22202000000.0,89429876482.0,1462000000.0,0.0,-2997000000.0,2046000000.0,-1500000000.0,-2463000000.0,-975000000.0,88000000.0,4901000000.0,-13000000.0,2371000000.0,2371000000.0,2371000000.0,0.0,0.0,0.033,18773000000.0,3969000000.0,11485000000.0,0.651,27.636,37.718,38.088,22076000000.0,0.0,112.36,1.247,1.248,0.0,3095000000.0,71691000000.0,71691000000.0,0.0,0.063,0.525,0.106,0.055,92000000.0,17343000000.0,1.0,795922717.0,796000000.0,,90.064,43219000000.0,495000000.0,973000000.0,0.0,54.295,1554000000.0
10,LOW,MRT,2018-12-31,2019-02-01,2019-02-01,2021-08-26,-209000000.0,34508000000.0,36640750000.0,14228000000.0,20280000000.0,1.946,4.538,-1098000000.0,511000000.0,511000000.0,48401000000.0,2314000000.0,0.981,8.47,16223000000.0,1832000000.0,14391000000.0,16223000000.0,2126000000.0,1607000000.0,0.0,0.019,1.85,4018000000.0,5625000000.0,0.079,5625000000.0,4018000000.0,3394000000.0,2.84,2.84,2.84,3644000000.0,5141000000.0,3644000000.0,91884154950.0,23.0,16.335,5095000000.0,6.345,1.0,22908000000.0,0.321,303000000.0,624000000.0,35420000000.0,34997000000.0,12561000000.0,474000000.0,218000000.0,256000000.0,30864000000.0,14497000000.0,16367000000.0,77975154950.0,-23000000.0,0.0,-2923000000.0,-741000000.0,-1455000000.0,-5124000000.0,-1080000000.0,20000000.0,6193000000.0,-12000000.0,2314000000.0,2314000000.0,2314000000.0,0.0,0.0,0.032,18890000000.0,4018000000.0,8279000000.0,0.651,21.398,33.697,34.194,18432000000.0,0.0,97.11,1.093,1.093,0.0,3452000000.0,71309000000.0,71309000000.0,0.0,0.063,0.45,0.115,0.056,74000000.0,17413000000.0,1.0,802957007.0,802957007.0,,88.808,34205000000.0,294000000.0,1080000000.0,0.0,42.599,-269000000.0
11,LOW,MRT,2018-09-30,2018-11-02,2018-11-02,2021-08-26,-165000000.0,36713000000.0,36836500000.0,15138000000.0,21575000000.0,1.932,6.692,-1108000000.0,1668000000.0,1668000000.0,48896000000.0,3691000000.0,1.005,5.806,15577000000.0,1117000000.0,14460000000.0,15577000000.0,2183000000.0,1598000000.0,0.0,0.018,1.78,5683000000.0,7281000000.0,0.102,7281000000.0,5683000000.0,5063000000.0,4.5,4.5,4.5,5394000000.0,5698250000.0,5394000000.0,91837207672.0,16.0,12.613,5383000000.0,6.679,1.0,22261000000.0,0.313,1272000000.0,620000000.0,34281000000.0,35715750000.0,12365000000.0,498000000.0,208000000.0,290000000.0,31319000000.0,15069000000.0,16250000000.0,78257207672.0,925000000.0,0.0,-2511000000.0,-473000000.0,-1409000000.0,-4398000000.0,-1157000000.0,-46000000.0,6491000000.0,-11000000.0,3691000000.0,3691000000.0,3691000000.0,0.0,0.0,0.052,16578000000.0,5683000000.0,9283000000.0,0.396,14.508,21.202,21.516,18923000000.0,0.0,96.82,1.1,1.097,0.0,5156000000.0,71157000000.0,71157000000.0,0.0,0.1,0.648,0.159,0.08,100000000.0,15146000000.0,1.0,808275229.0,806000000.0,,88.284,35441000000.0,285000000.0,1372000000.0,0.0,43.971,69000000.0
12,LOW,MRT,2018-06-30,2018-08-03,2018-08-03,2021-08-26,-142000000.0,37105000000.0,36854000000.0,15483000000.0,21622000000.0,1.913,7.111,-1125000000.0,2251000000.0,2251000000.0,47915000000.0,3934000000.0,1.062,5.418,15831000000.0,894000000.0,14937000000.0,15831000000.0,2277000000.0,1523000000.0,0.0,0.018,1.71,6273000000.0,7796000000.0,0.111,7796000000.0,6273000000.0,5646000000.0,4.77,4.77,4.77,5781000000.0,5785250000.0,5781000000.0,93960112872.0,15.0,12.052,4653000000.0,5.723,1.0,22597000000.0,0.32,1271000000.0,627000000.0,34833000000.0,36398750000.0,11885000000.0,478000000.0,391000000.0,87000000.0,31324000000.0,14581000000.0,16743000000.0,79681112872.0,555000000.0,-4000000.0,-2426000000.0,-300000000.0,-1363000000.0,-4092000000.0,-1125000000.0,0.0,5778000000.0,-6000000.0,3934000000.0,3934000000.0,3934000000.0,0.0,0.0,0.056,16324000000.0,6273000000.0,8984000000.0,0.358,13.783,20.254,20.468,19172000000.0,0.0,97.63,1.13,1.126,0.0,5517000000.0,70512000000.0,70512000000.0,0.0,0.107,0.68,0.172,0.089,106000000.0,14957000000.0,1.0,816153978.0,813000000.0,,86.731,35834000000.0,249000000.0,1712000000.0,0.0,44.076,902000000.0
13,LOW,MRT,2018-03-31,2018-05-04,2018-05-04,2021-08-26,-71000000.0,38237000000.0,36744750000.0,16033000000.0,22204000000.0,1.881,6.964,-1101000000.0,1565000000.0,1565000000.0,46737000000.0,3833000000.0,1.016,5.656,15844000000.0,896000000.0,14948000000.0,15844000000.0,2247000000.0,1538000000.0,0.0,0.019,1.64,6492000000.0,8030000000.0,0.116,8030000000.0,6492000000.0,5859000000.0,4.59,4.59,4.59,5745000000.0,5724000000.0,5745000000.0,85961293849.0,13.0,10.705,4098000000.0,4.967,1.0,22382000000.0,0.324,1288000000.0,633000000.0,35454000000.0,36734500000.0,13204000000.0,526000000.0,205000000.0,321000000.0,32492000000.0,15774000000.0,16718000000.0,69554293849.0,-398000000.0,-509000000.0,-2574000000.0,-308000000.0,-1324000000.0,-4217000000.0,-1386000000.0,210000000.0,5199000000.0,6000000.0,3833000000.0,3833000000.0,3833000000.0,0.0,0.0,0.055,15890000000.0,6492000000.0,10104000000.0,0.357,12.107,18.146,18.351,19500000000.0,0.0,84.23,1.006,1.005,0.0,5405000000.0,69119000000.0,69119000000.0,0.0,0.104,0.67,0.177,0.094,97000000.0,14502000000.0,1.0,825766281.0,825000000.0,,83.781,36949000000.0,199000000.0,2026000000.0,0.0,44.787,259000000.0
14,LOW,MRT,2017-12-31,2018-02-02,2018-02-02,2021-08-26,11000000.0,35291000000.0,36588750000.0,12772000000.0,22519000000.0,1.875,7.078,-1078000000.0,588000000.0,588000000.0,46185000000.0,3447000000.0,1.056,5.009,16995000000.0,1431000000.0,15564000000.0,16995000000.0,2181000000.0,1540000000.0,0.0,0.016,1.58,6122000000.0,7662000000.0,0.112,7662000000.0,6122000000.0,5489000000.0,4.09,4.09,4.09,5873000000.0,5670500000.0,5873000000.0,99515700596.0,16.0,12.988,3987000000.0,4.805,1.0,22434000000.0,0.327,1307000000.0,633000000.0,38295000000.0,36858000000.0,11393000000.0,510000000.0,102000000.0,408000000.0,29418000000.0,12096000000.0,17322000000.0,84220700596.0,30000000.0,-509000000.0,-3053000000.0,744000000.0,-1288000000.0,-3607000000.0,-1441000000.0,133000000.0,5065000000.0,13000000.0,3447000000.0,3447000000.0,3447000000.0,0.0,0.0,0.05,15848000000.0,6586000000.0,6590000000.0,0.386,14.34,24.433,24.817,19721000000.0,0.0,101.5,1.227,1.227,0.0,5425000000.0,68619000000.0,68619000000.0,0.0,0.094,0.608,0.166,0.089,99000000.0,14444000000.0,1.0,829760597.0,829760597.0,,82.697,33984000000.0,168000000.0,2042000000.0,0.0,40.956,676000000.0
15,LOW,MRT,2017-09-30,2017-11-03,2017-11-03,2021-08-26,38000000.0,36783000000.0,36368000000.0,14009000000.0,22774000000.0,1.895,6.91,-1104000000.0,743000000.0,743000000.0,46084000000.0,3556000000.0,1.02,5.406,16038000000.0,468000000.0,15570000000.0,16038000000.0,2198000000.0,1548000000.0,0.0,0.02,1.52,6293000000.0,7841000000.0,0.114,7841000000.0,6293000000.0,5654000000.0,4.17,4.17,4.17,5742000000.0,5810750000.0,5742000000.0,79280724988.0,13.0,10.111,4616000000.0,5.555,1.0,22825000000.0,0.331,1327000000.0,639000000.0,37013000000.0,36407500000.0,12393000000.0,455000000.0,85000000.0,370000000.0,31041000000.0,13738000000.0,17303000000.0,64892724988.0,-217000000.0,-581000000.0,-3457000000.0,275000000.0,-1253000000.0,-4566000000.0,-1381000000.0,283000000.0,5720000000.0,10000000.0,3556000000.0,3556000000.0,3556000000.0,0.0,0.0,0.052,16068000000.0,6757000000.0,8903000000.0,0.365,11.301,18.249,18.686,19818000000.0,0.0,77.92,0.942,0.94,0.0,5289000000.0,68909000000.0,68909000000.0,0.0,0.098,0.612,0.173,0.091,97000000.0,14650000000.0,1.0,832812179.0,831000000.0,,82.923,35456000000.0,347000000.0,2098000000.0,0.0,42.667,271000000.0
16,LOW,MRT,2017-06-30,2017-08-04,2017-08-04,2021-08-26,-136000000.0,36668000000.0,36014750000.0,14033000000.0,22635000000.0,1.885,6.583,-1123000000.0,1696000000.0,1696000000.0,45359000000.0,3063000000.0,1.03,5.624,16084000000.0,296000000.0,15788000000.0,16084000000.0,2240000000.0,1580000000.0,0.0,0.019,1.46,5685000000.0,7265000000.0,0.107,7265000000.0,5685000000.0,5043000000.0,3.55,3.55,3.55,5536000000.0,6025000000.0,5536000000.0,80264026416.0,14.0,11.048,4940000000.0,5.874,1.0,22519000000.0,0.332,1255000000.0,642000000.0,36176000000.0,36138750000.0,11407000000.0,479000000.0,119000000.0,360000000.0,31132000000.0,13625000000.0,17507000000.0,66162026416.0,-292000000.0,-577000000.0,-3507000000.0,-285000000.0,-1218000000.0,-5134000000.0,-1223000000.0,471000000.0,6063000000.0,2000000.0,3063000000.0,3063000000.0,3063000000.0,0.0,0.0,0.045,16370000000.0,6149000000.0,8649000000.0,0.411,11.951,21.6,22.076,19762000000.0,0.0,78.37,0.975,0.971,0.0,5253000000.0,67878000000.0,67878000000.0,0.0,0.085,0.508,0.157,0.084,96000000.0,14926000000.0,1.0,844226444.0,841000000.0,,80.711,35413000000.0,328000000.0,1980000000.0,0.0,42.108,408000000.0
17,LOW,MRT,2017-03-31,2017-05-05,2017-05-05,2021-08-26,-241000000.0,37613000000.0,35965500000.0,15276000000.0,22337000000.0,1.853,6.454,-1129000000.0,1963000000.0,1963000000.0,44506000000.0,2811000000.0,1.04,5.8,16065000000.0,295000000.0,15770000000.0,16065000000.0,2184000000.0,1596000000.0,0.0,0.016,1.4,5354000000.0,6950000000.0,0.104,6950000000.0,5354000000.0,4705000000.0,3.19,3.18,3.19,5531000000.0,6369250000.0,5531000000.0,88871630948.0,17.0,12.787,4563000000.0,5.324,1.0,22137000000.0,0.332,1081000000.0,649000000.0,35948000000.0,36104000000.0,12254000000.0,561000000.0,84000000.0,477000000.0,32082000000.0,14686000000.0,17396000000.0,73730630948.0,-2598000000.0,-2356000000.0,-3422000000.0,-280000000.0,-1170000000.0,-4981000000.0,-3303000000.0,193000000.0,5692000000.0,-6000000.0,2811000000.0,2811000000.0,2811000000.0,0.0,0.0,0.042,16319000000.0,5818000000.0,9905000000.0,0.439,13.33,26.229,26.959,19748000000.0,0.0,86.0,1.106,1.106,0.0,5346000000.0,66643000000.0,66643000000.0,0.0,0.078,0.441,0.148,0.08,91000000.0,14861000000.0,1.0,857332918.0,857000000.0,,77.763,36532000000.0,272000000.0,1894000000.0,0.0,42.628,590000000.0
18,LOW,MRT,2016-12-31,2017-02-03,2017-02-03,2021-08-26,-240000000.0,34408000000.0,35856500000.0,12000000000.0,22408000000.0,1.813,7.397,-1130000000.0,558000000.0,558000000.0,43343000000.0,3093000000.0,1.002,4.348,15699000000.0,1305000000.0,14394000000.0,15699000000.0,2016000000.0,1590000000.0,0.0,0.018,1.33,5846000000.0,7436000000.0,0.114,7436000000.0,5846000000.0,5201000000.0,3.48,3.47,3.48,6434000000.0,6789500000.0,6434000000.0,77986097770.0,13.0,10.488,4487000000.0,5.158,1.0,21674000000.0,0.333,1082000000.0,645000000.0,36493000000.0,35553500000.0,10458000000.0,466000000.0,100000000.0,366000000.0,27974000000.0,11974000000.0,16000000000.0,63751097770.0,153000000.0,-2356000000.0,-3456000000.0,2560000000.0,-1121000000.0,-2092000000.0,-3361000000.0,138000000.0,5617000000.0,-11000000.0,3093000000.0,3093000000.0,3093000000.0,0.0,0.0,0.048,15828000000.0,5846000000.0,6651000000.0,0.382,9.908,20.611,21.06,19949000000.0,0.0,73.29,0.981,0.981,0.0,6241000000.0,65017000000.0,65017000000.0,0.0,0.086,0.456,0.164,0.09,90000000.0,14375000000.0,1.0,869847152.0,869847152.0,,74.745,33326000000.0,222000000.0,2108000000.0,0.0,38.312,26000000.0
19,LOW,MRT,2016-09-30,2016-10-28,2016-10-28,2021-08-26,-214000000.0,35370000000.0,35071000000.0,12728000000.0,22642000000.0,1.781,7.559,-1139000000.0,960000000.0,960000000.0,40849000000.0,2441000000.0,1.008,4.343,15195000000.0,800000000.0,14395000000.0,15195000000.0,2003000000.0,1585000000.0,0.0,0.019,1.26,5014000000.0,6599000000.0,0.106,6599000000.0,5014000000.0,4386000000.0,2.76,2.75,2.76,6599000000.0,7094500000.0,6599000000.0,72451423202.0,14.0,10.979,4368000000.0,5.003,1.0,21620000000.0,0.346,1034000000.0,628000000.0,35938000000.0,34646250000.0,10990000000.0,559000000.0,123000000.0,436000000.0,28662000000.0,12633000000.0,16029000000.0,58628423202.0,-267000000.0,-2284000000.0,-3453000000.0,2109000000.0,-1072000000.0,-2359000000.0,-3409000000.0,38000000.0,5507000000.0,-6000000.0,2441000000.0,2441000000.0,2441000000.0,0.0,0.0,0.039,16606000000.0,5014000000.0,7836000000.0,0.457,8.884,24.018,24.286,20037000000.0,0.0,67.03,0.939,0.937,0.0,6376000000.0,62469000000.0,62469000000.0,0.0,0.07,0.344,0.145,0.08,104000000.0,15112000000.0,1.0,874659454.0,873000000.0,,71.557,34336000000.0,331000000.0,1945000000.0,0.0,39.331,95000000.0
20,LOW,MRT,2016-06-30,2016-07-29,2016-07-29,2021-08-26,-366000000.0,36471000000.0,34639500000.0,13351000000.0,23120000000.0,1.764,7.829,-1063000000.0,1988000000.0,1988000000.0,39887000000.0,2798000000.0,1.013,4.26,15811000000.0,1193000000.0,14618000000.0,15811000000.0,2029000000.0,1574000000.0,0.0,0.014,1.19,5403000000.0,6977000000.0,0.114,6977000000.0,5403000000.0,4797000000.0,3.13,3.12,3.13,6913000000.0,7539250000.0,6913000000.0,83752696032.0,16.0,12.004,4185000000.0,4.74,1.0,21203000000.0,0.347,1074000000.0,606000000.0,36037000000.0,33834000000.0,10604000000.0,772000000.0,168000000.0,604000000.0,29449000000.0,13183000000.0,16266000000.0,72908696032.0,1087000000.0,-2284000000.0,-3605000000.0,3968000000.0,-1023000000.0,-615000000.0,-3541000000.0,-182000000.0,5248000000.0,-5000000.0,2798000000.0,2798000000.0,2798000000.0,0.0,0.0,0.046,15800000000.0,5403000000.0,7696000000.0,0.38,10.547,26.057,26.288,20274000000.0,0.0,82.28,1.193,1.189,0.0,6839000000.0,61090000000.0,61090000000.0,0.0,0.081,0.371,0.16,0.088,109000000.0,14315000000.0,1.0,886104716.0,883000000.0,,69.185,35397000000.0,250000000.0,1999000000.0,0.0,40.087,168000000.0
21,LOW,MRT,2016-03-31,2016-04-29,2016-04-29,2021-08-26,-309000000.0,37177000000.0,33705750000.0,16473000000.0,20704000000.0,1.785,8.04,-1108000000.0,4561000000.0,4561000000.0,39282000000.0,2757000000.0,1.167,4.155,15405000000.0,1083000000.0,14322000000.0,15405000000.0,1959000000.0,1579000000.0,0.0,0.015,1.12,5324000000.0,6903000000.0,0.115,6903000000.0,5324000000.0,4751000000.0,3.01,3.01,3.01,7212000000.0,7982750000.0,7212000000.0,80467284577.0,15.0,11.657,4418000000.0,4.925,1.0,20896000000.0,0.347,154000000.0,573000000.0,33746000000.0,32547250000.0,11055000000.0,574000000.0,174000000.0,400000000.0,29965000000.0,14121000000.0,15844000000.0,68223284577.0,3127000000.0,0.0,-3945000000.0,3958000000.0,-990000000.0,-939000000.0,-1451000000.0,-312000000.0,5526000000.0,-9000000.0,2757000000.0,2757000000.0,2757000000.0,0.0,0.0,0.046,15572000000.0,5324000000.0,8821000000.0,0.372,9.46,24.745,25.256,19463000000.0,0.0,76.02,1.134,1.133,0.0,7074000000.0,60178000000.0,60178000000.0,0.0,0.082,0.345,0.164,0.088,113000000.0,14083000000.0,1.0,897438629.0,897000000.0,,67.088,37023000000.0,154000000.0,1994000000.0,0.0,41.274,2352000000.0
22,LOW,MRT,2015-12-31,2016-01-29,2016-01-29,2021-08-26,-394000000.0,31266000000.0,32990250000.0,10561000000.0,20705000000.0,1.791,8.364,-1140000000.0,405000000.0,405000000.0,38504000000.0,2546000000.0,1.007,3.085,12649000000.0,1104000000.0,11545000000.0,12649000000.0,1807000000.0,1587000000.0,0.0,0.015,1.07,4971000000.0,6558000000.0,0.111,6558000000.0,4971000000.0,4419000000.0,2.73,2.73,2.73,7654000000.0,8549000000.0,7654000000.0,76948396138.0,15.0,11.734,3644000000.0,3.982,1.0,20570000000.0,0.348,154000000.0,552000000.0,32864000000.0,31926000000.0,9458000000.0,529000000.0,307000000.0,222000000.0,23612000000.0,10492000000.0,13120000000.0,65576396138.0,-61000000.0,0.0,-3800000000.0,1209000000.0,-957000000.0,-3493000000.0,-1343000000.0,-175000000.0,4784000000.0,-9000000.0,2546000000.0,2546000000.0,2546000000.0,0.0,0.0,0.043,15599000000.0,4971000000.0,5633000000.0,0.392,8.568,25.757,26.249,19577000000.0,0.0,71.66,1.11,1.11,0.0,7593000000.0,59074000000.0,59074000000.0,0.0,0.077,0.298,0.156,0.084,117000000.0,14105000000.0,1.0,915104607.0,915104607.0,,64.554,31112000000.0,241000000.0,1873000000.0,0.0,33.998,69000000.0
23,LOW,MRT,2015-09-30,2015-10-30,2015-10-30,2021-08-26,-379000000.0,33644000000.0,33104000000.0,12140000000.0,21504000000.0,1.763,9.126,-1078000000.0,1227000000.0,1227000000.0,38048000000.0,2985000000.0,0.998,3.016,12588000000.0,1058000000.0,11530000000.0,12588000000.0,1815000000.0,1579000000.0,0.0,0.014,1.02,5351000000.0,6930000000.0,0.119,6930000000.0,5351000000.0,4811000000.0,3.17,3.17,3.17,8378000000.0,9127500000.0,8378000000.0,78767919166.0,15.0,11.366,3713000000.0,4.045,1.0,20330000000.0,0.348,154000000.0,540000000.0,32689000000.0,32026250000.0,10434000000.0,540000000.0,158000000.0,382000000.0,25266000000.0,12162000000.0,13104000000.0,68309919166.0,-335000000.0,0.0,-4221000000.0,1165000000.0,-925000000.0,-3927000000.0,-1187000000.0,-86000000.0,4791000000.0,-12000000.0,2985000000.0,2985000000.0,2985000000.0,0.0,0.0,0.051,14979000000.0,5351000000.0,7338000000.0,0.322,8.153,22.884,23.29,19655000000.0,0.0,73.83,1.17,1.161,0.0,8298000000.0,58378000000.0,58378000000.0,0.0,0.09,0.327,0.167,0.092,119000000.0,13493000000.0,1.0,925232550.0,918000000.0,,63.593,33490000000.0,295000000.0,1826000000.0,0.0,36.481,-22000000.0
24,LOW,MRT,2015-06-30,2015-07-31,2015-07-31,2021-08-26,-310000000.0,32736000000.0,33201000000.0,11115000000.0,21621000000.0,1.738,9.331,-1018000000.0,901000000.0,901000000.0,37641000000.0,2834000000.0,0.915,2.768,11350000000.0,1014000000.0,10336000000.0,11350000000.0,1885000000.0,1579000000.0,0.0,0.014,0.97,5111000000.0,6690000000.0,0.116,6690000000.0,5111000000.0,4578000000.0,2.96,2.96,2.96,8687000000.0,9715500000.0,8687000000.0,74617077100.0,15.0,11.154,4152000000.0,4.46,1.0,20058000000.0,0.348,154000000.0,533000000.0,30890000000.0,32109750000.0,9704000000.0,600000000.0,188000000.0,412000000.0,24049000000.0,12141000000.0,11908000000.0,64691077100.0,-138000000.0,0.0,-4352000000.0,1185000000.0,-893000000.0,-3998000000.0,-1299000000.0,-259000000.0,5170000000.0,-11000000.0,2834000000.0,2834000000.0,2834000000.0,0.0,0.0,0.049,14947000000.0,5111000000.0,7123000000.0,0.328,7.447,22.827,23.432,19751000000.0,0.0,69.36,1.121,1.119,0.0,8533000000.0,57699000000.0,57699000000.0,0.0,0.085,0.292,0.159,0.089,123000000.0,13461000000.0,1.0,932685656.0,931000000.0,,61.975,32582000000.0,254000000.0,1744000000.0,0.0,34.997,-1026000000.0
25,LOW,MRT,2015-03-31,2015-05-01,2015-05-01,2021-08-26,-81000000.0,34315000000.0,33301250000.0,12536000000.0,21779000000.0,1.71,9.976,-879000000.0,1434000000.0,1434000000.0,37138000000.0,2747000000.0,0.967,2.621,11350000000.0,1026000000.0,10324000000.0,11350000000.0,1880000000.0,1579000000.0,0.0,0.013,0.92,4958000000.0,6537000000.0,0.115,6537000000.0,4958000000.0,4432000000.0,2.8,2.8,2.8,9477000000.0,10353750000.0,9477000000.0,78186518048.0,16.0,11.961,4534000000.0,4.773,1.0,19812000000.0,0.348,0.0,526000000.0,31261000000.0,32437750000.0,10614000000.0,479000000.0,95000000.0,384000000.0,24838000000.0,12970000000.0,11868000000.0,67285518048.0,776000000.0,0.0,-3970000000.0,1193000000.0,-858000000.0,-3584000000.0,-1049000000.0,-171000000.0,5413000000.0,-4000000.0,2747000000.0,2747000000.0,2747000000.0,0.0,0.0,0.048,14854000000.0,4958000000.0,8023000000.0,0.329,7.1,24.494,25.25,19892000000.0,0.0,70.7,1.181,1.179,0.0,9085000000.0,56950000000.0,56950000000.0,0.0,0.082,0.265,0.153,0.087,120000000.0,13368000000.0,1.0,951704640.0,950000000.0,,59.947,34315000000.0,160000000.0,1685000000.0,0.0,36.121,-434000000.0
26,LOW,MRT,2014-12-31,2015-01-30,2015-01-30,2021-08-26,-103000000.0,31721000000.0,33279750000.0,9851000000.0,21870000000.0,1.689,10.246,-828000000.0,466000000.0,466000000.0,36665000000.0,2698000000.0,1.054,2.182,11358000000.0,552000000.0,10806000000.0,11358000000.0,1709000000.0,1586000000.0,0.0,0.013,0.87,4792000000.0,6378000000.0,0.113,6378000000.0,4792000000.0,4276000000.0,2.71,2.71,2.71,9968000000.0,10855000000.0,9968000000.0,75719291344.0,16.0,11.872,4101000000.0,4.215,1.0,19558000000.0,0.348,0.0,516000000.0,33265000000.0,32843500000.0,8911000000.0,479000000.0,125000000.0,354000000.0,21753000000.0,9348000000.0,12405000000.0,65924291344.0,75000000.0,0.0,-3768000000.0,805000000.0,-822000000.0,-3761000000.0,-1088000000.0,-256000000.0,4929000000.0,-5000000.0,2698000000.0,2698000000.0,2698000000.0,0.0,0.0,0.048,14766000000.0,4792000000.0,5124000000.0,0.321,6.614,24.435,25.004,20034000000.0,0.0,67.76,1.173,1.173,0.0,9591000000.0,56223000000.0,56223000000.0,0.0,0.081,0.249,0.146,0.085,119000000.0,13272000000.0,1.0,972908668.0,972908668.0,,57.789,31721000000.0,133000000.0,1578000000.0,0.0,32.604,503000000.0
27,LOW,MRT,2014-09-30,2014-10-31,2014-10-31,2021-08-26,-28000000.0,34032000000.0,33532500000.0,12130000000.0,21902000000.0,1.65,10.971,-860000000.0,1562000000.0,1562000000.0,36090000000.0,2554000000.0,1.123,2.172,11357000000.0,551000000.0,10806000000.0,11357000000.0,1765000000.0,1594000000.0,0.0,0.014,0.82,4600000000.0,6194000000.0,0.112,6194000000.0,4600000000.0,4088000000.0,2.54,2.54,2.54,10730000000.0,11326250000.0,10730000000.0,65540711734.0,14.0,10.581,4076000000.0,4.168,1.0,19253000000.0,0.348,0.0,512000000.0,33023000000.0,33023750000.0,9762000000.0,606000000.0,211000000.0,395000000.0,23302000000.0,10804000000.0,12498000000.0,56462711734.0,461000000.0,0.0,-3725000000.0,1190000000.0,-787000000.0,-3320000000.0,-1150000000.0,-285000000.0,4936000000.0,-5000000.0,2554000000.0,2554000000.0,2554000000.0,0.0,0.0,0.046,14653000000.0,4600000000.0,6459000000.0,0.323,5.262,22.108,22.52,20180000000.0,0.0,57.2,1.02,1.011,0.0,10271000000.0,55343000000.0,55343000000.0,0.0,0.076,0.225,0.139,0.083,114000000.0,13160000000.0,1.0,987110345.0,978000000.0,,56.588,34032000000.0,261000000.0,1534000000.0,92000000.0,34.798,1326000000.0
28,LOW,MRT,2014-06-30,2014-08-01,2014-08-01,2021-08-26,-5000000.0,33137000000.0,33543750000.0,11075000000.0,22062000000.0,1.628,11.296,-896000000.0,1039000000.0,1039000000.0,35603000000.0,2468000000.0,1.106,1.948,10117000000.0,54000000.0,10063000000.0,10117000000.0,1782000000.0,1593000000.0,0.0,0.016,0.77,4436000000.0,6029000000.0,0.11,6029000000.0,4436000000.0,3933000000.0,2.42,2.42,2.42,11240000000.0,11806500000.0,11240000000.0,56931276340.0,13.0,9.443,3782000000.0,3.801,1.0,19016000000.0,0.348,0.0,503000000.0,32202000000.0,33196500000.0,9315000000.0,472000000.0,90000000.0,382000000.0,21897000000.0,10013000000.0,11884000000.0,47462276340.0,-46000000.0,-203000000.0,-3601000000.0,935000000.0,-750000000.0,-3427000000.0,-1293000000.0,-189000000.0,4678000000.0,-4000000.0,2468000000.0,2468000000.0,2468000000.0,0.0,0.0,0.045,14580000000.0,4436000000.0,6191000000.0,0.318,4.223,19.231,19.665,20368000000.0,0.0,47.59,0.869,0.867,0.0,10749000000.0,54619000000.0,54619000000.0,0.0,0.074,0.209,0.134,0.081,109000000.0,13089000000.0,1.0,997316166.0,995000000.0,,54.893,33137000000.0,276000000.0,1465000000.0,187000000.0,33.304,1062000000.0
29,LOW,MRT,2014-03-31,2014-05-02,2014-05-02,2021-08-26,-9000000.0,34229000000.0,33611500000.0,11952000000.0,22277000000.0,1.599,11.312,-853000000.0,658000000.0,658000000.0,35053000000.0,2370000000.0,1.105,1.981,10127000000.0,47000000.0,10080000000.0,10127000000.0,1785000000.0,1584000000.0,0.0,0.015,0.72,4233000000.0,5817000000.0,0.108,5817000000.0,4233000000.0,3746000000.0,2.26,2.26,2.26,11482000000.0,12262000000.0,11482000000.0,57992115695.0,14.0,9.969,3260000000.0,3.212,1.0,18678000000.0,0.348,0.0,487000000.0,32884000000.0,33157250000.0,10515000000.0,470000000.0,110000000.0,360000000.0,22747000000.0,10814000000.0,11933000000.0,47862115695.0,-423000000.0,-203000000.0,-3425000000.0,937000000.0,-741000000.0,-3226000000.0,-1303000000.0,-252000000.0,4113000000.0,-7000000.0,2370000000.0,2370000000.0,2370000000.0,0.0,0.0,0.044,14445000000.0,4233000000.0,7051000000.0,0.319,4.168,20.195,20.788,20617000000.0,0.0,46.98,0.891,0.887,0.0,10985000000.0,53731000000.0,53731000000.0,0.0,0.071,0.193,0.128,0.079,110000000.0,12962000000.0,1.0,1018776409.0,1015000000.0,,52.937,34229000000.0,283000000.0,1376000000.0,261000000.0,33.723,1138000000.0
30,LOW,MRT,2013-12-31,2014-01-31,2014-01-31,2021-08-26,-17000000.0,32732000000.0,33737000000.0,10296000000.0,22436000000.0,1.583,11.334,-865000000.0,391000000.0,391000000.0,34941000000.0,2286000000.0,1.16,1.761,10521000000.0,435000000.0,10086000000.0,10521000000.0,1622000000.0,1562000000.0,0.0,0.015,0.7,4149000000.0,5711000000.0,0.107,5711000000.0,4149000000.0,3673000000.0,2.14,2.14,2.14,11853000000.0,12704500000.0,11853000000.0,57451412791.0,14.0,10.06,3246000000.0,3.104,1.0,18476000000.0,0.346,0.0,476000000.0,33986000000.0,33007250000.0,9127000000.0,464000000.0,185000000.0,279000000.0,20879000000.0,8876000000.0,12003000000.0,48411412791.0,-150000000.0,-203000000.0,-3545000000.0,1324000000.0,-733000000.0,-2969000000.0,-1286000000.0,-223000000.0,4111000000.0,-6000000.0,2286000000.0,2286000000.0,2286000000.0,0.0,0.0,0.043,14327000000.0,4149000000.0,5008000000.0,0.327,4.084,21.177,21.631,20834000000.0,0.0,46.29,0.906,0.906,0.0,11355000000.0,53417000000.0,53417000000.0,0.0,0.068,0.18,0.126,0.078,100000000.0,12865000000.0,1.0,1045828749.0,1045828749.0,,51.076,32732000000.0,252000000.0,1387000000.0,291000000.0,31.298,1420000000.0
31,LOW,MRT,2013-09-30,2013-11-01,2013-11-01,2021-08-26,23000000.0,34077000000.0,33720500000.0,11365000000.0,22712000000.0,1.566,12.083,-787000000.0,1101000000.0,1101000000.0,34584000000.0,2269000000.0,1.209,1.694,10141000000.0,51000000.0,10090000000.0,10141000000.0,1674000000.0,1605000000.0,0.0,0.014,0.68,4086000000.0,5691000000.0,0.108,5691000000.0,4086000000.0,3628000000.0,2.1,2.11,2.1,12651000000.0,13205500000.0,12651000000.0,59703956069.0,15.0,10.491,3326000000.0,3.177,1.0,18218000000.0,0.345,0.0,458000000.0,33714000000.0,32884250000.0,9593000000.0,554000000.0,115000000.0,439000000.0,21426000000.0,9403000000.0,12023000000.0,51726956069.0,10000000.0,-203000000.0,-3183000000.0,940000000.0,-723000000.0,-2956000000.0,-1143000000.0,-175000000.0,4113000000.0,-4000000.0,2269000000.0,2269000000.0,2269000000.0,0.0,0.0,0.043,14132000000.0,4086000000.0,5776000000.0,0.324,4.089,22.797,23.419,20973000000.0,0.0,49.18,0.98,0.975,0.0,12103000000.0,52802000000.0,52802000000.0,0.0,0.067,0.172,0.124,0.077,95000000.0,12628000000.0,1.0,1051788452.0,1047000000.0,,50.432,34077000000.0,220000000.0,1359000000.0,322000000.0,32.547,1962000000.0
32,LOW,MRT,2013-06-30,2013-08-02,2013-08-02,2021-08-26,26000000.0,33408000000.0,33689500000.0,10913000000.0,22495000000.0,1.541,12.242,-837000000.0,1085000000.0,1085000000.0,34038000000.0,2166000000.0,1.168,1.558,9062000000.0,47000000.0,9015000000.0,9062000000.0,1718000000.0,1601000000.0,0.0,0.015,0.66,3911000000.0,5512000000.0,0.106,5512000000.0,3911000000.0,3464000000.0,1.98,1.99,1.98,13062000000.0,13599000000.0,13062000000.0,56240024274.0,14.0,10.203,3485000000.0,3.266,1.0,17880000000.0,0.344,0.0,447000000.0,32045000000.0,32780000000.0,9106000000.0,495000000.0,189000000.0,306000000.0,20346000000.0,9340000000.0,11006000000.0,48248024274.0,-625000000.0,0.0,-3268000000.0,-593000000.0,-716000000.0,-4560000000.0,-389000000.0,420000000.0,4322000000.0,2000000.0,2166000000.0,2166000000.0,2166000000.0,0.0,0.0,0.042,13969000000.0,3911000000.0,5664000000.0,0.333,3.694,22.275,22.722,20969000000.0,0.0,44.99,0.929,0.925,0.0,12504000000.0,51918000000.0,51918000000.0,0.0,0.064,0.159,0.119,0.075,90000000.0,12467000000.0,1.0,1072416632.0,1067000000.0,,48.658,33408000000.0,224000000.0,1298000000.0,390000000.0,31.31,1573000000.0
33,LOW,MRT,2013-03-31,2013-05-03,2013-05-03,2021-08-26,52000000.0,34731000000.0,34095500000.0,12014000000.0,22717000000.0,1.48,12.18,-963000000.0,1081000000.0,1081000000.0,33139000000.0,1972000000.0,1.151,1.621,9073000000.0,47000000.0,9026000000.0,9073000000.0,1725000000.0,1603000000.0,0.0,0.016,0.64,3588000000.0,5191000000.0,0.103,5191000000.0,3588000000.0,3155000000.0,1.74,1.75,1.74,13252000000.0,14039500000.0,13252000000.0,51630182479.0,14.0,9.946,2324000000.0,2.136,1.0,17317000000.0,0.343,0.0,433000000.0,32284000000.0,33244250000.0,10274000000.0,390000000.0,118000000.0,272000000.0,21479000000.0,10439000000.0,11040000000.0,43094182479.0,-1991000000.0,0.0,-3314000000.0,-592000000.0,-708000000.0,-4583000000.0,-696000000.0,257000000.0,3287000000.0,1000000.0,1972000000.0,1972000000.0,1972000000.0,0.0,0.0,0.039,13729000000.0,3588000000.0,7041000000.0,0.368,3.252,21.853,22.753,21257000000.0,0.0,39.59,0.854,0.854,0.0,12618000000.0,50456000000.0,50456000000.0,0.0,0.058,0.14,0.108,0.071,93000000.0,12225000000.0,1.0,1088511808.0,1088000000.0,,46.375,34731000000.0,228000000.0,1183000000.0,440000000.0,31.922,1575000000.0
34,LOW,MRT,2012-12-31,2013-02-01,2013-02-01,2021-08-26,52000000.0,32666000000.0,34714750000.0,9784000000.0,22882000000.0,1.455,12.321,-1081000000.0,541000000.0,541000000.0,33194000000.0,1959000000.0,1.269,1.357,9077000000.0,47000000.0,9030000000.0,9077000000.0,1539000000.0,1623000000.0,0.0,0.016,0.62,3560000000.0,5183000000.0,0.103,5183000000.0,3560000000.0,3137000000.0,1.69,1.69,1.69,13857000000.0,14527250000.0,13857000000.0,51325550094.0,14.0,9.903,2681000000.0,2.384,1.0,17327000000.0,0.343,0.0,423000000.0,33494000000.0,33361000000.0,8600000000.0,396000000.0,125000000.0,271000000.0,18809000000.0,7708000000.0,11101000000.0,43367550094.0,-473000000.0,0.0,-4044000000.0,1393000000.0,-704000000.0,-3333000000.0,-903000000.0,174000000.0,3762000000.0,1000000.0,1959000000.0,1959000000.0,1959000000.0,0.0,0.0,0.039,13767000000.0,3560000000.0,4657000000.0,0.367,3.13,22.138,22.817,21477000000.0,0.0,38.56,0.858,0.858,0.0,13224000000.0,50521000000.0,50521000000.0,0.0,0.056,0.135,0.107,0.07,100000000.0,12244000000.0,1.0,1124677129.0,1124677129.0,,44.92,32666000000.0,217000000.0,1178000000.0,455000000.0,29.045,2076000000.0
35,LOW,MRT,2012-09-30,2012-11-02,2012-11-02,2021-08-26,53000000.0,33953000000.0,34938000000.0,10830000000.0,23123000000.0,1.463,12.633,-1381000000.0,1091000000.0,1091000000.0,33584000000.0,1992000000.0,1.257,1.387,9049000000.0,45000000.0,9004000000.0,9049000000.0,1508000000.0,1593000000.0,0.0,0.018,0.6,3582000000.0,5175000000.0,0.101,5175000000.0,3582000000.0,3167000000.0,1.68,1.68,1.68,14225000000.0,15196250000.0,14225000000.0,45701732568.0,13.0,8.831,2584000000.0,2.295,1.0,17520000000.0,0.343,0.0,415000000.0,33297000000.0,33057750000.0,8995000000.0,559000000.0,209000000.0,350000000.0,19728000000.0,8614000000.0,11114000000.0,37809732568.0,416000000.0,-100000000.0,-3999000000.0,2388000000.0,-701000000.0,-2313000000.0,-1237000000.0,56000000.0,3965000000.0,1000000.0,1992000000.0,1992000000.0,1992000000.0,0.0,0.0,0.039,13938000000.0,3582000000.0,5416000000.0,0.357,2.658,18.981,19.732,21591000000.0,0.0,33.15,0.74,0.73,0.0,13602000000.0,51104000000.0,51104000000.0,0.0,0.057,0.131,0.108,0.07,101000000.0,12446000000.0,1.0,1140565085.0,1126000000.0,,45.385,33953000000.0,235000000.0,1175000000.0,486000000.0,30.154,2216000000.0
36,LOW,MRT,2012-06-30,2012-08-03,2012-08-03,2021-08-26,47000000.0,35032000000.0,34916250000.0,11599000000.0,23433000000.0,1.457,12.812,-1590000000.0,1710000000.0,1710000000.0,33469000000.0,1821000000.0,1.286,1.363,9602000000.0,594000000.0,9008000000.0,9602000000.0,1573000000.0,1582000000.0,0.0,0.023,0.58,3276000000.0,4858000000.0,0.095,4858000000.0,3276000000.0,2884000000.0,1.51,1.51,1.51,14824000000.0,15842250000.0,14824000000.0,36533623133.0,11.0,7.52,2262000000.0,1.955,1.0,17414000000.0,0.342,0.0,392000000.0,33902000000.0,32396000000.0,8699000000.0,1071000000.0,586000000.0,485000000.0,20208000000.0,9022000000.0,11186000000.0,29994623133.0,1142000000.0,-100000000.0,-3162000000.0,2938000000.0,-693000000.0,-928000000.0,-1775000000.0,-267000000.0,3852000000.0,-7000000.0,1821000000.0,1821000000.0,1821000000.0,0.0,0.0,0.036,14138000000.0,3276000000.0,5084000000.0,0.384,2.023,16.472,16.881,21734000000.0,0.0,25.49,0.589,0.58,0.0,14199000000.0,50883000000.0,50883000000.0,0.0,0.052,0.115,0.101,0.064,102000000.0,12656000000.0,1.0,1176721190.0,1157000000.0,,43.978,35032000000.0,279000000.0,1063000000.0,580000000.0,30.278,2577000000.0
37,LOW,MRT,2012-03-31,2012-05-04,2012-05-04,2021-08-26,52000000.0,37208000000.0,34669500000.0,13628000000.0,23580000000.0,1.476,12.606,-1777000000.0,3072000000.0,3072000000.0,33581000000.0,1904000000.0,1.239,1.447,9611000000.0,593000000.0,9018000000.0,9611000000.0,1597000000.0,1578000000.0,0.0,0.018,0.56,3402000000.0,4980000000.0,0.097,4980000000.0,3402000000.0,3016000000.0,1.52,1.51,1.52,15203000000.0,16331000000.0,15203000000.0,43887139321.0,13.0,8.813,2616000000.0,2.169,1.0,17596000000.0,0.344,0.0,386000000.0,32751000000.0,31775500000.0,9786000000.0,871000000.0,161000000.0,710000000.0,22005000000.0,10996000000.0,11009000000.0,37274139321.0,1576000000.0,-100000000.0,-3557000000.0,2939000000.0,-672000000.0,-1318000000.0,-1496000000.0,409000000.0,4393000000.0,-3000000.0,1904000000.0,1904000000.0,1904000000.0,0.0,0.0,0.037,14194000000.0,3402000000.0,6977000000.0,0.368,2.452,19.577,20.454,21821000000.0,0.0,31.09,0.728,0.733,0.0,14557000000.0,51177000000.0,51177000000.0,0.0,0.055,0.117,0.107,0.066,102000000.0,12716000000.0,1.0,1198910882.0,1206000000.0,,42.435,37208000000.0,279000000.0,1112000000.0,412000000.0,30.852,2632000000.0
38,LOW,MRT,2011-12-31,2012-02-03,2012-02-03,2021-08-26,46000000.0,33559000000.0,34338500000.0,10072000000.0,23487000000.0,1.462,13.199,-1777000000.0,1014000000.0,1014000000.0,32858000000.0,1839000000.0,1.276,1.03,7627000000.0,592000000.0,7035000000.0,7627000000.0,1505000000.0,1579000000.0,0.0,0.019,0.53,3277000000.0,4856000000.0,0.097,4856000000.0,3277000000.0,2906000000.0,1.43,1.43,1.43,16533000000.0,16895000000.0,16533000000.0,40009656262.0,12.0,8.239,2572000000.0,2.053,1.0,17350000000.0,0.346,0.0,371000000.0,32281000000.0,31348500000.0,8355000000.0,790000000.0,286000000.0,504000000.0,17026000000.0,7891000000.0,9135000000.0,34069656262.0,362000000.0,-100000000.0,-2837000000.0,956000000.0,-647000000.0,-2549000000.0,-1437000000.0,455000000.0,4349000000.0,-1000000.0,1839000000.0,1839000000.0,1839000000.0,0.0,0.0,0.037,14073000000.0,3277000000.0,4352000000.0,0.371,2.061,18.526,19.021,21970000000.0,0.0,27.2,0.679,0.679,0.0,15852000000.0,50208000000.0,50208000000.0,0.0,0.054,0.109,0.105,0.065,107000000.0,12593000000.0,1.0,1252560892.0,1252560892.0,,40.084,33559000000.0,183000000.0,1067000000.0,531000000.0,26.792,2181000000.0
39,LOW,MRT,2011-09-30,2011-10-28,2011-10-28,2021-08-26,46000000.0,33866000000.0,34373500000.0,10423000000.0,23443000000.0,1.427,13.447,-1554000000.0,675000000.0,675000000.0,31962000000.0,1801000000.0,1.138,1.015,6615000000.0,590000000.0,6025000000.0,6615000000.0,1476000000.0,1583000000.0,0.0,0.023,0.5,3232000000.0,4815000000.0,0.098,4815000000.0,3232000000.0,2877000000.0,1.39,1.37,1.39,16809000000.0,17289750000.0,16809000000.0,32989465324.0,10.0,6.851,2357000000.0,1.886,1.0,17098000000.0,0.349,0.0,355000000.0,30650000000.0,31403500000.0,8990000000.0,999000000.0,294000000.0,705000000.0,17057000000.0,9156000000.0,7901000000.0,26937465324.0,-403000000.0,0.0,-3340000000.0,956000000.0,-623000000.0,-3016000000.0,-1299000000.0,433000000.0,3911000000.0,1000000.0,1801000000.0,1801000000.0,1801000000.0,0.0,0.0,0.037,13866000000.0,3232000000.0,5242000000.0,0.36,1.603,14.957,15.374,21888000000.0,0.0,21.37,0.549,0.544,0.0,16109000000.0,49060000000.0,49060000000.0,0.0,0.052,0.104,0.103,0.066,112000000.0,12377000000.0,1.0,1260527156.0,1250000000.0,,39.248,33866000000.0,237000000.0,1076000000.0,322000000.0,27.093,1267000000.0
40,LOW,MRT,2011-06-30,2011-07-29,2011-07-29,2021-08-26,82000000.0,34045000000.0,34492250000.0,10168000000.0,23877000000.0,1.415,13.16,-1461000000.0,568000000.0,568000000.0,31673000000.0,1980000000.0,1.172,1.029,6620000000.0,39000000.0,6581000000.0,6620000000.0,1504000000.0,1622000000.0,0.0,0.022,0.47,3520000000.0,5142000000.0,0.105,5142000000.0,3520000000.0,3176000000.0,1.5,1.48,1.5,16779000000.0,17810500000.0,16779000000.0,33178667061.0,9.0,6.452,2902000000.0,2.276,1.0,17122000000.0,0.351,0.0,344000000.0,31420000000.0,31448500000.0,8825000000.0,1197000000.0,340000000.0,857000000.0,17266000000.0,8677000000.0,8589000000.0,28098667061.0,-623000000.0,0.0,-3939000000.0,958000000.0,-604000000.0,-3582000000.0,-1410000000.0,267000000.0,4363000000.0,6000000.0,1980000000.0,1980000000.0,1980000000.0,0.0,0.0,0.041,13602000000.0,3520000000.0,5378000000.0,0.313,1.675,14.191,14.387,22195000000.0,0.0,21.58,0.576,0.564,0.0,16060000000.0,48795000000.0,48795000000.0,0.0,0.057,0.111,0.112,0.072,119000000.0,12075000000.0,1.0,1302069836.0,1275000000.0,,38.271,34045000000.0,222000000.0,1196000000.0,479000000.0,26.702,1491000000.0
41,LOW,MRT,2011-03-31,2011-04-29,2011-04-29,2021-08-26,85000000.0,35884000000.0,34639250000.0,11973000000.0,23911000000.0,1.403,13.187,-1334000000.0,1496000000.0,1496000000.0,31501000000.0,1982000000.0,1.207,1.055,6576000000.0,38000000.0,6538000000.0,6576000000.0,1620000000.0,1657000000.0,0.0,0.017,0.44,3520000000.0,5177000000.0,0.106,5177000000.0,3520000000.0,3182000000.0,1.43,1.42,1.43,17459000000.0,18419000000.0,17459000000.0,40526911078.0,12.0,7.828,2205000000.0,1.665,1.0,17112000000.0,0.352,0.0,338000000.0,31043000000.0,31348250000.0,9661000000.0,1554000000.0,345000000.0,1209000000.0,18425000000.0,9921000000.0,8504000000.0,34605911078.0,-1181000000.0,0.0,-3085000000.0,457000000.0,-589000000.0,-3213000000.0,-1511000000.0,-166000000.0,3539000000.0,4000000.0,1982000000.0,1982000000.0,1982000000.0,0.0,0.0,0.041,13592000000.0,3520000000.0,6694000000.0,0.308,1.982,17.46,18.357,22060000000.0,0.0,26.25,0.712,0.715,0.0,16715000000.0,48613000000.0,48613000000.0,0.0,0.057,0.108,0.112,0.072,119000000.0,12032000000.0,1.0,1318320422.0,1324000000.0,,36.717,35884000000.0,232000000.0,1200000000.0,498000000.0,27.103,2052000000.0
42,LOW,MRT,2010-12-31,2011-01-28,2011-01-28,2021-08-26,53000000.0,33699000000.0,35021750000.0,9967000000.0,23732000000.0,1.394,13.125,-1304000000.0,652000000.0,652000000.0,31663000000.0,2010000000.0,1.4,0.861,6573000000.0,36000000.0,6537000000.0,6573000000.0,1338000000.0,1684000000.0,0.0,0.017,0.42,3560000000.0,5244000000.0,0.107,5244000000.0,3560000000.0,3228000000.0,1.42,1.42,1.42,18112000000.0,18809000000.0,18112000000.0,39342098702.0,11.0,7.502,2548000000.0,1.846,1.0,17152000000.0,0.351,0.0,332000000.0,32501000000.0,31068250000.0,8321000000.0,1479000000.0,471000000.0,1008000000.0,15587000000.0,7119000000.0,8468000000.0,34845098702.0,20000000.0,0.0,-2514000000.0,1433000000.0,-571000000.0,-1651000000.0,-2184000000.0,-866000000.0,3852000000.0,3000000.0,2010000000.0,2010000000.0,2010000000.0,0.0,0.0,0.041,13592000000.0,3560000000.0,4351000000.0,0.296,1.924,17.336,17.782,22089000000.0,0.0,25.25,0.714,0.714,0.0,17371000000.0,48815000000.0,48815000000.0,0.0,0.057,0.107,0.115,0.073,115000000.0,12006000000.0,1.0,1380003909.0,1380003909.0,,35.373,33699000000.0,193000000.0,1218000000.0,467000000.0,24.419,2848000000.0
43,LOW,MRT,2010-09-30,2010-10-29,2010-10-29,2021-08-26,45000000.0,34341000000.0,34848250000.0,10701000000.0,23640000000.0,1.392,13.591,-1372000000.0,1078000000.0,1078000000.0,31525000000.0,1930000000.0,1.336,0.818,5575000000.0,36000000.0,5539000000.0,5575000000.0,1423000000.0,1702000000.0,0.0,0.019,0.4,3395000000.0,5097000000.0,0.105,5097000000.0,3395000000.0,3093000000.0,1.35,1.35,1.35,18892000000.0,19048250000.0,18892000000.0,34324906703.0,10.0,6.734,2148000000.0,1.545,1.0,16979000000.0,0.35,0.0,302000000.0,30830000000.0,30467500000.0,8543000000.0,1524000000.0,659000000.0,865000000.0,15449000000.0,8008000000.0,7441000000.0,29945906703.0,-63000000.0,0.0,-1984000000.0,441000000.0,-418000000.0,-1960000000.0,-1628000000.0,-220000000.0,3520000000.0,5000000.0,1930000000.0,1930000000.0,1930000000.0,0.0,0.0,0.04,13584000000.0,3395000000.0,4959000000.0,0.296,1.585,15.516,15.807,22180000000.0,0.0,21.34,0.617,0.612,0.0,18144000000.0,48504000000.0,48504000000.0,0.0,0.055,0.101,0.111,0.07,108000000.0,11988000000.0,1.0,1403275853.0,1390000000.0,,34.895,34341000000.0,202000000.0,1163000000.0,456000000.0,24.706,2693000000.0
44,LOW,MRT,2010-06-30,2010-07-30,2010-07-30,2021-08-26,39000000.0,34633000000.0,34850000000.0,11121000000.0,23512000000.0,1.386,13.559,-1375000000.0,1191000000.0,1191000000.0,31484000000.0,1870000000.0,1.391,0.803,5570000000.0,37000000.0,5533000000.0,5570000000.0,1375000000.0,1711000000.0,0.0,0.018,0.38,3269000000.0,4980000000.0,0.103,4980000000.0,3269000000.0,2970000000.0,1.29,1.29,1.29,19213000000.0,19180000000.0,19213000000.0,33031596863.0,10.0,6.633,1745000000.0,1.231,1.0,16808000000.0,0.348,0.0,299000000.0,31019000000.0,30208750000.0,8653000000.0,1546000000.0,816000000.0,730000000.0,15420000000.0,7993000000.0,7427000000.0,29641596863.0,104000000.0,0.0,-1373000000.0,426000000.0,-393000000.0,-1339000000.0,-1686000000.0,-293000000.0,3120000000.0,9000000.0,1870000000.0,1870000000.0,1870000000.0,0.0,0.0,0.039,13539000000.0,3269000000.0,4888000000.0,0.295,1.543,15.851,16.078,22274000000.0,0.0,20.74,0.614,0.609,0.0,18454000000.0,48292000000.0,48292000000.0,0.0,0.054,0.097,0.108,0.068,107000000.0,11939000000.0,1.0,1429199463.0,1417000000.0,,34.08,34633000000.0,205000000.0,1100000000.0,459000000.0,24.441,3128000000.0
45,LOW,MRT,2010-03-31,2010-04-30,2010-04-30,2021-08-26,45000000.0,37414000000.0,34722250000.0,13695000000.0,23719000000.0,1.376,13.226,-1498000000.0,2677000000.0,2677000000.0,31150000000.0,1797000000.0,1.259,0.967,6067000000.0,536000000.0,5531000000.0,6067000000.0,1477000000.0,1723000000.0,0.0,0.013,0.36,3142000000.0,4865000000.0,0.102,4865000000.0,3142000000.0,2851000000.0,1.22,1.22,1.22,19019000000.0,19170750000.0,19019000000.0,43592716948.0,14.0,8.96,2947000000.0,2.049,1.0,16625000000.0,0.348,0.0,291000000.0,29923000000.0,29867000000.0,9899000000.0,1507000000.0,675000000.0,832000000.0,18395000000.0,10881000000.0,7514000000.0,39144716948.0,1995000000.0,0.0,-822000000.0,927000000.0,-396000000.0,-291000000.0,-2182000000.0,-666000000.0,4445000000.0,23000000.0,1797000000.0,1797000000.0,1797000000.0,0.0,0.0,0.038,13483000000.0,3142000000.0,7062000000.0,0.295,2.058,21.783,22.23,22379000000.0,0.0,27.12,0.819,0.816,0.0,18246000000.0,47775000000.0,47775000000.0,0.0,0.052,0.094,0.105,0.066,104000000.0,11873000000.0,1.0,1443389268.0,1438000000.0,,33.223,37414000000.0,202000000.0,1054000000.0,521000000.0,26.018,2814000000.0
46,LOW,MRT,2009-12-31,2010-01-29,2010-01-29,2021-08-26,27000000.0,33005000000.0,33905750000.0,9732000000.0,23273000000.0,1.393,12.954,-1781000000.0,632000000.0,632000000.0,30757000000.0,1783000000.0,1.323,0.731,5080000000.0,552000000.0,4528000000.0,5080000000.0,1232000000.0,1733000000.0,0.0,0.016,0.355,3112000000.0,4845000000.0,0.103,4845000000.0,3112000000.0,2825000000.0,1.21,1.21,1.21,19069000000.0,19025250000.0,19069000000.0,35805496524.0,12.0,7.39,2273000000.0,1.544,1.0,16463000000.0,0.349,0.0,287000000.0,30098000000.0,29837750000.0,8249000000.0,702000000.0,425000000.0,277000000.0,13936000000.0,7355000000.0,6581000000.0,31869496524.0,387000000.0,0.0,-376000000.0,-1034000000.0,-391000000.0,-1801000000.0,-1886000000.0,-103000000.0,4054000000.0,20000000.0,1783000000.0,1783000000.0,1783000000.0,0.0,0.0,0.038,13351000000.0,3112000000.0,4287000000.0,0.293,1.671,17.874,17.893,22499000000.0,0.0,21.65,0.675,0.675,0.0,18307000000.0,47220000000.0,47220000000.0,0.0,0.053,0.094,0.104,0.066,102000000.0,11737000000.0,1.0,1472032172.0,1472032172.0,,32.078,33005000000.0,208000000.0,1042000000.0,598000000.0,22.421,2377000000.0
47,LOW,MRT,2009-09-30,2009-10-30,2009-10-30,2021-08-26,46000000.0,34348000000.0,33810750000.0,10431000000.0,23917000000.0,1.391,13.246,-2121000000.0,1141000000.0,1141000000.0,30758000000.0,1741000000.0,1.229,0.769,5077000000.0,553000000.0,4524000000.0,5077000000.0,719000000.0,1738000000.0,0.0,0.018,0.35,3064000000.0,4802000000.0,0.102,4802000000.0,3064000000.0,2763000000.0,1.17,1.17,1.17,19419000000.0,18771750000.0,19419000000.0,32904826147.0,11.0,6.852,2010000000.0,1.371,1.0,16277000000.0,0.346,0.0,301000000.0,29795000000.0,30033250000.0,8424000000.0,1373000000.0,509000000.0,864000000.0,14929000000.0,8489000000.0,6440000000.0,28915826147.0,819000000.0,0.0,96000000.0,-304000000.0,-516000000.0,-724000000.0,-2612000000.0,-469000000.0,4131000000.0,24000000.0,1741000000.0,1741000000.0,1741000000.0,0.0,0.0,0.037,13213000000.0,3064000000.0,5046000000.0,0.299,1.489,16.609,16.726,22557000000.0,0.0,19.57,0.615,0.61,0.0,18236000000.0,47035000000.0,47035000000.0,0.0,0.051,0.093,0.102,0.065,94000000.0,11674000000.0,1.0,1477558822.0,1466000000.0,,32.084,34348000000.0,144000000.0,1022000000.0,495000000.0,23.43,1942000000.0
48,LOW,MRT,2009-06-30,2009-07-31,2009-07-31,2021-08-26,46000000.0,34122000000.0,33481000000.0,10033000000.0,24089000000.0,1.415,13.098,-2646000000.0,1087000000.0,1087000000.0,31016000000.0,1885000000.0,1.186,0.779,5076000000.0,561000000.0,4515000000.0,5076000000.0,716000000.0,1721000000.0,0.0,0.015,0.345,3302000000.0,5023000000.0,0.106,5023000000.0,3302000000.0,3013000000.0,1.27,1.27,1.27,19176000000.0,18406250000.0,19176000000.0,37555729826.0,11.0,7.477,1324000000.0,0.904,1.0,16372000000.0,0.345,0.0,289000000.0,29652000000.0,29985250000.0,8189000000.0,1324000000.0,424000000.0,900000000.0,14946000000.0,8459000000.0,6487000000.0,33162729826.0,610000000.0,0.0,162000000.0,-201000000.0,-508000000.0,-547000000.0,-2832000000.0,-167000000.0,3970000000.0,19000000.0,1885000000.0,1885000000.0,1885000000.0,0.0,0.0,0.04,13070000000.0,3302000000.0,4970000000.0,0.272,1.729,17.593,17.685,22727000000.0,0.0,22.46,0.7,0.694,0.0,18025000000.0,47388000000.0,47388000000.0,0.0,0.056,0.102,0.11,0.07,91000000.0,11518000000.0,1.0,1476524035.0,1464000000.0,,32.369,34122000000.0,117000000.0,1128000000.0,504000000.0,23.307,1574000000.0
49,LOW,MRT,2009-03-31,2009-05-01,2009-05-01,2021-08-26,5000000.0,34148000000.0,33087750000.0,10541000000.0,23607000000.0,1.452,12.611,-2997000000.0,682000000.0,682000000.0,31522000000.0,2064000000.0,1.207,0.852,5075000000.0,52000000.0,5023000000.0,5075000000.0,741000000.0,1697000000.0,0.0,0.016,0.34,3576000000.0,5273000000.0,0.11,5273000000.0,3576000000.0,3294000000.0,1.4,1.39,1.4,18437000000.0,17988750000.0,18437000000.0,36552897828.0,10.0,6.932,932000000.0,0.637,1.0,16531000000.0,0.344,0.0,282000000.0,29806000000.0,29775750000.0,9013000000.0,908000000.0,460000000.0,448000000.0,15711000000.0,8735000000.0,6976000000.0,30737897828.0,-231000000.0,0.0,157000000.0,-689000000.0,-500000000.0,-1032000000.0,-3134000000.0,-96000000.0,3929000000.0,6000000.0,2064000000.0,2064000000.0,2064000000.0,0.0,0.0,0.043,12955000000.0,3576000000.0,5843000000.0,0.243,1.667,14.892,14.893,22715000000.0,0.0,20.85,0.64,0.634,0.0,17399000000.0,48053000000.0,48053000000.0,0.0,0.062,0.115,0.12,0.074,91000000.0,11409000000.0,1.0,1474239704.0,1462000000.0,,32.868,34148000000.0,122000000.0,1230000000.0,533000000.0,23.357,1806000000.0
50,LOW,MRT,2008-12-31,2009-01-30,2009-01-30,2021-08-26,-6000000.0,32625000000.0,32714250000.0,9190000000.0,23435000000.0,1.474,12.287,-3237000000.0,245000000.0,245000000.0,31729000000.0,2195000000.0,1.216,0.807,6060000000.0,1021000000.0,5039000000.0,6060000000.0,674000000.0,1667000000.0,0.0,0.018,0.335,3786000000.0,5453000000.0,0.113,5453000000.0,3786000000.0,3506000000.0,1.5,1.49,1.5,18055000000.0,17534250000.0,18055000000.0,31851839825.0,8.0,5.841,885000000.0,0.602,1.0,16501000000.0,0.342,0.0,280000000.0,30880000000.0,29455500000.0,8209000000.0,669000000.0,416000000.0,253000000.0,14570000000.0,7560000000.0,7010000000.0,26846839825.0,-36000000.0,0.0,166000000.0,-615000000.0,-491000000.0,-939000000.0,-3226000000.0,67000000.0,4122000000.0,7000000.0,2195000000.0,2195000000.0,2195000000.0,0.0,0.0,0.046,12715000000.0,3786000000.0,4109000000.0,0.223,1.487,12.231,12.18,22722000000.0,0.0,18.27,0.557,0.557,0.0,17049000000.0,48230000000.0,48230000000.0,0.0,0.067,0.125,0.129,0.078,95000000.0,11176000000.0,1.0,1469449361.0,1469449361.0,,32.822,32625000000.0,105000000.0,1311000000.0,599000000.0,22.202,1630000000.0
51,LOW,MRT,2008-09-30,2008-10-31,2008-10-31,2021-08-26,-4000000.0,33029000000.0,32275250000.0,9521000000.0,23508000000.0,1.507,12.308,-3605000000.0,322000000.0,322000000.0,31871000000.0,2441000000.0,1.129,0.839,5327000000.0,283000000.0,5044000000.0,5327000000.0,748000000.0,1627000000.0,0.0,0.015,0.33,4156000000.0,5783000000.0,0.119,5783000000.0,4156000000.0,3900000000.0,1.67,1.65,1.67,17957000000.0,17045000000.0,17957000000.0,36598272818.0,9.0,6.329,1315000000.0,0.901,1.0,16754000000.0,0.345,0.0,256000000.0,29603000000.0,29114750000.0,8327000000.0,911000000.0,445000000.0,466000000.0,15072000000.0,8431000000.0,6641000000.0,31805272818.0,-14000000.0,0.0,-149000000.0,-292000000.0,-482000000.0,-920000000.0,-4014000000.0,-369000000.0,4920000000.0,0.0,2441000000.0,2441000000.0,2441000000.0,0.0,0.0,0.05,12598000000.0,4156000000.0,4831000000.0,0.198,1.771,13.03,12.994,22602000000.0,0.0,21.7,0.654,0.651,0.0,17012000000.0,48625000000.0,48625000000.0,0.0,0.076,0.143,0.143,0.085,109000000.0,10954000000.0,1.0,1465680775.0,1459000000.0,,33.328,33029000000.0,230000000.0,1459000000.0,751000000.0,22.638,1090000000.0
52,LOW,MRT,2008-06-30,2008-08-01,2008-08-01,2021-08-26,8000000.0,32549000000.0,31565250000.0,9304000000.0,23245000000.0,1.535,12.032,-3881000000.0,477000000.0,477000000.0,31729000000.0,2596000000.0,1.091,0.859,5270000000.0,220000000.0,5050000000.0,5270000000.0,816000000.0,1579000000.0,0.0,0.016,0.325,4393000000.0,5972000000.0,0.123,5972000000.0,4393000000.0,4152000000.0,1.78,1.75,1.78,17506000000.0,16569250000.0,17506000000.0,34558527387.0,8.0,5.787,1256000000.0,0.863,1.0,16733000000.0,0.345,0.0,241000000.0,28814000000.0,28787000000.0,7939000000.0,1175000000.0,377000000.0,798000000.0,15043000000.0,8528000000.0,6515000000.0,29714527387.0,140000000.0,0.0,-711000000.0,319000000.0,-476000000.0,-864000000.0,-4133000000.0,-231000000.0,5137000000.0,0.0,2596000000.0,2596000000.0,2596000000.0,0.0,0.0,0.054,12340000000.0,4393000000.0,4786000000.0,0.183,1.697,11.446,11.404,22066000000.0,0.0,20.3,0.613,0.609,0.0,16648000000.0,48462000000.0,48462000000.0,0.0,0.082,0.157,0.153,0.091,108000000.0,10731000000.0,1.0,1463769822.0,1455000000.0,,33.307,32549000000.0,275000000.0,1556000000.0,641000000.0,22.37,776000000.0
53,LOW,MRT,2008-03-31,2008-05-02,2008-05-02,2021-08-26,5000000.0,32654000000.0,30839000000.0,10158000000.0,22496000000.0,1.56,11.43,-4061000000.0,913000000.0,913000000.0,31486000000.0,2677000000.0,1.132,0.965,5757000000.0,181000000.0,5576000000.0,5757000000.0,893000000.0,1523000000.0,0.0,0.012,0.32,4513000000.0,6036000000.0,0.125,6036000000.0,4513000000.0,4291000000.0,1.82,1.79,1.82,16619000000.0,16185000000.0,16619000000.0,44596245391.0,10.0,7.388,685000000.0,0.471,1.0,16634000000.0,0.346,0.0,222000000.0,28525000000.0,28135500000.0,8438000000.0,832000000.0,295000000.0,537000000.0,16035000000.0,8973000000.0,7062000000.0,38197245391.0,284000000.0,0.0,-1437000000.0,1357000000.0,-470000000.0,-544000000.0,-3918000000.0,137000000.0,4746000000.0,0.0,2677000000.0,2677000000.0,2677000000.0,0.0,0.0,0.056,12121000000.0,4513000000.0,5345000000.0,0.176,2.298,14.269,14.357,21641000000.0,0.0,26.13,0.794,0.79,0.0,15835000000.0,48120000000.0,48120000000.0,0.0,0.087,0.165,0.16,0.094,105000000.0,10556000000.0,1.0,1461815744.0,1454000000.0,,33.095,32654000000.0,259000000.0,1614000000.0,699000000.0,22.458,1185000000.0
54,LOW,MRT,2007-12-31,2008-02-01,2008-02-01,2021-08-26,8000000.0,30869000000.0,30167750000.0,8686000000.0,22183000000.0,1.6,11.006,-3953000000.0,281000000.0,281000000.0,31556000000.0,2809000000.0,1.121,0.918,6680000000.0,1104000000.0,5576000000.0,6680000000.0,717000000.0,1464000000.0,0.0,0.011,0.29,4705000000.0,6169000000.0,0.128,6169000000.0,4705000000.0,4511000000.0,1.89,1.86,1.89,16098000000.0,15961750000.0,16098000000.0,42664506701.0,9.0,6.916,394000000.0,0.269,1.0,16727000000.0,0.346,0.0,194000000.0,29517000000.0,27283500000.0,7611000000.0,758000000.0,249000000.0,509000000.0,14771000000.0,7751000000.0,7020000000.0,37369506701.0,-83000000.0,0.0,-2126000000.0,2241000000.0,-428000000.0,-307000000.0,-4123000000.0,-163000000.0,4347000000.0,0.0,2809000000.0,2809000000.0,2809000000.0,0.0,0.0,0.058,12022000000.0,4705000000.0,3713000000.0,0.153,2.321,13.303,13.519,21361000000.0,0.0,25.55,0.774,0.774,0.0,15345000000.0,48283000000.0,48283000000.0,0.0,0.093,0.176,0.172,0.097,99000000.0,10515000000.0,1.0,1462603002.0,1462603002.0,,33.012,30869000000.0,247000000.0,1702000000.0,670000000.0,21.106,935000000.0
55,LOW,MRT,2007-09-30,2007-11-02,2007-11-02,2021-08-26,18000000.0,30189000000.0,29392250000.0,8776000000.0,21413000000.0,1.644,10.921,-4011000000.0,336000000.0,336000000.0,31516000000.0,3014000000.0,1.22,0.88,5631000000.0,51000000.0,5580000000.0,5631000000.0,793000000.0,1399000000.0,0.0,0.01,0.26,5001000000.0,6400000000.0,0.132,6400000000.0,5001000000.0,4810000000.0,2.01,1.98,2.01,16054000000.0,15868500000.0,16054000000.0,43047617004.0,9.0,6.726,633000000.0,0.431,1.0,16793000000.0,0.348,0.0,191000000.0,28292000000.0,26229250000.0,7775000000.0,564000000.0,231000000.0,333000000.0,14135000000.0,7192000000.0,6943000000.0,38443617004.0,-321000000.0,0.0,-1776000000.0,1208000000.0,-388000000.0,-945000000.0,-4020000000.0,19000000.0,4644000000.0,0.0,3014000000.0,3014000000.0,3014000000.0,0.0,0.0,0.062,11792000000.0,5001000000.0,3895000000.0,0.129,2.395,12.755,12.935,20755000000.0,0.0,26.0,0.796,0.791,0.0,15281000000.0,48309000000.0,48309000000.0,0.0,0.103,0.19,0.191,0.104,75000000.0,10361000000.0,1.0,1478600654.0,1470000000.0,,32.863,30189000000.0,241000000.0,1796000000.0,615000000.0,20.537,1584000000.0
56,LOW,MRT,2007-06-30,2007-08-03,2007-08-03,2021-08-26,6000000.0,29644000000.0,28638250000.0,8851000000.0,20793000000.0,1.675,10.717,-3983000000.0,337000000.0,337000000.0,31261000000.0,3087000000.0,1.101,0.856,4941000000.0,640000000.0,4301000000.0,4941000000.0,819000000.0,1347000000.0,0.0,0.008,0.23,5125000000.0,6472000000.0,0.135,6472000000.0,5125000000.0,4939000000.0,2.04,2.01,2.04,15969000000.0,15626500000.0,15969000000.0,45082241165.0,9.0,6.966,993000000.0,0.666,1.0,16694000000.0,0.348,0.0,186000000.0,26208000000.0,25213250000.0,7799000000.0,952000000.0,325000000.0,627000000.0,13675000000.0,8040000000.0,5635000000.0,41313241165.0,21000000.0,0.0,-1786000000.0,1500000000.0,-346000000.0,-621000000.0,-4334000000.0,-299000000.0,4976000000.0,0.0,3087000000.0,3087000000.0,3087000000.0,0.0,0.0,0.064,11569000000.0,5125000000.0,4167000000.0,0.113,2.587,13.383,13.456,19825000000.0,0.0,27.45,0.862,0.853,0.0,15210000000.0,47955000000.0,47955000000.0,0.0,0.108,0.198,0.203,0.107,72000000.0,10178000000.0,1.0,1505036108.0,1490000000.0,,32.185,29644000000.0,209000000.0,1852000000.0,628000000.0,19.895,811000000.0
57,LOW,MRT,2007-03-31,2007-05-04,2007-05-04,2021-08-26,5000000.0,29969000000.0,27736500000.0,10057000000.0,19912000000.0,1.701,10.415,-3814000000.0,629000000.0,629000000.0,30888000000.0,3003000000.0,1.167,0.906,4398000000.0,92000000.0,4306000000.0,4398000000.0,851000000.0,1292000000.0,0.0,0.007,0.2,4989000000.0,6281000000.0,0.133,6281000000.0,4989000000.0,4823000000.0,1.97,1.94,1.97,15726000000.0,15364250000.0,15726000000.0,50060919738.0,10.0,7.97,717000000.0,0.475,1.0,16289000000.0,0.345,0.0,166000000.0,25117000000.0,24286500000.0,8501000000.0,977000000.0,571000000.0,406000000.0,14243000000.0,8621000000.0,5622000000.0,45988919738.0,-511000000.0,0.0,-1673000000.0,950000000.0,-304000000.0,-1017000000.0,-4025000000.0,-185000000.0,4531000000.0,0.0,3003000000.0,3003000000.0,3003000000.0,0.0,0.0,0.064,11300000000.0,4989000000.0,5211000000.0,0.102,2.924,15.314,15.457,19187000000.0,0.0,30.45,0.975,0.975,0.0,14968000000.0,47177000000.0,47177000000.0,0.0,0.108,0.195,0.205,0.106,73000000.0,9956000000.0,1.0,1510309351.0,1510000000.0,,31.243,29969000000.0,201000000.0,1820000000.0,657000000.0,19.847,1436000000.0
58,LOW,MRT,2006-12-31,2007-02-02,2007-02-02,2021-08-26,1000000.0,27767000000.0,27001250000.0,8314000000.0,19453000000.0,1.738,10.326,-3844000000.0,364000000.0,364000000.0,30729000000.0,3105000000.0,1.271,0.766,4436000000.0,111000000.0,4325000000.0,4436000000.0,731000000.0,1237000000.0,0.0,0.005,0.18,5152000000.0,6389000000.0,0.136,6389000000.0,5152000000.0,4998000000.0,2.02,1.99,2.02,15725000000.0,15078000000.0,15725000000.0,55772154945.0,11.0,8.729,658000000.0,0.432,1.0,16198000000.0,0.345,0.0,154000000.0,25300000000.0,23354000000.0,7144000000.0,597000000.0,432000000.0,165000000.0,12042000000.0,6539000000.0,5503000000.0,52003154945.0,-59000000.0,0.0,-1561000000.0,979000000.0,-276000000.0,-846000000.0,-3715000000.0,145000000.0,4502000000.0,0.0,3105000000.0,3105000000.0,3105000000.0,0.0,0.0,0.066,11046000000.0,5152000000.0,3524000000.0,0.089,3.307,16.748,16.906,18971000000.0,0.0,34.15,1.108,1.108,0.0,14860000000.0,46927000000.0,46927000000.0,0.0,0.115,0.206,0.221,0.11,62000000.0,9738000000.0,1.0,1522786382.0,1522786382.0,,30.817,27767000000.0,161000000.0,1893000000.0,735000000.0,18.234,1775000000.0
59,LOW,MRT,2006-09-30,2006-11-03,2006-11-03,2021-08-26,3000000.0,27173000000.0,26219250000.0,8622000000.0,18551000000.0,1.805,9.912,-3779000000.0,657000000.0,657000000.0,31032000000.0,3185000000.0,1.284,0.801,4426000000.0,89000000.0,4337000000.0,4426000000.0,846000000.0,1187000000.0,0.0,0.006,0.16,5320000000.0,6507000000.0,0.137,6507000000.0,5320000000.0,5174000000.0,2.06,2.03,2.06,15086000000.0,14720750000.0,15086000000.0,47512260148.0,9.0,7.302,346000000.0,0.227,1.0,16297000000.0,0.344,0.0,146000000.0,24228000000.0,22507750000.0,7219000000.0,585000000.0,464000000.0,121000000.0,12087000000.0,6714000000.0,5373000000.0,44386260148.0,-788000000.0,0.0,-1841000000.0,383000000.0,-246000000.0,-1699000000.0,-3214000000.0,569000000.0,4125000000.0,0.0,3185000000.0,3185000000.0,3185000000.0,0.0,0.0,0.067,10977000000.0,5320000000.0,3416000000.0,0.078,2.942,13.936,14.102,18188000000.0,0.0,29.05,0.938,0.934,0.0,14323000000.0,47329000000.0,47329000000.0,0.0,0.121,0.216,0.236,0.112,75000000.0,9707000000.0,1.0,1527926339.0,1522000000.0,,31.097,27173000000.0,157000000.0,1989000000.0,683000000.0,17.853,1908000000.0
60,LOW,MRT,2006-06-30,2006-08-04,2006-08-04,2021-08-26,1000000.0,26037000000.0,25664250000.0,8328000000.0,17709000000.0,1.82,9.682,-3523000000.0,316000000.0,316000000.0,30698000000.0,3115000000.0,1.25,0.745,3442000000.0,32000000.0,3410000000.0,3442000000.0,826000000.0,1134000000.0,0.0,0.005,0.14,5203000000.0,6337000000.0,0.136,6337000000.0,5203000000.0,5066000000.0,2.0,1.97,2.0,14920000000.0,14339000000.0,14920000000.0,46969800965.0,9.0,7.412,694000000.0,0.45,1.0,16012000000.0,0.343,0.0,137000000.0,22501000000.0,21770500000.0,7176000000.0,656000000.0,456000000.0,200000000.0,11117000000.0,6662000000.0,4455000000.0,44630800965.0,-671000000.0,0.0,-1506000000.0,380000000.0,-217000000.0,-1339000000.0,-3549000000.0,-44000000.0,4217000000.0,0.0,3115000000.0,3115000000.0,3115000000.0,0.0,0.0,0.067,10809000000.0,5203000000.0,3629000000.0,0.07,2.991,14.328,14.39,17321000000.0,0.0,28.78,0.955,0.949,0.0,13843000000.0,46710000000.0,46710000000.0,0.0,0.121,0.217,0.239,0.111,73000000.0,9599000000.0,1.0,1550757504.0,1541000000.0,,30.311,26037000000.0,165000000.0,1951000000.0,711000000.0,16.896,1666000000.0
61,LOW,MRT,2006-03-31,2006-05-05,2006-05-05,2021-08-26,2000000.0,27028000000.0,24902000000.0,9788000000.0,17240000000.0,1.817,9.365,-3433000000.0,1140000000.0,1140000000.0,29689000000.0,3019000000.0,1.227,0.854,3479000000.0,33000000.0,3446000000.0,3479000000.0,853000000.0,1087000000.0,0.0,0.004,0.12,5056000000.0,6143000000.0,0.136,6143000000.0,5056000000.0,4910000000.0,1.93,1.89,1.93,14581000000.0,13870250000.0,14581000000.0,53783706512.0,11.0,8.755,1321000000.0,0.848,1.0,15561000000.0,0.344,0.0,146000000.0,21387000000.0,20958500000.0,7817000000.0,794000000.0,517000000.0,277000000.0,12447000000.0,7980000000.0,4467000000.0,50675706512.0,353000000.0,0.0,-951000000.0,381000000.0,-187000000.0,-754000000.0,-3647000000.0,-202000000.0,4754000000.0,0.0,3019000000.0,3019000000.0,3019000000.0,0.0,0.0,0.067,10505000000.0,5056000000.0,4553000000.0,0.062,3.475,16.786,16.922,16760000000.0,0.0,32.66,1.12,1.124,0.0,12985000000.0,45250000000.0,45250000000.0,0.0,0.121,0.218,0.241,0.112,71000000.0,9345000000.0,1.0,1551613794.0,1557000000.0,,29.062,27028000000.0,175000000.0,1891000000.0,717000000.0,17.359,1808000000.0
62,LOW,MRT,2005-12-31,2006-02-03,2006-02-03,2021-08-26,1000000.0,24639000000.0,23832500000.0,7788000000.0,16851000000.0,1.814,9.142,-3318000000.0,423000000.0,423000000.0,28453000000.0,2765000000.0,1.335,0.723,3531000000.0,32000000.0,3499000000.0,3531000000.0,709000000.0,1051000000.0,0.0,0.003,0.11,4654000000.0,5705000000.0,0.132,5705000000.0,4654000000.0,4496000000.0,1.78,1.73,1.78,14296000000.0,13218750000.0,14296000000.0,52603474490.0,11.0,9.221,524000000.0,0.335,1.0,14790000000.0,0.342,0.0,158000000.0,21915000000.0,20323000000.0,6635000000.0,747000000.0,453000000.0,294000000.0,10343000000.0,5832000000.0,4511000000.0,49667474490.0,-107000000.0,0.0,-484000000.0,380000000.0,-171000000.0,-275000000.0,-3674000000.0,-326000000.0,3842000000.0,0.0,2765000000.0,2765000000.0,2765000000.0,0.0,0.0,0.064,10136000000.0,4654000000.0,2832000000.0,0.062,3.474,17.963,17.843,16354000000.0,0.0,31.76,1.149,1.149,0.0,12191000000.0,43243000000.0,43243000000.0,0.0,0.116,0.209,0.229,0.108,76000000.0,9014000000.0,1.0,1563837358.0,1563837358.0,,27.652,24639000000.0,155000000.0,1731000000.0,735000000.0,15.755,1956000000.0
63,LOW,MRT,2005-09-30,2005-10-28,2005-10-28,2021-08-26,0.0,24953000000.0,22948000000.0,9042000000.0,15911000000.0,1.786,8.697,-3027000000.0,1445000000.0,1445000000.0,27048000000.0,2570000000.0,1.368,0.84,4381000000.0,632000000.0,3749000000.0,4381000000.0,748000000.0,1018000000.0,0.0,0.003,0.1,4342000000.0,5360000000.0,0.131,5360000000.0,4342000000.0,4177000000.0,1.65,1.595,1.65,13559000000.0,12519250000.0,13559000000.0,48969281300.0,11.0,9.136,1278000000.0,0.82,1.0,13936000000.0,0.34,0.0,165000000.0,21279000000.0,19497500000.0,6429000000.0,1160000000.0,864000000.0,296000000.0,11394000000.0,6610000000.0,4784000000.0,46639281300.0,1096000000.0,0.0,-230000000.0,952000000.0,-156000000.0,566000000.0,-3775000000.0,-717000000.0,4305000000.0,0.0,2570000000.0,2570000000.0,2570000000.0,0.0,0.0,0.063,9594000000.0,4342000000.0,3201000000.0,0.061,3.44,18.148,18.127,15410000000.0,0.0,29.91,1.138,1.138,0.0,11544000000.0,40984000000.0,40984000000.0,0.0,0.112,0.205,0.223,0.106,60000000.0,8545000000.0,1.0,1559320672.0,1559000000.0,,26.289,24953000000.0,104000000.0,1607000000.0,745000000.0,16.006,2432000000.0
64,LOW,MRT,2005-06-30,2005-07-29,2005-07-29,2021-08-26,1000000.0,22988000000.0,21800500000.0,7818000000.0,15170000000.0,1.81,8.427,-2902000000.0,987000000.0,987000000.0,26049000000.0,2440000000.0,1.263,0.762,3442000000.0,632000000.0,2810000000.0,3442000000.0,694000000.0,991000000.0,0.0,0.003,0.09,4136000000.0,5127000000.0,0.13,5127000000.0,4136000000.0,3967000000.0,1.575,1.52,1.575,13045000000.0,11872250000.0,13045000000.0,53930834735.0,13.0,10.519,683000000.0,0.441,1.0,13407000000.0,0.34,0.0,169000000.0,19253000000.0,18879000000.0,6165000000.0,622000000.0,432000000.0,190000000.0,9943000000.0,6190000000.0,3753000000.0,51152834735.0,338000000.0,0.0,-45000000.0,-38000000.0,-140000000.0,-223000000.0,-3024000000.0,-92000000.0,3585000000.0,0.0,2440000000.0,2440000000.0,2440000000.0,0.0,0.0,0.062,9271000000.0,4136000000.0,2987000000.0,0.057,3.921,20.964,21.022,14782000000.0,0.0,33.11,1.296,1.299,0.0,10944000000.0,39456000000.0,39456000000.0,0.0,0.112,0.206,0.219,0.105,60000000.0,8239000000.0,1.0,1544936114.0,1548000000.0,,25.488,22988000000.0,121000000.0,1527000000.0,691000000.0,14.85,1628000000.0
65,LOW,MRT,2005-03-31,2005-04-29,2005-04-29,2021-08-26,-1000000.0,22750000000.0,20952500000.0,8087000000.0,14663000000.0,1.799,7.736,-2904000000.0,787000000.0,787000000.0,24927000000.0,2301000000.0,1.188,0.9,3689000000.0,631000000.0,3058000000.0,3689000000.0,689000000.0,962000000.0,0.0,0.003,0.08,3914000000.0,4876000000.0,0.129,4876000000.0,3914000000.0,3739000000.0,1.485,1.435,1.485,11975000000.0,11221500000.0,11975000000.0,43403120675.0,11.0,8.901,158000000.0,0.102,1.0,12769000000.0,0.339,0.0,175000000.0,18845000000.0,18532500000.0,6618000000.0,600000000.0,439000000.0,161000000.0,10775000000.0,6807000000.0,3968000000.0,40355120675.0,-257000000.0,0.0,-685000000.0,-82000000.0,-123000000.0,-890000000.0,-2429000000.0,503000000.0,3062000000.0,0.0,2301000000.0,2301000000.0,2301000000.0,0.0,0.0,0.061,8855000000.0,3914000000.0,3471000000.0,0.054,3.37,17.538,17.545,14310000000.0,0.0,26.055,1.071,1.07,18000000.0,10152000000.0,37696000000.0,37696000000.0,0.0,0.11,0.205,0.211,0.104,63000000.0,7845000000.0,1.0,1548843626.0,1548000000.0,,24.351,22750000000.0,136000000.0,1438000000.0,702000000.0,14.696,1280000000.0
66,LOW,MRT,2004-12-31,2005-01-28,2005-01-28,2021-08-26,0.0,21101000000.0,20422500000.0,6866000000.0,14235000000.0,1.785,7.44,-2841000000.0,530000000.0,530000000.0,24224000000.0,2167000000.0,1.216,0.835,3690000000.0,630000000.0,3060000000.0,3690000000.0,539000000.0,926000000.0,0.0,0.003,0.075,3696000000.0,4622000000.0,0.127,4622000000.0,3696000000.0,3520000000.0,1.39,1.35,1.39,11498000000.0,10829750000.0,11498000000.0,46626690508.0,13.0,10.088,232000000.0,0.15,1.0,12240000000.0,0.336,0.0,176000000.0,18613000000.0,18180000000.0,5850000000.0,429000000.0,283000000.0,146000000.0,9603000000.0,5648000000.0,3955000000.0,43413690508.0,-336000000.0,0.0,-849000000.0,-82000000.0,-116000000.0,-1047000000.0,-2362000000.0,491000000.0,3073000000.0,0.0,2167000000.0,2167000000.0,2167000000.0,0.0,0.0,0.059,8544000000.0,3696000000.0,2695000000.0,0.054,3.776,20.034,20.209,13911000000.0,0.0,28.09,1.191,1.191,9000000.0,9597000000.0,36464000000.0,36464000000.0,0.0,0.106,0.2,0.203,0.101,70000000.0,7562000000.0,1.0,1545521200.0,1545521200.0,,23.593,21101000000.0,119000000.0,1353000000.0,736000000.0,13.653,1218000000.0
67,LOW,MRT,2004-09-30,2004-10-29,2004-10-29,2021-08-26,-1000000.0,20363000000.0,19835000000.0,6746000000.0,13617000000.0,1.773,7.106,-2706000000.0,349000000.0,349000000.0,23610000000.0,2021000000.0,1.376,0.856,3692000000.0,31000000.0,3661000000.0,3692000000.0,0.0,915000000.0,0.0,0.002,0.07,3455000000.0,4370000000.0,0.124,4370000000.0,3455000000.0,3277000000.0,1.3,1.25,1.3,10971000000.0,10509250000.0,10971000000.0,46297541900.0,13.0,10.594,424000000.0,0.275,1.0,11556000000.0,0.329,0.0,178000000.0,18805000000.0,17875000000.0,5864000000.0,454000000.0,301000000.0,153000000.0,9392000000.0,4901000000.0,4491000000.0,43439541900.0,-330000000.0,0.0,-861000000.0,-78000000.0,-109000000.0,-1048000000.0,-2428000000.0,301000000.0,3130000000.0,0.0,2021000000.0,2021000000.0,2021000000.0,-7000000.0,0.0,0.057,8108000000.0,3448000000.0,2596000000.0,0.054,3.959,21.494,21.646,13265000000.0,0.0,28.14,1.235,1.236,35000000.0,9157000000.0,35166000000.0,35166000000.0,0.0,0.102,0.192,0.193,0.098,100000000.0,7141000000.0,1.0,1543693742.0,1544000000.0,,22.776,20363000000.0,101000000.0,1256000000.0,699000000.0,13.188,1845000000.0
68,LOW,MRT,2004-06-30,2004-07-30,2004-07-30,2021-08-26,-1000000.0,19596000000.0,19362000000.0,6502000000.0,13094000000.0,1.751,6.728,-2574000000.0,696000000.0,696000000.0,22958000000.0,1957000000.0,1.374,0.877,3698000000.0,34000000.0,3664000000.0,3698000000.0,0.0,877000000.0,0.0,0.003,0.065,3340000000.0,4217000000.0,0.124,4217000000.0,3340000000.0,3160000000.0,1.255,1.205,1.255,10442000000.0,10232000000.0,10442000000.0,39881761903.0,12.0,9.457,493000000.0,0.318,1.0,10946000000.0,0.323,0.0,180000000.0,17867000000.0,17352250000.0,5286000000.0,490000000.0,335000000.0,155000000.0,9154000000.0,4731000000.0,4423000000.0,37983761903.0,-384000000.0,0.0,-848000000.0,-72000000.0,-102000000.0,-1022000000.0,-2433000000.0,225000000.0,3067000000.0,0.0,1957000000.0,1957000000.0,1957000000.0,-11000000.0,0.0,0.058,7617000000.0,3329000000.0,2452000000.0,0.052,3.638,19.409,19.41,12722000000.0,0.0,24.36,1.12,1.115,41000000.0,8672000000.0,33904000000.0,33904000000.0,0.0,0.101,0.191,0.192,0.099,105000000.0,6685000000.0,1.0,1559267730.0,1552000000.0,,21.845,19596000000.0,82000000.0,1203000000.0,656000000.0,12.626,1771000000.0
69,LOW,MRT,2004-03-31,2004-04-30,2004-04-30,2021-08-26,0.0,20630000000.0,18941500000.0,8068000000.0,12562000000.0,1.711,6.621,-2446000000.0,1091000000.0,1091000000.0,22218000000.0,1854000000.0,1.379,0.982,3746000000.0,78000000.0,3668000000.0,3746000000.0,0.0,842000000.0,0.0,0.002,0.058,3161000000.0,4003000000.0,0.124,4003000000.0,3161000000.0,2981000000.0,1.185,1.145,1.185,10408000000.0,9964750000.0,10408000000.0,43178254555.0,14.0,10.786,743000000.0,0.473,1.0,10183000000.0,0.314,0.0,180000000.0,17435000000.0,16837500000.0,5723000000.0,1064000000.0,901000000.0,163000000.0,10222000000.0,5850000000.0,4372000000.0,40869254555.0,-39000000.0,0.0,-143000000.0,-80000000.0,-91000000.0,-314000000.0,-2923000000.0,-393000000.0,3189000000.0,0.0,1854000000.0,1854000000.0,1854000000.0,-14000000.0,0.0,0.057,7036000000.0,3147000000.0,3492000000.0,0.049,3.927,22.044,21.966,12177000000.0,0.0,26.03,1.261,1.263,185000000.0,8002000000.0,32401000000.0,32401000000.0,0.0,0.098,0.186,0.188,0.098,96000000.0,6132000000.0,1.0,1570082772.0,1572000000.0,,20.611,20630000000.0,90000000.0,1127000000.0,622000000.0,13.123,2218000000.0
70,LOW,MRT,2003-12-31,2004-01-30,2004-01-30,2021-08-26,1000000.0,18751000000.0,18231750000.0,6522000000.0,12229000000.0,1.691,6.496,-2273000000.0,913000000.0,913000000.0,21305000000.0,1822000000.0,1.553,0.835,3755000000.0,77000000.0,3678000000.0,3755000000.0,0.0,807000000.0,0.0,0.002,0.055,3103000000.0,3910000000.0,0.127,3910000000.0,3103000000.0,2923000000.0,1.16,1.13,1.16,10216000000.0,9546500000.0,10216000000.0,44671241867.0,14.0,11.425,761000000.0,0.484,1.0,9533000000.0,0.309,0.0,180000000.0,17393000000.0,16278250000.0,4584000000.0,880000000.0,711000000.0,169000000.0,8535000000.0,4200000000.0,4335000000.0,42109241867.0,530000000.0,0.0,149000000.0,-79000000.0,-87000000.0,-17000000.0,-2487000000.0,-119000000.0,3034000000.0,0.0,1822000000.0,1822000000.0,1822000000.0,-15000000.0,0.0,0.059,6445000000.0,3088000000.0,2212000000.0,0.047,4.122,23.112,23.082,11819000000.0,0.0,26.775,1.365,1.365,146000000.0,7574000000.0,30838000000.0,30838000000.0,0.0,0.1,0.191,0.191,0.101,82000000.0,5578000000.0,1.0,1572707446.0,1572707446.0,,19.608,18751000000.0,62000000.0,1101000000.0,594000000.0,11.923,2322000000.0
71,LOW,MRT,2003-09-30,2003-10-31,2003-10-31,2021-08-26,0.0,18471000000.0,17571250000.0,6698000000.0,11773000000.0,1.669,6.274,-2486000000.0,1196000000.0,1196000000.0,20181000000.0,1809000000.0,1.551,0.873,3758000000.0,77000000.0,3681000000.0,3758000000.0,0.0,758000000.0,0.0,0.002,0.053,3081000000.0,3839000000.0,0.131,3839000000.0,3081000000.0,2901000000.0,1.155,1.125,1.155,9862000000.0,9068000000.0,9862000000.0,48511487286.0,16.0,12.636,165000000.0,0.105,1.0,9144000000.0,0.312,0.0,180000000.0,16714000000.0,15803250000.0,5006000000.0,245000000.0,126000000.0,119000000.0,8609000000.0,4319000000.0,4290000000.0,46304487286.0,-34000000.0,0.0,145000000.0,-89000000.0,-82000000.0,-26000000.0,-2659000000.0,-75000000.0,2651000000.0,0.0,1809000000.0,1809000000.0,1809000000.0,-21000000.0,0.0,0.062,6084000000.0,3060000000.0,2334000000.0,0.046,4.695,25.597,25.511,11425000000.0,0.0,29.465,1.579,1.58,225000000.0,7293000000.0,29325000000.0,29325000000.0,0.0,0.103,0.199,0.195,0.105,58000000.0,5223000000.0,1.0,1571508138.0,1572000000.0,,18.655,18471000000.0,81000000.0,1092000000.0,588000000.0,11.75,2379000000.0
72,LOW,MRT,2003-06-30,2003-08-01,2003-08-01,2021-08-26,0.0,17914000000.0,16906250000.0,6671000000.0,11243000000.0,1.653,5.978,-2363000000.0,1550000000.0,1550000000.0,19270000000.0,1696000000.0,1.547,0.911,3757000000.0,73000000.0,3684000000.0,3757000000.0,0.0,724000000.0,0.0,0.002,0.048,2900000000.0,3624000000.0,0.13,3624000000.0,2900000000.0,2718000000.0,1.08,1.06,1.08,9373000000.0,8592000000.0,9373000000.0,39038488645.0,13.0,10.772,347000000.0,0.221,1.0,8668000000.0,0.31,0.0,182000000.0,15808000000.0,15261500000.0,4652000000.0,253000000.0,137000000.0,116000000.0,8541000000.0,4313000000.0,4228000000.0,36825488645.0,138000000.0,0.0,121000000.0,-101000000.0,-74000000.0,-54000000.0,-2530000000.0,-122000000.0,2710000000.0,0.0,1696000000.0,1696000000.0,1696000000.0,-17000000.0,0.0,0.061,5785000000.0,2883000000.0,2468000000.0,0.044,3.929,21.713,21.759,10955000000.0,0.0,23.5,1.318,1.319,199000000.0,6865000000.0,27938000000.0,27938000000.0,0.0,0.1,0.197,0.19,0.104,41000000.0,4966000000.0,1.0,1567042070.0,1568000000.0,,17.818,17914000000.0,67000000.0,1022000000.0,524000000.0,11.425,2358000000.0
73,LOW,MRT,2003-03-31,2003-05-02,2003-05-02,2021-08-26,0.0,17791000000.0,16284500000.0,6944000000.0,10847000000.0,1.643,5.578,-2167000000.0,1600000000.0,1600000000.0,18516000000.0,1566000000.0,1.445,1.037,3813000000.0,80000000.0,3733000000.0,3813000000.0,0.0,692000000.0,0.0,0.002,0.045,2690000000.0,3382000000.0,0.126,3382000000.0,2690000000.0,2507000000.0,1.0,0.98,1.0,8735000000.0,8149500000.0,8735000000.0,37390100773.0,14.0,11.056,367000000.0,0.234,1.0,8244000000.0,0.308,0.0,183000000.0,15198000000.0,14809250000.0,4864000000.0,209000000.0,77000000.0,132000000.0,9056000000.0,4806000000.0,4250000000.0,34428100773.0,199000000.0,0.0,119000000.0,-113000000.0,-70000000.0,-64000000.0,-2278000000.0,-71000000.0,2534000000.0,0.0,1566000000.0,1566000000.0,1566000000.0,-14000000.0,0.0,0.059,5568000000.0,2676000000.0,2960000000.0,0.045,3.941,21.985,22.075,10545000000.0,0.0,22.075,1.287,1.292,189000000.0,6288000000.0,26760000000.0,26760000000.0,0.0,0.096,0.192,0.182,0.101,32000000.0,4783000000.0,1.0,1559596864.0,1566000000.0,,17.088,17791000000.0,72000000.0,941000000.0,499000000.0,11.361,2138000000.0
74,LOW,MRT,2002-12-31,2003-01-31,2003-01-31,2021-08-26,1000000.0,16109000000.0,15739500000.0,5568000000.0,10541000000.0,1.659,5.315,-2292000000.0,853000000.0,853000000.0,18164000000.0,1491000000.0,1.556,0.94,3815000000.0,79000000.0,3736000000.0,3815000000.0,0.0,659000000.0,0.0,0.003,0.043,2566000000.0,3225000000.0,0.124,3225000000.0,2566000000.0,2384000000.0,0.955,0.93,0.955,8302000000.0,7730000000.0,8302000000.0,29215325596.0,11.0,9.059,362000000.0,0.232,1.0,7948000000.0,0.304,0.0,182000000.0,15493000000.0,14393250000.0,3968000000.0,302000000.0,273000000.0,29000000.0,7807000000.0,3578000000.0,4229000000.0,26692663596.0,129000000.0,0.0,115000000.0,-113000000.0,-66000000.0,-64000000.0,-2477000000.0,-152000000.0,2654000000.0,0.0,1491000000.0,1491000000.0,1491000000.0,-12000000.0,0.0,0.057,5394000000.0,2554000000.0,1943000000.0,0.045,3.215,17.903,17.895,10352000000.0,0.0,17.09,1.022,1.022,172000000.0,5887000000.0,26112000000.0,26112000000.0,0.0,0.095,0.193,0.178,0.098,29000000.0,4625000000.0,1.0,1561887864.0,1561887864.0,,16.718,16109000000.0,58000000.0,893000000.0,478000000.0,10.314,1990000000.0
75,LOW,MRT,2002-09-30,2002-11-01,2002-11-01,2021-08-26,0.0,15811000000.0,15146250000.0,6024000000.0,9787000000.0,1.666,5.095,-1934310000.0,1305000000.0,1305000000.0,17655501000.0,1370140000.0,1.591,0.987,3828000000.0,89000000.0,3739000000.0,3828000000.0,0.0,612137000.0,0.0,0.002,0.04,2362092000.0,2974229000.0,0.118,2974229000.0,2362092000.0,2178451000.0,0.885,0.87,0.885,7958000000.0,7323000000.0,7958000000.0,35195421728.0,15.0,11.833,719105000.0,0.46,1.0,7574874000.0,0.3,0.0,183641000.0,14547000000.0,13973250000.0,4151000000.0,102000000.0,92000000.0,10000000.0,7853000000.0,3787000000.0,4066000000.0,32854829728.0,694115000.0,0.0,123162000.0,-22959000.0,-62623000.0,37580000.0,-2010880000.0,-51466000.0,2653415000.0,0.0,1370140000.0,1370140000.0,1370140000.0,-13000000.0,0.0,0.054,5225782000.0,2349092000.0,2046000000.0,0.045,4.129,23.979,23.785,9648000000.0,0.0,21.05,1.302,1.303,187000000.0,5587000000.0,25230375000.0,25230375000.0,0.0,0.09,0.187,0.169,0.094,29148000.0,4511513000.0,1.0,1560799512.0,1562000000.0,,16.153,15811000000.0,110000000.0,808311000.0,318000000.0,10.122,2237000000.0
76,LOW,MRT,2002-06-30,2002-08-02,2002-08-02,2021-08-26,1000000.0,15427000000.0,14570531500.0,6011000000.0,9416000000.0,1.666,4.88,-2008070000.0,1487000000.0,1487000000.0,17069146000.0,1281637000.0,1.595,1.029,3827000000.0,94000000.0,3733000000.0,3827000000.0,0.0,586461000.0,0.0,0.002,0.04,2218125000.0,2804586000.0,0.116,2804586000.0,2218125000.0,2035065000.0,0.83,0.815,0.83,7603000000.0,6938330000.0,7603000000.0,28491076904.0,13.0,10.159,403565000.0,0.259,1.0,7200763000.0,0.297,0.0,183060000.0,13999000000.0,13756267250.0,3987000000.0,62000000.0,48000000.0,14000000.0,7824000000.0,3768000000.0,4056000000.0,26071214904.0,857365000.0,0.0,113991000.0,375627000.0,-62091000.0,427527000.0,-1995797000.0,5569000.0,2411635000.0,0.0,1281637000.0,1281637000.0,1281637000.0,-13000000.0,0.0,0.053,4995638000.0,2205125000.0,2106000000.0,0.048,3.429,20.342,20.181,9260000000.0,0.0,16.75,1.074,1.075,201000000.0,5263000000.0,24269909000.0,24269909000.0,0.0,0.088,0.185,0.161,0.091,23862000.0,4291549000.0,1.0,1556490442.0,1558000000.0,,15.578,15427000000.0,106000000.0,753428000.0,312000000.0,9.902,2243000000.0
77,LOW,MRT,2002-03-31,2002-05-03,2002-05-03,2021-08-26,0.0,15611000000.0,13927269750.0,6441000000.0,9170000000.0,1.645,4.541,-2146298000.0,1476000000.0,1476000000.0,16192164000.0,1143720000.0,1.432,1.212,3896000000.0,160000000.0,3736000000.0,3896000000.0,0.0,560505000.0,0.0,0.002,0.04,1991086000.0,2551591000.0,0.111,2551591000.0,1991086000.0,1811412000.0,0.745,0.73,0.745,7057000000.0,6575893500.0,7057000000.0,36969629482.0,19.0,14.489,466000.0,0.0,1.0,6716471000.0,0.293,0.0,179674000.0,13534000000.0,13381739250.0,4360000000.0,67000000.0,48000000.0,19000000.0,8554000000.0,4497000000.0,4057000000.0,33875198482.0,475705000.0,0.0,109581000.0,427797000.0,-62538000.0,474840000.0,-2159899000.0,2713000.0,2146764000.0,0.0,1143720000.0,1143720000.0,1143720000.0,-13000000.0,0.0,0.05,4738385000.0,1978086000.0,2740000000.0,0.054,4.8,29.618,29.268,8992000000.0,0.0,21.805,1.479,1.479,193000000.0,4812000000.0,22908635000.0,22908635000.0,0.0,0.082,0.174,0.149,0.087,25537000.0,4058255000.0,1.0,1553551868.0,1554000000.0,,14.742,15611000000.0,97000000.0,667692000.0,314000000.0,10.046,1944000000.0
78,LOW,MRT,2001-12-31,2002-02-01,2002-02-01,2021-08-26,1000000.0,13736000000.0,13279956750.0,4920000000.0,8816000000.0,1.635,4.31,-2154000000.0,799000000.0,799000000.0,15427000000.0,1023000000.0,1.631,1.058,3893000000.0,159000000.0,3734000000.0,3893000000.0,0.0,530000000.0,0.0,0.002,0.039,1790000000.0,2320000000.0,0.107,2320000000.0,1790000000.0,1616000000.0,0.665,0.65,0.665,6674000000.0,6253609000.0,6674000000.0,38613222989.0,22.0,16.644,-558000000.0,-0.36,1.0,6287000000.0,0.29,0.0,174000000.0,13813000000.0,12936730000.0,3611000000.0,76000000.0,54000000.0,22000000.0,7062000000.0,3017000000.0,4045000000.0,35386294989.0,343000000.0,0.0,115000000.0,874000000.0,-60000000.0,929000000.0,-2196000000.0,-28000000.0,1596000000.0,0.0,1023000000.0,1023000000.0,1023000000.0,-13000000.0,0.0,0.047,4510000000.0,1777000000.0,1715000000.0,0.059,5.302,34.591,34.361,8653000000.0,0.0,22.85,1.63,1.63,166000000.0,4482000000.0,21714000000.0,21714000000.0,0.0,0.077,0.164,0.138,0.082,35000000.0,3857000000.0,1.0,1548634354.0,1548634354.0,,14.021,13736000000.0,93000000.0,593000000.0,305000000.0,8.87,1903000000.0
79,LOW,MRT,2001-09-30,2001-11-02,2001-11-02,2021-08-26,807000.0,13508126000.0,12685498500.0,5061728000.0,8446398000.0,1.687,4.149,-2332624000.0,610543000.0,610543000.0,15307507000.0,945819000.0,1.669,1.104,3813624000.0,50333000.0,3763291000.0,3813624000.0,0.0,502629000.0,0.0,0.002,0.038,1668042000.0,2170671000.0,0.101,2170671000.0,1668042000.0,1499941000.0,0.615,0.605,0.615,6419320000.0,5958830250.0,6419320000.0,31257338598.0,19.0,14.4,-810233000.0,-0.524,1.0,6093611000.0,0.285,0.0,168101000.0,13679069000.0,12228817500.0,3905859000.0,50643000.0,24767000.0,25876000.0,7088806000.0,3032138000.0,4056668000.0,28451033598.0,482261000.0,0.0,90454000.0,1292123000.0,-57286000.0,1325291000.0,-2365421000.0,-865000.0,1522391000.0,0.0,945819000.0,945819000.0,945819000.0,0.0,0.0,0.044,4425569000.0,1668042000.0,1895822000.0,0.062,4.432,30.081,29.919,8279838000.0,0.0,18.4,1.329,1.33,197771000.0,4278839000.0,21401118000.0,21401118000.0,0.0,0.075,0.159,0.136,0.078,27656000.0,3787300000.0,1.0,1546251826.0,1547062000.0,,13.833,13508126000.0,93210000.0,554122000.0,290129000.0,8.731,2029590000.0
80,LOW,MRT,2001-06-30,2001-08-03,2001-08-03,2021-08-26,622000.0,12853953000.0,11974358750.0,4845071000.0,8008882000.0,1.708,3.987,-2359393000.0,629293000.0,629293000.0,14648631000.0,897615000.0,1.54,1.089,3422159000.0,143993000.0,3278166000.0,3422159000.0,0.0,469203000.0,0.0,0.002,0.036,1575112000.0,2044315000.0,0.1,2044315000.0,1575112000.0,1422409000.0,0.585,0.575,0.585,6153254000.0,5690557750.0,6153254000.0,30903844100.0,20.0,15.117,-939299000.0,-0.609,1.0,5802094000.0,0.284,0.0,152703000.0,12500888000.0,11349049250.0,3651191000.0,67393000.0,36408000.0,30985000.0,6700699000.0,3145931000.0,3554768000.0,28460728100.0,59524000.0,0.0,87384000.0,1050776000.0,-55186000.0,1082974000.0,-2443544000.0,-16941000.0,1420094000.0,0.0,897615000.0,897615000.0,897615000.0,0.0,0.0,0.044,4226982000.0,1575112000.0,1910317000.0,0.062,4.625,31.707,31.564,7829205000.0,0.0,18.465,1.392,1.393,213430000.0,4043810000.0,20450725000.0,20450725000.0,0.0,0.075,0.158,0.139,0.077,27382000.0,3623691000.0,1.0,1541333772.0,1543334000.0,,13.251,12853953000.0,98508000.0,524794000.0,273382000.0,8.329,1699140000.0
81,LOW,MRT,2001-03-31,2001-05-04,2001-05-04,2021-08-26,478000.0,13021748000.0,11321515250.0,5444860000.0,7576888000.0,1.73,3.753,-2304528000.0,999953000.0,999953000.0,14051838000.0,848131000.0,1.473,1.258,3429458000.0,137635000.0,3291823000.0,3429458000.0,0.0,435867000.0,0.0,0.002,0.035,1478779000.0,1914646000.0,0.098,1914646000.0,1478779000.0,1342466000.0,0.555,0.545,0.555,5767862000.0,5440228250.0,5767862000.0,,,,-1018203000.0,-0.663,1.0,5536413000.0,0.283,0.0,136313000.0,11753963000.0,10566943750.0,3917667000.0,70314000.0,38173000.0,32141000.0,7253886000.0,3697290000.0,3556596000.0,24742260375.0,477482000.0,0.0,52027000.0,1566028000.0,-53105000.0,1564950000.0,-2373793000.0,-20131000.0,1286325000.0,0.0,848131000.0,848131000.0,848131000.0,0.0,0.0,0.043,4057634000.0,1478779000.0,2449287000.0,0.063,4.29,29.173,28.923,7421342000.0,0.0,16.052,1.263,1.259,196529000.0,3730174000.0,19588251000.0,19588251000.0,0.0,0.075,0.156,0.14,0.075,21840000.0,3481037000.0,1.0,1541333772.0,1536836000.0,,12.746,13021748000.0,95006000.0,494335000.0,261580000.0,8.473,1747570000.0
82,LOW,MRT,2000-12-31,2001-02-02,2001-02-02,2021-08-26,451000.0,11358167000.0,10549889750.0,4157426000.0,7200741000.0,1.78,,-2261000000.0,455658000.0,455658000.0,13488000000.0,810000000.0,1.428,1.067,2989839000.0,292170000.0,2697669000.0,2989839000.0,0.0,410000000.0,0.0,0.003,0.035,1402000000.0,1812000000.0,0.096,1812000000.0,1402000000.0,1281000000.0,0.53,0.525,0.53,5494885000.0,5217503250.0,5494885000.0,,,,-1131000000.0,,1.0,5291000000.0,0.282,0.0,121000000.0,10981350000.0,9667660500.0,3285370000.0,47561000.0,12871000.0,34690000.0,5863282000.0,2910998000.0,2952284000.0,,-35000000.0,0.0,27000000.0,1111000000.0,-53000000.0,1085000000.0,-2250000000.0,63000000.0,1130000000.0,0.0,810000000.0,810000000.0,810000000.0,0.0,0.0,0.043,3889000000.0,1402000000.0,1714370000.0,0.066,,,25.396,7034960000.0,0.0,13.46,,,160985000.0,3518356000.0,18779000000.0,18779000000.0,0.0,0.077,0.155,0.145,0.075,7000000.0,3348000000.0,1.0,,,,,11358167000.0,81044000.0,471000000.0,251450000.0,,1246428000.0
83,LOW,MRT,2000-09-30,2000-10-27,2000-10-27,2021-08-26,-89000.0,10663567000.0,,4056393000.0,6607174000.0,,3.491,,128746000.0,128746000.0,,,1.411,0.995,2500368000.0,290562000.0,2209806000.0,2500368000.0,0.0,,0.0,0.003,0.035,,,,,,,,,,5346230000.0,,5346230000.0,,,,,,1.0,,,0.0,,10159996000.0,,3500202000.0,47919000.0,10706000.0,37213000.0,5317337000.0,2875193000.0,2442144000.0,,,,,,,,,,,,,,,,,,,,1786577000.0,,,,,6439167000.0,,10.47,,,173784000.0,3390914000.0,,,,,,,,,,1.0,,1531362000.0,,,10663567000.0,69000000.0,,228456000.0,6.963,1181200000.0
84,LOW,MRT,2000-06-30,2000-07-28,2000-07-28,2021-08-26,-186000.0,10242579000.0,,4177295000.0,6065284000.0,,3.365,,570233000.0,570233000.0,,,1.571,0.988,2358911000.0,141905000.0,2217006000.0,2358911000.0,0.0,,0.0,0.003,0.034,,,,,,,,,,5151936000.0,,5151936000.0,,,,,,1.0,,,0.0,,9372466000.0,,3167436000.0,48772000.0,11272000.0,37500000.0,5090643000.0,2658791000.0,2431852000.0,,,,,,,,,,,,,,,,,,,,1691471000.0,,,,,5932792000.0,,10.562,,,183749000.0,3201989000.0,,,,,,,,,,1.0,,1530916000.0,,,10242579000.0,59077000.0,,210988000.0,6.69,1518504000.0
85,LOW,MRT,2000-03-31,2000-04-28,2000-04-28,2021-08-26,-326000.0,9935246000.0,,4265093000.0,5670153000.0,,3.188,,522935000.0,522935000.0,,,1.368,1.037,1863276000.0,131074000.0,1732202000.0,1863276000.0,0.0,,0.0,0.003,0.033,,,,,,,,,,4876962000.0,,4876962000.0,,,,,,1.0,,,0.0,,8156830000.0,,3338322000.0,48090000.0,15062000.0,33028000.0,5058284000.0,3118757000.0,1939527000.0,,,,,,,,,,,,,,,,,,,,2204307000.0,,,,,5548148000.0,,12.375,,,175546000.0,2935756000.0,,,,,,,,,,1.0,,1530016000.0,,,9935246000.0,51413000.0,,203467000.0,6.494,1146336000.0
86,LOW,MRT,1999-12-31,2000-01-28,2000-01-28,2021-08-26,,,,,,,,-1404511000.0,,,11525013000.0,672795000.0,,,,,,,,337822000.0,,0.003,0.031,1147969000.0,1485791000.0,0.093,1485791000.0,1147969000.0,1063117000.0,0.44,0.44,0.44,,,,,,,-207350000.0,,1.0,4380582000.0,0.275,,84852000.0,,,,,,,,,,,262248000.0,0.0,369385000.0,261679000.0,-47558000.0,583506000.0,-1518419000.0,-60880000.0,1197161000.0,0.0,672795000.0,672795000.0,672795000.0,0.0,0.0,0.042,3232613000.0,1147969000.0,,0.07,,,25.318,,0.0,11.14,,,,,15905595000.0,15905595000.0,0.0,,,,0.072,9888000.0,2772428000.0,1.0,,,,,,,390322000.0,,,
