None,ticker,dimension,calendardate,datekey,reportperiod,lastupdated,accoci,assets,assetsavg,assetsc,assetsnc,assetturnover,bvps,capex,cashneq,cashnequsd,cor,consolinc,currentratio,de,debt,debtc,debtnc,debtusd,deferredrev,depamor,deposits,divyield,dps,ebit,ebitda,ebitdamargin,ebitdausd,ebitusd,ebt,eps,epsdil,epsusd,equity,equityavg,equityusd,ev,evebit,evebitda,fcf,fcfps,fxusd,gp,grossmargin,intangibles,intexp,invcap,invcapavg,inventory,investments,investmentsc,investmentsnc,liabilities,liabilitiesc,liabilitiesnc,marketcap,ncf,ncfbus,ncfcommon,ncfdebt,ncfdiv,ncff,ncfi,ncfinv,ncfo,ncfx,netinc,netinccmn,netinccmnusd,netincdis,netincnci,netmargin,opex,opinc,payables,payoutratio,pb,pe,pe1,ppnenet,prefdivis,price,ps,ps1,receivables,retearn,revenue,revenueusd,rnd,roa,roe,roic,ros,sbcomp,sgna,sharefactor,sharesbas,shareswa,shareswadil,sps,tangibles,taxassets,taxexp,taxliabilities,tbvps,workingcapital
0,PEAK,MRY,2020-12-31,2020-12-31,2020-12-31,2021-08-25,-3685000.0,15920089000.0,16015257250.0,,,0.103,12.795,-751963000.0,111432000.0,111432000.0,782541000.0,428253000.0,,1.263,6477874000.0,,,6477874000.0,774316000.0,697143000.0,0.0,0.049,1.48,622476000.0,1319619000.0,0.802,1319619000.0,622476000.0,404140000.0,0.77,0.77,0.77,6788345000.0,6990895250.0,6788345000.0,22530000119.0,36.0,17.073,6468000.0,0.012,1.0,862334000.0,0.524,519917000.0,218336000.0,21766614000.0,21574603750.0,0.0,642952000.0,,,8575517000.0,,,16274641119.0,-2972000.0,-433295000.0,1058348000.0,15787000.0,-787072000.0,246450000.0,-1007700000.0,157201000.0,758431000.0,-153000.0,413563000.0,411147000.0,411147000.0,-267746000.0,14690000.0,0.25,708437000.0,153897000.0,763391000.0,1.922,2.397,39.584,39.26,11312107000.0,2416000.0,30.23,9.894,9.751,42269000.0,-3976232000.0,1644875000.0,1644875000.0,0.0,0.026,0.059,0.029,0.378,17368000.0,93237000.0,1.0,538360606.0,530555000,531056000.0,3.1,15400172000.0,0.0,-9423000.0,0.0,29.027,
1,PEAK,MRY,2019-12-31,2019-12-31,2019-12-31,2021-08-25,-2857000.0,14032891000.0,13663923750.0,,,0.091,12.514,-2109578000.0,93783000.0,93783000.0,405244000.0,60061000.0,,1.21,6154652000.0,,,6154652000.0,274554000.0,659989000.0,0.0,0.043,1.48,257663000.0,917652000.0,0.74,917652000.0,257663000.0,40051000.0,0.09,0.09,0.09,6085058000.0,5977369500.0,6085058000.0,23662006529.0,92.0,25.785,-1263505000.0,-2.598,1.0,835095000.0,0.673,260204000.0,217612000.0,19833556000.0,19555044250.0,0.0,1049564000.0,,,7365417000.0,,,17060381529.0,44811000.0,429686000.0,790543000.0,573052000.0,-720123000.0,647271000.0,-1448778000.0,194683000.0,846073000.0,245000.0,45530000.0,43987000.0,43987000.0,115408000.0,14531000.0,0.035,547828000.0,287267000.0,457532000.0,16.444,2.804,387.851,383.0,8397940000.0,1543000.0,34.47,13.755,13.513,44842000.0,-3601199000.0,1240339000.0,1240339000.0,0.0,0.003,0.007,0.013,0.208,18162000.0,92966000.0,1.0,494934190.0,486255000,489335000.0,2.551,13772687000.0,0.0,-5479000.0,0.0,28.324,
2,PEAK,MRY,2018-12-31,2018-12-31,2018-12-31,2021-08-25,-4708000.0,12718553000.0,13330367250.0,,,0.089,12.633,1008561000.0,139846000.0,139846000.0,378657000.0,1073474000.0,,1.044,5567908000.0,,,5567908000.0,190683000.0,549499000.0,0.0,0.053,1.48,1317977000.0,1867476000.0,1.568,1867476000.0,1317977000.0,1056697000.0,2.25,2.24,2.25,5944439000.0,5341348000.0,5944439000.0,19814345117.0,15.0,10.61,1857270000.0,3.947,1.0,812663000.0,0.682,305079000.0,261280000.0,17841536000.0,19816885250.0,0.0,1316904000.0,,,6205962000.0,,,13124833117.0,57643000.0,717503000.0,214224000.0,-2354659000.0,-696913000.0,-2620536000.0,1829279000.0,76743000.0,848709000.0,191000.0,1061093000.0,1058424000.0,1058424000.0,-236256000.0,12381000.0,0.888,513437000.0,299226000.0,391583000.0,0.658,2.208,12.4,12.413,10209450000.0,2669000.0,27.93,11.017,11.032,48171000.0,-2927196000.0,1191320000.0,1191320000.0,0.0,0.079,0.198,0.067,1.106,16563000.0,96702000.0,1.0,469918837.0,470551000,475387000.0,2.532,12413474000.0,0.0,-4396000.0,0.0,26.381,
3,PEAK,MRY,2017-12-31,2017-12-31,2017-12-31,2021-08-25,-24024000.0,14088461000.0,14237746250.0,,,0.13,11.309,264833000.0,82203000.0,82203000.0,666251000.0,422634000.0,,1.602,7880466000.0,,,7880466000.0,144709000.0,534726000.0,0.0,0.057,1.48,720552000.0,1255278000.0,0.679,1255278000.0,720552000.0,412836000.0,0.88,0.88,0.88,5301005000.0,5593958250.0,5301005000.0,19539529350.0,27.0,15.566,1111874000.0,2.372,1.0,1182127000.0,0.64,410082000.0,307716000.0,21476642000.0,21186344750.0,0.0,1828518000.0,,,8493523000.0,,,12234348350.0,-54787000.0,415908000.0,23336000.0,-1420873000.0,-694955000.0,-2148461000.0,1246257000.0,528493000.0,847041000.0,376000.0,414169000.0,413013000.0,413013000.0,0.0,8465000.0,0.223,797845000.0,384282000.0,401738000.0,1.682,2.308,29.622,29.636,10731878000.0,1156000.0,26.08,6.619,6.614,40733000.0,-3370520000.0,1848378000.0,1848378000.0,0.0,0.029,0.074,0.034,0.39,14258000.0,88772000.0,1.0,469108449.0,468759000,468935000.0,3.943,13678379000.0,0.0,-1333000.0,0.0,29.18,
4,PEAK,MRY,2016-12-31,2016-12-31,2016-12-31,2021-08-25,-29642000.0,15759265000.0,19816048500.0,,,0.107,11.874,-332172000.0,136990000.0,136990000.0,738399000.0,639926000.0,,1.77,9189495000.0,,,9189495000.0,149181000.0,572998000.0,0.0,0.07,2.095,1096623000.0,1669621000.0,0.784,1669621000.0,1096623000.0,632220000.0,1.34,1.34,1.34,5547595000.0,8310646000.0,5547595000.0,24624020054.0,22.0,14.748,881959000.0,1.888,1.0,1390895000.0,0.653,479805000.0,464403000.0,24331965000.0,29532968750.0,0.0,2132034000.0,,,9817957000.0,,,13908103054.0,-270126000.0,-10186000.0,58965000.0,-1803213000.0,-979542000.0,-1054265000.0,-428973000.0,-41703000.0,1214131000.0,-1019000.0,627747000.0,626549000.0,626549000.0,-265755000.0,12179000.0,0.294,681540000.0,709355000.0,417360000.0,1.563,2.507,22.198,22.179,11325830000.0,1198000.0,29.72,6.532,6.521,45116000.0,-3089734000.0,2129294000.0,2129294000.0,0.0,0.032,0.075,0.037,0.515,22884000.0,103611000.0,1.0,467971166.0,467195000,467403000.0,4.558,15279460000.0,0.0,4473000.0,0.0,32.705,
5,PEAK,MRY,2015-12-31,2015-12-31,2015-12-31,2021-08-25,-30470000.0,21449849000.0,21753847750.0,,,0.089,20.19,-1673815000.0,386532000.0,386532000.0,610679000.0,-546418000.0,,1.253,11069003000.0,,,11069003000.0,122330000.0,510785000.0,0.0,0.059,2.26,-89446000.0,421339000.0,0.217,421339000.0,-89446000.0,-569042000.0,-1.21,-1.21,-1.21,9343643000.0,10009363000.0,9343643000.0,28741888372.0,-321.0,68.216,-451670000.0,-0.976,1.0,1329810000.0,0.685,586657000.0,479596000.0,31545663000.0,31830061750.0,0.0,2124680000.0,,,11703532000.0,,,17783215372.0,174330000.0,-69936000.0,197733000.0,1378413000.0,-1046638000.0,614087000.0,-1660365000.0,52397000.0,1222145000.0,-1537000.0,-559235000.0,-560552000.0,-560552000.0,699086000.0,12817000.0,-0.289,736528000.0,593282000.0,430786000.0,-1.868,1.903,-31.724,-31.603,11854242000.0,1317000.0,38.24,9.164,9.12,48929000.0,-2738414000.0,1940489000.0,1940489000.0,0.0,-0.026,-0.056,-0.003,-0.046,26127000.0,95965000.0,1.0,465042243.0,462795000,462795000.0,4.193,20863192000.0,0.0,-9807000.0,0.0,45.081,
6,PEAK,MRY,2014-12-31,2014-12-31,2014-12-31,2021-08-25,-23895000.0,21331436000.0,20519793250.0,,,0.08,23.418,-649160000.0,232786000.0,232786000.0,381294000.0,936591000.0,,0.963,9721269000.0,,,9721269000.0,95411000.0,459995000.0,0.0,0.05,2.18,1361469000.0,1821464000.0,1.113,1821464000.0,1361469000.0,921727000.0,2.01,2.0,2.01,10735297000.0,10757576500.0,10735297000.0,29298029289.0,22.0,16.085,599461000.0,1.308,1.0,1255539000.0,0.767,481013000.0,439742000.0,30338906000.0,28922530750.0,0.0,8792743000.0,,,10334337000.0,,,20221371289.0,-116746000.0,-373121000.0,83889000.0,1095851000.0,-1001559000.0,144797000.0,-1511879000.0,-480508000.0,1248621000.0,1715000.0,922233000.0,919796000.0,919796000.0,-665276000.0,14358000.0,0.562,553923000.0,701616000.0,432934000.0,1.085,1.884,21.985,21.905,10886887000.0,2437000.0,44.03,12.354,12.331,36339000.0,-1132541000.0,1636833000.0,1636833000.0,0.0,0.045,0.086,0.047,0.832,21885000.0,81765000.0,1.0,459263486.0,458425000,458796000.0,3.571,20850423000.0,0.0,-506000.0,0.0,45.483,
7,PEAK,MRY,2013-12-31,2013-12-31,2013-12-31,2021-08-25,-14487000.0,20075870000.0,19937475750.0,,,0.105,23.568,-163736000.0,337785000.0,337785000.0,298282000.0,985006000.0,,0.853,8661627000.0,,,8661627000.0,65872000.0,429174000.0,0.0,0.058,2.1,1411904000.0,1841078000.0,0.877,1841078000.0,1411904000.0,976652000.0,2.13,2.13,2.13,10723300000.0,10635335500.0,10723300000.0,25034735134.0,18.0,13.598,985251000.0,2.165,1.0,1801596000.0,0.858,489842000.0,435252000.0,27909870000.0,27902907750.0,0.0,7715976000.0,,,9144736000.0,,,16571781134.0,52883000.0,0.0,114082000.0,-45321000.0,-956685000.0,-900416000.0,-196648000.0,-47633000.0,1148987000.0,960000.0,970837000.0,969103000.0,969103000.0,-74373000.0,14169000.0,0.462,532545000.0,1269051000.0,318427000.0,0.986,1.545,17.1,17.052,10627249000.0,1734000.0,36.32,7.892,7.87,27494000.0,-1053215000.0,2099878000.0,2099878000.0,0.0,0.049,0.091,0.051,0.672,39980000.0,103042000.0,1.0,456271507.0,455002000,455702000.0,4.615,19586028000.0,0.0,5815000.0,0.0,43.046,
8,PEAK,MRY,2012-12-31,2012-12-31,2012-12-31,2021-08-25,-14653000.0,19915555000.0,18377494500.0,,,0.102,24.707,-1931981000.0,285521000.0,285521000.0,280716000.0,846842000.0,,0.868,8695549000.0,,,8695549000.0,68055000.0,366512000.0,0.0,0.044,2.0,1247058000.0,1613570000.0,0.858,1613570000.0,1247058000.0,830886000.0,1.9,1.9,1.9,10551237000.0,9675314250.0,10551237000.0,28179394786.0,23.0,17.464,-897111000.0,-2.101,1.0,1599254000.0,0.851,551737000.0,416172000.0,27773846000.0,25696713750.0,0.0,7369636000.0,,,9161778000.0,,,20415300786.0,214167000.0,0.0,1792786000.0,905224000.0,-865306000.0,1493449000.0,-2314152000.0,-388791000.0,1034870000.0,0.0,832540000.0,812289000.0,812289000.0,-45652000.0,14302000.0,0.432,440977000.0,1158277000.0,293994000.0,1.053,1.935,25.133,23.768,10829332000.0,20251000.0,45.16,10.859,10.258,34150000.0,-1067367000.0,1879970000.0,1879970000.0,0.0,0.044,0.084,0.049,0.663,23277000.0,68414000.0,1.0,452066005.0,427047000,428316000.0,4.402,19363818000.0,0.0,-1654000.0,0.0,45.344,
9,PEAK,MRY,2011-12-31,2011-12-31,2011-12-31,2021-08-25,-19582000.0,17408475000.0,17510140500.0,,,0.097,22.672,-232105000.0,75059000.0,75059000.0,218701000.0,554494000.0,,0.906,7728984000.0,,,7728984000.0,65614000.0,357395000.0,0.0,0.046,1.92,955647000.0,1313042000.0,0.775,1313042000.0,955647000.0,540192000.0,1.29,1.29,1.29,9033482000.0,9096080000.0,9033482000.0,24461415049.0,26.0,18.63,492056000.0,1.235,1.0,1475717000.0,0.871,372390000.0,415455000.0,24690010000.0,23658138250.0,0.0,7062082000.0,,,8187853000.0,,,16894664049.0,-1003195000.0,-4257106000.0,1327813000.0,2391952000.0,-787689000.0,2853128000.0,-4580484000.0,-88447000.0,724161000.0,0.0,538891000.0,515302000.0,515302000.0,-18364000.0,15603000.0,0.304,582514000.0,893203000.0,275478000.0,1.488,1.87,32.786,32.116,9280510000.0,23589000.0,41.43,9.971,9.742,26681000.0,-1024274000.0,1694418000.0,1694418000.0,0.0,0.029,0.057,0.04,0.564,20034000.0,96059000.0,1.0,407788174.0,398446000,400218000.0,4.253,17036085000.0,0.0,1301000.0,0.0,42.756,
10,PEAK,MRY,2010-12-31,2010-12-31,2010-12-31,2021-08-25,-13237000.0,13331923000.0,12490358750.0,,,0.099,26.041,-158488000.0,1073020000.0,1073020000.0,210158000.0,344395000.0,,0.652,4646345000.0,,,4646345000.0,77653000.0,313447000.0,0.0,0.051,1.86,616629000.0,930076000.0,0.75,930076000.0,616629000.0,331121000.0,1.01,1.0,1.01,7957367000.0,6464751250.0,7957367000.0,16757341391.0,27.0,18.017,422010000.0,1.381,1.0,1030048000.0,0.831,316375000.0,285508000.0,16588873000.0,17076712000.0,0.0,2808374000.0,,,5185876000.0,,,11424494391.0,924442000.0,-218570000.0,2426900000.0,-1042518000.0,-590735000.0,774873000.0,-430929000.0,-54917000.0,580498000.0,0.0,330709000.0,307498000.0,307498000.0,-29049000.0,13686000.0,0.248,389953000.0,640095000.0,313806000.0,1.842,1.436,37.153,36.426,8660173000.0,23211000.0,36.79,9.212,9.065,34504000.0,-775476000.0,1240206000.0,1240206000.0,0.0,0.025,0.048,0.036,0.497,14924000.0,83019000.0,1.0,310532601.0,305574000,306900000.0,4.059,13015548000.0,0.0,412000.0,0.0,42.594,
11,PEAK,MRY,2009-12-31,2009-12-31,2009-12-31,2021-08-25,-2134000.0,12209735000.0,12033771000.0,,,0.095,21.08,-64958000.0,145259000.0,145259000.0,183296000.0,146151000.0,,1.081,5656143000.0,,,5656143000.0,85127000.0,320125000.0,0.0,0.06,1.84,432469000.0,752594000.0,0.656,752594000.0,432469000.0,133600000.0,0.4,0.4,0.4,5780537000.0,5597749750.0,5780537000.0,14459566233.0,33.0,19.213,450676000.0,1.644,1.0,963453000.0,0.84,389698000.0,298869000.0,17330921000.0,17187424250.0,0.0,2540993000.0,,,6251126000.0,,,8952452233.0,54697000.0,-7975000.0,852912000.0,-709873000.0,-517072000.0,-399531000.0,-61406000.0,2580000.0,515634000.0,0.0,131690000.0,109069000.0,109069000.0,-43506000.0,14461000.0,0.095,495919000.0,467534000.0,309596000.0,4.6,1.549,82.081,76.35,8550686000.0,22621000.0,30.54,7.807,7.303,43726000.0,-515450000.0,1146749000.0,1146749000.0,0.0,0.009,0.019,0.025,0.377,14388000.0,77999000.0,1.0,293138580.0,274216000,274631000.0,4.182,11820037000.0,0.0,1910000.0,0.0,43.105,
12,PEAK,MRY,2008-12-31,2008-12-31,2008-12-31,2021-08-25,-81162000.0,11849826000.0,12151256000.0,,,0.094,21.918,424063000.0,92640000.0,92640000.0,192945000.0,470983000.0,,1.239,5937456000.0,,,5937456000.0,60185000.0,321236000.0,0.0,0.066,1.82,801062000.0,1122298000.0,0.98,1122298000.0,801062000.0,452719000.0,1.79,1.79,1.79,5201271000.0,4812228750.0,5201271000.0,12812137036.0,16.0,11.416,992760000.0,4.184,1.0,952051000.0,0.831,505507000.0,348343000.0,17189135000.0,17934669500.0,0.0,1989617000.0,,,6441986000.0,,,7016161036.0,-38707000.0,-724000.0,1060538000.0,-1590116000.0,-457643000.0,-1034731000.0,427327000.0,-5761000.0,568697000.0,0.0,448495000.0,425368000.0,425368000.0,-246477000.0,22488000.0,0.372,385700000.0,566351000.0,211715000.0,1.017,1.349,16.494,15.514,8691370000.0,23127000.0,27.77,6.128,5.755,33834000.0,-130068000.0,1144996000.0,1144996000.0,0.0,0.035,0.088,0.045,0.7,13765000.0,73691000.0,1.0,252652540.0,237301000,237972000.0,4.825,11344319000.0,0.0,4224000.0,0.0,47.806,
13,PEAK,MRY,2007-12-31,2007-12-31,2007-12-31,2021-08-25,-2102000.0,12521772000.0,10722079250.0,,,0.089,19.576,412085000.0,132696000.0,132696000.0,175704000.0,614115000.0,,1.985,7510907000.0,,,7510907000.0,51649000.0,281179000.0,0.0,0.051,1.78,970756000.0,1251935000.0,1.313,1251935000.0,970756000.0,615559000.0,2.72,2.7,2.72,4070273000.0,3758976750.0,4070273000.0,14255427452.0,15.0,11.387,865136000.0,4.161,1.0,778039000.0,0.816,623073000.0,355197000.0,19276910000.0,16045259500.0,0.0,1954431000.0,,,8078792000.0,,,7521643452.0,37864000.0,-2986330000.0,618854000.0,2271102000.0,-393566000.0,2472928000.0,-2888115000.0,-792355000.0,453051000.0,0.0,614115000.0,565080000.0,565080000.0,-478322000.0,0.0,0.592,325786000.0,452253000.0,238093000.0,0.654,1.848,13.311,12.787,8825410000.0,49035000.0,34.78,7.886,7.582,44892000.0,-120920000.0,953743000.0,953743000.0,0.0,0.053,0.15,0.061,1.018,11408000.0,67522000.0,1.0,216263469.0,207924000,208920000.0,4.587,11898699000.0,0.0,1444000.0,0.0,57.226,
14,PEAK,MRY,2006-12-31,2006-12-31,2006-12-31,2021-08-25,17725000.0,10012749000.0,5567917750.0,,,0.083,21.991,13245000.0,99191000.0,99191000.0,79253000.0,417547000.0,,2.011,6202015000.0,,,6202015000.0,20795000.0,154069000.0,0.0,0.046,1.7,629286000.0,783355000.0,1.687,783355000.0,629286000.0,417792000.0,2.67,2.66,2.67,3259825000.0,1845326500.0,3259825000.0,8221160237.0,13.0,10.495,354441000.0,2.391,1.0,384994000.0,0.829,380568000.0,211494000.0,15735005000.0,8552444250.0,0.0,899882000.0,,,6556948000.0,,,6068260237.0,37063000.0,-3463209000.0,989039000.0,2686402000.0,-266814000.0,3387919000.0,-3692052000.0,-272309000.0,341196000.0,0.0,417547000.0,396417000.0,396417000.0,-384104000.0,0.0,0.854,168852000.0,216142000.0,200088000.0,0.637,1.862,15.308,13.79,5929219000.0,21130000.0,36.82,13.071,11.757,31026000.0,-316369000.0,464247000.0,464247000.0,0.0,0.071,0.215,0.074,1.355,8232000.0,46882000.0,1.0,164808806.0,148236000,148841000.0,3.132,9632181000.0,0.0,245000.0,0.0,64.979,
15,PEAK,MRY,2005-12-31,2005-12-31,2005-12-31,2021-08-25,-848000.0,3597265000.0,3332025500.0,,,0.109,10.239,-389726000.0,21342000.0,21342000.0,58710000.0,173057000.0,,1.485,1956946000.0,,,1956946000.0,17169000.0,107966000.0,0.0,0.066,1.68,279281000.0,387247000.0,1.062,387247000.0,279281000.0,173057000.0,1.13,1.12,1.13,1378861000.0,1402174250.0,1378861000.0,5286221284.0,19.0,13.651,-107497000.0,-0.798,1.0,306025000.0,0.839,36264000.0,106224000.0,5496605000.0,4981092750.0,0.0,235429000.0,,,2048215000.0,,,3472673284.0,4380000.0,0.0,45238000.0,354943000.0,-248389000.0,136937000.0,-414786000.0,-34441000.0,282229000.0,0.0,173057000.0,151927000.0,151927000.0,0.0,0.0,0.417,117615000.0,188410000.0,68718000.0,1.487,2.519,22.858,22.619,2936036000.0,21130000.0,25.56,9.521,9.438,13313000.0,-467102000.0,364735000.0,364735000.0,0.0,0.046,0.108,0.056,0.766,6495000.0,31834000.0,1.0,135863587.0,134673000,135560000.0,2.708,3561001000.0,0.0,0.0,0.0,26.442,
16,PEAK,MRY,2004-12-31,2004-12-31,2004-12-31,2021-08-25,0.0,3104526000.0,2973612750.0,,,0.123,10.553,-200462000.0,21640000.0,21640000.0,42484000.0,169040000.0,,1.124,1487291000.0,,,1487291000.0,16107000.0,89357000.0,0.0,0.06,1.67,256672000.0,346029000.0,0.945,346029000.0,256672000.0,169040000.0,1.12,1.11,1.12,1391454000.0,1424403250.0,1391454000.0,5062585704.0,20.0,14.631,72080000.0,0.547,1.0,323615000.0,0.884,19679000.0,87632000.0,4550498000.0,4297327250.0,0.0,60506000.0,,,1563303000.0,,,3683660704.0,133000.0,88554000.0,42629000.0,27787000.0,-243250000.0,-187727000.0,-84682000.0,29948000.0,272542000.0,0.0,169040000.0,147910000.0,147910000.0,0.0,0.0,0.404,109632000.0,213983000.0,59905000.0,1.491,2.647,24.905,24.723,2817181000.0,21130000.0,27.69,10.062,9.973,14834000.0,-391770000.0,366099000.0,366099000.0,0.0,0.05,0.104,0.06,0.701,6162000.0,36721000.0,1.0,133032167.0,131854000,133362000.0,2.777,3084847000.0,0.0,0.0,0.0,23.396,
17,PEAK,MRY,2003-12-31,2003-12-31,2003-12-31,2021-08-25,0.0,3035957000.0,2841793750.0,,,0.13,10.864,-166635000.0,17768000.0,17768000.0,34296000.0,158585000.0,,1.089,1407284000.0,,,1407284000.0,16080000.0,80123000.0,0.0,0.065,1.66,246882000.0,327005000.0,0.887,327005000.0,246882000.0,158585000.0,0.98,0.97,0.98,1357364000.0,1264911750.0,1357364000.0,4627592848.0,19.0,14.151,96940000.0,0.776,1.0,334504000.0,0.907,0.0,88297000.0,4425473000.0,4197157750.0,0.0,172450000.0,,,1478419000.0,,,3291639848.0,9265000.0,-176991000.0,222730000.0,70107000.0,-223231000.0,52504000.0,-306814000.0,34305000.0,263575000.0,0.0,158585000.0,121849000.0,121849000.0,0.0,0.0,0.33,96150000.0,238354000.0,55055000.0,1.694,2.425,27.014,25.918,2543440000.0,36736000.0,25.4,8.925,8.605,16471000.0,-318678000.0,368800000.0,368800000.0,0.0,0.043,0.096,0.059,0.669,3141000.0,22486000.0,1.0,129592120.0,124942000,126130000.0,2.952,3035957000.0,0.0,0.0,0.0,24.299,
18,PEAK,MRY,2002-12-31,2002-12-31,2002-12-31,2021-08-25,0.0,2748417000.0,2633424750.0,,,0.124,11.122,-251963000.0,8495000.0,8495000.0,25349000.0,137380000.0,,1.146,1333848000.0,,,1333848000.0,0.0,76151000.0,0.0,0.085,1.63,212331000.0,288482000.0,0.885,288482000.0,212331000.0,137380000.0,0.98,0.96,0.98,1280889000.0,1266703500.0,1280889000.0,3536875600.0,17.0,12.26,-19200000.0,-0.167,1.0,300438000.0,0.922,0.0,74951000.0,4073770000.0,3861965250.0,0.0,332829000.0,,,1467528000.0,,,2260086600.0,87000.0,-11830000.0,102338000.0,275374000.0,-213349000.0,158354000.0,-391030000.0,-127237000.0,232763000.0,0.0,137380000.0,112480000.0,112480000.0,0.0,0.0,0.345,86779000.0,213659000.0,62145000.0,1.663,1.764,20.093,19.541,2371411000.0,24900000.0,19.15,6.937,6.77,22382000.0,-252914000.0,325787000.0,325787000.0,0.0,0.043,0.089,0.055,0.652,0.0,18589000.0,1.0,118020188.0,115172000,116990000.0,2.829,2748417000.0,0.0,0.0,0.0,23.864,
19,PEAK,MRY,2001-12-31,2001-12-31,2001-12-31,2021-08-25,0.0,2431153000.0,2390638250.0,,,0.133,11.57,-126026000.0,8408000.0,8408000.0,28803000.0,121166000.0,,0.95,1057752000.0,,,1057752000.0,0.0,70458000.0,0.0,0.086,1.55,199173000.0,269631000.0,0.849,269631000.0,199173000.0,121166000.0,0.89,0.89,0.89,1246724000.0,1219023250.0,1246724000.0,3085511739.0,15.0,11.443,74822000.0,0.694,1.0,288681000.0,0.909,0.0,78007000.0,3480497000.0,3439841000.0,0.0,198036000.0,,,1184429000.0,,,2019199739.0,-50215000.0,-230000.0,176310000.0,-120416000.0,-190123000.0,-132900000.0,-118163000.0,8093000.0,200848000.0,0.0,121166000.0,96266000.0,96266000.0,-9741000.0,0.0,0.303,80246000.0,208435000.0,56709000.0,1.742,1.62,20.975,20.343,2194556000.0,24900000.0,18.105,6.36,6.145,20940000.0,-176945000.0,317484000.0,317484000.0,0.0,0.04,0.079,0.058,0.627,0.0,13175000.0,1.0,111527188.0,107758000,107950000.0,2.946,2431153000.0,0.0,0.0,0.0,22.561,
20,PEAK,MRY,2000-12-31,2000-12-31,2000-12-31,2021-08-25,0.0,2394852000.0,2421835750.0,,,0.134,11.157,59464000.0,58623000.0,58623000.0,27454000.0,133767000.0,,1.102,1158928000.0,,,1158928000.0,0.0,69839000.0,0.0,0.098,1.47,220514000.0,290353000.0,0.892,290353000.0,220514000.0,133767000.0,1.065,1.065,1.065,1139283000.0,1162370500.0,1139283000.0,2674421030.0,12.0,9.211,264975000.0,2.595,1.0,297904000.0,0.916,0.0,86747000.0,3495157000.0,3571321500.0,0.0,209852000.0,,,1255569000.0,,,1522767030.0,50927000.0,4250000.0,-16381000.0,-12786000.0,-175079000.0,-218298000.0,63714000.0,0.0,205511000.0,0.0,133767000.0,108867000.0,108867000.0,-2934000.0,0.0,0.335,81874000.0,216030000.0,57097000.0,1.38,1.337,13.987,14.028,2100509000.0,24900000.0,14.94,4.68,4.689,16341000.0,-107988000.0,325358000.0,325358000.0,0.0,0.045,0.094,0.062,0.678,0.0,13266000.0,1.0,101925504.0,102114000,102200000.0,3.186,2394852000.0,0.0,0.0,0.0,23.453,
21,PEAK,MRY,1999-12-31,1999-12-31,1999-12-31,2021-08-25,0.0,2469390000.0,1733822250.0,,,0.13,17.249,-114583000.0,7696000.0,7696000.0,18240000.0,96225000.0,,1.057,1179507000.0,,,1179507000.0,0.0,44789000.0,0.0,0.116,1.39,154683000.0,199472000.0,0.887,199472000.0,154683000.0,96225000.0,1.125,1.125,1.125,1200257000.0,755846000.0,1200257000.0,2033740410.0,13.0,10.196,9534000.0,0.137,1.0,206553000.0,0.919,0.0,58458000.0,3641201000.0,2627815250.0,0.0,240799000.0,,,1269133000.0,,,1229773410.0,3192000.0,-80071000.0,29636000.0,174500000.0,-106177000.0,109535000.0,-230460000.0,-35806000.0,124117000.0,0.0,96225000.0,78450000.0,78450000.0,0.0,0.0,0.349,56697000.0,149856000.0,49222000.0,1.236,1.025,15.676,10.613,2192988000.0,17775000.0,11.94,5.471,3.696,13565000.0,-66676000.0,224793000.0,224793000.0,0.0,0.045,0.104,0.059,0.688,0.0,11908000.0,1.0,102996098.0,69584000,69584000.0,3.231,2469390000.0,0.0,0.0,0.0,35.488,
22,PEAK,MRY,1998-12-31,1998-12-31,1998-12-31,2021-08-25,0.0,1356612000.0,1167794000.0,,,0.138,9.683,-390184000.0,4504000.0,4504000.0,5053000.0,87167000.0,,1.278,709045000.0,,,709045000.0,0.0,29577000.0,0.0,0.085,1.31,124553000.0,154130000.0,0.954,154130000.0,124553000.0,87167000.0,1.28,1.27,1.28,595419000.0,522237000.0,595419000.0,1455745132.0,12.0,9.445,-277873000.0,-4.519,1.0,156496000.0,0.969,0.0,37386000.0,2061153000.0,1737783500.0,0.0,208841000.0,,,761193000.0,,,952842132.0,420000.0,0.0,23871000.0,243962000.0,-89210000.0,305633000.0,-417524000.0,-27340000.0,112311000.0,0.0,87167000.0,78635000.0,78635000.0,0.0,0.0,0.487,25953000.0,130543000.0,28758000.0,1.023,1.6,12.117,12.012,1131119000.0,8532000.0,15.375,5.898,5.853,0.0,-56724000.0,161549000.0,161549000.0,0.0,0.067,0.151,0.072,0.771,0.0,10429000.0,1.0,61973472.0,61494000,61494000.0,2.627,1356612000.0,0.0,0.0,0.0,22.061,
23,PEAK,MRY,1997-12-31,1997-12-31,1997-12-31,2021-08-25,0.0,940964000.0,847308500.0,,,0.152,7.683,-191408000.0,4084000.0,4084000.0,162000.0,64789000.0,,1.128,452858000.0,,,452858000.0,0.0,22667000.0,0.0,0.065,1.23,93614000.0,116281000.0,0.905,116281000.0,93614000.0,64789000.0,1.105,1.095,1.105,442269000.0,389537500.0,442269000.0,,,,-103864000.0,-1.804,1.0,128341000.0,0.999,0.0,28825000.0,1389738000.0,1260042000.0,0.0,139622000.0,,,498695000.0,,,1143607650.0,1273000.0,0.0,53667000.0,73246000.0,-71926000.0,118967000.0,-205238000.0,-13830000.0,87544000.0,0.0,64789000.0,63542000.0,63542000.0,0.0,0.0,0.494,31023000.0,97318000.0,23492000.0,1.113,2.586,17.998,17.109,786502000.0,1247000.0,18.905,8.899,8.469,0.0,-54681000.0,128503000.0,128503000.0,0.0,0.075,0.163,0.074,0.728,0.0,0.0,1.0,60492338.0,57564000,57564000.0,2.232,940964000.0,0.0,0.0,0.0,16.346,
24,PEAK,MRY,1996-12-31,1996-12-31,1996-12-31,2021-08-25,0.0,753653000.0,,,,,5.878,-115308000.0,2811000.0,2811000.0,0.0,60641000.0,,1.238,379504000.0,,,379504000.0,0.0,20700000.0,0.0,0.066,1.15,87042000.0,107742000.0,0.895,107742000.0,87042000.0,60641000.0,1.06,1.05,1.06,336806000.0,,336806000.0,,,,-24723000.0,-0.431,1.0,120393000.0,1.0,0.0,26401000.0,1130346000.0,,0.0,118758000.0,,,416847000.0,,,,811000.0,4465000.0,1536000.0,80305000.0,-65905000.0,15023000.0,-104797000.0,6046000.0,90585000.0,0.0,60641000.0,60641000.0,60641000.0,0.0,0.0,0.504,29975000.0,90418000.0,19739000.0,1.085,,,16.509,623734000.0,0.0,17.5,,8.33,0.0,-47544000.0,120393000.0,120393000.0,0.0,,,,0.723,0.0,0.0,1.0,,57304000,57304000.0,2.101,753653000.0,0.0,0.0,0.0,13.152,
25,PEAK,MRY,1995-12-31,1995-12-31,1995-12-31,2021-08-25,,,,,,,,-74958000.0,,,720000.0,80266000.0,,,,,,,,16691000.0,,0.061,1.07,99605000.0,116296000.0,1.1,116296000.0,99605000.0,80266000.0,1.415,1.39,1.415,,,,,,,-3794000.0,-0.067,1.0,104976000.0,0.993,,19339000.0,,,,,,,,,,,-928000.0,0.0,47109000.0,21322000.0,-60167000.0,8535000.0,-80627000.0,-5669000.0,71164000.0,0.0,80266000.0,80266000.0,80266000.0,0.0,0.0,0.759,1692000.0,103284000.0,,0.756,,,12.413,,0.0,17.565,,9.422,,,105696000.0,105696000.0,0.0,,,,0.942,0.0,0.0,1.0,,56696000,56696000.0,1.864,,,0.0,,,
0,PEAK,MRQ,2021-06-30,2021-06-30,2021-06-30,2021-08-25,-3389000.0,14332370000.0,,,,,12.775,664257000.0,225975000.0,225975000.0,190132000.0,282025000.0,,1.002,5228108000.0,,,5228108000.0,777687000.0,171459000.0,0.0,0.04,0.3,314198000.0,485657000.0,1.02,485657000.0,314198000.0,275517000.0,0.51,0.51,0.51,6884862000.0,,6884862000.0,23786415864.0,33.0,17.217,901125000.0,1.672,1.0,286106000.0,0.601,511612000.0,38681000.0,18822891000.0,,0.0,862197000.0,,,6898641000.0,,,17940981864.0,96285000.0,-4244000.0,-232000.0,-913923000.0,-161971000.0,-1085153000.0,944570000.0,260796000.0,236868000.0,0.0,276280000.0,275993000.0,275993000.0,-113960000.0,5745000.0,0.58,197097000.0,89009000.0,688458000.0,0.588,2.606,35.761,35.796,11819296000.0,287000.0,33.29,12.789,12.789,41814000.0,-3880253000.0,476238000.0,476238000.0,0.0,,,,,5095000.0,24088000.0,1.0,538930065.0,538929000,544694000.0,0.884,13820758000.0,0.0,-763000.0,0.0,25.645,
1,PEAK,MRQ,2021-03-31,2021-03-31,2021-03-31,2021-08-25,-3497000.0,15193926000.0,,,,,12.558,766529000.0,102040000.0,102040000.0,181761000.0,149423000.0,,1.164,5947474000.0,,,5947474000.0,765946000.0,157538000.0,0.0,0.044,0.3,192639000.0,350177000.0,0.769,350177000.0,192639000.0,145796000.0,0.27,0.27,0.27,6764538000.0,,6764538000.0,23464343956.0,46.0,19.871,889255000.0,1.651,1.0,273515000.0,0.601,495919000.0,46843000.0,20543441000.0,,0.0,1184689000.0,,,7877244000.0,,,17097901956.0,-33667000.0,-5924000.0,-11078000.0,-741205000.0,-164118000.0,-924119000.0,767726000.0,-3704000.0,122726000.0,0.0,145788000.0,143337000.0,143337000.0,-270008000.0,3635000.0,0.315,186480000.0,87035000.0,697040000.0,1.111,2.528,61.763,62.235,11347374000.0,2451000.0,31.74,12.806,12.806,38879000.0,-3994562000.0,455276000.0,455276000.0,0.0,,,,,4364000.0,24902000.0,1.0,538686262.0,538679000,538679000.0,0.845,14698007000.0,0.0,8000.0,0.0,27.285,
2,PEAK,MRQ,2020-12-31,2020-12-31,2020-12-31,2021-08-25,-3685000.0,15920089000.0,,,,,12.606,-341533000.0,111432000.0,111432000.0,-223605000.0,150245000.0,,1.263,6477874000.0,,,6477874000.0,774316000.0,155749000.0,0.0,0.049,0.37,199362000.0,355111000.0,-2.808,355111000.0,199362000.0,153187000.0,0.27,0.27,0.27,6788345000.0,,6788345000.0,22530000119.0,36.0,17.073,-122826000.0,-0.228,1.0,97151000.0,-0.768,519917000.0,46175000.0,21766614000.0,,0.0,642952000.0,,,8575517000.0,,,16274641119.0,-117853000.0,-29326000.0,915000.0,120911000.0,-199476000.0,-95338000.0,-241222000.0,115480000.0,218707000.0,0.0,146394000.0,146129000.0,146129000.0,-267746000.0,3851000.0,-1.156,-16471000.0,113622000.0,763391000.0,1.37,2.397,39.584,39.26,11312107000.0,265000.0,30.23,9.894,9.751,42269000.0,-3976232000.0,-126454000.0,-126454000.0,0.0,,,,,3976000.0,25507000.0,1.0,538360606.0,538496000,538859000.0,-0.235,15400172000.0,0.0,6793000.0,0.0,28.598,
3,PEAK,MRQ,2020-09-30,2020-09-30,2020-09-30,2021-08-25,-3236000.0,15751821000.0,,,,,12.706,-226532000.0,299538000.0,299538000.0,314292000.0,-59581000.0,,1.22,6554897000.0,,,6554897000.0,755021000.0,173630000.0,0.0,0.055,0.37,16992000.0,190622000.0,0.319,190622000.0,16992000.0,-39243000.0,-0.12,-0.12,-0.12,6840055000.0,,6840055000.0,20684545054.0,39.0,16.413,-6631000.0,-0.012,1.0,283447000.0,0.474,501583000.0,56235000.0,21505597000.0,,0.0,712139000.0,,,8345513000.0,,,14615370054.0,-537103000.0,-11387000.0,236000.0,-318855000.0,-199546000.0,-525796000.0,-231208000.0,3762000.0,219901000.0,0.0,-63417000.0,-63768000.0,-63768000.0,0.0,3836000.0,-0.107,232427000.0,51020000.0,834518000.0,-3.083,2.137,47.448,44.508,11225062000.0,351000.0,27.15,12.578,12.578,63216000.0,-3923150000.0,597739000.0,597739000.0,0.0,,,,,4420000.0,21661000.0,1.0,538319339.0,538333000,538333000.0,1.11,15250238000.0,0.0,24174000.0,0.0,28.329,
4,PEAK,MRQ,2020-06-30,2020-06-30,2020-06-30,2021-08-25,-2186000.0,16316440000.0,,,,,13.188,-352052000.0,836641000.0,836641000.0,177808000.0,55049000.0,,1.218,6905816000.0,,,6905816000.0,751443000.0,178488000.0,0.0,0.054,0.37,106435000.0,284923000.0,0.697,284923000.0,106435000.0,51612000.0,0.09,0.09,0.09,7098673000.0,,7098673000.0,20490541448.0,39.0,16.383,-127271000.0,-0.236,1.0,230751000.0,0.565,537555000.0,54823000.0,21848060000.0,,0.0,758866000.0,,,8647719000.0,,,14834728448.0,-53458000.0,5492000.0,506000.0,312069000.0,-199550000.0,106163000.0,-384259000.0,-38311000.0,224781000.0,-143000.0,51506000.0,51131000.0,51131000.0,5292000.0,3543000.0,0.125,170621000.0,60130000.0,847080000.0,4.111,2.09,45.569,43.062,12980728000.0,375000.0,27.56,13.459,13.459,73432000.0,-3660187000.0,408559000.0,408559000.0,0.0,,,,,4140000.0,23720000.0,1.0,538270263.0,538262000,538517000.0,0.759,15778885000.0,0.0,106000.0,0.0,29.315,
5,PEAK,MRQ,2020-03-31,2020-03-31,2020-03-31,2021-08-25,-2495000.0,16072679000.0,,,,,14.288,168154000.0,890099000.0,890099000.0,237377000.0,282540000.0,,1.141,6545912000.0,,,6545912000.0,753432000.0,189276000.0,0.0,0.062,0.37,304903000.0,494179000.0,1.297,494179000.0,304903000.0,249212000.0,0.55,0.54,0.55,7236508000.0,,7236508000.0,18377639384.0,40.0,15.673,263196000.0,0.52,1.0,143677000.0,0.377,550348000.0,55691000.0,21178144000.0,,0.0,745258000.0,,,8259236000.0,,,12054072384.0,705442000.0,-398074000.0,1056691000.0,-98338000.0,-188500000.0,761421000.0,-151011000.0,76270000.0,95042000.0,-10000.0,279080000.0,277464000.0,277464000.0,-135408000.0,3460000.0,0.728,173131000.0,-29454000.0,856031000.0,0.673,1.666,46.286,45.865,12753689000.0,1616000.0,23.85,10.17,10.192,85037000.0,-3512143000.0,381054000.0,381054000.0,0.0,,,,,4832000.0,22349000.0,1.0,505411840.0,506476000,515045000.0,0.752,15522331000.0,0.0,-29868000.0,0.0,30.648,
6,PEAK,MRQ,2019-12-31,2019-12-31,2019-12-31,2021-08-25,-2857000.0,14032891000.0,,,,,12.238,-455837000.0,93783000.0,93783000.0,-225745000.0,47359000.0,,1.21,6154652000.0,,,6154652000.0,274554000.0,190798000.0,0.0,0.043,0.37,99737000.0,290535000.0,-1.289,290535000.0,99737000.0,49624000.0,0.09,0.09,0.09,6085058000.0,,6085058000.0,23662006529.0,92.0,25.785,-238365000.0,-0.479,1.0,392000.0,-0.002,260204000.0,50113000.0,19833556000.0,,0.0,1049564000.0,,,7365417000.0,,,17060381529.0,29553000.0,443753000.0,284797000.0,-271734000.0,-183463000.0,-180977000.0,-7264000.0,-6086000.0,217472000.0,322000.0,43520000.0,43200000.0,43200000.0,115408000.0,3839000.0,-0.192,-115635000.0,116027000.0,457532000.0,4.111,2.804,387.851,383.0,8397940000.0,320000.0,34.47,13.755,13.513,44842000.0,-3601199000.0,-225353000.0,-225353000.0,0.0,,,,,3633000.0,21521000.0,1.0,494934190.0,497235000,502964000.0,-0.453,13772687000.0,0.0,6104000.0,0.0,27.699,
7,PEAK,MRQ,2019-09-30,2019-09-30,2019-09-30,2021-08-25,-5223000.0,14010210000.0,,,,,12.079,-612173000.0,155104000.0,155104000.0,248069000.0,-42308000.0,,1.262,6756729000.0,,,6756729000.0,208653000.0,171944000.0,0.0,0.042,0.37,9106000.0,181050000.0,0.337,181050000.0,9106000.0,-52124000.0,-0.09,-0.09,-0.09,5933134000.0,,5933134000.0,23787643989.0,23.0,14.42,-364132000.0,-0.741,1.0,289902000.0,0.539,303722000.0,61230000.0,20308113000.0,,0.0,727468000.0,,,7486851000.0,,,17498259989.0,-948000.0,-5526000.0,103296000.0,160602000.0,-182110000.0,103590000.0,-352537000.0,260608000.0,248041000.0,-42000.0,-45863000.0,-46249000.0,-46249000.0,0.0,3555000.0,-0.086,234490000.0,55412000.0,431493000.0,-4.111,2.949,21.058,20.13,11708069000.0,386000.0,35.63,13.974,13.976,56991000.0,-3461256000.0,537971000.0,537971000.0,0.0,,,,,4171000.0,22970000.0,1.0,491110300.0,491203000,491203000.0,1.095,13706488000.0,0.0,-6261000.0,0.0,27.904,
8,PEAK,MRQ,2019-06-30,2019-06-30,2019-06-30,2021-08-25,-4459000.0,13713093000.0,,,,,12.647,-902074000.0,156052000.0,156052000.0,213993000.0,-9980000.0,,1.172,6445436000.0,,,6445436000.0,193286000.0,165296000.0,0.0,0.046,0.37,41481000.0,206777000.0,0.421,206777000.0,41481000.0,-15461000.0,-0.03,-0.03,-0.03,6054404000.0,,6054404000.0,21055951692.0,18.0,11.973,-680096000.0,-1.421,1.0,277574000.0,0.565,317960000.0,56942000.0,19684517000.0,,0.0,999696000.0,,,7093821000.0,,,15285896692.0,9400000.0,-4671000.0,403791000.0,491621000.0,-177264000.0,716137000.0,-928700000.0,-37429000.0,221978000.0,-15000.0,-13597000.0,-13991000.0,-13991000.0,0.0,3617000.0,-0.028,262291000.0,15283000.0,371235000.0,-12.333,2.525,15.66,15.449,11406328000.0,394000.0,31.98,13.062,13.082,53840000.0,-3233283000.0,491567000.0,491567000.0,0.0,,,,,6247000.0,27120000.0,1.0,477983011.0,478739000,478739000.0,1.027,13395133000.0,0.0,-1864000.0,0.0,27.98,
9,PEAK,MRQ,2019-03-31,2019-03-31,2019-03-31,2021-08-25,-3883000.0,12899501000.0,,,,,12.217,-139494000.0,146652000.0,146652000.0,168927000.0,64990000.0,,1.114,5916707000.0,,,5916707000.0,181467000.0,131951000.0,0.0,0.047,0.37,107339000.0,239290000.0,0.549,239290000.0,107339000.0,58012000.0,0.13,0.13,0.13,5836882000.0,,5836882000.0,20382317963.0,15.0,10.997,19088000.0,0.04,1.0,267227000.0,0.613,275565000.0,49327000.0,18393991000.0,,0.0,981500000.0,,,6500436000.0,,,14954255963.0,6806000.0,-3870000.0,-1341000.0,192563000.0,-177286000.0,8521000.0,-160277000.0,-22410000.0,158582000.0,-20000.0,61470000.0,61029000.0,61029000.0,0.0,3520000.0,0.14,166682000.0,100545000.0,352642000.0,2.846,2.562,13.851,13.668,10792931000.0,441000.0,31.3,13.023,13.023,48555000.0,-3042422000.0,436154000.0,436154000.0,0.0,,,,,4111000.0,21355000.0,1.0,477771756.0,477766000,479131000.0,0.913,12623936000.0,0.0,-3458000.0,0.0,26.423,
10,PEAK,MRQ,2018-12-31,2018-12-31,2018-12-31,2021-08-25,-4708000.0,12718553000.0,,,,,12.567,1049874000.0,139846000.0,139846000.0,-148968000.0,834383000.0,,1.044,5567908000.0,,,5567908000.0,190683000.0,130759000.0,0.0,0.053,0.37,891725000.0,1022484000.0,-4.79,1022484000.0,891725000.0,842071000.0,1.76,1.75,1.76,5944439000.0,,5944439000.0,19814345117.0,15.0,10.61,1265665000.0,2.676,1.0,-64482000.0,0.302,305079000.0,49654000.0,17841536000.0,,0.0,1316904000.0,,,6205962000.0,,,13124833117.0,31105000.0,-1388000.0,212880000.0,-1231157000.0,-174347000.0,-1196377000.0,1011745000.0,-43582000.0,215791000.0,-54000.0,831548000.0,830157000.0,830157000.0,-236256000.0,2835000.0,-3.889,-8763000.0,-55719000.0,391583000.0,0.21,2.208,12.4,12.413,10209450000.0,1391000.0,27.93,11.017,11.032,48171000.0,-2927196000.0,-213450000.0,-213450000.0,0.0,,,,,3465000.0,21510000.0,1.0,469918837.0,473008000,491920000.0,-0.451,12413474000.0,0.0,10523000.0,0.0,26.244,
11,PEAK,MRQ,2018-09-30,2018-09-30,2018-09-30,2021-08-25,-4297000.0,13083958000.0,,,,,10.793,-62028000.0,108741000.0,108741000.0,181207000.0,102926000.0,,1.468,6798253000.0,,,6798253000.0,174509000.0,132198000.0,0.0,0.056,0.37,157928000.0,290126000.0,0.636,290126000.0,157928000.0,94442000.0,0.21,0.21,0.21,5071168000.0,,5071168000.0,19647106216.0,43.0,19.485,131216000.0,0.279,1.0,274815000.0,0.603,305805000.0,63486000.0,19467665000.0,,0.0,1379266000.0,,,7443583000.0,,,12365993216.0,-13188000.0,389235000.0,689000.0,-650482000.0,-174127000.0,-532419000.0,325766000.0,-5728000.0,193244000.0,221000.0,99371000.0,98946000.0,98946000.0,0.0,3555000.0,0.217,165458000.0,109357000.0,410804000.0,1.762,2.438,73.185,75.2,10235700000.0,425000.0,26.32,6.691,6.692,48701000.0,-3584397000.0,456022000.0,456022000.0,0.0,,,,,2880000.0,23503000.0,1.0,469832569.0,469867000,470118000.0,0.971,12778153000.0,0.0,-4929000.0,0.0,27.195,
12,PEAK,MRQ,2018-06-30,2018-06-30,2018-06-30,2021-08-25,-4080000.0,13451387000.0,,,,,10.949,145338000.0,121929000.0,121929000.0,173866000.0,92928000.0,,1.562,7403042000.0,,,7403042000.0,172369000.0,143292000.0,0.0,0.057,0.37,158326000.0,301618000.0,0.642,301618000.0,158326000.0,85288000.0,0.19,0.19,0.19,5143494000.0,,5143494000.0,19976720777.0,57.0,22.026,388848000.0,0.828,1.0,295685000.0,0.63,294056000.0,73038000.0,20438444000.0,,0.0,1379868000.0,,,8034664000.0,,,12129097777.0,3961000.0,333344000.0,25000.0,-541848000.0,-174290000.0,-720502000.0,481040000.0,-5729000.0,243510000.0,-87000.0,89942000.0,89481000.0,89481000.0,0.0,2986000.0,0.191,182122000.0,113563000.0,398920000.0,1.947,2.358,194.889,215.167,9962020000.0,461000.0,25.82,6.57,6.571,43965000.0,-3509641000.0,469551000.0,469551000.0,0.0,,,,,4299000.0,22514000.0,1.0,469755917.0,469769000,469941000.0,1.0,13157331000.0,0.0,-4654000.0,0.0,28.008,
13,PEAK,MRQ,2018-03-31,2018-03-31,2018-03-31,2021-08-25,-21307000.0,14067571000.0,,,,,11.088,-124623000.0,117968000.0,117968000.0,172552000.0,43237000.0,,1.649,7965591000.0,,,7965591000.0,167975000.0,143250000.0,0.0,0.064,0.37,109998000.0,253248000.0,0.528,253248000.0,109998000.0,34896000.0,0.08,0.08,0.08,5206291000.0,,5206291000.0,18703435203.0,65.0,22.527,71541000.0,0.152,1.0,306645000.0,0.64,395298000.0,75102000.0,21519896000.0,,0.0,1624250000.0,,,8586648000.0,,,10905172203.0,35765000.0,-3688000.0,630000.0,68828000.0,-174149000.0,-171238000.0,10728000.0,131782000.0,196164000.0,111000.0,40232000.0,39841000.0,39841000.0,0.0,3005000.0,0.083,174620000.0,132025000.0,391942000.0,4.625,2.095,-1369.652,-774.333,10859171000.0,391000.0,23.23,5.942,5.943,51468000.0,-3425293000.0,479197000.0,479197000.0,0.0,,,,,5919000.0,29175000.0,1.0,469443487.0,469557000,469695000.0,1.021,13672273000.0,0.0,-5336000.0,0.0,29.117,
14,PEAK,MRQ,2017-12-31,2017-12-31,2017-12-31,2021-08-25,-24024000.0,14088461000.0,,,,,11.3,-512623000.0,82203000.0,82203000.0,198669000.0,-57924000.0,,1.602,7880466000.0,,,7880466000.0,144709000.0,136833000.0,0.0,0.057,0.37,26477000.0,163310000.0,0.368,163310000.0,26477000.0,-45405000.0,-0.13,-0.13,-0.13,5301005000.0,,5301005000.0,19539529350.0,27.0,15.566,-303478000.0,-0.647,1.0,244590000.0,0.552,410082000.0,71882000.0,21476642000.0,,0.0,1828518000.0,,,8493523000.0,,,12234348350.0,-78819000.0,-20558000.0,9677000.0,408500000.0,-174176000.0,206502000.0,-494441000.0,6562000.0,209145000.0,-25000.0,-58702000.0,-59298000.0,-59298000.0,0.0,778000.0,-0.134,248151000.0,-3561000.0,401738000.0,-2.846,2.308,29.622,29.636,10731878000.0,596000.0,26.08,6.619,6.614,40733000.0,-3370520000.0,443259000.0,443259000.0,0.0,,,,,3393000.0,21485000.0,1.0,469108449.0,469110000,469256000.0,0.945,13678379000.0,0.0,13297000.0,0.0,29.158,
15,PEAK,MRQ,2017-09-30,2017-09-30,2017-09-30,2021-08-25,-24491000.0,13904081000.0,,,,,11.795,-225476000.0,161022000.0,161022000.0,155338000.0,-5720000.0,,1.455,7466203000.0,,,7466203000.0,140378000.0,130588000.0,0.0,0.053,0.37,58190000.0,188778000.0,0.416,188778000.0,58190000.0,-13138000.0,-0.02,-0.02,-0.02,5531433000.0,,5531433000.0,20083124353.0,23.0,14.298,-19169000.0,-0.041,1.0,298685000.0,0.658,400867000.0,71328000.0,20808395000.0,,0.0,1939625000.0,,,8049850000.0,,,13051244353.0,-292424000.0,-4474000.0,4133000.0,-87235000.0,-173661000.0,-262796000.0,-236109000.0,-9395000.0,206307000.0,174000.0,-7657000.0,-7788000.0,-7788000.0,0.0,1937000.0,-0.017,180019000.0,118666000.0,381189000.0,-18.5,2.359,24.611,24.848,10535753000.0,131000.0,27.83,6.71,6.71,34571000.0,-3137642000.0,454023000.0,454023000.0,0.0,,,,,3773000.0,23523000.0,1.0,468963146.0,468975000,468975000.0,0.968,13503214000.0,0.0,-5481000.0,0.0,28.793,
16,PEAK,MRQ,2017-06-30,2017-06-30,2017-06-30,2021-08-25,-27289000.0,14102575000.0,,,,,12.167,-105465000.0,453446000.0,453446000.0,153163000.0,22101000.0,,1.416,7485326000.0,,,7485326000.0,147155000.0,130751000.0,0.0,0.053,0.37,94184000.0,224935000.0,0.49,224935000.0,94184000.0,16396000.0,0.04,0.04,0.04,5702047000.0,,5702047000.0,22292094015.0,21.0,13.698,132995000.0,0.284,1.0,305765000.0,0.666,414404000.0,77788000.0,20720051000.0,,0.0,1934583000.0,,,8073634000.0,,,14975562015.0,-371474000.0,-13192000.0,9586000.0,-681867000.0,-173489000.0,-853198000.0,243044000.0,360962000.0,238460000.0,220000.0,19383000.0,19283000.0,19283000.0,0.0,2718000.0,0.042,209586000.0,96179000.0,389690000.0,9.25,2.626,21.735,21.89,10651483000.0,100000.0,31.96,7.408,7.409,36969000.0,-2956324000.0,458928000.0,458928000.0,0.0,,,,,3327000.0,21286000.0,1.0,468572028.0,468646000,468839000.0,0.979,13688171000.0,0.0,-2987000.0,0.0,29.208,
17,PEAK,MRQ,2017-03-31,2017-03-31,2017-03-31,2021-08-25,-28658000.0,14855868000.0,,,,,12.474,1108397000.0,824920000.0,824920000.0,159081000.0,464177000.0,,1.486,8141452000.0,,,8141452000.0,141561000.0,136554000.0,0.0,0.06,0.37,541701000.0,678255000.0,1.378,678255000.0,541701000.0,454983000.0,0.98,0.97,0.98,5841348000.0,,5841348000.0,23697135987.0,17.0,12.062,1301526000.0,2.779,1.0,333087000.0,0.677,432109000.0,86718000.0,21740291000.0,,0.0,2328228000.0,,,8682393000.0,,,14644630987.0,687930000.0,454132000.0,-60000.0,-1060271000.0,-173629000.0,-1238969000.0,1733763000.0,170364000.0,193129000.0,7000.0,461145000.0,460375000.0,460375000.0,0.0,3032000.0,0.935,160089000.0,172998000.0,344908000.0,0.378,2.507,15.08,15.111,10633704000.0,770000.0,31.28,6.97,6.972,31500000.0,-2802218000.0,492168000.0,492168000.0,0.0,,,,,3765000.0,22478000.0,1.0,468178740.0,468299000,475173000.0,1.051,14423759000.0,0.0,-6162000.0,0.0,30.8,
18,PEAK,MRQ,2016-12-31,2016-12-31,2016-12-31,2021-08-25,-29642000.0,15759265000.0,,,,,11.854,82579000.0,136990000.0,136990000.0,195648000.0,61300000.0,,1.77,9189495000.0,,,9189495000.0,149181000.0,147416000.0,0.0,0.07,0.37,165181000.0,312597000.0,0.579,312597000.0,165181000.0,62033000.0,0.12,0.12,0.12,5547595000.0,,5547595000.0,24624020054.0,22.0,14.748,298078000.0,0.637,1.0,344297000.0,0.638,479805000.0,103148000.0,24331965000.0,,0.0,2132034000.0,,,9817957000.0,,,13908103054.0,-56517000.0,-17000.0,8448000.0,-1676570000.0,-173299000.0,-156937000.0,-114814000.0,-133547000.0,215499000.0,-265000.0,58661000.0,58440000.0,58440000.0,18241000.0,2639000.0,0.108,171287000.0,173010000.0,417360000.0,3.083,2.507,22.198,22.179,11325830000.0,221000.0,29.72,6.532,6.521,45116000.0,-3089734000.0,539945000.0,539945000.0,0.0,,,,,3577000.0,20600000.0,1.0,467971166.0,467987000,468216000.0,1.154,15279460000.0,0.0,3372000.0,0.0,32.649,
19,PEAK,MRQ,2016-09-30,2016-09-30,2016-09-30,2021-08-25,-30164000.0,21188545000.0,,,,,19.638,-171347000.0,204618000.0,204618000.0,187714000.0,154039000.0,,1.265,10920535000.0,,,10920535000.0,136406000.0,142874000.0,0.0,0.06,0.575,268686000.0,411560000.0,0.776,411560000.0,268686000.0,150826000.0,0.32,0.32,0.32,9183112000.0,,9183112000.0,28203386852.0,62.0,27.701,160373000.0,0.343,1.0,342843000.0,0.646,538631000.0,117860000.0,31365831000.0,,0.0,7135492000.0,,,11613111000.0,,,17744791852.0,16441000.0,-13000.0,8467000.0,111846000.0,-269182000.0,-154580000.0,-160541000.0,8381000.0,331720000.0,-158000.0,151250000.0,150924000.0,150924000.0,-108213000.0,2789000.0,0.284,178951000.0,163892000.0,487033000.0,1.797,1.932,-570.499,-542.143,12101452000.0,326000.0,37.95,10.722,10.723,41371000.0,-2975096000.0,530557000.0,530557000.0,0.0,,,,,9802000.0,34781000.0,1.0,467583448.0,467628000,467835000.0,1.135,20649914000.0,0.0,-424000.0,0.0,44.159,
20,PEAK,MRQ,2016-06-30,2016-06-30,2016-06-30,2021-08-25,-30738000.0,21116457000.0,,,,,19.87,-30073000.0,296854000.0,296854000.0,179080000.0,304842000.0,,1.233,10755449000.0,,,10755449000.0,136038000.0,141386000.0,0.0,0.064,0.575,420871000.0,562257000.0,1.044,562257000.0,420871000.0,299538000.0,0.65,0.64,0.65,9281130000.0,,9281130000.0,27320557899.0,65.0,27.968,368222000.0,0.788,1.0,359255000.0,0.667,550569000.0,121333000.0,31024483000.0,,0.0,7169581000.0,,,11440069000.0,,,16525558899.0,21785000.0,-20000.0,11556000.0,-124468000.0,-268875000.0,-388346000.0,12139000.0,45425000.0,398295000.0,-303000.0,301717000.0,301375000.0,301375000.0,-107375000.0,3125000.0,0.56,163521000.0,195734000.0,482133000.0,0.885,1.781,-246.716,-252.714,11925769000.0,342000.0,35.38,9.274,9.274,51800000.0,-2857164000.0,538335000.0,538335000.0,0.0,,,,,4160000.0,22779000.0,1.0,467087589.0,467084000,471425000.0,1.153,20565888000.0,0.0,-2179000.0,0.0,44.03,
21,PEAK,MRQ,2016-03-31,2016-03-31,2016-03-31,2021-08-25,-31673000.0,21199927000.0,,,,,19.805,-213331000.0,140945000.0,140945000.0,175957000.0,119745000.0,,1.253,10935944000.0,,,10935944000.0,129656000.0,141322000.0,0.0,0.07,0.575,241885000.0,383207000.0,0.736,383207000.0,241885000.0,119823000.0,0.25,0.25,0.25,9230747000.0,,9230747000.0,25828910991.0,93.0,31.733,55286000.0,0.119,1.0,344500000.0,0.662,585330000.0,122062000.0,31409596000.0,,0.0,7234771000.0,,,11569602000.0,,,15167023991.0,-251835000.0,-10136000.0,30494000.0,-114021000.0,-268186000.0,-354402000.0,-165757000.0,38038000.0,268617000.0,-293000.0,116119000.0,115762000.0,115762000.0,-68408000.0,3626000.0,0.222,167781000.0,176719000.0,433144000.0,2.3,1.643,-74.406,-75.767,12065135000.0,357000.0,32.58,8.194,8.203,45224000.0,-2890046000.0,520457000.0,520457000.0,0.0,,,,,5345000.0,25451000.0,1.0,465531737.0,466074000,466262000.0,1.117,20614597000.0,0.0,3704000.0,0.0,44.23,
22,PEAK,MRQ,2015-12-31,2015-12-31,2015-12-31,2021-08-25,-30470000.0,21449849000.0,,,,,20.091,-250256000.0,386532000.0,386532000.0,168791000.0,-594617000.0,,1.253,11069003000.0,,,11069003000.0,122330000.0,141156000.0,0.0,0.059,0.565,-480028000.0,-338872000.0,-5.167,-338872000.0,-480028000.0,-602055000.0,-1.29,-1.29,-1.29,9343643000.0,,9343643000.0,28741888372.0,-321.0,68.216,104229000.0,0.224,1.0,-103206000.0,-1.574,586657000.0,122027000.0,31545663000.0,,0.0,2124680000.0,,,11703532000.0,,,17783215372.0,237642000.0,-26694000.0,36242000.0,-23005000.0,-263060000.0,-141793000.0,25220000.0,283376000.0,354485000.0,-270000.0,-598868000.0,-599165000.0,-599165000.0,699086000.0,4251000.0,-9.136,-323524000.0,220318000.0,430786000.0,-0.438,1.903,-31.724,-31.603,11854242000.0,297000.0,38.24,9.164,9.12,48929000.0,-2738414000.0,65585000.0,65585000.0,0.0,,,,,5059000.0,21813000.0,1.0,465042243.0,465063000,464274000.0,0.141,20863192000.0,0.0,-3187000.0,0.0,44.861,
23,PEAK,MRQ,2015-09-30,2015-09-30,2015-09-30,2021-08-25,-32450000.0,22192973000.0,,,,,21.945,-34447000.0,186207000.0,186207000.0,173515000.0,117954000.0,,1.154,11144880000.0,,,11144880000.0,112565000.0,134704000.0,0.0,0.06,0.565,235539000.0,370243000.0,0.563,370243000.0,235539000.0,113382000.0,0.25,0.25,0.25,10167752000.0,,10167752000.0,28274570670.0,40.0,23.862,239227000.0,0.516,1.0,483984000.0,0.736,559677000.0,122157000.0,32591969000.0,,0.0,8264413000.0,,,11732516000.0,,,17231351670.0,4728000.0,-11730000.0,76063000.0,-36375000.0,-261680000.0,-227162000.0,-40517000.0,-8022000.0,273674000.0,-1267000.0,115362000.0,115046000.0,115046000.0,0.0,2592000.0,0.175,226413000.0,257571000.0,401838000.0,2.26,1.695,73.401,71.635,12249349000.0,316000.0,37.25,9.315,9.33,49994000.0,-1876486000.0,657499000.0,657499000.0,0.0,,,,,5344000.0,20534000.0,1.0,462586622.0,463337000,463586000.0,1.419,21633296000.0,0.0,-1980000.0,0.0,46.69,
24,PEAK,MRQ,2015-06-30,2015-06-30,2015-06-30,2021-08-25,-32115000.0,22348127000.0,,,,,22.155,-1244394000.0,170139000.0,170139000.0,136342000.0,167748000.0,,1.155,11213358000.0,,,11213358000.0,96586000.0,120403000.0,0.0,0.061,0.565,278954000.0,399357000.0,0.657,399357000.0,278954000.0,160322000.0,0.36,0.36,0.36,10232787000.0,,10232787000.0,26639647239.0,32.0,20.545,-880476000.0,-1.906,1.0,471190000.0,0.776,577238000.0,118632000.0,32814108000.0,,0.0,8367435000.0,,,11821130000.0,,,16837333239.0,-21400000.0,-4233000.0,29099000.0,1171529000.0,-261212000.0,931320000.0,-1316782000.0,-63949000.0,363918000.0,144000.0,164885000.0,164515000.0,164515000.0,0.0,2863000.0,0.271,212490000.0,258700000.0,433636000.0,1.569,1.645,45.888,45.025,12227284000.0,370000.0,36.47,9.411,9.415,45824000.0,-1730168000.0,607532000.0,607532000.0,0.0,,,,,9559000.0,28845000.0,1.0,461676261.0,461874000,462106000.0,1.315,21770889000.0,0.0,-4563000.0,0.0,47.136,
25,PEAK,MRQ,2015-03-31,2015-03-31,2015-03-31,2021-08-25,-28461000.0,21024442000.0,,,,,22.334,-144718000.0,184449000.0,184449000.0,132031000.0,-237503000.0,,1.017,9986763000.0,,,9986763000.0,87420000.0,114522000.0,0.0,0.051,0.565,-123911000.0,-9389000.0,-0.015,-9389000.0,-123911000.0,-240691000.0,-0.52,-0.52,-0.52,10293270000.0,,10293270000.0,29436566946.0,34.0,22.009,85350000.0,0.185,1.0,478760000.0,0.784,458249000.0,116780000.0,30368507000.0,,0.0,8495669000.0,,,10468796000.0,,,19909579946.0,-46640000.0,-27279000.0,56329000.0,266264000.0,-260686000.0,51722000.0,-328286000.0,-159008000.0,230068000.0,-144000.0,-240614000.0,-240949000.0,-240949000.0,0.0,3111000.0,-0.394,142685000.0,336075000.0,314226000.0,-1.087,1.934,47.314,46.462,10837025000.0,335000.0,43.21,11.591,11.594,40153000.0,-1633841000.0,610791000.0,610791000.0,0.0,,,,,6165000.0,24773000.0,1.0,460763248.0,460880000,460880000.0,1.325,20566193000.0,0.0,-77000.0,0.0,44.624,
26,PEAK,MRQ,2014-12-31,2014-12-31,2014-12-31,2021-08-25,-23895000.0,21331436000.0,,,,,23.371,-55266000.0,232786000.0,232786000.0,127121000.0,199630000.0,,0.963,9721269000.0,,,9721269000.0,95411000.0,116499000.0,0.0,0.05,0.545,308224000.0,424723000.0,-16.387,424723000.0,308224000.0,193237000.0,0.43,0.42,0.43,10735297000.0,,10735297000.0,29298029289.0,22.0,16.085,310333000.0,0.676,1.0,-153039000.0,5.905,481013000.0,114987000.0,30338906000.0,,0.0,8792743000.0,,,10334337000.0,,,20221371289.0,100279000.0,0.0,22429000.0,525314000.0,-250724000.0,287622000.0,-554654000.0,-505531000.0,365599000.0,1712000.0,196583000.0,196145000.0,196145000.0,-635530000.0,3047000.0,-7.568,135017000.0,-288056000.0,432934000.0,1.267,1.884,21.985,21.905,10886887000.0,438000.0,44.03,12.354,12.331,36339000.0,-1132541000.0,-25918000.0,-25918000.0,0.0,,,,,5418000.0,19731000.0,1.0,459263486.0,459343000,459765000.0,-0.056,20850423000.0,0.0,-3346000.0,0.0,45.392,
27,PEAK,MRQ,2014-09-30,2014-09-30,2014-09-30,2021-08-25,-17464000.0,20744890000.0,,,,,23.481,-245570000.0,137979000.0,137979000.0,99599000.0,251059000.0,,0.901,9214637000.0,,,9214637000.0,76380000.0,122975000.0,0.0,0.054,0.545,358984000.0,481959000.0,0.808,481959000.0,358984000.0,247709000.0,0.54,0.54,0.54,10773125000.0,,10773125000.0,26805410361.0,18.0,14.041,29747000.0,0.065,1.0,497039000.0,0.833,479226000.0,111275000.0,29342322000.0,,0.0,8311846000.0,,,9708716000.0,,,18219780361.0,29461000.0,-373121000.0,16145000.0,567380000.0,-250471000.0,326173000.0,-572027000.0,65910000.0,275317000.0,-2000.0,247654000.0,247208000.0,247208000.0,0.0,3405000.0,0.414,147929000.0,349110000.0,329209000.0,1.009,1.691,17.927,17.887,10840024000.0,446000.0,39.71,8.308,8.308,34687000.0,-1078400000.0,596638000.0,596638000.0,0.0,,,,,5461000.0,19479000.0,1.0,458820961.0,458799000,459141000.0,1.3,20265664000.0,0.0,55000.0,0.0,44.171,
28,PEAK,MRQ,2014-06-30,2014-06-30,2014-06-30,2021-08-25,-11669000.0,20144169000.0,,,,,23.481,-333216000.0,88399000.0,88399000.0,78867000.0,222279000.0,,0.852,8674029000.0,,,8674029000.0,67756000.0,113133000.0,0.0,0.052,0.545,327066000.0,440199000.0,0.821,440199000.0,327066000.0,220224000.0,0.48,0.48,0.48,10760131000.0,,10760131000.0,27330526005.0,19.0,14.566,27308000.0,0.06,1.0,457254000.0,0.853,477837000.0,106842000.0,28251962000.0,,0.0,7790325000.0,,,9171575000.0,,,18960213005.0,4332000.0,0.0,20655000.0,215896000.0,-250166000.0,-17548000.0,-338647000.0,-1739000.0,360524000.0,3000.0,218885000.0,218396000.0,218396000.0,0.0,3394000.0,0.407,142195000.0,315059000.0,339364000.0,1.135,1.762,18.915,18.895,10814881000.0,489000.0,41.38,8.849,8.85,32719000.0,-1075583000.0,536121000.0,536121000.0,0.0,,,,,6116000.0,21656000.0,1.0,458197511.0,458247000,458588000.0,1.17,19666332000.0,0.0,1339000.0,0.0,42.916,
29,PEAK,MRQ,2014-03-31,2014-03-31,2014-03-31,2021-08-25,-14570000.0,19858678000.0,,,,,23.534,-15108000.0,80034000.0,80034000.0,75707000.0,263623000.0,,0.826,8450347000.0,,,8450347000.0,67801000.0,107388000.0,0.0,0.055,0.545,367195000.0,474583000.0,0.895,474583000.0,367195000.0,260557000.0,0.56,0.56,0.56,10761753000.0,,10761753000.0,26057454663.0,18.0,13.932,232073000.0,0.507,1.0,454285000.0,0.857,472058000.0,106638000.0,27756933000.0,,0.0,7755502000.0,,,8889105000.0,,,17733612663.0,-250818000.0,0.0,24660000.0,-212739000.0,-250198000.0,-451450000.0,-46551000.0,-39148000.0,247181000.0,2000.0,259111000.0,258047000.0,258047000.0,-29746000.0,4512000.0,0.487,128782000.0,325503000.0,276342000.0,0.973,1.648,17.786,17.794,10593355000.0,1064000.0,38.79,8.37,8.372,28539000.0,-1044302000.0,529992000.0,529992000.0,0.0,,,,,4890000.0,20899000.0,1.0,457169700.0,457294000,457674000.0,1.159,19386620000.0,0.0,1446000.0,0.0,42.394,
30,PEAK,MRQ,2013-12-31,2013-12-31,2013-12-31,2021-08-25,-14487000.0,20075870000.0,,,,,23.498,27243000.0,337785000.0,337785000.0,76292000.0,297639000.0,,0.853,8661627000.0,,,8661627000.0,65872000.0,107398000.0,0.0,0.058,0.525,404959000.0,512357000.0,0.966,512357000.0,404959000.0,295357000.0,0.64,0.64,0.64,10723300000.0,,10723300000.0,25034735134.0,18.0,13.598,332550000.0,0.729,1.0,454005000.0,0.856,489842000.0,109602000.0,27909870000.0,,0.0,7715976000.0,,,9144736000.0,,,16571781134.0,251142000.0,0.0,21578000.0,99804000.0,-239816000.0,-131777000.0,77306000.0,26160000.0,305307000.0,306000.0,293095000.0,292691000.0,292691000.0,-59489000.0,4544000.0,0.552,125330000.0,328675000.0,318427000.0,0.82,1.545,17.1,17.052,10627249000.0,404000.0,36.32,7.892,7.87,27494000.0,-1053215000.0,530297000.0,530297000.0,0.0,,,,,6147000.0,12999000.0,1.0,456271507.0,456349000,456644000.0,1.162,19586028000.0,0.0,2262000.0,0.0,42.919,
31,PEAK,MRQ,2013-09-30,2013-09-30,2013-09-30,2021-08-25,-15879000.0,19889509000.0,,,,,23.367,-46482000.0,97638000.0,97638000.0,75417000.0,236858000.0,,0.85,8560592000.0,,,8560592000.0,71655000.0,106292000.0,0.0,0.051,0.525,342878000.0,449170000.0,0.822,449170000.0,342878000.0,234790000.0,0.51,0.51,0.51,10640218000.0,,10640218000.0,27305106764.0,20.0,15.373,225596000.0,0.495,1.0,470740000.0,0.862,507754000.0,108088000.0,27844709000.0,,0.0,7590159000.0,,,9039272000.0,,,18636272764.0,-3700000.0,0.0,30644000.0,-219794000.0,-239416000.0,-423350000.0,146981000.0,196444000.0,272078000.0,591000.0,233756000.0,233282000.0,233282000.0,-9825000.0,3102000.0,0.427,150109000.0,320631000.0,303966000.0,1.029,1.751,20.338,20.172,10699853000.0,474000.0,40.95,8.966,8.971,27343000.0,-1106494000.0,546157000.0,546157000.0,0.0,,,,,22195000.0,45326000.0,1.0,455098236.0,455345000,456078000.0,1.199,19381755000.0,0.0,1034000.0,0.0,42.565,
32,PEAK,MRQ,2013-06-30,2013-06-30,2013-06-30,2021-08-25,-12360000.0,20051793000.0,,,,,23.309,-71135000.0,98067000.0,98067000.0,73887000.0,216725000.0,,0.873,8766901000.0,,,8766901000.0,64142000.0,110767000.0,0.0,0.045,0.525,323457000.0,434224000.0,0.848,434224000.0,323457000.0,215005000.0,0.47,0.47,0.47,10596558000.0,,10596558000.0,29112220065.0,22.0,16.965,286117000.0,0.629,1.0,438352000.0,0.856,518982000.0,108452000.0,28201645000.0,,0.0,7722798000.0,,,9253534000.0,,,20651852065.0,5567000.0,0.0,29607000.0,222804000.0,-238986000.0,11827000.0,-363575000.0,-285498000.0,357252000.0,63000.0,213401000.0,213023000.0,213023000.0,-2828000.0,3324000.0,0.416,133272000.0,305080000.0,313627000.0,1.117,1.949,23.503,22.949,10861424000.0,378000.0,45.44,10.324,10.327,33270000.0,-1100834000.0,512239000.0,512239000.0,0.0,,,,,6208000.0,24062000.0,1.0,454486181.0,454618000,455431000.0,1.127,19532811000.0,0.0,1604000.0,0.0,42.965,
33,PEAK,MRQ,2013-03-31,2013-03-31,2013-03-31,2021-08-25,-16604000.0,19732731000.0,,,,,23.325,-73362000.0,85222000.0,85222000.0,72686000.0,233784000.0,,0.846,8545590000.0,,,8545590000.0,64866000.0,104717000.0,0.0,0.041,0.525,340611000.0,445328000.0,0.871,445328000.0,340611000.0,231501000.0,0.51,0.51,0.51,10581266000.0,,10581266000.0,31013783718.0,24.0,18.524,140988000.0,0.311,1.0,438500000.0,0.858,537692000.0,109110000.0,27655407000.0,,0.0,7423101000.0,,,8950672000.0,,,22605484718.0,-200126000.0,0.0,32253000.0,-148135000.0,-238467000.0,-357116000.0,-57360000.0,15261000.0,214350000.0,0.0,230585000.0,230107000.0,230107000.0,-2232000.0,3199000.0,0.45,123835000.0,314665000.0,238583000.0,1.029,2.136,26.069,25.055,10877680000.0,478000.0,49.86,11.601,11.608,32183000.0,-1075249000.0,511186000.0,511186000.0,0.0,,,,,5430000.0,20656000.0,1.0,453379156.0,453651000,454613000.0,1.127,19195039000.0,0.0,916000.0,0.0,42.312,
34,PEAK,MRQ,2012-12-31,2012-12-31,2012-12-31,2021-08-25,-14653000.0,19915555000.0,,,,,23.55,-1636903000.0,285521000.0,285521000.0,70682000.0,246260000.0,,0.868,8695549000.0,,,8695549000.0,68055000.0,100173000.0,0.0,0.044,0.5,347292000.0,447465000.0,0.879,447465000.0,347292000.0,240519000.0,0.54,0.54,0.54,10551237000.0,,10551237000.0,28179394786.0,23.0,17.464,-1322986000.0,-2.953,1.0,438289000.0,0.861,551737000.0,106773000.0,27773846000.0,,0.0,7369636000.0,,,9161778000.0,,,20415300786.0,151197000.0,0.0,988374000.0,754004000.0,-227078000.0,1500734000.0,-1663454000.0,-32995000.0,313917000.0,0.0,241028000.0,239937000.0,239937000.0,-26176000.0,5232000.0,0.471,124337000.0,313952000.0,293994000.0,0.926,1.935,25.133,23.768,10829332000.0,1091000.0,45.16,10.859,10.258,34150000.0,-1067367000.0,508971000.0,508971000.0,0.0,,,,,6330000.0,14115000.0,1.0,452066005.0,448041000,449052000.0,1.136,19363818000.0,0.0,-509000.0,0.0,43.219,
35,PEAK,MRQ,2012-09-30,2012-09-30,2012-09-30,2021-08-25,-16646000.0,18079336000.0,,,,,22.158,-212344000.0,139904000.0,139904000.0,72653000.0,199043000.0,,0.877,7903998000.0,,,7903998000.0,65802000.0,90139000.0,0.0,0.045,0.5,298861000.0,389000000.0,0.831,389000000.0,298861000.0,195506000.0,0.46,0.45,0.46,9517999000.0,,9517999000.0,26534791285.0,25.0,18.658,25058000.0,0.058,1.0,395413000.0,0.845,382321000.0,103355000.0,25461109000.0,,0.0,7301270000.0,,,8351483000.0,,,19105211285.0,-73160000.0,0.0,21275000.0,232743000.0,-215376000.0,26594000.0,-337156000.0,-124688000.0,237402000.0,0.0,196108000.0,195629000.0,195629000.0,-6680000.0,2935000.0,0.418,114463000.0,280950000.0,270843000.0,1.087,2.007,30.118,29.457,9361410000.0,479000.0,44.48,10.475,10.475,31763000.0,-1081317000.0,468066000.0,468066000.0,0.0,,,,,5540000.0,19415000.0,1.0,429523635.0,429557000,430778000.0,1.09,17697015000.0,0.0,-602000.0,0.0,41.198,
36,PEAK,MRQ,2012-06-30,2012-06-30,2012-06-30,2021-08-25,-19703000.0,17789768000.0,,,,,22.611,-58701000.0,212418000.0,212418000.0,70076000.0,204975000.0,,0.852,7641998000.0,,,7641998000.0,68548000.0,87924000.0,0.0,0.044,0.5,304549000.0,392473000.0,0.852,392473000.0,304549000.0,202195000.0,0.48,0.48,0.48,9507230000.0,,9507230000.0,25836121024.0,25.0,18.489,238382000.0,0.567,1.0,390339000.0,0.848,347670000.0,102354000.0,24871678000.0,,0.0,7150327000.0,,,8098829000.0,,,18521078024.0,-177789000.0,0.0,385568000.0,-67466000.0,-211785000.0,-192476000.0,-282396000.0,-225184000.0,297083000.0,0.0,202024000.0,201467000.0,201467000.0,-75000.0,2951000.0,0.438,99674000.0,290665000.0,273344000.0,1.042,1.948,30.609,30.24,9318387000.0,557000.0,44.15,10.306,10.33,25974000.0,-1062049000.0,460415000.0,460415000.0,0.0,,,,,6034000.0,14801000.0,1.0,419503466.0,420468000,421671000.0,1.095,17442098000.0,0.0,171000.0,0.0,41.483,
37,PEAK,MRQ,2012-03-31,2012-03-31,2012-03-31,2021-08-25,-17666000.0,17725319000.0,,,,,22.255,-24033000.0,392883000.0,392883000.0,67333000.0,196564000.0,,0.922,7707926000.0,,,7707926000.0,68527000.0,88276000.0,0.0,0.049,0.5,296423000.0,384699000.0,0.844,384699000.0,296423000.0,192671000.0,0.43,0.43,0.43,9124791000.0,,9124791000.0,23801633519.0,22.0,16.655,162435000.0,0.396,1.0,388494000.0,0.852,360140000.0,103752000.0,24680222000.0,,0.0,7102368000.0,,,8415357000.0,,,16154073519.0,313919000.0,0.0,397569000.0,-14057000.0,-211067000.0,158597000.0,-31146000.0,-5924000.0,186468000.0,0.0,193380000.0,175257000.0,175257000.0,-2371000.0,3184000.0,0.384,105369000.0,283125000.0,519492000.0,1.163,1.77,25.78,25.791,9335357000.0,18123000.0,39.46,8.852,8.866,24381000.0,-1053684000.0,455827000.0,455827000.0,0.0,,,,,5373000.0,20089000.0,1.0,409378447.0,410018000,411661000.0,1.112,17365179000.0,0.0,-709000.0,0.0,42.352,
38,PEAK,MRQ,2011-12-31,2011-12-31,2011-12-31,2021-08-25,-19582000.0,17408475000.0,,,,,22.14,-29704000.0,75059000.0,75059000.0,67598000.0,70787000.0,,0.906,7728984000.0,,,7728984000.0,65614000.0,87367000.0,0.0,0.046,0.48,168616000.0,255983000.0,0.582,255983000.0,168616000.0,68856000.0,0.14,0.15,0.14,9033482000.0,,9033482000.0,24461415049.0,26.0,18.63,107536000.0,0.264,1.0,372063000.0,0.846,372390000.0,99760000.0,24690010000.0,,0.0,7062082000.0,,,8187853000.0,,,16894664049.0,-11354000.0,0.0,24930000.0,61734000.0,-201641000.0,-119132000.0,-29462000.0,-6528000.0,137240000.0,0.0,67844000.0,61996000.0,61996000.0,-14568000.0,2943000.0,0.141,224901000.0,147162000.0,275478000.0,3.429,1.87,32.786,32.116,9280510000.0,5848000.0,41.43,9.971,9.742,26681000.0,-1024274000.0,439661000.0,439661000.0,0.0,,,,,4748000.0,19588000.0,1.0,407788174.0,408010000,409833000.0,1.078,17036085000.0,0.0,1012000.0,0.0,41.754,
39,PEAK,MRQ,2011-09-30,2011-09-30,2011-09-30,2021-08-25,-28483000.0,17439377000.0,,,,,22.423,-33429000.0,92711000.0,92711000.0,57662000.0,175471000.0,,0.89,7659462000.0,,,7659462000.0,69729000.0,88556000.0,0.0,0.054,0.48,275659000.0,364215000.0,0.825,364215000.0,275659000.0,172200000.0,0.41,0.41,0.41,9127777000.0,,9127777000.0,21532457593.0,22.0,16.041,120677000.0,0.296,1.0,383567000.0,0.869,389518000.0,103459000.0,24616610000.0,,0.0,7017264000.0,,,8122325000.0,,,14275703593.0,-231345000.0,-224932000.0,21308000.0,71902000.0,-201133000.0,-99080000.0,-286371000.0,-24707000.0,154106000.0,0.0,172195000.0,166367000.0,166367000.0,-809000.0,3276000.0,0.377,121719000.0,261848000.0,260346000.0,1.171,1.564,24.219,22.331,9446910000.0,5828000.0,35.06,8.996,8.994,24786000.0,-890477000.0,441229000.0,441229000.0,0.0,,,,,5081000.0,19647000.0,1.0,407179224.0,407081000,408646000.0,1.084,17049859000.0,0.0,5000.0,0.0,41.883,
40,PEAK,MRQ,2011-06-30,2011-06-30,2011-06-30,2021-08-25,-13833000.0,17693058000.0,,,,,22.515,-94026000.0,320375000.0,320375000.0,46615000.0,234252000.0,,0.915,7577129000.0,,,7577129000.0,66995000.0,90052000.0,0.0,0.052,0.48,334136000.0,424188000.0,0.869,424188000.0,334136000.0,229007000.0,0.55,0.55,0.55,9145528000.0,,9145528000.0,18563751649.0,23.0,16.118,188962000.0,0.465,1.0,441510000.0,0.905,400438000.0,105129000.0,24549374000.0,,0.0,6985457000.0,,,8371790000.0,,,14897128649.0,-3712417000.0,-3896114000.0,33526000.0,-120547000.0,-200706000.0,-306257000.0,-3689148000.0,302184000.0,282988000.0,0.0,228759000.0,222993000.0,222993000.0,-337000.0,5493000.0,0.457,124686000.0,316824000.0,589818000.0,0.873,1.629,33.852,30.322,9482665000.0,5766000.0,36.69,10.184,10.188,24273000.0,-861539000.0,488125000.0,488125000.0,0.0,,,,,5103000.0,34872000.0,1.0,406026946.0,406193000,411710000.0,1.202,17292620000.0,0.0,248000.0,0.0,42.572,
41,PEAK,MRQ,2011-03-31,2011-03-31,2011-03-31,2021-08-25,-14008000.0,17499652000.0,,,,,24.394,-74946000.0,4030679000.0,4030679000.0,46845000.0,73984000.0,,0.907,7697302000.0,,,7697302000.0,70414000.0,91420000.0,0.0,0.049,0.48,178706000.0,270126000.0,0.816,270126000.0,178706000.0,70130000.0,0.17,0.17,0.17,9077533000.0,,9077533000.0,17649490194.0,28.0,18.311,74881000.0,0.201,1.0,284283000.0,0.859,389716000.0,108576000.0,20776559000.0,,0.0,3121986000.0,,,8232204000.0,,,14076165194.0,2951921000.0,-136060000.0,1248049000.0,2378863000.0,-184209000.0,3377597000.0,-575503000.0,-359396000.0,149827000.0,0.0,70093000.0,63875000.0,63875000.0,-341000.0,3891000.0,0.193,113134000.0,171149000.0,321558000.0,2.824,1.551,47.468,40.796,9473327000.0,6218000.0,37.94,11.027,11.06,30272000.0,-889592000.0,331128000.0,331128000.0,0.0,,,,,5102000.0,21952000.0,1.0,371011207.0,372116000,373960000.0,0.89,17109936000.0,0.0,37000.0,0.0,45.98,
42,PEAK,MRQ,2010-12-31,2010-12-31,2010-12-31,2021-08-25,-13237000.0,13331923000.0,,,,,24.517,133029000.0,1073020000.0,1073020000.0,58229000.0,145526000.0,,0.652,4646345000.0,,,4646345000.0,77653000.0,78057000.0,0.0,0.051,0.465,205733000.0,283790000.0,0.869,283790000.0,205733000.0,140520000.0,0.44,0.43,0.44,7957367000.0,,7957367000.0,16757341391.0,27.0,18.017,282799000.0,0.871,1.0,268231000.0,0.822,316375000.0,65213000.0,16588873000.0,,0.0,2808374000.0,,,5185876000.0,,,11424494391.0,984066000.0,-212125000.0,1908056000.0,-797895000.0,-156357000.0,938260000.0,-103964000.0,-24668000.0,149770000.0,0.0,141917000.0,136202000.0,136202000.0,-22342000.0,3609000.0,0.417,90966000.0,177265000.0,313806000.0,1.057,1.436,37.153,36.426,8660173000.0,5715000.0,36.79,9.212,9.065,34504000.0,-775476000.0,326460000.0,326460000.0,0.0,,,,,3618000.0,17980000.0,1.0,310532601.0,324567000,326196000.0,1.006,13015548000.0,0.0,-1397000.0,0.0,40.101,
43,PEAK,MRQ,2010-09-30,2010-09-30,2010-09-30,2021-08-25,-7426000.0,12245299000.0,,,,,19.599,-117796000.0,86858000.0,86858000.0,60426000.0,26173000.0,,0.988,5419705000.0,,,5419705000.0,79482000.0,78507000.0,0.0,0.052,0.465,95120000.0,173627000.0,0.548,173627000.0,95120000.0,23522000.0,0.05,0.05,0.05,6064881000.0,,6064881000.0,16390603164.0,32.0,19.767,36835000.0,0.119,1.0,256623000.0,0.809,325859000.0,71598000.0,17252287000.0,,0.0,2657610000.0,,,5991515000.0,,,11156182164.0,-43625000.0,-6181000.0,78255000.0,43097000.0,-149625000.0,-32623000.0,-165633000.0,-47996000.0,154631000.0,0.0,22655000.0,16995000.0,16995000.0,-4745000.0,3518000.0,0.054,97903000.0,158720000.0,338806000.0,9.3,1.839,56.432,53.701,8629169000.0,5660000.0,35.98,9.252,9.234,38414000.0,-761036000.0,317049000.0,317049000.0,0.0,,,,,3618000.0,19590000.0,1.0,310066208.0,309448000,311092000.0,1.025,11919440000.0,0.0,867000.0,0.0,38.518,
44,PEAK,MRQ,2010-06-30,2010-06-30,2010-06-30,2021-08-25,-4552000.0,12244643000.0,,,,,20.728,-138060000.0,136077000.0,136077000.0,45416000.0,88595000.0,,0.974,5370498000.0,,,5370498000.0,81898000.0,77912000.0,0.0,0.057,0.465,158417000.0,236329000.0,0.783,236329000.0,158417000.0,85672000.0,0.27,0.27,0.27,6112203000.0,,6112203000.0,15056668480.0,34.0,19.683,28578000.0,0.097,1.0,256461000.0,0.85,356387000.0,72745000.0,17122677000.0,,0.0,2577427000.0,,,5951323000.0,,,9480226480.0,51656000.0,-113000.0,442135000.0,-288878000.0,-142161000.0,7640000.0,-122622000.0,16496000.0,166638000.0,0.0,85101000.0,79465000.0,79465000.0,-1008000.0,3494000.0,0.263,98225000.0,158236000.0,312775000.0,1.722,1.551,73.891,73.295,8622413000.0,5636000.0,32.25,8.063,8.088,37050000.0,-634066000.0,301877000.0,301877000.0,0.0,,,,,4182000.0,20525000.0,1.0,293960511.0,294880000,296037000.0,1.024,11888256000.0,0.0,571000.0,0.0,40.316,
45,PEAK,MRQ,2010-03-31,2010-03-31,2010-03-31,2021-08-25,-406000.0,12139570000.0,,,,,19.523,-35661000.0,82557000.0,82557000.0,46087000.0,84101000.0,,1.089,5658999000.0,,,5658999000.0,85315000.0,78971000.0,0.0,0.056,0.465,157360000.0,236331000.0,0.802,236331000.0,157360000.0,81408000.0,0.26,0.25,0.26,5724554000.0,,5724554000.0,15207737881.0,33.0,19.45,73798000.0,0.252,1.0,248733000.0,0.844,373001000.0,75952000.0,17343011000.0,,0.0,2566771000.0,,,6231399000.0,,,9696853881.0,-67655000.0,-151000.0,-1546000.0,1158000.0,-142592000.0,-138404000.0,-38710000.0,1251000.0,109459000.0,0.0,81036000.0,74836000.0,74836000.0,-954000.0,3065000.0,0.254,90958000.0,157775000.0,293932000.0,1.788,1.694,68.958,63.462,8542562000.0,6200000.0,33.0,8.314,8.296,39461000.0,-577006000.0,294820000.0,294820000.0,0.0,,,,,3506000.0,24924000.0,1.0,293844057.0,293223000,294087000.0,1.005,11766569000.0,0.0,372000.0,0.0,40.128,
46,PEAK,MRQ,2009-12-31,2009-12-31,2009-12-31,2021-08-25,-2134000.0,12209735000.0,,,,,19.732,-24674000.0,145259000.0,145259000.0,43529000.0,35484000.0,,1.081,5656143000.0,,,5656143000.0,85127000.0,77541000.0,0.0,0.06,0.46,105365000.0,182906000.0,0.626,182906000.0,105365000.0,32549000.0,0.09,0.09,0.09,5780537000.0,,5780537000.0,14459566233.0,33.0,19.213,101240000.0,0.346,1.0,248486000.0,0.851,389698000.0,72816000.0,17330921000.0,,0.0,2540993000.0,,,6251126000.0,,,8952452233.0,-32107000.0,-7927000.0,6777000.0,-27033000.0,-140274000.0,-165269000.0,7248000.0,39767000.0,125914000.0,0.0,32034000.0,26397000.0,26397000.0,-2654000.0,3450000.0,0.09,92019000.0,156467000.0,309596000.0,5.111,1.549,82.081,76.35,8550686000.0,5637000.0,30.54,7.807,7.303,43726000.0,-515450000.0,292015000.0,292015000.0,0.0,,,,,3320000.0,16380000.0,1.0,293138580.0,292951000,294401000.0,0.997,11820037000.0,0.0,515000.0,0.0,40.348,
47,PEAK,MRQ,2009-09-30,2009-09-30,2009-09-30,2021-08-25,-9838000.0,12338210000.0,,,,,20.609,-34420000.0,176354000.0,176354000.0,46159000.0,-43220000.0,,1.071,5683468000.0,,,5683468000.0,86925000.0,82357000.0,0.0,0.064,0.46,27028000.0,109385000.0,0.381,109385000.0,27028000.0,-47011000.0,-0.18,-0.18,-0.18,5869804000.0,,5869804000.0,13339364568.0,31.0,17.606,105203000.0,0.369,1.0,240909000.0,0.839,410366000.0,74039000.0,17434958000.0,,0.0,2569926000.0,,,6288733000.0,,,7911356568.0,94882000.0,-48000.0,424682000.0,-254045000.0,-132100000.0,34715000.0,-79456000.0,-46698000.0,139623000.0,0.0,-46686000.0,-52397000.0,-52397000.0,-3403000.0,3466000.0,-0.183,206006000.0,34903000.0,310493000.0,-2.556,1.348,67.226,63.867,8623353000.0,5711000.0,28.74,6.375,6.596,36824000.0,-407210000.0,287068000.0,287068000.0,0.0,,,,,3531000.0,22856000.0,1.0,275273367.0,284812000,284812000.0,1.008,11927844000.0,0.0,-325000.0,0.0,41.88,
48,PEAK,MRQ,2009-06-30,2009-06-30,2009-06-30,2021-08-25,-18819000.0,11785850000.0,,,,,21.141,18283000.0,81835000.0,81835000.0,45685000.0,101178000.0,,1.068,5509843000.0,,,5509843000.0,71716000.0,79629000.0,0.0,0.086,0.46,173639000.0,253268000.0,0.866,253268000.0,173639000.0,98299000.0,0.35,0.35,0.35,5611396000.0,,5611396000.0,11266598126.0,18.0,11.97,151368000.0,0.57,1.0,246804000.0,0.844,433874000.0,75340000.0,16779984000.0,,0.0,1991628000.0,,,5994425000.0,,,5381724126.0,-16892000.0,0.0,422931000.0,-475332000.0,-122524000.0,-178638000.0,28661000.0,7042000.0,133085000.0,0.0,97459000.0,91784000.0,91784000.0,-33085000.0,3719000.0,0.314,99525000.0,147279000.0,197295000.0,1.314,0.959,18.577,18.92,8662384000.0,5675000.0,21.19,4.405,4.604,29535000.0,-228424000.0,292489000.0,292489000.0,0.0,,,,,3991000.0,20232000.0,1.0,253974711.0,265422000,265542000.0,1.102,11351976000.0,0.0,840000.0,0.0,42.77,
49,PEAK,MRQ,2009-03-31,2009-03-31,2009-03-31,2021-08-25,-77469000.0,11801289000.0,,,,,20.247,-24147000.0,99349000.0,99349000.0,47953000.0,52709000.0,,1.261,5984223000.0,,,5984223000.0,72305000.0,80598000.0,0.0,0.102,0.46,126445000.0,207043000.0,0.747,207043000.0,126445000.0,49771000.0,0.17,0.17,0.17,5129262000.0,,5129262000.0,10377450578.0,13.0,9.499,92865000.0,0.367,1.0,229057000.0,0.827,482329000.0,76674000.0,17203834000.0,,0.0,1990635000.0,,,6470377000.0,,,4532634578.0,8814000.0,0.0,-1478000.0,46537000.0,-122174000.0,-90339000.0,-17859000.0,2469000.0,117012000.0,0.0,48883000.0,43285000.0,43285000.0,-2868000.0,3826000.0,0.156,98754000.0,130303000.0,190100000.0,2.706,0.884,10.695,10.318,8668527000.0,5598000.0,17.85,3.848,3.839,29046000.0,-203359000.0,277010000.0,277010000.0,0.0,,,,,3546000.0,18531000.0,1.0,253929108.0,253335000,253423000.0,1.093,11318960000.0,0.0,888000.0,0.0,44.68,
50,PEAK,MRQ,2008-12-31,2008-12-31,2008-12-31,2021-08-25,-81162000.0,11849826000.0,,,,,20.59,-28171000.0,92640000.0,92640000.0,49096000.0,45219000.0,,1.239,5937456000.0,,,5937456000.0,60185000.0,81484000.0,0.0,0.066,0.455,106483000.0,187967000.0,0.489,187967000.0,106483000.0,22628000.0,0.11,0.11,0.11,5201271000.0,,5201271000.0,12812137036.0,16.0,11.416,85143000.0,0.337,1.0,335247000.0,0.872,505507000.0,83855000.0,17189135000.0,,0.0,1989617000.0,,,6441986000.0,,,7016161036.0,-59490000.0,-959000.0,302000.0,-13686000.0,-120546000.0,-143492000.0,-29312000.0,-2087000.0,113314000.0,0.0,22731000.0,35011000.0,35011000.0,-7065000.0,22488000.0,0.091,91983000.0,243264000.0,211715000.0,4.136,1.349,16.494,15.514,8691370000.0,-12280000.0,27.77,6.128,5.755,33834000.0,-130068000.0,384343000.0,384343000.0,0.0,,,,,3128000.0,17832000.0,1.0,252652540.0,252607000,252780000.0,1.522,11344319000.0,0.0,-103000.0,0.0,44.909,
51,PEAK,MRQ,2008-09-30,2008-09-30,2008-09-30,2021-08-25,-28881000.0,12031404000.0,,,,,21.572,44594000.0,154362000.0,154362000.0,49104000.0,131556000.0,,1.23,5950338000.0,,,5950338000.0,64841000.0,77706000.0,0.0,0.045,0.455,215222000.0,292928000.0,1.094,292928000.0,215222000.0,132409000.0,0.49,0.49,0.49,5275909000.0,,5275909000.0,15842702796.0,18.0,13.289,227283000.0,0.929,1.0,218748000.0,0.817,552906000.0,82813000.0,17274474000.0,,0.0,1991262000.0,,,6489824000.0,,,9498448796.0,-99737000.0,206000.0,487263000.0,-647727000.0,-120078000.0,-309829000.0,27403000.0,-15019000.0,182689000.0,0.0,131556000.0,119615000.0,119615000.0,-31043000.0,0.0,0.447,98079000.0,120669000.0,224680000.0,0.929,1.8,21.972,21.929,8764791000.0,11941000.0,40.13,8.985,9.284,30011000.0,-49893000.0,267852000.0,267852000.0,0.0,,,,,3152000.0,17077000.0,1.0,236691971.0,244572000,245482000.0,1.095,11478498000.0,0.0,853000.0,0.0,46.933,
52,PEAK,MRQ,2008-06-30,2008-06-30,2008-06-30,2021-08-25,-8198000.0,12223730000.0,,,,,20.314,439119000.0,249176000.0,249176000.0,46452000.0,238080000.0,,1.496,6593430000.0,,,6593430000.0,65786000.0,79688000.0,0.0,0.057,0.455,324800000.0,404488000.0,1.626,404488000.0,324800000.0,239354000.0,0.96,0.96,0.96,4776097000.0,,4776097000.0,14859272685.0,14.0,10.621,580138000.0,2.467,1.0,202323000.0,0.813,582088000.0,85446000.0,17985896000.0,,0.0,1996369000.0,,,7143040000.0,,,7471996685.0,62789000.0,501000.0,568730000.0,-983532000.0,-112649000.0,-528785000.0,450555000.0,9792000.0,141019000.0,0.0,238080000.0,225890000.0,225890000.0,-188684000.0,0.0,0.908,98167000.0,104156000.0,223389000.0,0.474,1.564,11.869,11.045,8769383000.0,12190000.0,31.81,7.234,7.241,31920000.0,-55232000.0,248775000.0,248775000.0,0.0,,,,,3959000.0,18732000.0,1.0,234894583.0,235117000,236099000.0,1.058,11641642000.0,0.0,1274000.0,0.0,49.514,
53,PEAK,MRQ,2008-03-31,2008-03-31,2008-03-31,2021-08-25,-55897000.0,12500064000.0,,,,,18.432,-31479000.0,183664000.0,183664000.0,48221000.0,56128000.0,,2.042,7570940000.0,,,7570940000.0,68387000.0,82358000.0,0.0,0.053,0.455,154632000.0,236990000.0,0.968,236990000.0,154632000.0,58369000.0,0.21,0.21,0.21,3995638000.0,,3995638000.0,14726864775.0,16.0,12.255,100196000.0,0.462,1.0,196572000.0,0.803,598167000.0,96263000.0,19289173000.0,,0.0,1991767000.0,,,8158679000.0,,,7348653775.0,57731000.0,-472000.0,4243000.0,54829000.0,-104370000.0,-52625000.0,-21319000.0,1553000.0,131675000.0,0.0,56128000.0,44579000.0,44579000.0,-19527000.0,0.0,0.182,98077000.0,98495000.0,249714000.0,2.167,1.839,15.647,15.094,8940632000.0,11549000.0,33.81,7.416,7.396,32849000.0,-174878000.0,244793000.0,244793000.0,0.0,,,,,3526000.0,20445000.0,1.0,217351487.0,216773000,217391000.0,1.129,11901897000.0,0.0,2241000.0,0.0,54.905,
54,PEAK,MRQ,2007-12-31,2007-12-31,2007-12-31,2021-08-25,-2102000.0,12521772000.0,,,,,18.867,-75699000.0,132696000.0,132696000.0,48247000.0,75395000.0,,1.985,7510907000.0,,,7510907000.0,51649000.0,79299000.0,0.0,0.051,0.445,178462000.0,257761000.0,0.872,257761000.0,178462000.0,77699000.0,0.17,0.17,0.17,4070273000.0,,4070273000.0,14255427452.0,15.0,11.387,67531000.0,0.313,1.0,247457000.0,0.837,623073000.0,100763000.0,19276910000.0,,0.0,1954431000.0,,,8078792000.0,,,7521643452.0,-472584000.0,-6147000.0,318263000.0,127915000.0,-101779000.0,338025000.0,-953839000.0,-901947000.0,143230000.0,0.0,75395000.0,42208000.0,42208000.0,-29215000.0,0.0,0.143,87760000.0,159697000.0,238093000.0,2.618,1.848,13.311,12.787,8825410000.0,33187000.0,34.78,7.886,7.582,44892000.0,-120920000.0,295704000.0,295704000.0,0.0,,,,,2892000.0,13628000.0,1.0,216263469.0,215730000,215664000.0,1.371,11898699000.0,0.0,2304000.0,0.0,55.156,
55,PEAK,MRQ,2007-09-30,2007-09-30,2007-09-30,2021-08-25,7718000.0,12096133000.0,,,,,18.482,420094000.0,633933000.0,633933000.0,49914000.0,322148000.0,,2.077,7367717000.0,,,7367717000.0,44454000.0,74304000.0,0.0,0.053,0.445,425537000.0,499841000.0,2.052,499841000.0,425537000.0,321830000.0,1.54,1.53,1.54,3810679000.0,,3810679000.0,11087217869.0,10.0,7.891,513320000.0,2.49,1.0,193665000.0,0.795,648915000.0,103707000.0,18181002000.0,,0.0,1046297000.0,,,7913250000.0,,,6845630869.0,219918000.0,-2979011000.0,18511000.0,2725784000.0,-97489000.0,2640620000.0,-2513928000.0,84231000.0,93226000.0,0.0,322148000.0,316866000.0,316866000.0,-302027000.0,0.0,1.301,86917000.0,106748000.0,214809000.0,0.289,1.796,9.021,8.21,9213050000.0,5282000.0,33.17,8.782,8.774,34403000.0,-69436000.0,243579000.0,243579000.0,0.0,,,,,2674000.0,16499000.0,1.0,206380189.0,206186000,207070000.0,1.181,11447218000.0,0.0,-318000.0,0.0,55.519,
56,PEAK,MRQ,2007-06-30,2007-06-30,2007-06-30,2021-08-25,14318000.0,8879326000.0,,,,,17.351,127674000.0,351217000.0,351217000.0,37212000.0,71284000.0,,1.382,4592804000.0,,,4592804000.0,29638000.0,63203000.0,0.0,0.06,0.445,143862000.0,207065000.0,1.001,207065000.0,143862000.0,70889000.0,0.32,0.32,0.32,3570082000.0,,3570082000.0,10930013061.0,13.0,10.394,257270000.0,1.25,1.0,169634000.0,0.82,328753000.0,72973000.0,12792160000.0,,0.0,1100227000.0,,,4934137000.0,,,5960122061.0,248294000.0,-1172000.0,10620000.0,-139326000.0,-97237000.0,-233449000.0,352147000.0,21918000.0,129596000.0,0.0,71284000.0,66001000.0,66001000.0,-24758000.0,0.0,0.319,73956000.0,95678000.0,166648000.0,1.391,1.669,11.606,9.579,6386443000.0,5283000.0,28.93,9.089,9.078,33652000.0,-294095000.0,206846000.0,206846000.0,0.0,,,,,3364000.0,17290000.0,1.0,206018737.0,205755000,207024000.0,1.005,8550573000.0,0.0,-395000.0,0.0,41.557,
57,PEAK,MRQ,2007-03-31,2007-03-31,2007-03-31,2021-08-25,18512000.0,9391086000.0,,,,,17.573,-59984000.0,102923000.0,102923000.0,42218000.0,145288000.0,,1.514,5072814000.0,,,5072814000.0,27281000.0,64373000.0,0.0,0.048,0.445,224499000.0,288872000.0,1.352,288872000.0,224499000.0,145755000.0,0.69,0.68,0.69,3584873000.0,,3584873000.0,13543830720.0,18.0,14.231,27015000.0,0.132,1.0,171426000.0,0.802,430011000.0,78744000.0,13930966000.0,,0.0,1052948000.0,,,5428967000.0,,,7402502720.0,42236000.0,0.0,271460000.0,-443271000.0,-97061000.0,-272268000.0,227505000.0,3443000.0,86999000.0,0.0,145288000.0,140005000.0,140005000.0,0.0,0.0,0.655,78430000.0,92996000.0,166661000.0,0.645,2.065,15.3,12.131,7263166000.0,5283000.0,36.03,13.099,13.007,33960000.0,-268142000.0,213644000.0,213644000.0,0.0,,,,,2478000.0,20107000.0,1.0,205453864.0,204000000,205909000.0,1.047,8961075000.0,0.0,467000.0,0.0,43.927,
58,PEAK,MRQ,2006-12-31,2006-12-31,2006-12-31,2021-08-25,17725000.0,10012749000.0,,,,,21.991,261740000.0,99191000.0,99191000.0,23001000.0,241274000.0,,2.011,6202015000.0,,,6202015000.0,20795000.0,58244000.0,0.0,0.046,0.425,351027000.0,409271000.0,3.546,409271000.0,351027000.0,241519000.0,1.49,1.49,1.49,3259825000.0,,3259825000.0,8221160237.0,13.0,10.495,348443000.0,2.351,1.0,92410000.0,0.801,380568000.0,109508000.0,15735005000.0,,0.0,899882000.0,,,6556948000.0,,,6068260237.0,-586958000.0,-3463209000.0,967353000.0,1795650000.0,-75527000.0,2681417000.0,-3355078000.0,-306564000.0,86703000.0,0.0,241274000.0,235992000.0,235992000.0,-384104000.0,0.0,2.045,63682000.0,28728000.0,200088000.0,0.285,1.862,15.308,13.79,5929219000.0,5282000.0,36.82,13.071,11.757,31026000.0,-316369000.0,115411000.0,115411000.0,0.0,,,,,2172000.0,21745000.0,1.0,164808806.0,148236000,148841000.0,0.779,9632181000.0,0.0,245000.0,0.0,64.979,
59,PEAK,MRQ,2006-09-30,2006-09-30,2006-09-30,2021-08-25,-4888000.0,4611501000.0,,,,,10.117,-3878000.0,770528000.0,770528000.0,19902000.0,76818000.0,,2.201,2923428000.0,,,2923428000.0,31372000.0,32788000.0,0.0,0.055,0.425,113545000.0,146333000.0,1.221,146333000.0,113545000.0,76818000.0,0.52,0.52,0.52,1382818000.0,,1382818000.0,6435852121.0,18.0,13.575,76748000.0,0.562,1.0,99913000.0,0.834,58501000.0,36727000.0,6705900000.0,,0.0,49757000.0,,,3044171000.0,,,4263214121.0,623887000.0,563000.0,7449000.0,728145000.0,-63864000.0,663199000.0,-119938000.0,6006000.0,80626000.0,0.0,76818000.0,71536000.0,71536000.0,0.0,0.0,0.597,36040000.0,63873000.0,89371000.0,0.817,3.083,21.679,21.414,3477834000.0,5282000.0,31.05,11.042,10.992,12676000.0,-482116000.0,119815000.0,119815000.0,0.0,,,,,1812000.0,8261000.0,1.0,137301582.0,136682000,137578000.0,0.877,4553000000.0,0.0,0.0,0.0,33.311,
60,PEAK,MRQ,2006-06-30,2006-06-30,2006-06-30,2021-08-25,314000.0,3858605000.0,,,,,9.97,-71988000.0,23851000.0,23851000.0,19143000.0,41567000.0,,1.697,2196489000.0,,,2196489000.0,35973000.0,32181000.0,0.0,0.063,0.425,75052000.0,107233000.0,0.923,107233000.0,75052000.0,41567000.0,0.27,0.26,0.27,1360748000.0,,1360748000.0,5720403056.0,19.0,13.341,9668000.0,0.071,1.0,97089000.0,0.835,60849000.0,33485000.0,5970394000.0,,0.0,51142000.0,,,2309244000.0,,,3659185056.0,-34481000.0,-990000.0,4673000.0,11971000.0,-63662000.0,-50435000.0,-65702000.0,6957000.0,81656000.0,0.0,41567000.0,36284000.0,36284000.0,0.0,0.0,0.312,35371000.0,61718000.0,76782000.0,1.574,2.689,22.193,21.918,3451133000.0,5283000.0,26.74,9.492,9.467,12422000.0,-495070000.0,116232000.0,116232000.0,0.0,,,,,2405000.0,8396000.0,1.0,136843121.0,136484000,137192000.0,0.852,3797756000.0,0.0,0.0,0.0,27.826,
61,PEAK,MRQ,2006-03-31,2006-03-31,2006-03-31,2021-08-25,1357000.0,3788816000.0,,,,,10.129,-172629000.0,58651000.0,58651000.0,17445000.0,57888000.0,,1.614,2119869000.0,,,2119869000.0,31781000.0,30856000.0,0.0,0.059,0.425,89942000.0,120798000.0,0.999,120798000.0,89942000.0,57888000.0,0.39,0.38,0.39,1377915000.0,,1377915000.0,5801408292.0,19.0,13.9,-80418000.0,-0.591,1.0,103439000.0,0.856,51556000.0,32054000.0,5798478000.0,,0.0,49058000.0,,,2224517000.0,,,3868074292.0,34615000.0,427000.0,9564000.0,150636000.0,-63761000.0,93738000.0,-151334000.0,21292000.0,92211000.0,0.0,57888000.0,52605000.0,52605000.0,0.0,0.0,0.435,35882000.0,67557000.0,72867000.0,1.09,2.807,23.252,23.089,3403677000.0,5283000.0,28.4,10.033,10.022,13696000.0,-472975000.0,120884000.0,120884000.0,0.0,,,,,1843000.0,8490000.0,1.0,136199799.0,136040000,136856000.0,0.889,3737260000.0,0.0,0.0,0.0,27.472,
62,PEAK,MRQ,2005-12-31,2005-12-31,2005-12-31,2021-08-25,-848000.0,3597265000.0,,,,,10.173,-54867000.0,21342000.0,21342000.0,16648000.0,41511000.0,,1.485,1956946000.0,,,1956946000.0,17169000.0,28859000.0,0.0,0.066,0.42,70863000.0,99722000.0,3.418,99722000.0,70863000.0,41511000.0,0.27,0.26,0.27,1378861000.0,,1378861000.0,5286221284.0,19.0,13.651,6321000.0,0.047,1.0,12525000.0,0.429,36264000.0,29352000.0,5496605000.0,,0.0,235429000.0,,,2048215000.0,,,3472673284.0,-16832000.0,-6712000.0,5450000.0,77367000.0,-62523000.0,16567000.0,-94587000.0,-40101000.0,61188000.0,0.0,41511000.0,36229000.0,36229000.0,0.0,0.0,1.242,18505000.0,-5980000.0,68718000.0,1.556,2.519,22.858,22.619,2936036000.0,5282000.0,25.56,9.521,9.438,13313000.0,-467102000.0,29173000.0,29173000.0,0.0,,,,,1716000.0,8421000.0,1.0,135863587.0,135537000,136367000.0,0.215,3561001000.0,0.0,0.0,0.0,26.273,
63,PEAK,MRQ,2005-09-30,2005-09-30,2005-09-30,2021-08-25,0.0,3494944000.0,,,,,10.378,-244362000.0,40564000.0,40564000.0,13373000.0,45041000.0,,1.385,1854112000.0,,,1854112000.0,19018000.0,27729000.0,0.0,0.062,0.42,73303000.0,101032000.0,0.847,101032000.0,73303000.0,45041000.0,0.29,0.29,0.29,1403378000.0,,1403378000.0,5191073602.0,19.0,13.628,-163478000.0,-1.209,1.0,105851000.0,0.888,23236000.0,28262000.0,5285256000.0,,0.0,49750000.0,,,1943657000.0,,,3661158602.0,19284000.0,-1288000.0,5464000.0,227946000.0,-62412000.0,167818000.0,-229418000.0,633000.0,80884000.0,0.0,45041000.0,39759000.0,39759000.0,0.0,0.0,0.333,33991000.0,71860000.0,70527000.0,1.448,2.609,23.387,23.068,3189016000.0,5282000.0,26.99,9.118,9.089,13507000.0,-446090000.0,119224000.0,119224000.0,0.0,,,,,1581000.0,7301000.0,1.0,135648707.0,135225000,136135000.0,0.882,3471708000.0,0.0,0.0,0.0,25.674,
64,PEAK,MRQ,2005-06-30,2005-06-30,2005-06-30,2021-08-25,0.0,3187760000.0,,,,,10.513,-117475000.0,35794000.0,35794000.0,15388000.0,43047000.0,,1.165,1565709000.0,,,1565709000.0,18430000.0,27394000.0,0.0,0.062,0.42,68419000.0,95813000.0,0.824,95813000.0,68419000.0,43047000.0,0.28,0.28,0.28,1413415000.0,,1413415000.0,5046930193.0,19.0,13.993,-49804000.0,-0.37,1.0,100849000.0,0.868,19725000.0,25372000.0,4697950000.0,,0.0,48694000.0,,,1646903000.0,,,3631986193.0,2030000.0,4874000.0,23509000.0,103088000.0,-61847000.0,60312000.0,-125953000.0,2402000.0,67671000.0,0.0,43047000.0,37764000.0,37764000.0,0.0,0.0,0.325,35498000.0,65351000.0,62764000.0,1.5,2.57,24.877,24.582,2896032000.0,5283000.0,27.04,9.278,9.287,13629000.0,-428719000.0,116237000.0,116237000.0,0.0,,,,,1870000.0,8827000.0,1.0,134319016.0,134445000,135214000.0,0.865,3168035000.0,0.0,0.0,0.0,23.564,
65,PEAK,MRQ,2005-03-31,2005-03-31,2005-03-31,2021-08-25,0.0,3048133000.0,,,,,10.585,26978000.0,17807000.0,17807000.0,13301000.0,43458000.0,,1.07,1432751000.0,,,1432751000.0,17319000.0,23984000.0,0.0,0.071,0.42,66696000.0,90680000.0,0.846,90680000.0,66696000.0,43458000.0,0.29,0.28,0.29,1413043000.0,,1413043000.0,4614930141.0,18.0,13.286,99464000.0,0.745,1.0,93946000.0,0.876,18517000.0,23238000.0,4444560000.0,,0.0,57380000.0,,,1512469000.0,,,3149279141.0,-102000.0,3126000.0,10815000.0,-53458000.0,-61607000.0,-107760000.0,35172000.0,2625000.0,72486000.0,0.0,43458000.0,38175000.0,38175000.0,0.0,0.0,0.356,30783000.0,63163000.0,62399000.0,1.448,2.229,21.789,21.336,2772144000.0,5283000.0,23.47,8.306,8.264,14225000.0,-409919000.0,107247000.0,107247000.0,0.0,,,,,1328000.0,7319000.0,1.0,134183176.0,133492000,134529000.0,0.803,3029616000.0,0.0,0.0,0.0,22.695,
66,PEAK,MRQ,2004-12-31,2004-12-31,2004-12-31,2021-08-25,0.0,3104526000.0,,,,,10.475,-99131000.0,21640000.0,21640000.0,12479000.0,46131000.0,,1.124,1487291000.0,,,1487291000.0,16107000.0,23737000.0,0.0,0.06,0.417,69638000.0,93375000.0,1.587,93375000.0,69638000.0,46131000.0,0.31,0.31,0.31,1391454000.0,,1391454000.0,5062585704.0,20.0,14.631,-27330000.0,-0.206,1.0,46354000.0,0.788,19679000.0,23507000.0,4550498000.0,,0.0,60506000.0,,,1563303000.0,,,3683660704.0,6532000.0,-5440000.0,10018000.0,95775000.0,-60877000.0,39970000.0,-105239000.0,2049000.0,71801000.0,0.0,46131000.0,40848000.0,40848000.0,0.0,0.0,0.694,20904000.0,25450000.0,59905000.0,1.345,2.647,24.905,24.723,2817181000.0,5283000.0,27.69,10.062,9.973,14834000.0,-391770000.0,58833000.0,58833000.0,0.0,,,,,2583000.0,11872000.0,1.0,133032167.0,132841000,134307000.0,0.443,3084847000.0,0.0,0.0,0.0,23.222,
67,PEAK,MRQ,2004-09-30,2004-09-30,2004-09-30,2021-08-25,0.0,3013639000.0,,,,,10.752,-48262000.0,11369000.0,11369000.0,10866000.0,34490000.0,,1.12,1390294000.0,,,1390294000.0,16281000.0,23144000.0,0.0,0.064,0.417,57657000.0,80801000.0,0.74,80801000.0,57657000.0,34490000.0,0.22,0.22,0.22,1421227000.0,,1421227000.0,4731436998.0,19.0,13.885,28301000.0,0.214,1.0,98265000.0,0.9,0.0,23167000.0,4392564000.0,,0.0,209561000.0,,,1592412000.0,,,3450314998.0,-176000.0,11802000.0,5064000.0,15561000.0,-60741000.0,-43575000.0,-33180000.0,3281000.0,76563000.0,0.0,34490000.0,29208000.0,29208000.0,0.0,0.0,0.268,33163000.0,65102000.0,60577000.0,1.895,2.428,23.235,22.807,2754758000.0,5282000.0,26.0,8.559,8.525,16910000.0,-377024000.0,109131000.0,109131000.0,0.0,,,,,3579000.0,9446000.0,1.0,132704423.0,132182000,133584000.0,0.826,3013639000.0,0.0,0.0,0.0,22.799,
68,PEAK,MRQ,2004-06-30,2004-06-30,2004-06-30,2021-08-25,0.0,2918824000.0,,,,,10.933,-94477000.0,11549000.0,11549000.0,9894000.0,41584000.0,,1.028,1292671000.0,,,1292671000.0,14735000.0,21177000.0,0.0,0.069,0.417,61327000.0,82504000.0,0.794,82504000.0,61327000.0,41584000.0,0.28,0.27,0.28,1439418000.0,,1439418000.0,4362600064.0,16.0,12.427,-40006000.0,-0.304,1.0,94032000.0,0.905,0.0,19743000.0,4199946000.0,,0.0,321288000.0,,,1479406000.0,,,3173761064.0,-16587000.0,-10292000.0,11209000.0,75531000.0,-60455000.0,22837000.0,-93879000.0,10894000.0,54471000.0,0.0,41584000.0,36302000.0,36302000.0,0.0,0.0,0.349,30227000.0,63805000.0,54813000.0,1.489,2.205,20.091,19.545,2546071000.0,5282000.0,24.04,8.12,8.097,17077000.0,-350773000.0,103926000.0,103926000.0,0.0,,,,,0.0,8554000.0,1.0,132020011.0,131653000,132856000.0,0.789,2918824000.0,0.0,0.0,0.0,22.171,
69,PEAK,MRQ,2004-03-31,2004-03-31,2004-03-31,2021-08-25,0.0,2857462000.0,,,,,11.056,41408000.0,28132000.0,28132000.0,8825000.0,46835000.0,,0.977,1216971000.0,,,1216971000.0,20272000.0,21299000.0,0.0,0.059,0.417,68050000.0,89349000.0,0.941,89349000.0,68050000.0,46835000.0,0.32,0.31,0.32,1445514000.0,,1445514000.0,5111464872.0,19.0,14.703,111115000.0,0.85,1.0,86161000.0,0.907,0.0,21215000.0,4046301000.0,,0.0,319421000.0,,,1411948000.0,,,3721948872.0,10364000.0,92484000.0,16338000.0,-159080000.0,-61177000.0,-206959000.0,147616000.0,13724000.0,69707000.0,0.0,46835000.0,41552000.0,41552000.0,0.0,0.0,0.437,27162000.0,58999000.0,57350000.0,1.303,2.575,26.218,25.268,2474914000.0,5283000.0,28.3,9.811,9.753,16417000.0,-331902000.0,94986000.0,94986000.0,0.0,,,,,0.0,7269000.0,1.0,131517628.0,130739000,132700000.0,0.727,2857462000.0,0.0,0.0,0.0,21.856,
70,PEAK,MRQ,2003-12-31,2003-12-31,2003-12-31,2021-08-25,0.0,3035957000.0,,,,,10.217,18122000.0,17768000.0,17768000.0,12123000.0,44398000.0,,1.089,1407284000.0,,,1407284000.0,16080000.0,20941000.0,0.0,0.065,0.415,67174000.0,88115000.0,0.927,88115000.0,67174000.0,44398000.0,0.32,0.32,0.32,1357364000.0,,1357364000.0,4627592848.0,19.0,14.151,87479000.0,0.658,1.0,82964000.0,0.873,0.0,22776000.0,4425473000.0,,0.0,172450000.0,,,1478419000.0,,,3291639848.0,8054000.0,-179712000.0,50415000.0,58898000.0,-55393000.0,99277000.0,-160580000.0,-1497000.0,69357000.0,0.0,44398000.0,41435000.0,41435000.0,8900000.0,0.0,0.436,25264000.0,57700000.0,55055000.0,1.297,2.425,27.014,25.918,2543440000.0,2963000.0,25.4,8.925,8.605,16471000.0,-318678000.0,95087000.0,95087000.0,0.0,,,,,3141000.0,6067000.0,1.0,129592120.0,132847000,134179000.0,0.716,3035957000.0,0.0,0.0,0.0,22.853,
71,PEAK,MRQ,2003-09-30,2003-09-30,2003-09-30,2021-08-25,0.0,2832439000.0,,,,,9.581,-159263000.0,9706000.0,9706000.0,7763000.0,49609000.0,,1.341,1345659000.0,,,1345659000.0,0.0,19643000.0,0.0,0.071,0.415,71442000.0,91085000.0,0.94,91085000.0,71442000.0,49609000.0,0.31,0.3,0.31,1210157000.0,,1210157000.0,4338010096.0,19.0,14.116,-87392000.0,-0.692,1.0,89101000.0,0.92,0.0,21833000.0,4168392000.0,,0.0,293622000.0,,,1622282000.0,,,2958140096.0,-1853000.0,2692000.0,103668000.0,-45982000.0,-56717000.0,36455000.0,-110179000.0,46392000.0,71871000.0,0.0,49609000.0,38680000.0,38680000.0,-3038000.0,0.0,0.399,23745000.0,65356000.0,75232000.0,1.339,2.444,28.564,27.151,2493791000.0,10929000.0,23.35,8.557,8.531,17093000.0,-306565000.0,96864000.0,96864000.0,0.0,,,,,0.0,5516000.0,1.0,126686942.0,126308000,127862000.0,0.767,2832439000.0,0.0,0.0,0.0,22.425,
72,PEAK,MRQ,2003-06-30,2003-06-30,2003-06-30,2021-08-25,0.0,2743822000.0,,,,,9.958,-2317000.0,11559000.0,11559000.0,7415000.0,36914000.0,,1.269,1391429000.0,,,1391429000.0,0.0,19776000.0,0.0,0.078,0.415,59325000.0,79101000.0,0.856,79101000.0,59325000.0,36914000.0,0.17,0.17,0.17,1209485000.0,,1209485000.0,3898233641.0,18.0,13.294,47873000.0,0.394,1.0,85002000.0,0.92,0.0,22411000.0,4123692000.0,,0.0,343192000.0,,,1534337000.0,,,2582116641.0,-1881000.0,10235000.0,43619000.0,61660000.0,-55371000.0,-49399000.0,-2672000.0,-10590000.0,50190000.0,0.0,36914000.0,20295000.0,20295000.0,-3011000.0,0.0,0.22,24052000.0,60950000.0,74680000.0,2.441,2.135,26.925,25.982,2349144000.0,16619000.0,21.175,7.633,7.603,18870000.0,-299456000.0,92417000.0,92417000.0,0.0,,,,,0.0,5662000.0,1.0,121941754.0,121456000,122436000.0,0.761,2743822000.0,0.0,0.0,0.0,22.591,
73,PEAK,MRQ,2003-03-31,2003-03-31,2003-03-31,2021-08-25,0.0,2754957000.0,,,,,10.764,-23177000.0,13440000.0,13440000.0,7320000.0,27664000.0,,1.148,1329557000.0,,,1329557000.0,0.0,19763000.0,0.0,0.099,0.415,49205000.0,68968000.0,0.803,68968000.0,49205000.0,27664000.0,0.18,0.18,0.18,1282641000.0,,1282641000.0,3315430875.0,16.0,11.376,48980000.0,0.411,1.0,78587000.0,0.915,0.0,21541000.0,4071074000.0,,0.0,344877000.0,,,1472316000.0,,,1990077875.0,4945000.0,-10206000.0,25028000.0,-4469000.0,-55750000.0,-33829000.0,-33383000.0,0.0,72157000.0,0.0,27664000.0,21439000.0,21439000.0,-2439000.0,0.0,0.25,23563000.0,55024000.0,75393000.0,2.306,1.552,18.135,17.646,2366366000.0,6225000.0,16.675,5.968,5.959,19319000.0,-281000000.0,85907000.0,85907000.0,0.0,,,,,0.0,5242000.0,1.0,119345000.0,119158000,120044000.0,0.721,2754957000.0,0.0,0.0,0.0,23.12,
74,PEAK,MRQ,2002-12-31,2002-12-31,2002-12-31,2021-08-25,0.0,2748417000.0,,,,,11.029,-43147000.0,8495000.0,8495000.0,2693000.0,29374000.0,,1.146,1333848000.0,,,1333848000.0,0.0,19897000.0,0.0,0.085,0.415,48270000.0,68167000.0,0.967,68167000.0,48270000.0,29374000.0,0.2,0.19,0.2,1280889000.0,,1280889000.0,3536875600.0,17.0,12.26,15695000.0,0.135,1.0,67820000.0,0.962,0.0,18896000.0,4073770000.0,,0.0,332829000.0,,,1467528000.0,,,2260086600.0,-3219000.0,1053000.0,24723000.0,45228000.0,-55204000.0,6665000.0,-68726000.0,-26632000.0,58842000.0,0.0,29374000.0,23149000.0,23149000.0,5761000.0,0.0,0.328,19823000.0,47997000.0,62145000.0,2.075,1.764,20.093,19.541,2371411000.0,6225000.0,19.15,6.937,6.77,22382000.0,-252914000.0,70513000.0,70513000.0,0.0,,,,,0.0,5949000.0,1.0,118020188.0,116138000,121022000.0,0.607,2748417000.0,0.0,0.0,0.0,23.665,
75,PEAK,MRQ,2002-09-30,2002-09-30,2002-09-30,2021-08-25,0.0,2703101000.0,,,,,11.003,-33578000.0,11714000.0,11714000.0,8337000.0,37242000.0,,1.111,1288503000.0,,,1288503000.0,0.0,19385000.0,0.0,0.076,0.41,57609000.0,76994000.0,0.861,76994000.0,57609000.0,37242000.0,0.265,0.265,0.265,1280784000.0,,1280784000.0,3656345095.0,17.0,12.474,34981000.0,0.301,1.0,81090000.0,0.907,0.0,20367000.0,3979890000.0,,0.0,310050000.0,,,1422317000.0,,,2482601095.0,2798000.0,-12883000.0,34602000.0,105603000.0,-54011000.0,90108000.0,-155869000.0,-109408000.0,68559000.0,0.0,37242000.0,31017000.0,31017000.0,-2012000.0,0.0,0.347,22965000.0,58125000.0,64639000.0,1.547,1.938,20.814,20.383,2351530000.0,6225000.0,21.3,7.499,7.489,19238000.0,-227084000.0,89427000.0,89427000.0,0.0,,,,,0.0,4102000.0,1.0,116554042.0,116408000,116832000.0,0.768,2703101000.0,0.0,0.0,0.0,23.221,
76,PEAK,MRQ,2002-06-30,2002-06-30,2002-06-30,2021-08-25,0.0,2563112000.0,,,,,10.976,-58296000.0,8916000.0,8916000.0,7230000.0,40355000.0,,1.037,1182660000.0,,,1182660000.0,0.0,18744000.0,0.0,0.074,0.405,58574000.0,77318000.0,0.883,77318000.0,58574000.0,40355000.0,0.3,0.295,0.3,1258315000.0,,1258315000.0,3592849050.0,18.0,12.98,-4687000.0,-0.041,1.0,80379000.0,0.917,0.0,18219000.0,3736856000.0,,0.0,187727000.0,,,1304797000.0,,,2454573050.0,2299000.0,-7855000.0,23593000.0,37583000.0,-52603000.0,6038000.0,-57348000.0,8803000.0,53609000.0,0.0,40355000.0,34130000.0,34130000.0,-2311000.0,0.0,0.39,22600000.0,57779000.0,52647000.0,1.35,1.951,23.133,22.819,2333987000.0,6225000.0,21.45,7.552,7.565,20964000.0,-210315000.0,87609000.0,87609000.0,0.0,,,,,0.0,4393000.0,1.0,114432310.0,114638000,115252000.0,0.764,2563112000.0,0.0,0.0,0.0,22.358,
77,PEAK,MRQ,2002-03-31,2002-03-31,2002-03-31,2021-08-25,0.0,2519069000.0,,,,,10.988,-116942000.0,6617000.0,6617000.0,7288000.0,30409000.0,,1.02,1144893000.0,,,1144893000.0,0.0,18125000.0,0.0,0.077,0.4,47878000.0,66003000.0,0.828,66003000.0,47878000.0,30409000.0,0.215,0.21,0.215,1246826000.0,,1246826000.0,3356735833.0,17.0,12.438,-65189000.0,-0.574,1.0,72416000.0,0.909,0.0,17469000.0,3657345000.0,,0.0,189573000.0,,,1272243000.0,,,2307391833.0,-1791000.0,7855000.0,19420000.0,86960000.0,-51531000.0,55543000.0,-109087000.0,0.0,51753000.0,0.0,30409000.0,24184000.0,24184000.0,842000.0,0.0,0.303,21697000.0,50719000.0,57583000.0,1.86,1.851,22.925,22.28,2292924000.0,6225000.0,20.275,7.192,7.171,21183000.0,-198067000.0,79704000.0,79704000.0,0.0,,,,,0.0,4145000.0,1.0,113804776.0,113474000,114050000.0,0.702,2519069000.0,0.0,0.0,0.0,22.2,
78,PEAK,MRQ,2001-12-31,2001-12-31,2001-12-31,2021-08-25,0.0,2431153000.0,,,,,11.135,-12201000.0,8408000.0,8408000.0,7116000.0,36169000.0,,0.95,1057752000.0,,,1057752000.0,0.0,18036000.0,0.0,0.086,0.395,54756000.0,72792000.0,0.979,72792000.0,54756000.0,36169000.0,0.265,0.27,0.265,1246724000.0,,1246724000.0,3085511739.0,15.0,11.443,37171000.0,0.332,1.0,67221000.0,0.904,0.0,18587000.0,3480497000.0,,0.0,198036000.0,,,1184429000.0,,,2019199739.0,-1428000.0,-230000.0,26108000.0,-23348000.0,-50267000.0,-47970000.0,-2830000.0,9601000.0,49372000.0,0.0,36169000.0,29944000.0,29944000.0,-7269000.0,0.0,0.403,11340000.0,55881000.0,56709000.0,1.491,1.62,20.975,20.343,2194556000.0,6225000.0,18.105,6.36,6.145,20940000.0,-176945000.0,74337000.0,74337000.0,0.0,,,,,0.0,3189000.0,1.0,111527188.0,111964000,111454000.0,0.664,2431153000.0,0.0,0.0,0.0,21.714,
79,PEAK,MRQ,2001-09-30,2001-09-30,2001-09-30,2021-08-25,0.0,2443511000.0,,,,,11.224,-84416000.0,9836000.0,9836000.0,7386000.0,24073000.0,,0.966,1076148000.0,,,1076148000.0,0.0,17752000.0,0.0,0.08,0.39,42944000.0,60696000.0,0.728,60696000.0,42944000.0,24073000.0,0.16,0.16,0.16,1242684000.0,,1242684000.0,3101186999.0,15.0,11.337,-28165000.0,-0.254,1.0,75999000.0,0.911,0.0,18871000.0,3509823000.0,,0.0,208465000.0,,,1200827000.0,,,2125648999.0,-6295000.0,0.0,10665000.0,70549000.0,-49346000.0,33446000.0,-95992000.0,-11576000.0,56251000.0,0.0,24073000.0,17848000.0,17848000.0,-259000.0,0.0,0.214,25882000.0,50117000.0,56994000.0,2.438,1.711,21.909,20.784,2194647000.0,6225000.0,19.225,6.592,6.602,19746000.0,-162847000.0,83385000.0,83385000.0,0.0,,,,,0.0,3221000.0,1.0,110566918.0,110720000,111248000.0,0.753,2443511000.0,0.0,0.0,0.0,22.069,
80,PEAK,MRQ,2001-06-30,2001-06-30,2001-06-30,2021-08-25,0.0,2344693000.0,,,,,11.824,-7146000.0,16131000.0,16131000.0,7193000.0,34900000.0,,0.865,991669000.0,,,991669000.0,0.0,15931000.0,0.0,0.088,0.385,54453000.0,70384000.0,0.844,70384000.0,54453000.0,34900000.0,0.27,0.27,0.27,1257225000.0,,1257225000.0,2862160602.0,13.0,10.106,37881000.0,0.356,1.0,76221000.0,0.914,0.0,19553000.0,3320231000.0,,0.0,196729000.0,,,1087468000.0,,,1756543602.0,9918000.0,0.0,138319000.0,-120340000.0,-45544000.0,-27334000.0,-7775000.0,-629000.0,45027000.0,0.0,34900000.0,28675000.0,28675000.0,-607000.0,0.0,0.344,21309000.0,54912000.0,53890000.0,1.426,1.397,16.913,17.03,2099445000.0,6225000.0,17.2,5.443,5.666,18060000.0,-137574000.0,83414000.0,83414000.0,0.0,,,,,0.0,3509000.0,1.0,102124628.0,106324000,106778000.0,0.785,2344693000.0,0.0,0.0,0.0,22.052,
81,PEAK,MRQ,2001-03-31,2001-03-31,2001-03-31,2021-08-25,0.0,2343196000.0,,,,,11.081,-22263000.0,6213000.0,6213000.0,7201000.0,26024000.0,,1.075,1111830000.0,,,1111830000.0,0.0,18739000.0,0.0,0.088,0.38,47020000.0,65759000.0,0.859,65759000.0,47020000.0,26024000.0,0.195,0.195,0.195,1129460000.0,,1129460000.0,2829508542.0,13.0,9.814,27935000.0,0.274,1.0,69389000.0,0.906,0.0,20996000.0,3448813000.0,,0.0,196258000.0,,,1213736000.0,,,1729203542.0,-52410000.0,0.0,1218000.0,-47277000.0,-44966000.0,-91042000.0,-11566000.0,10697000.0,50198000.0,0.0,26024000.0,19799000.0,19799000.0,-1559000.0,0.0,0.259,21817000.0,47572000.0,59770000.0,1.949,1.531,16.397,16.386,2109980000.0,6225000.0,16.96,5.347,5.345,14910000.0,-126930000.0,76590000.0,76590000.0,0.0,,,,,0.0,3256000.0,1.0,101957756.0,101926000,102386000.0,0.751,2343196000.0,0.0,0.0,0.0,22.989,
82,PEAK,MRQ,2000-12-31,2000-12-31,2000-12-31,2021-08-25,0.0,2394852000.0,,,,,11.189,48472000.0,58623000.0,58623000.0,6801000.0,36925000.0,,1.102,1158928000.0,,,1158928000.0,0.0,17785000.0,0.0,0.098,0.375,58915000.0,76700000.0,0.97,76700000.0,58915000.0,36925000.0,0.3,0.3,0.3,1139283000.0,,1139283000.0,2674421030.0,12.0,9.211,98730000.0,0.97,1.0,72247000.0,0.914,0.0,21990000.0,3495157000.0,,0.0,209852000.0,,,1255569000.0,,,1522767030.0,53719000.0,4250000.0,-2536000.0,6274000.0,-44447000.0,-44599000.0,48060000.0,-4662000.0,50258000.0,0.0,36925000.0,30700000.0,30700000.0,-2934000.0,0.0,0.388,23945000.0,48302000.0,57097000.0,1.25,1.337,13.987,14.028,2100509000.0,6225000.0,14.94,4.68,4.689,16341000.0,-107988000.0,79048000.0,79048000.0,0.0,,,,,0.0,3257000.0,1.0,101925504.0,101826000,101960000.0,0.776,2394852000.0,0.0,0.0,0.0,23.519,
83,PEAK,MRQ,2000-09-30,2000-09-30,2000-09-30,2021-08-25,0.0,2404707000.0,,,,,11.331,14168000.0,4904000.0,4904000.0,7201000.0,30908000.0,,1.082,1156558000.0,,,1156558000.0,0.0,17461000.0,0.0,0.098,0.37,52916000.0,70377000.0,0.841,70377000.0,52916000.0,30908000.0,0.245,0.24,0.245,1154934000.0,,1154934000.0,2683735779.0,13.0,9.789,68246000.0,0.67,1.0,76487000.0,0.914,0.0,22008000.0,3556361000.0,,0.0,211768000.0,,,1249773000.0,,,1510013779.0,-2273000.0,0.0,24000.0,-23850000.0,-43936000.0,-76068000.0,19717000.0,5549000.0,54078000.0,0.0,30908000.0,24683000.0,24683000.0,0.0,0.0,0.295,20310000.0,56177000.0,53491000.0,1.51,1.307,15.143,14.965,2162036000.0,6225000.0,14.815,4.757,4.757,15231000.0,-100146000.0,83688000.0,83688000.0,0.0,,,,,0.0,3270000.0,1.0,101924656.0,101924000,102054000.0,0.821,2404707000.0,0.0,0.0,0.0,23.593,
84,PEAK,MRQ,2000-06-30,2000-06-30,2000-06-30,2021-08-25,0.0,2433607000.0,,,,,11.449,-288000.0,7177000.0,7177000.0,6753000.0,36502000.0,,1.081,1180899000.0,,,1180899000.0,0.0,17447000.0,0.0,0.105,0.365,58037000.0,75484000.0,0.898,75484000.0,58037000.0,36502000.0,0.295,0.295,0.295,1169345000.0,,1169345000.0,2563875711.0,13.0,9.934,44091000.0,0.432,1.0,77339000.0,0.92,0.0,21535000.0,3607329000.0,,0.0,234373000.0,,,1264262000.0,,,1391613711.0,2220000.0,0.0,-7634000.0,6673000.0,-43533000.0,-42219000.0,60000.0,348000.0,44379000.0,0.0,36502000.0,30277000.0,30277000.0,0.0,0.0,0.36,17638000.0,59701000.0,43346000.0,1.237,1.19,13.765,11.839,2170982000.0,6225000.0,13.615,4.866,4.863,0.0,-85712000.0,84092000.0,84092000.0,0.0,,,,,0.0,3220000.0,1.0,102211804.0,102138000,102186000.0,0.823,2433607000.0,0.0,0.0,0.0,23.827,
85,PEAK,MRQ,2000-03-31,2000-03-31,2000-03-31,2021-08-25,0.0,2454177000.0,,,,,11.562,-2888000.0,4957000.0,4957000.0,6699000.0,29432000.0,,1.069,1177219000.0,,,1177219000.0,0.0,17146000.0,0.0,0.111,0.36,50646000.0,67792000.0,0.863,67792000.0,50646000.0,29432000.0,0.225,0.225,0.225,1185920000.0,,1185920000.0,2475692204.0,14.0,10.957,53908000.0,0.526,1.0,71831000.0,0.915,0.0,21214000.0,3626439000.0,,0.0,235842000.0,,,1268257000.0,,,1303881204.0,-2739000.0,0.0,-6235000.0,-1883000.0,-43163000.0,-55412000.0,-4123000.0,-1235000.0,56796000.0,0.0,29432000.0,23207000.0,23207000.0,0.0,0.0,0.296,20665000.0,51166000.0,50546000.0,1.6,1.099,15.093,11.564,2189479000.0,6225000.0,12.72,5.139,5.143,0.0,-76685000.0,78530000.0,78530000.0,0.0,,,,,0.0,3519000.0,1.0,102506384.0,102570000,102600000.0,0.766,2454177000.0,0.0,0.0,0.0,23.927,
86,PEAK,MRQ,1999-12-31,1999-12-31,1999-12-31,2021-08-25,0.0,2469390000.0,,,,,17.249,-34709000.0,7696000.0,7696000.0,6206000.0,26998000.0,,1.057,1179507000.0,,,1179507000.0,0.0,15106000.0,0.0,0.116,0.355,45396000.0,60502000.0,0.85,60502000.0,45396000.0,26998000.0,0.225,0.225,0.225,1200257000.0,,1200257000.0,2033740410.0,13.0,10.196,-7768000.0,-0.112,1.0,64936000.0,0.913,0.0,18398000.0,3641201000.0,,0.0,240799000.0,,,1269133000.0,,,1229773410.0,-503000.0,-80071000.0,-2000.0,112008000.0,-28200000.0,82509000.0,-109953000.0,4827000.0,26941000.0,0.0,26998000.0,21551000.0,21551000.0,0.0,0.0,0.303,28205000.0,36731000.0,49222000.0,1.578,1.025,15.676,10.613,2192988000.0,5447000.0,11.94,5.471,3.696,13565000.0,-66676000.0,71142000.0,71142000.0,0.0,,,,,0.0,2796000.0,1.0,102996098.0,69584000,72434000.0,1.022,2469390000.0,0.0,0.0,0.0,35.488,
87,PEAK,MRQ,1999-09-30,1999-09-30,1999-09-30,2021-08-25,0.0,1504591000.0,,,,,9.641,29953000.0,8199000.0,8199000.0,4206000.0,30173000.0,,1.435,812166000.0,,,812166000.0,0.0,10196000.0,0.0,0.104,0.35,44104000.0,54300000.0,1.04,54300000.0,44104000.0,30173000.0,0.405,0.4,0.405,617875000.0,,617875000.0,1665771870.0,11.0,9.011,64697000.0,1.009,1.0,48012000.0,0.919,0.0,13931000.0,2308558000.0,,0.0,233645000.0,,,886716000.0,,,841185870.0,2783000.0,0.0,60000.0,-17418000.0,-26541000.0,-44403000.0,12442000.0,-17511000.0,34744000.0,0.0,30173000.0,26064000.0,26064000.0,0.0,0.0,0.499,3055000.0,44957000.0,35150000.0,0.864,1.361,10.534,10.375,1238823000.0,4109000.0,13.125,4.232,4.232,0.0,-65474000.0,52218000.0,52218000.0,0.0,,,,,0.0,3010000.0,1.0,64090352.0,64090000,70912000.0,0.815,1504591000.0,0.0,0.0,0.0,23.476,
88,PEAK,MRQ,1999-06-30,1999-06-30,1999-06-30,2021-08-25,0.0,1512994000.0,,,,,9.694,-52075000.0,5416000.0,5416000.0,4077000.0,19676000.0,,1.463,830002000.0,,,830002000.0,0.0,10101000.0,0.0,0.093,0.345,33254000.0,43355000.0,0.837,43355000.0,33254000.0,19676000.0,0.245,0.245,0.245,614205000.0,,614205000.0,1672163803.0,12.0,9.651,-26077000.0,-0.412,1.0,47735000.0,0.921,0.0,13578000.0,2337580000.0,,0.0,227864000.0,,,898789000.0,,,896555803.0,1164000.0,0.0,29578000.0,43017000.0,-26218000.0,41834000.0,-66668000.0,-14593000.0,25998000.0,0.0,19676000.0,15566000.0,15566000.0,0.0,0.0,0.3,12937000.0,34798000.0,28273000.0,1.408,1.46,11.7,11.74,1262463000.0,4110000.0,14.44,4.751,4.849,0.0,-69106000.0,51812000.0,51812000.0,0.0,,,,,0.0,2988000.0,1.0,62088352.0,63360000,63582000.0,0.818,1512994000.0,0.0,0.0,0.0,23.879,
89,PEAK,MRQ,1999-03-31,1999-03-31,1999-03-31,2021-08-25,0.0,1448314000.0,,,,,9.527,-57752000.0,4252000.0,4252000.0,3751000.0,19378000.0,,1.45,779860000.0,,,779860000.0,0.0,9386000.0,0.0,0.093,0.34,31929000.0,41315000.0,0.833,41315000.0,31929000.0,19378000.0,0.245,0.245,0.245,591047000.0,,591047000.0,1596948935.0,12.0,9.755,-21318000.0,-0.344,1.0,45870000.0,0.924,0.0,12551000.0,2223922000.0,,0.0,215303000.0,,,857267000.0,,,892407935.0,-252000.0,0.0,0.0,36893000.0,-25218000.0,29595000.0,-66281000.0,-8529000.0,36434000.0,0.0,19378000.0,15269000.0,15269000.0,0.0,0.0,0.308,12500000.0,33370000.0,34497000.0,1.388,1.51,11.499,11.454,1213379000.0,4109000.0,14.375,5.104,5.101,0.0,-62564000.0,49621000.0,49621000.0,0.0,,,,,0.0,3114000.0,1.0,62080552.0,62042000,62238000.0,0.8,1448314000.0,0.0,0.0,0.0,23.344,
90,PEAK,MRQ,1998-12-31,1998-12-31,1998-12-31,2021-08-25,0.0,1356612000.0,,,,,9.607,-216293000.0,4504000.0,4504000.0,1842000.0,27066000.0,,1.278,709045000.0,,,709045000.0,0.0,8174000.0,0.0,0.085,0.335,37725000.0,45899000.0,1.018,45899000.0,37725000.0,27066000.0,0.37,0.365,0.37,595419000.0,,595419000.0,1455745132.0,12.0,9.445,-194277000.0,-3.135,1.0,43259000.0,0.959,0.0,10659000.0,2061153000.0,,0.0,208841000.0,,,761193000.0,,,952842132.0,-78523000.0,36583000.0,305000.0,115969000.0,-24870000.0,90328000.0,-190867000.0,-6092000.0,22016000.0,0.0,27066000.0,22956000.0,22956000.0,0.0,0.0,0.509,2653000.0,40606000.0,28758000.0,0.905,1.6,12.117,12.012,1131119000.0,4110000.0,15.375,5.898,5.853,0.0,-56724000.0,45101000.0,45101000.0,0.0,,,,,0.0,10429000.0,1.0,61973472.0,61980000,61494000.0,0.728,1356612000.0,0.0,0.0,0.0,21.888,
91,PEAK,MRQ,1998-09-30,1998-09-30,1998-09-30,2021-08-25,0.0,1239292000.0,,,,,9.573,-50027000.0,83027000.0,83027000.0,1466000.0,24896000.0,,1.09,585930000.0,,,585930000.0,0.0,7512000.0,0.0,0.078,0.33,35187000.0,42699000.0,1.013,42699000.0,35187000.0,24896000.0,0.37,0.36,0.37,592871000.0,,592871000.0,1619927518.0,15.0,11.711,-11087000.0,-0.179,1.0,40700000.0,0.965,0.0,10291000.0,1742195000.0,,0.0,195848000.0,,,646421000.0,,,1021780518.0,80938000.0,-10819000.0,183000.0,-19510000.0,-22496000.0,88894000.0,-46896000.0,8885000.0,38940000.0,0.0,24896000.0,22836000.0,22836000.0,0.0,0.0,0.542,4624000.0,36076000.0,39661000.0,0.892,1.723,14.36,13.983,945117000.0,2060000.0,16.5,6.811,6.811,0.0,-58920000.0,42166000.0,42166000.0,0.0,,,,,0.0,0.0,1.0,61926092.0,61930000,67738000.0,0.681,1239292000.0,0.0,0.0,0.0,20.011,
92,PEAK,MRQ,1998-06-30,1998-06-30,1998-06-30,2021-08-25,0.0,1109083000.0,,,,,7.474,-112421000.0,2089000.0,2089000.0,948000.0,17727000.0,,1.41,600236000.0,,,600236000.0,0.0,7246000.0,0.0,0.07,0.325,26546000.0,33792000.0,0.89,33792000.0,26546000.0,17727000.0,0.27,0.265,0.27,460251000.0,,460251000.0,1590760115.0,16.0,12.789,-88367000.0,-1.435,1.0,37000000.0,0.975,0.0,8819000.0,1707230000.0,,0.0,193905000.0,,,648832000.0,,,1116393115.0,-1096000.0,-6874000.0,23383000.0,122752000.0,-21305000.0,123398000.0,-148548000.0,-29253000.0,24054000.0,0.0,17727000.0,16546000.0,16546000.0,0.0,0.0,0.436,9382000.0,27618000.0,27422000.0,1.204,2.426,17.479,16.694,896943000.0,1181000.0,18.03,7.965,7.921,0.0,-61320000.0,37948000.0,37948000.0,0.0,,,,,0.0,0.0,1.0,61918642.0,61578000,62158000.0,0.616,1109083000.0,0.0,0.0,0.0,18.011,
93,PEAK,MRQ,1998-03-31,1998-03-31,1998-03-31,2021-08-25,0.0,966189000.0,,,,,7.283,-11443000.0,3185000.0,3185000.0,797000.0,17478000.0,,1.194,477552000.0,,,477552000.0,0.0,6645000.0,0.0,0.068,0.32,25111000.0,31756000.0,0.874,31756000.0,25111000.0,17478000.0,0.27,0.27,0.27,440407000.0,,440407000.0,1566067483.0,17.0,13.196,15858000.0,0.262,1.0,35537000.0,0.978,0.0,7633000.0,1440556000.0,,0.0,160153000.0,,,525782000.0,,,1117293483.0,-899000.0,-18890000.0,0.0,24751000.0,-20539000.0,3013000.0,-31213000.0,-880000.0,27301000.0,0.0,17478000.0,16297000.0,16297000.0,0.0,0.0,0.449,9278000.0,26259000.0,26751000.0,1.185,2.537,17.814,17.102,791251000.0,1181000.0,18.47,8.34,8.337,0.0,-57742000.0,36334000.0,36334000.0,0.0,,,,,0.0,0.0,1.0,60492338.0,60474000,61152000.0,0.601,966189000.0,0.0,0.0,0.0,15.977,
94,PEAK,MRQ,1997-12-31,1997-12-31,1997-12-31,2021-08-25,0.0,940964000.0,,,,,7.627,-103576000.0,4084000.0,4084000.0,162000.0,16657000.0,,1.128,452858000.0,,,452858000.0,0.0,6003000.0,0.0,0.065,0.315,24075000.0,30078000.0,0.896,30078000.0,24075000.0,16657000.0,0.27,0.265,0.27,442269000.0,,442269000.0,,,,-83471000.0,-1.439,1.0,33416000.0,0.995,0.0,7418000.0,1389738000.0,,0.0,139622000.0,,,498695000.0,,,1143607650.0,1064000.0,0.0,53251000.0,59192000.0,-19378000.0,99449000.0,-118490000.0,-14914000.0,20105000.0,0.0,16657000.0,15476000.0,15476000.0,0.0,0.0,0.461,8503000.0,24913000.0,23492000.0,1.167,2.586,17.998,17.109,786502000.0,1181000.0,18.905,8.899,8.469,0.0,-54681000.0,33578000.0,33578000.0,0.0,,,,,0.0,0.0,1.0,60492338.0,57990000,56886000.0,0.579,940964000.0,0.0,0.0,0.0,16.226,
95,PEAK,MRQ,1997-09-30,1997-09-30,1997-09-30,2021-08-25,,,,,,,,-16723000.0,,,0.0,15619000.0,,,,,,,,5692000.0,,0.062,0.31,23066000.0,28758000.0,0.89,28758000.0,23066000.0,15619000.0,0.27,0.27,0.27,,,,,,,8863000.0,0.154,1.0,32307000.0,1.0,,7447000.0,,,,,,,,,,,-336000.0,0.0,249000.0,-49803000.0,-17807000.0,-9537000.0,-16385000.0,338000.0,25586000.0,0.0,15619000.0,15553000.0,15553000.0,0.0,0.0,0.481,8396000.0,23911000.0,,1.148,,,,,66000.0,19.375,,,,,32307000.0,32307000.0,0.0,,,,,0.0,0.0,1.0,,57442000,57880000.0,0.562,,,0.0,,,
96,PEAK,MRQ,1997-06-30,1997-06-30,1997-06-30,2021-08-25,,,,,,,,-61636000.0,,,0.0,15394000.0,,,,,,,,5490000.0,,0.068,0.305,22592000.0,28082000.0,0.884,28082000.0,22592000.0,15394000.0,0.27,0.265,0.27,,,,,,,-43856000.0,-0.764,1.0,31751000.0,1.0,,7198000.0,,,,,,,,,,,-7506000.0,0.0,-1000.0,54167000.0,-17516000.0,36496000.0,-61782000.0,-146000.0,17780000.0,0.0,15394000.0,15394000.0,15394000.0,0.0,0.0,0.485,8156000.0,23595000.0,,1.13,,,,,0.0,17.625,,,,,31751000.0,31751000.0,0.0,,,,,0.0,0.0,1.0,,57424000,57720000.0,0.553,,,0.0,,,
97,PEAK,MRQ,1997-03-31,1997-03-31,1997-03-31,2021-08-25,,,,,,,,-9473000.0,,,0.0,17119000.0,,,,,,,,5482000.0,,0.071,0.3,23881000.0,29363000.0,0.951,29363000.0,23881000.0,17119000.0,0.3,0.295,0.3,,,,,,,14600000.0,0.254,1.0,30867000.0,1.0,,6762000.0,,,,,,,,,,,8051000.0,0.0,168000.0,9690000.0,-17225000.0,-7441000.0,-8581000.0,892000.0,24073000.0,0.0,17119000.0,17119000.0,17119000.0,0.0,0.0,0.555,5968000.0,24899000.0,,1.0,,,,,0.0,16.565,,,,,30867000.0,30867000.0,0.0,,,,,0.0,0.0,1.0,,57402000,57402000.0,0.538,,,0.0,,,
98,PEAK,MRQ,1996-12-31,1996-12-31,1996-12-31,2021-08-25,0.0,753653000.0,,,,,5.878,,2811000.0,2811000.0,,,,1.238,379504000.0,,,379504000.0,0.0,,0.0,0.066,0.295,,,,,,,,,,336806000.0,,336806000.0,,,,,,1.0,,,0.0,,1130346000.0,,0.0,118758000.0,,,416847000.0,,,,,,,,,,,,,,,,,,,,,,19739000.0,,,,16.509,623734000.0,,17.5,,8.33,0.0,-47544000.0,,,,,,,,,,1.0,,57304000,,,753653000.0,0.0,,0.0,13.152,
0,PEAK,MRT,2021-06-30,2021-06-30,2021-06-30,2021-08-25,-3389000.0,14332370000.0,15299551500.0,,,0.092,12.775,862721000.0,225975000.0,225975000.0,462580000.0,522112000.0,,1.002,5228108000.0,,,5228108000.0,777687000.0,658376000.0,0.0,0.04,1.34,723191000.0,1381567000.0,0.985,1381567000.0,723191000.0,535257000.0,0.93,0.93,0.93,6884862000.0,6819450000.0,6884862000.0,23786415864.0,33.0,17.217,1660923000.0,3.082,1.0,940219000.0,0.67,511612000.0,187934000.0,18822891000.0,20659635750.0,0.0,862197000.0,,,6898641000.0,,,17940981864.0,-592338000.0,-50881000.0,-10159000.0,-1853072000.0,-725111000.0,-2630406000.0,1239866000.0,376334000.0,798202000.0,0.0,505045000.0,501691000.0,501691000.0,-651714000.0,17067000.0,0.358,599533000.0,340686000.0,688458000.0,1.441,2.606,35.761,35.796,11819296000.0,3354000.0,33.29,12.789,12.789,41814000.0,-3880253000.0,1402799000.0,1402799000.0,0.0,0.033,0.074,0.035,0.516,17855000.0,96158000.0,1.0,538930065.0,538929000,544694000.0,2.603,13820758000.0,0.0,30212000.0,0.0,25.645,
1,PEAK,MRT,2021-03-31,2021-03-31,2021-03-31,2021-08-25,-3497000.0,15193926000.0,15795569000.0,,,0.085,12.558,-153588000.0,102040000.0,102040000.0,450256000.0,295136000.0,,1.164,5947474000.0,,,5947474000.0,765946000.0,665405000.0,0.0,0.044,1.41,515428000.0,1180833000.0,0.884,1180833000.0,515428000.0,311352000.0,0.51,0.51,0.51,6764538000.0,6872902750.0,6764538000.0,23464343956.0,46.0,19.871,632527000.0,1.174,1.0,884864000.0,0.663,495919000.0,204076000.0,20543441000.0,21415928000.0,0.0,1184689000.0,,,7877244000.0,,,17097901956.0,-742081000.0,-41145000.0,-9421000.0,-627080000.0,-762690000.0,-1439090000.0,-88963000.0,77227000.0,786115000.0,-143000.0,280271000.0,276829000.0,276829000.0,-532462000.0,14865000.0,0.207,573057000.0,311807000.0,697040000.0,2.765,2.528,61.763,62.235,11347374000.0,3442000.0,31.74,12.806,12.806,38879000.0,-3994562000.0,1335120000.0,1335120000.0,0.0,0.018,0.04,0.024,0.386,16900000.0,95790000.0,1.0,538686262.0,538679000,538679000.0,2.479,14698007000.0,0.0,31081000.0,0.0,27.285,
2,PEAK,MRT,2020-12-31,2020-12-31,2020-12-31,2021-08-25,-3685000.0,15920089000.0,16015257250.0,,,0.103,12.795,-751963000.0,111432000.0,111432000.0,782541000.0,428253000.0,,1.263,6477874000.0,,,6477874000.0,774316000.0,697143000.0,0.0,0.049,1.48,622476000.0,1319619000.0,0.802,1319619000.0,622476000.0,404140000.0,0.77,0.77,0.77,6788345000.0,6990895250.0,6788345000.0,22530000119.0,36.0,17.073,6468000.0,0.012,1.0,862334000.0,0.524,519917000.0,218336000.0,21766614000.0,21574603750.0,0.0,642952000.0,,,8575517000.0,,,16274641119.0,-2972000.0,-433295000.0,1058348000.0,15787000.0,-787072000.0,246450000.0,-1007700000.0,157201000.0,758431000.0,-153000.0,413563000.0,411147000.0,411147000.0,-267746000.0,14690000.0,0.25,708437000.0,153897000.0,763391000.0,1.922,2.397,39.584,39.26,11312107000.0,2416000.0,30.23,9.894,9.751,42269000.0,-3976232000.0,1644875000.0,1644875000.0,0.0,0.026,0.059,0.029,0.378,17368000.0,93237000.0,1.0,538360606.0,530555000,531056000.0,3.1,15400172000.0,0.0,-9423000.0,0.0,29.027,
3,PEAK,MRT,2020-09-30,2020-09-30,2020-09-30,2021-08-25,-3236000.0,15751821000.0,15543457750.0,,,0.075,12.706,-866267000.0,299538000.0,299538000.0,503732000.0,325367000.0,,1.22,6554897000.0,,,6554897000.0,755021000.0,732192000.0,0.0,0.055,1.48,528067000.0,1260259000.0,1.085,1260259000.0,528067000.0,311205000.0,0.61,0.6,0.61,6840055000.0,6815073500.0,6840055000.0,20684545054.0,39.0,16.413,-109071000.0,-0.203,1.0,658267000.0,0.566,501583000.0,216862000.0,21505597000.0,21091339250.0,0.0,712139000.0,,,8345513000.0,,,14615370054.0,144434000.0,39784000.0,1342230000.0,-376858000.0,-771059000.0,160811000.0,-773742000.0,35635000.0,757196000.0,169000.0,310689000.0,308027000.0,308027000.0,-14708000.0,14678000.0,0.265,460544000.0,197723000.0,834518000.0,2.426,2.137,47.448,44.508,11225062000.0,2662000.0,27.15,12.578,12.578,63216000.0,-3923150000.0,1161999000.0,1161999000.0,0.0,0.02,0.045,0.025,0.454,17025000.0,89251000.0,1.0,538319339.0,538333000,538333000.0,2.159,15250238000.0,0.0,516000.0,0.0,28.329,
4,PEAK,MRT,2020-06-30,2020-06-30,2020-06-30,2021-08-25,-2186000.0,16316440000.0,15108055000.0,,,0.073,13.188,-1251908000.0,836641000.0,836641000.0,437509000.0,342640000.0,,1.218,6905816000.0,,,6905816000.0,751443000.0,730506000.0,0.0,0.054,1.48,520181000.0,1250687000.0,1.135,1250687000.0,520181000.0,298324000.0,0.64,0.63,0.64,7098673000.0,6588343250.0,7098673000.0,20490541448.0,39.0,16.383,-466572000.0,-0.867,1.0,664722000.0,0.603,537555000.0,221857000.0,21848060000.0,20791968250.0,0.0,758866000.0,,,8647719000.0,,,14834728448.0,680589000.0,45645000.0,1445290000.0,102599000.0,-753623000.0,790197000.0,-895071000.0,292481000.0,785336000.0,127000.0,328243000.0,325546000.0,325546000.0,-14708000.0,14397000.0,0.295,462607000.0,202115000.0,847080000.0,2.312,2.09,45.569,43.062,12980728000.0,2697000.0,27.56,13.459,13.459,73432000.0,-3660187000.0,1102231000.0,1102231000.0,0.0,0.022,0.049,0.025,0.472,16776000.0,90560000.0,1.0,538270263.0,538262000,538517000.0,2.048,15778885000.0,0.0,-29919000.0,0.0,29.315,
5,PEAK,MRT,2020-03-31,2020-03-31,2020-03-31,2021-08-25,-2495000.0,16072679000.0,14457218250.0,,,0.082,14.288,-1801930000.0,890099000.0,890099000.0,473694000.0,277611000.0,,1.141,6545912000.0,,,6545912000.0,753432000.0,717314000.0,0.0,0.062,1.48,455227000.0,1172541000.0,0.989,1172541000.0,455227000.0,231251000.0,0.52,0.51,0.52,7236508000.0,6327276000.0,7236508000.0,18377639384.0,40.0,15.673,-1019397000.0,-2.013,1.0,711545000.0,0.6,550348000.0,223976000.0,21178144000.0,20251082500.0,0.0,745258000.0,,,8259236000.0,,,12054072384.0,743447000.0,35482000.0,1848575000.0,282151000.0,-731337000.0,1400171000.0,-1439512000.0,293363000.0,782533000.0,255000.0,263140000.0,260424000.0,260424000.0,-20000000.0,14471000.0,0.22,554277000.0,157268000.0,856031000.0,2.846,1.666,46.286,45.865,12753689000.0,2716000.0,23.85,10.17,10.192,85037000.0,-3512143000.0,1185239000.0,1185239000.0,0.0,0.018,0.041,0.022,0.384,18883000.0,93960000.0,1.0,505411840.0,506476000,515045000.0,2.34,15522331000.0,0.0,-31889000.0,0.0,30.648,
6,PEAK,MRT,2019-12-31,2019-12-31,2019-12-31,2021-08-25,-2857000.0,14032891000.0,13663923750.0,,,0.091,12.514,-2109578000.0,93783000.0,93783000.0,405244000.0,60061000.0,,1.21,6154652000.0,,,6154652000.0,274554000.0,659989000.0,0.0,0.043,1.48,257663000.0,917652000.0,0.74,917652000.0,257663000.0,40051000.0,0.09,0.09,0.09,6085058000.0,5977369500.0,6085058000.0,23662006529.0,92.0,25.785,-1263505000.0,-2.598,1.0,835095000.0,0.673,260204000.0,217612000.0,19833556000.0,19555044250.0,0.0,1049564000.0,,,7365417000.0,,,17060381529.0,44811000.0,429686000.0,790543000.0,573052000.0,-720123000.0,647271000.0,-1448778000.0,194683000.0,846073000.0,245000.0,45530000.0,43987000.0,43987000.0,115408000.0,14531000.0,0.035,547828000.0,287267000.0,457532000.0,16.444,2.804,387.851,383.0,8397940000.0,1543000.0,34.47,13.755,13.513,44842000.0,-3601199000.0,1240339000.0,1240339000.0,0.0,0.003,0.007,0.013,0.208,18162000.0,92966000.0,1.0,494934190.0,486255000,489335000.0,2.551,13772687000.0,0.0,-5479000.0,0.0,28.324,
7,PEAK,MRT,2019-09-30,2019-09-30,2019-09-30,2021-08-25,-5223000.0,14010210000.0,13335339250.0,,,0.094,12.079,-603867000.0,155104000.0,155104000.0,482021000.0,847085000.0,,1.262,6756729000.0,,,6756729000.0,208653000.0,599950000.0,0.0,0.042,1.48,1049651000.0,1649601000.0,1.317,1649601000.0,1049651000.0,832498000.0,1.77,1.76,1.77,5933134000.0,5942214750.0,5933134000.0,23787643989.0,23.0,14.42,240525000.0,0.49,1.0,770221000.0,0.615,303722000.0,217153000.0,20308113000.0,19057039250.0,0.0,727468000.0,,,7486851000.0,,,17498259989.0,46363000.0,-15455000.0,718626000.0,-386371000.0,-711007000.0,-368129000.0,-429769000.0,157187000.0,844392000.0,-131000.0,833558000.0,830946000.0,830946000.0,-236256000.0,13527000.0,0.664,654700000.0,115521000.0,431493000.0,0.836,2.949,21.058,20.13,11708069000.0,2612000.0,35.63,13.974,13.976,56991000.0,-3461256000.0,1252242000.0,1252242000.0,0.0,0.062,0.14,0.055,0.838,17994000.0,92955000.0,1.0,491110300.0,491203000,491203000.0,2.549,13706488000.0,0.0,-1060000.0,0.0,27.904,
8,PEAK,MRT,2019-06-30,2019-06-30,2019-06-30,2021-08-25,-4459000.0,13713093000.0,13103776250.0,,,0.089,12.647,-53722000.0,156052000.0,156052000.0,415159000.0,992319000.0,,1.172,6445436000.0,,,6445436000.0,193286000.0,560204000.0,0.0,0.046,1.48,1198473000.0,1758677000.0,1.503,1758677000.0,1198473000.0,979064000.0,2.07,2.06,2.07,6054404000.0,5726723250.0,6054404000.0,21055951692.0,18.0,11.973,735873000.0,1.537,1.0,755134000.0,0.645,317960000.0,219409000.0,19684517000.0,18846927250.0,0.0,999696000.0,,,7093821000.0,,,15285896692.0,34123000.0,379306000.0,616019000.0,-1197455000.0,-703024000.0,-1004138000.0,248534000.0,-109149000.0,789595000.0,132000.0,978792000.0,976141000.0,976141000.0,-236256000.0,13527000.0,0.834,585668000.0,169466000.0,371235000.0,0.715,2.525,15.66,15.449,11406328000.0,2651000.0,31.98,13.062,13.082,53840000.0,-3233283000.0,1170293000.0,1170293000.0,0.0,0.074,0.17,0.064,1.024,16703000.0,93488000.0,1.0,477983011.0,478739000,478739000.0,2.445,13395133000.0,0.0,272000.0,0.0,27.98,
9,PEAK,MRT,2019-03-31,2019-03-31,2019-03-31,2021-08-25,-3883000.0,12899501000.0,13038349750.0,,,0.088,12.217,993690000.0,146652000.0,146652000.0,375032000.0,1095227000.0,,1.114,5916707000.0,,,5916707000.0,181467000.0,538200000.0,0.0,0.047,1.48,1315318000.0,1853518000.0,1.614,1853518000.0,1315318000.0,1079813000.0,2.29,2.28,2.29,5836882000.0,5498995750.0,5836882000.0,20382317963.0,15.0,10.997,1804817000.0,3.778,1.0,773245000.0,0.673,275565000.0,235505000.0,18393991000.0,19035409000.0,0.0,981500000.0,,,6500436000.0,,,14954255963.0,28684000.0,717321000.0,212253000.0,-2230924000.0,-700050000.0,-2440777000.0,1658274000.0,-77449000.0,811127000.0,60000.0,1082331000.0,1079613000.0,1079613000.0,-236256000.0,12896000.0,0.94,505499000.0,267746000.0,352642000.0,0.646,2.562,13.851,13.668,10792931000.0,2718000.0,31.3,13.023,13.023,48555000.0,-3042422000.0,1148277000.0,1148277000.0,0.0,0.083,0.196,0.069,1.145,14755000.0,88882000.0,1.0,477771756.0,477766000,479131000.0,2.403,12623936000.0,0.0,-2518000.0,0.0,26.423,
10,PEAK,MRT,2018-12-31,2018-12-31,2018-12-31,2021-08-25,-4708000.0,12718553000.0,13330367250.0,,,0.089,12.633,1008561000.0,139846000.0,139846000.0,378657000.0,1073474000.0,,1.044,5567908000.0,,,5567908000.0,190683000.0,549499000.0,0.0,0.053,1.48,1317977000.0,1867476000.0,1.568,1867476000.0,1317977000.0,1056697000.0,2.25,2.24,2.25,5944439000.0,5341348000.0,5944439000.0,19814345117.0,15.0,10.61,1857270000.0,3.947,1.0,812663000.0,0.682,305079000.0,261280000.0,17841536000.0,19816885250.0,0.0,1316904000.0,,,6205962000.0,,,13124833117.0,57643000.0,717503000.0,214224000.0,-2354659000.0,-696913000.0,-2620536000.0,1829279000.0,76743000.0,848709000.0,191000.0,1061093000.0,1058424000.0,1058424000.0,-236256000.0,12381000.0,0.888,513437000.0,299226000.0,391583000.0,0.658,2.208,12.4,12.413,10209450000.0,2669000.0,27.93,11.017,11.032,48171000.0,-2927196000.0,1191320000.0,1191320000.0,0.0,0.079,0.198,0.067,1.106,16563000.0,96702000.0,1.0,469918837.0,470551000,475387000.0,2.532,12413474000.0,0.0,-4396000.0,0.0,26.381,
11,PEAK,MRT,2018-09-30,2018-09-30,2018-09-30,2021-08-25,-4297000.0,13083958000.0,13672844250.0,,,0.135,10.793,-553936000.0,108741000.0,108741000.0,726294000.0,181167000.0,,1.468,6798253000.0,,,6798253000.0,174509000.0,555573000.0,0.0,0.056,1.48,452729000.0,1008302000.0,0.546,1008302000.0,452729000.0,169221000.0,0.35,0.35,0.35,5071168000.0,5180489500.0,5071168000.0,19647106216.0,43.0,19.485,288127000.0,0.613,1.0,1121735000.0,0.607,305805000.0,283508000.0,19467665000.0,20725661750.0,0.0,1379266000.0,,,7443583000.0,,,12365993216.0,-52281000.0,698333000.0,11021000.0,-715002000.0,-696742000.0,-1217657000.0,323093000.0,126887000.0,842063000.0,220000.0,170843000.0,168970000.0,168970000.0,0.0,10324000.0,0.091,770351000.0,351384000.0,410804000.0,4.229,2.438,73.185,75.2,10235700000.0,1873000.0,26.32,6.691,6.692,48701000.0,-3584397000.0,1848029000.0,1848029000.0,0.0,0.012,0.033,0.022,0.245,16491000.0,96677000.0,1.0,469832569.0,469867000,470118000.0,3.933,12778153000.0,0.0,-1622000.0,0.0,27.195,
12,PEAK,MRT,2018-06-30,2018-06-30,2018-06-30,2021-08-25,-4080000.0,13451387000.0,13877875000.0,,,0.133,10.949,-717384000.0,121929000.0,121929000.0,700425000.0,72521000.0,,1.562,7403042000.0,,,7403042000.0,172369000.0,553963000.0,0.0,0.057,1.48,352991000.0,906954000.0,0.491,906954000.0,352991000.0,61641000.0,0.12,0.12,0.12,5143494000.0,5295555750.0,5143494000.0,19976720777.0,57.0,22.026,137742000.0,0.293,1.0,1145605000.0,0.621,294056000.0,291350000.0,20438444000.0,21060844250.0,0.0,1379868000.0,,,8034664000.0,,,12129097777.0,-331517000.0,304624000.0,14465000.0,-151755000.0,-696276000.0,-948034000.0,-238782000.0,123220000.0,855126000.0,173000.0,63815000.0,62236000.0,62236000.0,0.0,8706000.0,0.034,784912000.0,360693000.0,398920000.0,12.333,2.358,194.889,215.167,9962020000.0,1579000.0,25.82,6.57,6.571,43965000.0,-3509641000.0,1846030000.0,1846030000.0,0.0,0.004,0.012,0.017,0.191,17384000.0,96697000.0,1.0,469755917.0,469769000,469941000.0,3.93,13157331000.0,0.0,-2174000.0,0.0,28.008,
13,PEAK,MRT,2018-03-31,2018-03-31,2018-03-31,2021-08-25,-21307000.0,14067571000.0,14040672000.0,,,0.131,11.088,-968187000.0,117968000.0,117968000.0,679722000.0,1694000.0,,1.649,7965591000.0,,,7965591000.0,167975000.0,541422000.0,0.0,0.064,1.48,288849000.0,830271000.0,0.452,830271000.0,288849000.0,-7251000.0,-0.03,-0.03,-0.03,5206291000.0,5435194000.0,5206291000.0,18703435203.0,65.0,22.527,-118111000.0,-0.252,1.0,1155685000.0,0.63,395298000.0,296100000.0,21519896000.0,21131246000.0,0.0,1624250000.0,,,8586648000.0,,,10905172203.0,-706952000.0,-41912000.0,24026000.0,-291774000.0,-695475000.0,-1080730000.0,-476778000.0,489911000.0,850076000.0,480000.0,-6744000.0,-7962000.0,-7962000.0,0.0,8438000.0,-0.004,812376000.0,343309000.0,391942000.0,-49.333,2.095,-1369.652,-774.333,10859171000.0,1218000.0,23.23,5.942,5.943,51468000.0,-3425293000.0,1835407000.0,1835407000.0,0.0,-0.001,-0.001,0.014,0.157,16412000.0,95469000.0,1.0,469443487.0,469557000,469695000.0,3.909,13672273000.0,0.0,-507000.0,0.0,29.117,
14,PEAK,MRT,2017-12-31,2017-12-31,2017-12-31,2021-08-25,-24024000.0,14088461000.0,14237746250.0,,,0.13,11.309,264833000.0,82203000.0,82203000.0,666251000.0,422634000.0,,1.602,7880466000.0,,,7880466000.0,144709000.0,534726000.0,0.0,0.057,1.48,720552000.0,1255278000.0,0.679,1255278000.0,720552000.0,412836000.0,0.88,0.88,0.88,5301005000.0,5593958250.0,5301005000.0,19539529350.0,27.0,15.566,1111874000.0,2.372,1.0,1182127000.0,0.64,410082000.0,307716000.0,21476642000.0,21186344750.0,0.0,1828518000.0,,,8493523000.0,,,12234348350.0,-54787000.0,415908000.0,23336000.0,-1420873000.0,-694955000.0,-2148461000.0,1246257000.0,528493000.0,847041000.0,376000.0,414169000.0,413013000.0,413013000.0,0.0,8465000.0,0.223,797845000.0,384282000.0,401738000.0,1.682,2.308,29.622,29.636,10731878000.0,1156000.0,26.08,6.619,6.614,40733000.0,-3370520000.0,1848378000.0,1848378000.0,0.0,0.029,0.074,0.034,0.39,14258000.0,88772000.0,1.0,469108449.0,468759000,468935000.0,3.943,13678379000.0,0.0,-1333000.0,0.0,29.18,
15,PEAK,MRT,2017-09-30,2017-09-30,2017-09-30,2021-08-25,-24491000.0,13904081000.0,14655447250.0,,,0.133,11.795,860035000.0,161022000.0,161022000.0,663230000.0,541858000.0,,1.455,7466203000.0,,,7466203000.0,140378000.0,545309000.0,0.0,0.053,1.48,859256000.0,1404565000.0,0.722,1404565000.0,859256000.0,520274000.0,1.12,1.11,1.12,5531433000.0,5655605750.0,5531433000.0,20083124353.0,23.0,14.298,1713430000.0,3.654,1.0,1281834000.0,0.659,400867000.0,338982000.0,20808395000.0,21900175500.0,0.0,1939625000.0,,,8049850000.0,,,13051244353.0,-32485000.0,436449000.0,22107000.0,-3505943000.0,-694078000.0,-2511900000.0,1625884000.0,388384000.0,853395000.0,136000.0,531532000.0,530310000.0,530310000.0,18241000.0,10326000.0,0.273,720981000.0,560853000.0,381189000.0,1.321,2.359,24.611,24.848,10535753000.0,1222000.0,27.83,6.71,6.71,34571000.0,-3137642000.0,1945064000.0,1945064000.0,0.0,0.036,0.094,0.039,0.442,14442000.0,87887000.0,1.0,468963146.0,468975000,468975000.0,4.147,13503214000.0,0.0,-11258000.0,0.0,28.793,
16,PEAK,MRT,2017-06-30,2017-06-30,2017-06-30,2021-08-25,-27289000.0,14102575000.0,16476563250.0,,,0.123,12.167,914164000.0,453446000.0,453446000.0,695606000.0,701617000.0,,1.416,7485326000.0,,,7485326000.0,147155000.0,557595000.0,0.0,0.053,1.685,1069752000.0,1627347000.0,0.805,1627347000.0,1069752000.0,684238000.0,1.46,1.45,1.46,5702047000.0,6568525500.0,5702047000.0,22292094015.0,21.0,13.698,1892972000.0,4.039,1.0,1325992000.0,0.656,414404000.0,385514000.0,20720051000.0,24539534500.0,0.0,1934583000.0,,,8073634000.0,,,14975562015.0,276380000.0,440910000.0,26441000.0,-3306862000.0,-789599000.0,-2403684000.0,1701452000.0,406160000.0,978808000.0,-196000.0,690439000.0,689022000.0,689022000.0,-89972000.0,11178000.0,0.341,719913000.0,606079000.0,389690000.0,1.154,2.626,21.735,21.89,10651483000.0,1417000.0,31.96,7.408,7.409,36969000.0,-2956324000.0,2021598000.0,2021598000.0,0.0,0.042,0.105,0.044,0.529,20471000.0,99145000.0,1.0,468572028.0,468646000,468839000.0,4.314,13688171000.0,0.0,-6201000.0,0.0,29.208,
17,PEAK,MRT,2017-03-31,2017-03-31,2017-03-31,2021-08-25,-28658000.0,14855868000.0,18230033750.0,,,0.115,12.474,989556000.0,824920000.0,824920000.0,721523000.0,984358000.0,,1.486,8141452000.0,,,8141452000.0,141561000.0,568230000.0,0.0,0.06,1.89,1396439000.0,1964669000.0,0.935,1964669000.0,1396439000.0,967380000.0,2.07,2.05,2.07,5841348000.0,7463296250.0,5841348000.0,23697135987.0,17.0,12.062,2128199000.0,4.545,1.0,1379482000.0,0.657,432109000.0,429059000.0,21740291000.0,27115642500.0,0.0,2328228000.0,,,8682393000.0,,,14644630987.0,669639000.0,454082000.0,28411000.0,-2749463000.0,-884985000.0,-1938832000.0,1470547000.0,90623000.0,1138643000.0,-719000.0,972773000.0,971114000.0,971114000.0,-197347000.0,11585000.0,0.462,673848000.0,705634000.0,344908000.0,0.913,2.507,15.08,15.111,10633704000.0,1659000.0,31.28,6.97,6.972,31500000.0,-2802218000.0,2101005000.0,2101005000.0,0.0,0.053,0.13,0.051,0.665,21304000.0,100638000.0,1.0,468178740.0,468299000,475173000.0,4.486,14423759000.0,0.0,-5393000.0,0.0,30.8,
18,PEAK,MRT,2016-12-31,2016-12-31,2016-12-31,2021-08-25,-29642000.0,15759265000.0,19816048500.0,,,0.107,11.874,-332172000.0,136990000.0,136990000.0,738399000.0,639926000.0,,1.77,9189495000.0,,,9189495000.0,149181000.0,572998000.0,0.0,0.07,2.095,1096623000.0,1669621000.0,0.784,1669621000.0,1096623000.0,632220000.0,1.34,1.34,1.34,5547595000.0,8310646000.0,5547595000.0,24624020054.0,22.0,14.748,881959000.0,1.888,1.0,1390895000.0,0.653,479805000.0,464403000.0,24331965000.0,29532968750.0,0.0,2132034000.0,,,9817957000.0,,,13908103054.0,-270126000.0,-10186000.0,58965000.0,-1803213000.0,-979542000.0,-1054265000.0,-428973000.0,-41703000.0,1214131000.0,-1019000.0,627747000.0,626549000.0,626549000.0,-265755000.0,12179000.0,0.294,681540000.0,709355000.0,417360000.0,1.563,2.507,22.198,22.179,11325830000.0,1198000.0,29.72,6.532,6.521,45116000.0,-3089734000.0,2129294000.0,2129294000.0,0.0,0.032,0.075,0.037,0.515,22884000.0,103611000.0,1.0,467971166.0,467195000,467403000.0,4.558,15279460000.0,0.0,4473000.0,0.0,32.705,
19,PEAK,MRT,2016-09-30,2016-09-30,2016-09-30,2021-08-25,-30164000.0,21188545000.0,21238694500.0,,,0.078,19.638,-665007000.0,204618000.0,204618000.0,711542000.0,-15991000.0,,1.265,10920535000.0,,,10920535000.0,136406000.0,566738000.0,0.0,0.06,2.29,451414000.0,1018152000.0,0.615,1018152000.0,451414000.0,-31868000.0,-0.07,-0.08,-0.07,9183112000.0,9259658000.0,9183112000.0,28203386852.0,62.0,27.701,688110000.0,1.471,1.0,943392000.0,0.57,538631000.0,483282000.0,31365831000.0,31336393250.0,0.0,7135492000.0,,,11613111000.0,,,17744791852.0,24033000.0,-36863000.0,86759000.0,-149648000.0,-1069303000.0,-1039121000.0,-288939000.0,375220000.0,1353117000.0,-1024000.0,-29782000.0,-31104000.0,-31104000.0,415090000.0,13791000.0,-0.019,186729000.0,756663000.0,487033000.0,-32.714,1.932,-570.499,-542.143,12101452000.0,1322000.0,37.95,10.722,10.723,41371000.0,-2975096000.0,1654934000.0,1654934000.0,0.0,-0.001,-0.003,0.014,0.273,24366000.0,104824000.0,1.0,467583448.0,467628000,467835000.0,3.539,20649914000.0,0.0,-2086000.0,0.0,44.159,
20,PEAK,MRT,2016-06-30,2016-06-30,2016-06-30,2021-08-25,-30738000.0,21116457000.0,21489801500.0,,,0.083,19.87,-528107000.0,296854000.0,296854000.0,697343000.0,-52076000.0,,1.233,10755449000.0,,,10755449000.0,136038000.0,558568000.0,0.0,0.064,2.28,418267000.0,976835000.0,0.548,976835000.0,418267000.0,-69312000.0,-0.14,-0.15,-0.14,9281130000.0,9505818000.0,9281130000.0,27320557899.0,65.0,27.968,766964000.0,1.642,1.0,1084533000.0,0.609,550569000.0,487579000.0,31024483000.0,31642927750.0,0.0,7169581000.0,,,11440069000.0,,,16525558899.0,12320000.0,-48580000.0,154355000.0,-297869000.0,-1061801000.0,-1111703000.0,-168915000.0,358817000.0,1295071000.0,-2133000.0,-65670000.0,-66982000.0,-66982000.0,523303000.0,13594000.0,-0.038,234191000.0,850342000.0,482133000.0,-16.286,1.781,-246.716,-252.714,11925769000.0,1312000.0,35.38,9.274,9.274,51800000.0,-2857164000.0,1781876000.0,1781876000.0,0.0,-0.003,-0.007,0.013,0.235,19908000.0,90577000.0,1.0,467087589.0,467084000,471425000.0,3.815,20565888000.0,0.0,-3642000.0,0.0,44.03,
21,PEAK,MRT,2016-03-31,2016-03-31,2016-03-31,2021-08-25,-31673000.0,21199927000.0,21797719000.0,,,0.085,19.805,-1742428000.0,140945000.0,140945000.0,654605000.0,-189170000.0,,1.253,10935944000.0,,,10935944000.0,129656000.0,537585000.0,0.0,0.07,2.27,276350000.0,813935000.0,0.44,813935000.0,276350000.0,-208528000.0,-0.43,-0.43,-0.43,9230747000.0,9743732250.0,9230747000.0,25828910991.0,93.0,31.733,-481734000.0,-1.034,1.0,1196468000.0,0.646,585330000.0,484878000.0,31409596000.0,32090334000.0,0.0,7234771000.0,,,11569602000.0,,,15167023991.0,-30865000.0,-52793000.0,171898000.0,998128000.0,-1054138000.0,207963000.0,-1497836000.0,249443000.0,1260694000.0,-1686000.0,-202502000.0,-203842000.0,-203842000.0,630678000.0,13332000.0,-0.11,283160000.0,913308000.0,433144000.0,-5.279,1.643,-74.406,-75.767,12065135000.0,1340000.0,32.58,8.194,8.203,45224000.0,-2890046000.0,1851073000.0,1851073000.0,0.0,-0.009,-0.021,0.009,0.149,25307000.0,96643000.0,1.0,465531737.0,466074000,466262000.0,3.972,20614597000.0,0.0,-6026000.0,0.0,44.23,
22,PEAK,MRT,2015-12-31,2015-12-31,2015-12-31,2021-08-25,-30470000.0,21449849000.0,21753847750.0,,,0.089,20.19,-1673815000.0,386532000.0,386532000.0,610679000.0,-546418000.0,,1.253,11069003000.0,,,11069003000.0,122330000.0,510785000.0,0.0,0.059,2.26,-89446000.0,421339000.0,0.217,421339000.0,-89446000.0,-569042000.0,-1.21,-1.21,-1.21,9343643000.0,10009363000.0,9343643000.0,28741888372.0,-321.0,68.216,-451670000.0,-0.976,1.0,1329810000.0,0.685,586657000.0,479596000.0,31545663000.0,31830061750.0,0.0,2124680000.0,,,11703532000.0,,,17783215372.0,174330000.0,-69936000.0,197733000.0,1378413000.0,-1046638000.0,614087000.0,-1660365000.0,52397000.0,1222145000.0,-1537000.0,-559235000.0,-560552000.0,-560552000.0,699086000.0,12817000.0,-0.289,736528000.0,593282000.0,430786000.0,-1.868,1.903,-31.724,-31.603,11854242000.0,1317000.0,38.24,9.164,9.12,48929000.0,-2738414000.0,1940489000.0,1940489000.0,0.0,-0.026,-0.056,-0.003,-0.046,26127000.0,95965000.0,1.0,465042243.0,462795000,462795000.0,4.193,20863192000.0,0.0,-9807000.0,0.0,45.081,
23,PEAK,MRT,2015-09-30,2015-09-30,2015-09-30,2021-08-25,-32450000.0,22192973000.0,21724244500.0,,,0.085,21.945,-1478825000.0,186207000.0,186207000.0,569009000.0,247829000.0,,1.154,11144880000.0,,,11144880000.0,112565000.0,486128000.0,0.0,0.06,2.24,698806000.0,1184934000.0,0.641,1184934000.0,698806000.0,226250000.0,0.52,0.51,0.52,10167752000.0,10357276500.0,10167752000.0,28274570670.0,40.0,23.862,-245566000.0,-0.53,1.0,1280895000.0,0.692,559677000.0,472556000.0,32591969000.0,31528372500.0,0.0,8264413000.0,,,11732516000.0,,,17231351670.0,36967000.0,-43242000.0,183920000.0,1926732000.0,-1034302000.0,1043502000.0,-2240239000.0,-736510000.0,1233259000.0,445000.0,236216000.0,234757000.0,234757000.0,-635530000.0,11613000.0,0.127,716605000.0,564290000.0,401838000.0,4.308,1.695,73.401,71.635,12249349000.0,1459000.0,37.25,9.315,9.33,49994000.0,-1876486000.0,1849904000.0,1849904000.0,0.0,0.011,0.023,0.022,0.378,26486000.0,93883000.0,1.0,462586622.0,463337000,463586000.0,3.993,21633296000.0,0.0,-9966000.0,0.0,46.69,
24,PEAK,MRT,2015-06-30,2015-06-30,2015-06-30,2021-08-25,-32115000.0,22348127000.0,21362223750.0,,,0.084,22.155,-1689948000.0,170139000.0,170139000.0,495093000.0,380934000.0,,1.155,11213358000.0,,,11213358000.0,96586000.0,474399000.0,0.0,0.061,2.22,822251000.0,1296650000.0,0.725,1296650000.0,822251000.0,360577000.0,0.81,0.8,0.81,10232787000.0,10508619750.0,10232787000.0,26639647239.0,32.0,20.545,-455046000.0,-0.985,1.0,1293950000.0,0.723,577238000.0,461674000.0,32814108000.0,30715960750.0,0.0,8367435000.0,,,11821130000.0,,,16837333239.0,61700000.0,-404633000.0,124002000.0,2530487000.0,-1023093000.0,1596837000.0,-2771749000.0,-662578000.0,1234902000.0,1710000.0,368508000.0,366919000.0,366919000.0,-635530000.0,12426000.0,0.205,638121000.0,655829000.0,433636000.0,2.741,1.645,45.888,45.025,12227284000.0,1589000.0,36.47,9.411,9.415,45824000.0,-1730168000.0,1789043000.0,1789043000.0,0.0,0.017,0.035,0.027,0.46,26603000.0,92828000.0,1.0,461676261.0,461874000,462106000.0,3.873,21770889000.0,0.0,-7931000.0,0.0,47.136,
25,PEAK,MRT,2015-03-31,2015-03-31,2015-03-31,2021-08-25,-28461000.0,21024442000.0,20811234250.0,,,0.083,22.334,-778770000.0,184449000.0,184449000.0,437618000.0,435465000.0,,1.017,9986763000.0,,,9986763000.0,87420000.0,467129000.0,0.0,0.051,2.2,870363000.0,1337492000.0,0.779,1337492000.0,870363000.0,420479000.0,0.93,0.92,0.93,10293270000.0,10640455750.0,10293270000.0,29436566946.0,34.0,22.009,452738000.0,0.982,1.0,1280014000.0,0.745,458249000.0,449884000.0,30368507000.0,29575424250.0,0.0,8495669000.0,,,10468796000.0,,,19909579946.0,87432000.0,-400400000.0,115558000.0,1574854000.0,-1012047000.0,647969000.0,-1793614000.0,-600368000.0,1231508000.0,1569000.0,422508000.0,420800000.0,420800000.0,-635530000.0,12957000.0,0.245,567826000.0,712188000.0,314226000.0,2.366,1.934,47.314,46.462,10837025000.0,1708000.0,43.21,11.591,11.594,40153000.0,-1633841000.0,1717632000.0,1717632000.0,0.0,0.02,0.04,0.029,0.507,23160000.0,85639000.0,1.0,460763248.0,460880000,460880000.0,3.727,20566193000.0,0.0,-2029000.0,0.0,44.624,
26,PEAK,MRT,2014-12-31,2014-12-31,2014-12-31,2021-08-25,-23895000.0,21331436000.0,20519793250.0,,,0.08,23.418,-649160000.0,232786000.0,232786000.0,381294000.0,936591000.0,,0.963,9721269000.0,,,9721269000.0,95411000.0,459995000.0,0.0,0.05,2.18,1361469000.0,1821464000.0,1.113,1821464000.0,1361469000.0,921727000.0,2.01,2.0,2.01,10735297000.0,10757576500.0,10735297000.0,29298029289.0,22.0,16.085,599461000.0,1.308,1.0,1255539000.0,0.767,481013000.0,439742000.0,30338906000.0,28922530750.0,0.0,8792743000.0,,,10334337000.0,,,20221371289.0,-116746000.0,-373121000.0,83889000.0,1095851000.0,-1001559000.0,144797000.0,-1511879000.0,-480508000.0,1248621000.0,1715000.0,922233000.0,919796000.0,919796000.0,-665276000.0,14358000.0,0.562,553923000.0,701616000.0,432934000.0,1.085,1.884,21.985,21.905,10886887000.0,2437000.0,44.03,12.354,12.331,36339000.0,-1132541000.0,1636833000.0,1636833000.0,0.0,0.045,0.086,0.047,0.832,21885000.0,81765000.0,1.0,459263486.0,458425000,458796000.0,3.571,20850423000.0,0.0,-506000.0,0.0,45.483,
27,PEAK,MRT,2014-09-30,2014-09-30,2014-09-30,2021-08-25,-17464000.0,20744890000.0,20205901750.0,,,0.109,23.481,-566651000.0,137979000.0,137979000.0,330465000.0,1034600000.0,,0.901,9214637000.0,,,9214637000.0,76380000.0,450894000.0,0.0,0.054,2.16,1458204000.0,1909098000.0,0.871,1909098000.0,1458204000.0,1023847000.0,2.22,2.22,2.22,10773125000.0,10754577250.0,10773125000.0,26805410361.0,18.0,14.041,621678000.0,1.355,1.0,1862583000.0,0.849,479226000.0,434357000.0,29342322000.0,28315271750.0,0.0,8311846000.0,,,9708716000.0,,,18219780361.0,34117000.0,-373121000.0,83038000.0,670341000.0,-990651000.0,-274602000.0,-879919000.0,51183000.0,1188329000.0,309000.0,1018745000.0,1016342000.0,1016342000.0,-89235000.0,15855000.0,0.463,544236000.0,1318347000.0,329209000.0,0.973,1.691,17.927,17.887,10840024000.0,2403000.0,39.71,8.308,8.308,34687000.0,-1078400000.0,2193048000.0,2193048000.0,0.0,0.05,0.095,0.051,0.665,22614000.0,75033000.0,1.0,458820961.0,458799000,459141000.0,4.78,20265664000.0,0.0,5102000.0,0.0,44.171,
28,PEAK,MRT,2014-06-30,2014-06-30,2014-06-30,2021-08-25,-11669000.0,20144169000.0,19992056500.0,,,0.107,23.481,-367563000.0,88399000.0,88399000.0,306283000.0,1020399000.0,,0.852,8674029000.0,,,8674029000.0,67756000.0,434211000.0,0.0,0.052,2.14,1442098000.0,1876309000.0,0.876,1876309000.0,1442098000.0,1010928000.0,2.19,2.19,2.19,10760131000.0,10721350500.0,10760131000.0,27330526005.0,19.0,14.566,817527000.0,1.784,1.0,1836284000.0,0.857,477837000.0,431170000.0,28251962000.0,27940868500.0,0.0,7790325000.0,,,9171575000.0,,,18960213005.0,956000.0,0.0,97537000.0,-116833000.0,-979596000.0,-1024125000.0,-160911000.0,181717000.0,1185090000.0,902000.0,1004847000.0,1002416000.0,1002416000.0,-99060000.0,15552000.0,0.468,546416000.0,1289868000.0,339364000.0,0.977,1.762,18.915,18.895,10814881000.0,2431000.0,41.38,8.849,8.85,32719000.0,-1075583000.0,2142567000.0,2142567000.0,0.0,0.05,0.093,0.052,0.673,39348000.0,100880000.0,1.0,458197511.0,458247000,458588000.0,4.676,19666332000.0,0.0,6081000.0,0.0,42.916,
29,PEAK,MRT,2014-03-31,2014-03-31,2014-03-31,2021-08-25,-14570000.0,19858678000.0,19968962500.0,,,0.106,23.534,-105482000.0,80034000.0,80034000.0,301303000.0,1014845000.0,,0.826,8450347000.0,,,8450347000.0,67801000.0,431845000.0,0.0,0.055,2.12,1438489000.0,1870334000.0,0.883,1870334000.0,1438489000.0,1005709000.0,2.18,2.18,2.18,10761753000.0,10680457250.0,10761753000.0,26057454663.0,18.0,13.932,1076336000.0,2.354,1.0,1817382000.0,0.858,472058000.0,432780000.0,27756933000.0,27928289250.0,0.0,7755502000.0,,,8889105000.0,,,17733612663.0,2191000.0,0.0,106489000.0,-109925000.0,-968416000.0,-994750000.0,-185839000.0,-102042000.0,1181818000.0,962000.0,999363000.0,997043000.0,997043000.0,-101888000.0,15482000.0,0.471,537493000.0,1279889000.0,276342000.0,0.972,1.648,17.786,17.794,10593355000.0,2320000.0,38.79,8.37,8.372,28539000.0,-1044302000.0,2118685000.0,2118685000.0,0.0,0.05,0.093,0.052,0.679,39440000.0,103286000.0,1.0,457169700.0,457294000,457674000.0,4.633,19386620000.0,0.0,6346000.0,0.0,42.394,
30,PEAK,MRT,2013-12-31,2013-12-31,2013-12-31,2021-08-25,-14487000.0,20075870000.0,19937475750.0,,,0.105,23.568,-163736000.0,337785000.0,337785000.0,298282000.0,985006000.0,,0.853,8661627000.0,,,8661627000.0,65872000.0,429174000.0,0.0,0.058,2.1,1411904000.0,1841078000.0,0.877,1841078000.0,1411904000.0,976652000.0,2.13,2.13,2.13,10723300000.0,10635335500.0,10723300000.0,25034735134.0,18.0,13.598,985251000.0,2.165,1.0,1801596000.0,0.858,489842000.0,435252000.0,27909870000.0,27902907750.0,0.0,7715976000.0,,,9144736000.0,,,16571781134.0,52883000.0,0.0,114082000.0,-45321000.0,-956685000.0,-900416000.0,-196648000.0,-47633000.0,1148987000.0,960000.0,970837000.0,969103000.0,969103000.0,-74373000.0,14169000.0,0.462,532545000.0,1269051000.0,318427000.0,0.986,1.545,17.1,17.052,10627249000.0,1734000.0,36.32,7.892,7.87,27494000.0,-1053215000.0,2099878000.0,2099878000.0,0.0,0.049,0.091,0.051,0.672,39980000.0,103042000.0,1.0,456271507.0,455002000,455702000.0,4.615,19586028000.0,0.0,5815000.0,0.0,43.046,
31,PEAK,MRT,2013-09-30,2013-09-30,2013-09-30,2021-08-25,-15879000.0,19889509000.0,19897397000.0,,,0.104,23.367,-1827882000.0,97638000.0,97638000.0,292672000.0,933627000.0,,0.85,8560592000.0,,,8560592000.0,71655000.0,421949000.0,0.0,0.051,2.075,1354238000.0,1776187000.0,0.855,1776187000.0,1354238000.0,921815000.0,2.03,2.03,2.03,10640218000.0,10592319750.0,10640218000.0,27305106764.0,20.0,15.373,-670285000.0,-1.472,1.0,1785881000.0,0.859,507754000.0,432423000.0,27844709000.0,27868901750.0,0.0,7590159000.0,,,9039272000.0,,,18636272764.0,-47062000.0,0.0,1080878000.0,608879000.0,-943947000.0,732095000.0,-1937408000.0,-106788000.0,1157597000.0,654000.0,918770000.0,916349000.0,916349000.0,-41061000.0,14857000.0,0.441,531553000.0,1254328000.0,303966000.0,1.022,1.751,20.338,20.172,10699853000.0,2421000.0,40.95,8.966,8.971,27343000.0,-1106494000.0,2078553000.0,2078553000.0,0.0,0.046,0.087,0.049,0.652,40163000.0,104159000.0,1.0,455098236.0,455345000,456078000.0,4.565,19381755000.0,0.0,3045000.0,0.0,42.565,
32,PEAK,MRT,2013-06-30,2013-06-30,2013-06-30,2021-08-25,-12360000.0,20051793000.0,19444853750.0,,,0.103,23.309,-1993744000.0,98067000.0,98067000.0,289908000.0,895812000.0,,0.873,8766901000.0,,,8766901000.0,64142000.0,405796000.0,0.0,0.045,2.05,1310221000.0,1716017000.0,0.858,1716017000.0,1310221000.0,882531000.0,1.98,1.97,1.98,10596558000.0,10311765000.0,10596558000.0,29112220065.0,22.0,16.965,-870823000.0,-1.916,1.0,1710554000.0,0.855,518982000.0,427690000.0,28201645000.0,27273001750.0,0.0,7722798000.0,,,9253534000.0,,,20651852065.0,-116522000.0,0.0,1071509000.0,1061416000.0,-919907000.0,1182039000.0,-2421545000.0,-427920000.0,1122921000.0,63000.0,881122000.0,878696000.0,878696000.0,-37916000.0,14690000.0,0.439,495907000.0,1214647000.0,313627000.0,1.035,1.949,23.503,22.949,10861424000.0,2426000.0,45.44,10.324,10.327,33270000.0,-1100834000.0,2000462000.0,2000462000.0,0.0,0.045,0.085,0.048,0.655,23508000.0,78248000.0,1.0,454486181.0,454618000,455431000.0,4.4,19532811000.0,0.0,1409000.0,0.0,42.965,
33,PEAK,MRT,2013-03-31,2013-03-31,2013-03-31,2021-08-25,-16604000.0,19732731000.0,18879347500.0,,,0.103,23.325,-1981310000.0,85222000.0,85222000.0,286097000.0,884062000.0,,0.846,8545590000.0,,,8545590000.0,64866000.0,382953000.0,0.0,0.041,2.025,1291313000.0,1674266000.0,0.859,1674266000.0,1291313000.0,869721000.0,1.99,1.98,1.99,10581266000.0,10039433000.0,10581266000.0,31013783718.0,24.0,18.524,-918558000.0,-2.025,1.0,1662541000.0,0.853,537692000.0,421592000.0,27655407000.0,26440510000.0,0.0,7423101000.0,,,8950672000.0,,,22605484718.0,-299878000.0,0.0,1427470000.0,771146000.0,-892706000.0,977736000.0,-2340366000.0,-367606000.0,1062752000.0,0.0,869745000.0,867140000.0,867140000.0,-35163000.0,14317000.0,0.445,462309000.0,1200232000.0,238583000.0,1.018,2.136,26.069,25.055,10877680000.0,2605000.0,49.86,11.601,11.608,32183000.0,-1075249000.0,1948638000.0,1948638000.0,0.0,0.046,0.086,0.049,0.663,23334000.0,68987000.0,1.0,453379156.0,453651000,454613000.0,4.295,19195039000.0,0.0,-24000.0,0.0,42.312,
34,PEAK,MRT,2012-12-31,2012-12-31,2012-12-31,2021-08-25,-14653000.0,19915555000.0,18377494500.0,,,0.102,24.707,-1931981000.0,285521000.0,285521000.0,280716000.0,846842000.0,,0.868,8695549000.0,,,8695549000.0,68055000.0,366512000.0,0.0,0.044,2.0,1247058000.0,1613570000.0,0.858,1613570000.0,1247058000.0,830886000.0,1.9,1.9,1.9,10551237000.0,9675314250.0,10551237000.0,28179394786.0,23.0,17.464,-897111000.0,-2.101,1.0,1599254000.0,0.851,551737000.0,416172000.0,27773846000.0,25696713750.0,0.0,7369636000.0,,,9161778000.0,,,20415300786.0,214167000.0,0.0,1792786000.0,905224000.0,-865306000.0,1493449000.0,-2314152000.0,-388791000.0,1034870000.0,0.0,832540000.0,812289000.0,812289000.0,-45652000.0,14302000.0,0.432,440977000.0,1158277000.0,293994000.0,1.053,1.935,25.133,23.768,10829332000.0,20251000.0,45.16,10.859,10.258,34150000.0,-1067367000.0,1879970000.0,1879970000.0,0.0,0.044,0.084,0.049,0.663,23277000.0,68414000.0,1.0,452066005.0,427047000,428316000.0,4.402,19363818000.0,0.0,-1654000.0,0.0,45.344,
35,PEAK,MRT,2012-09-30,2012-09-30,2012-09-30,2021-08-25,-16646000.0,18079336000.0,17750724500.0,,,0.103,22.158,-324782000.0,139904000.0,139904000.0,277660000.0,671369000.0,,0.877,7903998000.0,,,7903998000.0,65802000.0,353706000.0,0.0,0.045,1.98,1068449000.0,1422155000.0,0.78,1422155000.0,1068449000.0,659228000.0,1.51,1.51,1.51,9517999000.0,9295875500.0,9517999000.0,26534791285.0,25.0,18.658,533411000.0,1.242,1.0,1546309000.0,0.848,382321000.0,409221000.0,25461109000.0,24925754750.0,0.0,7301270000.0,,,8351483000.0,,,19105211285.0,51616000.0,0.0,829342000.0,212954000.0,-839869000.0,-126417000.0,-680160000.0,-362324000.0,858193000.0,0.0,659356000.0,634349000.0,634349000.0,-23694000.0,12013000.0,0.348,544407000.0,1001902000.0,270843000.0,1.311,2.007,30.118,29.457,9361410000.0,25007000.0,44.48,10.475,10.475,31763000.0,-1081317000.0,1823969000.0,1823969000.0,0.0,0.036,0.068,0.043,0.586,21695000.0,73893000.0,1.0,429523635.0,429557000,430778000.0,4.246,17697015000.0,0.0,-128000.0,0.0,41.198,
36,PEAK,MRT,2012-06-30,2012-06-30,2012-06-30,2021-08-25,-19703000.0,17789768000.0,17590734750.0,,,0.102,22.611,-145867000.0,212418000.0,212418000.0,262669000.0,647797000.0,,0.852,7641998000.0,,,7641998000.0,68548000.0,352123000.0,0.0,0.044,1.96,1045247000.0,1397370000.0,0.778,1397370000.0,1045247000.0,635922000.0,1.46,1.47,1.46,9507230000.0,9198320000.0,9507230000.0,25836121024.0,25.0,18.489,629030000.0,1.496,1.0,1534463000.0,0.854,347670000.0,409325000.0,24871678000.0,24714630000.0,0.0,7150327000.0,,,8098829000.0,,,18521078024.0,-106569000.0,-224932000.0,829375000.0,52113000.0,-825626000.0,-252091000.0,-629375000.0,-262343000.0,774897000.0,0.0,635443000.0,605087000.0,605087000.0,-17823000.0,12354000.0,0.337,551663000.0,982800000.0,273344000.0,1.342,1.948,30.609,30.24,9318387000.0,30356000.0,44.15,10.306,10.33,25974000.0,-1062049000.0,1797132000.0,1797132000.0,0.0,0.034,0.066,0.042,0.582,21236000.0,74125000.0,1.0,419503466.0,420468000,421671000.0,4.274,17442098000.0,0.0,479000.0,0.0,41.483,
37,PEAK,MRT,2012-03-31,2012-03-31,2012-03-31,2021-08-25,-17666000.0,17725319000.0,17566557250.0,,,0.104,22.255,-181192000.0,392883000.0,392883000.0,239208000.0,677074000.0,,0.922,7707926000.0,,,7707926000.0,68527000.0,354251000.0,0.0,0.049,1.94,1074834000.0,1429085000.0,0.783,1429085000.0,1074834000.0,662734000.0,1.53,1.54,1.53,9124791000.0,9107894500.0,9124791000.0,23801633519.0,22.0,16.655,579610000.0,1.414,1.0,1585634000.0,0.869,360140000.0,412100000.0,24680222000.0,24634054000.0,0.0,7102368000.0,,,8415357000.0,,,16154073519.0,-3641197000.0,-4121046000.0,477333000.0,-968000.0,-814547000.0,-365872000.0,-4036127000.0,265025000.0,760802000.0,0.0,662178000.0,626613000.0,626613000.0,-18085000.0,14896000.0,0.343,576675000.0,1008959000.0,519492000.0,1.268,1.77,25.78,25.791,9335357000.0,35565000.0,39.46,8.852,8.866,24381000.0,-1053684000.0,1824842000.0,1824842000.0,0.0,0.036,0.069,0.044,0.589,20305000.0,94196000.0,1.0,409378447.0,410018000,411661000.0,4.451,17365179000.0,0.0,556000.0,0.0,42.352,
38,PEAK,MRT,2011-12-31,2011-12-31,2011-12-31,2021-08-25,-19582000.0,17408475000.0,17510140500.0,,,0.097,22.672,-232105000.0,75059000.0,75059000.0,218701000.0,554494000.0,,0.906,7728984000.0,,,7728984000.0,65614000.0,357395000.0,0.0,0.046,1.92,955647000.0,1313042000.0,0.775,1313042000.0,955647000.0,540192000.0,1.29,1.29,1.29,9033482000.0,9096080000.0,9033482000.0,24461415049.0,26.0,18.63,492056000.0,1.235,1.0,1475717000.0,0.871,372390000.0,415455000.0,24690010000.0,23658138250.0,0.0,7062082000.0,,,8187853000.0,,,16894664049.0,-1003195000.0,-4257106000.0,1327813000.0,2391952000.0,-787689000.0,2853128000.0,-4580484000.0,-88447000.0,724161000.0,0.0,538891000.0,515302000.0,515302000.0,-18364000.0,15603000.0,0.304,582514000.0,893203000.0,275478000.0,1.488,1.87,32.786,32.116,9280510000.0,23589000.0,41.43,9.971,9.742,26681000.0,-1024274000.0,1694418000.0,1694418000.0,0.0,0.029,0.057,0.04,0.564,20034000.0,96059000.0,1.0,407788174.0,398446000,400218000.0,4.253,17036085000.0,0.0,1301000.0,0.0,42.756,
39,PEAK,MRT,2011-09-30,2011-09-30,2011-09-30,2021-08-25,-28483000.0,17439377000.0,16491002500.0,,,0.096,22.423,-69372000.0,92711000.0,92711000.0,209351000.0,629233000.0,,0.89,7659462000.0,,,7659462000.0,69729000.0,348085000.0,0.0,0.054,1.905,994234000.0,1342319000.0,0.846,1342319000.0,994234000.0,611857000.0,1.57,1.56,1.57,9127777000.0,8827051250.0,9127777000.0,21532457593.0,22.0,16.041,667319000.0,1.639,1.0,1377591000.0,0.868,389518000.0,382377000.0,24616610000.0,21632854000.0,0.0,7017264000.0,,,8122325000.0,,,14275703593.0,-7775000.0,-4469231000.0,3210939000.0,1532323000.0,-742405000.0,3910520000.0,-4654986000.0,-106587000.0,736691000.0,0.0,612964000.0,589437000.0,589437000.0,-23829000.0,16269000.0,0.371,450505000.0,927086000.0,260346000.0,1.213,1.564,24.219,22.331,9446910000.0,23527000.0,35.06,8.996,8.994,24786000.0,-890477000.0,1586942000.0,1586942000.0,0.0,0.036,0.067,0.046,0.627,18904000.0,94451000.0,1.0,407179224.0,407081000,408646000.0,3.898,17049859000.0,0.0,-1107000.0,0.0,41.883,
40,PEAK,MRT,2011-06-30,2011-06-30,2011-06-30,2021-08-25,-13833000.0,17693058000.0,15192483000.0,,,0.096,22.515,-153739000.0,320375000.0,320375000.0,212115000.0,479935000.0,,0.915,7577129000.0,,,7577129000.0,66995000.0,338036000.0,0.0,0.052,1.89,813695000.0,1151731000.0,0.787,1151731000.0,813695000.0,463179000.0,1.21,1.2,1.21,9145528000.0,8061327250.0,9145528000.0,18563751649.0,23.0,16.118,583477000.0,1.436,1.0,1250647000.0,0.855,400438000.0,350516000.0,24549374000.0,19791773250.0,0.0,6985457000.0,,,8371790000.0,,,14897128649.0,179945000.0,-4250480000.0,3267886000.0,1503518000.0,-690897000.0,3976977000.0,-4534248000.0,-129876000.0,737216000.0,0.0,463424000.0,440065000.0,440065000.0,-27765000.0,16511000.0,0.301,426689000.0,823958000.0,589818000.0,1.562,1.629,33.852,30.322,9482665000.0,23359000.0,36.69,10.184,10.188,24273000.0,-861539000.0,1462762000.0,1462762000.0,0.0,0.029,0.055,0.041,0.556,17441000.0,94394000.0,1.0,406026946.0,406193000,411710000.0,3.601,17292620000.0,0.0,-245000.0,0.0,42.572,
41,PEAK,MRT,2011-03-31,2011-03-31,2011-03-31,2021-08-25,-14008000.0,17499652000.0,13830379250.0,,,0.092,24.394,-197773000.0,4030679000.0,4030679000.0,210916000.0,334278000.0,,0.907,7697302000.0,,,7697302000.0,70414000.0,325896000.0,0.0,0.049,1.875,637976000.0,963872000.0,0.755,963872000.0,637976000.0,319844000.0,0.93,0.92,0.93,9077533000.0,7302996000.0,9077533000.0,17649490194.0,28.0,18.311,423093000.0,1.137,1.0,1065598000.0,0.835,389716000.0,318132000.0,20776559000.0,17935099000.0,0.0,3121986000.0,,,8232204000.0,,,14076165194.0,3944018000.0,-354479000.0,3676495000.0,1335187000.0,-632352000.0,4290874000.0,-967722000.0,-415564000.0,620866000.0,0.0,319766000.0,296537000.0,296537000.0,-28436000.0,14512000.0,0.232,400228000.0,665370000.0,321558000.0,2.016,1.551,47.468,40.796,9473327000.0,23229000.0,37.94,11.027,11.06,30272000.0,-889592000.0,1276514000.0,1276514000.0,0.0,0.021,0.041,0.036,0.5,16520000.0,80047000.0,1.0,371011207.0,372116000,373960000.0,3.43,17109936000.0,0.0,78000.0,0.0,45.98,
42,PEAK,MRT,2010-12-31,2010-12-31,2010-12-31,2021-08-25,-13237000.0,13331923000.0,12490358750.0,,,0.099,26.041,-158488000.0,1073020000.0,1073020000.0,210158000.0,344395000.0,,0.652,4646345000.0,,,4646345000.0,77653000.0,313447000.0,0.0,0.051,1.86,616629000.0,930076000.0,0.75,930076000.0,616629000.0,331121000.0,1.01,1.0,1.01,7957367000.0,6464751250.0,7957367000.0,16757341391.0,27.0,18.017,422010000.0,1.381,1.0,1030048000.0,0.831,316375000.0,285508000.0,16588873000.0,17076712000.0,0.0,2808374000.0,,,5185876000.0,,,11424494391.0,924442000.0,-218570000.0,2426900000.0,-1042518000.0,-590735000.0,774873000.0,-430929000.0,-54917000.0,580498000.0,0.0,330709000.0,307498000.0,307498000.0,-29049000.0,13686000.0,0.248,389953000.0,640095000.0,313806000.0,1.842,1.436,37.153,36.426,8660173000.0,23211000.0,36.79,9.212,9.065,34504000.0,-775476000.0,1240206000.0,1240206000.0,0.0,0.025,0.048,0.036,0.497,14924000.0,83019000.0,1.0,310532601.0,305574000,306900000.0,4.059,13015548000.0,0.0,412000.0,0.0,42.594,
43,PEAK,MRT,2010-09-30,2010-09-30,2010-09-30,2021-08-25,-7426000.0,12245299000.0,12209811750.0,,,0.099,19.599,-316191000.0,86858000.0,86858000.0,195458000.0,234353000.0,,0.988,5419705000.0,,,5419705000.0,79482000.0,312931000.0,0.0,0.052,1.855,516262000.0,829193000.0,0.688,829193000.0,516262000.0,223151000.0,0.67,0.66,0.67,6064881000.0,5920543750.0,6064881000.0,16390603164.0,32.0,19.767,240451000.0,0.777,1.0,1010303000.0,0.838,325859000.0,293111000.0,17252287000.0,17262224000.0,0.0,2657610000.0,,,5991515000.0,,,11156182164.0,-91731000.0,-14372000.0,525621000.0,-271656000.0,-574652000.0,-328656000.0,-319717000.0,9518000.0,556642000.0,0.0,220826000.0,197693000.0,197693000.0,-9361000.0,13527000.0,0.164,379105000.0,631198000.0,338806000.0,2.769,1.839,56.432,53.701,8629169000.0,23133000.0,35.98,9.252,9.234,38414000.0,-761036000.0,1205761000.0,1205761000.0,0.0,0.016,0.033,0.03,0.428,14626000.0,81419000.0,1.0,310066208.0,309448000,311092000.0,3.896,11919440000.0,0.0,2325000.0,0.0,38.518,
44,PEAK,MRT,2010-06-30,2010-06-30,2010-06-30,2021-08-25,-4552000.0,12244643000.0,12233039500.0,,,0.096,20.728,-232815000.0,136077000.0,136077000.0,181191000.0,164960000.0,,0.974,5370498000.0,,,5370498000.0,81898000.0,316781000.0,0.0,0.057,1.85,448170000.0,764951000.0,0.651,764951000.0,448170000.0,152618000.0,0.44,0.43,0.44,6112203000.0,5871774500.0,6112203000.0,15056668480.0,34.0,19.683,308819000.0,1.047,1.0,994589000.0,0.846,356387000.0,295552000.0,17122677000.0,17307891750.0,0.0,2577427000.0,,,5951323000.0,,,9480226480.0,46776000.0,-8239000.0,872048000.0,-568798000.0,-557127000.0,-261318000.0,-233540000.0,10816000.0,541634000.0,0.0,151485000.0,128301000.0,128301000.0,-8019000.0,13475000.0,0.109,487208000.0,507381000.0,312775000.0,4.205,1.551,73.891,73.295,8622413000.0,23184000.0,32.25,8.063,8.088,37050000.0,-634066000.0,1175780000.0,1175780000.0,0.0,0.01,0.022,0.026,0.381,14539000.0,84685000.0,1.0,293960511.0,294880000,296037000.0,3.987,11888256000.0,0.0,1133000.0,0.0,40.316,
45,PEAK,MRT,2010-03-31,2010-03-31,2010-03-31,2021-08-25,-406000.0,12139570000.0,12118341250.0,,,0.096,19.523,-76472000.0,82557000.0,82557000.0,181460000.0,177543000.0,,1.089,5658999000.0,,,5658999000.0,85315000.0,318498000.0,0.0,0.056,1.845,463392000.0,781890000.0,0.67,781890000.0,463392000.0,165245000.0,0.52,0.51,0.52,5724554000.0,5746572750.0,5724554000.0,15207737881.0,33.0,19.45,431609000.0,1.472,1.0,984932000.0,0.844,373001000.0,298147000.0,17343011000.0,17222218500.0,0.0,2566771000.0,,,6231399000.0,,,9696853881.0,-21772000.0,-8126000.0,852844000.0,-755252000.0,-537490000.0,-447596000.0,-82257000.0,1362000.0,508081000.0,0.0,163843000.0,140620000.0,140620000.0,-40096000.0,13700000.0,0.121,488508000.0,496424000.0,293932000.0,3.548,1.694,68.958,63.462,8542562000.0,23223000.0,33.0,8.314,8.296,39461000.0,-577006000.0,1166392000.0,1166392000.0,0.0,0.012,0.024,0.027,0.397,14348000.0,84392000.0,1.0,293844057.0,293223000,294087000.0,3.978,11766569000.0,0.0,1402000.0,0.0,40.128,
46,PEAK,MRT,2009-12-31,2009-12-31,2009-12-31,2021-08-25,-2134000.0,12209735000.0,12033771000.0,,,0.095,21.08,-64958000.0,145259000.0,145259000.0,183296000.0,146151000.0,,1.081,5656143000.0,,,5656143000.0,85127000.0,320125000.0,0.0,0.06,1.84,432469000.0,752594000.0,0.656,752594000.0,432469000.0,133600000.0,0.4,0.4,0.4,5780537000.0,5597749750.0,5780537000.0,14459566233.0,33.0,19.213,450676000.0,1.644,1.0,963453000.0,0.84,389698000.0,298869000.0,17330921000.0,17187424250.0,0.0,2540993000.0,,,6251126000.0,,,8952452233.0,54697000.0,-7975000.0,852912000.0,-709873000.0,-517072000.0,-399531000.0,-61406000.0,2580000.0,515634000.0,0.0,131690000.0,109069000.0,109069000.0,-43506000.0,14461000.0,0.095,495919000.0,467534000.0,309596000.0,4.6,1.549,82.081,76.35,8550686000.0,22621000.0,30.54,7.807,7.303,43726000.0,-515450000.0,1146749000.0,1146749000.0,0.0,0.009,0.019,0.025,0.377,14388000.0,77999000.0,1.0,293138580.0,274216000,274631000.0,4.182,11820037000.0,0.0,1910000.0,0.0,43.105,
47,PEAK,MRT,2009-09-30,2009-09-30,2009-09-30,2021-08-25,-9838000.0,12338210000.0,11943793750.0,,,0.104,20.609,-68455000.0,176354000.0,176354000.0,188893000.0,155886000.0,,1.071,5683468000.0,,,5683468000.0,86925000.0,324068000.0,0.0,0.064,1.835,433595000.0,757663000.0,0.611,757663000.0,433595000.0,123687000.0,0.45,0.45,0.45,5869804000.0,5452933250.0,5869804000.0,13339364568.0,31.0,17.606,434579000.0,1.526,1.0,1052017000.0,0.848,410366000.0,309908000.0,17434958000.0,17151977750.0,0.0,2569926000.0,,,6288733000.0,,,7911356568.0,27314000.0,-1007000.0,846437000.0,-696526000.0,-497344000.0,-377754000.0,-97966000.0,-39274000.0,503034000.0,0.0,122387000.0,117683000.0,117683000.0,-46421000.0,33499000.0,0.095,496268000.0,555749000.0,310493000.0,4.078,1.348,67.226,63.867,8623353000.0,4704000.0,28.74,6.375,6.596,36824000.0,-407210000.0,1240910000.0,1240910000.0,0.0,0.01,0.022,0.025,0.349,14196000.0,79451000.0,1.0,275273367.0,284812000,284812000.0,4.357,11927844000.0,0.0,1300000.0,0.0,41.88,
48,PEAK,MRT,2009-06-30,2009-06-30,2009-06-30,2021-08-25,-18819000.0,11785850000.0,11867092250.0,,,0.103,21.141,10559000.0,81835000.0,81835000.0,191838000.0,330662000.0,,1.068,5509843000.0,,,5509843000.0,71716000.0,319417000.0,0.0,0.086,1.83,621789000.0,941206000.0,0.77,941206000.0,621789000.0,303107000.0,1.12,1.12,1.12,5611396000.0,5304459500.0,5611396000.0,11266598126.0,18.0,11.97,556659000.0,2.097,1.0,1029856000.0,0.843,433874000.0,318682000.0,16779984000.0,17111856750.0,0.0,1991628000.0,,,5994425000.0,,,5381724126.0,-167305000.0,-753000.0,909018000.0,-1090208000.0,-485322000.0,-722298000.0,8893000.0,-7595000.0,546100000.0,0.0,300629000.0,289695000.0,289695000.0,-74061000.0,30033000.0,0.237,388341000.0,641515000.0,197295000.0,1.634,0.959,18.577,18.92,8662384000.0,10934000.0,21.19,4.405,4.604,29535000.0,-228424000.0,1221694000.0,1221694000.0,0.0,0.024,0.055,0.036,0.509,13817000.0,73672000.0,1.0,253974711.0,265422000,265542000.0,4.603,11351976000.0,0.0,2478000.0,0.0,42.77,
49,PEAK,MRT,2009-03-31,2009-03-31,2009-03-31,2021-08-25,-77469000.0,11801289000.0,11976562250.0,,,0.098,20.247,431395000.0,99349000.0,99349000.0,192605000.0,467564000.0,,1.261,5984223000.0,,,5984223000.0,72305000.0,319476000.0,0.0,0.102,1.825,772950000.0,1092426000.0,0.927,1092426000.0,772950000.0,444162000.0,1.73,1.73,1.73,5129262000.0,5095634750.0,5129262000.0,10377450578.0,13.0,9.499,985429000.0,3.89,1.0,985375000.0,0.836,482329000.0,328788000.0,17203834000.0,17413334750.0,0.0,1990635000.0,,,6470377000.0,,,4532634578.0,-87624000.0,-252000.0,1054817000.0,-1598408000.0,-475447000.0,-1072445000.0,430787000.0,-4845000.0,554034000.0,0.0,441250000.0,423801000.0,423801000.0,-229660000.0,26314000.0,0.36,386983000.0,598392000.0,190100000.0,1.055,0.884,10.695,10.318,8668527000.0,17449000.0,17.85,3.848,3.839,29046000.0,-203359000.0,1177980000.0,1177980000.0,0.0,0.035,0.083,0.044,0.656,13785000.0,72172000.0,1.0,253929108.0,253335000,253423000.0,4.65,11318960000.0,0.0,2912000.0,0.0,44.68,
50,PEAK,MRT,2008-12-31,2008-12-31,2008-12-31,2021-08-25,-81162000.0,11849826000.0,12151256000.0,,,0.094,21.918,424063000.0,92640000.0,92640000.0,192945000.0,470983000.0,,1.239,5937456000.0,,,5937456000.0,60185000.0,321236000.0,0.0,0.066,1.82,801062000.0,1122298000.0,0.98,1122298000.0,801062000.0,452719000.0,1.79,1.79,1.79,5201271000.0,4812228750.0,5201271000.0,12812137036.0,16.0,11.416,992760000.0,4.184,1.0,952051000.0,0.831,505507000.0,348343000.0,17189135000.0,17934669500.0,0.0,1989617000.0,,,6441986000.0,,,7016161036.0,-38707000.0,-724000.0,1060538000.0,-1590116000.0,-457643000.0,-1034731000.0,427327000.0,-5761000.0,568697000.0,0.0,448495000.0,425368000.0,425368000.0,-246477000.0,22488000.0,0.372,385700000.0,566351000.0,211715000.0,1.017,1.349,16.494,15.514,8691370000.0,23127000.0,27.77,6.128,5.755,33834000.0,-130068000.0,1144996000.0,1144996000.0,0.0,0.035,0.088,0.045,0.7,13765000.0,73691000.0,1.0,252652540.0,237301000,237972000.0,4.825,11344319000.0,0.0,4224000.0,0.0,47.806,
51,PEAK,MRT,2008-09-30,2008-09-30,2008-09-30,2021-08-25,-28881000.0,12031404000.0,12319242500.0,,,0.086,21.572,376535000.0,154362000.0,154362000.0,192024000.0,501159000.0,,1.23,5950338000.0,,,5950338000.0,64841000.0,319051000.0,0.0,0.045,1.81,873116000.0,1192167000.0,1.128,1192167000.0,873116000.0,507831000.0,1.83,1.83,1.83,5275909000.0,4529479250.0,5275909000.0,15842702796.0,18.0,13.289,975148000.0,3.987,1.0,865100000.0,0.818,552906000.0,365285000.0,17274474000.0,18456613250.0,0.0,1991262000.0,,,6489824000.0,,,9498448796.0,-451801000.0,-5912000.0,1378499000.0,-1448515000.0,-438876000.0,-553214000.0,-497200000.0,-905621000.0,598613000.0,0.0,501159000.0,432292000.0,432292000.0,-268469000.0,0.0,0.409,382083000.0,483017000.0,224680000.0,0.989,1.8,21.972,21.929,8764791000.0,68867000.0,40.13,8.985,9.284,30011000.0,-49893000.0,1057124000.0,1057124000.0,0.0,0.035,0.095,0.047,0.826,13529000.0,69882000.0,1.0,236691971.0,244572000,245482000.0,4.322,11478498000.0,0.0,6672000.0,0.0,46.933,
52,PEAK,MRT,2008-06-30,2008-06-30,2008-06-30,2021-08-25,-8198000.0,12223730000.0,12335424750.0,,,0.084,20.314,752035000.0,249176000.0,249176000.0,192834000.0,691751000.0,,1.496,6593430000.0,,,6593430000.0,65786000.0,315649000.0,0.0,0.057,1.8,1083431000.0,1399080000.0,1.355,1399080000.0,1083431000.0,697252000.0,2.88,2.87,2.88,4776097000.0,4163171750.0,4776097000.0,14859272685.0,14.0,10.621,1261185000.0,5.364,1.0,840017000.0,0.813,582088000.0,386179000.0,17985896000.0,18683245250.0,0.0,1996369000.0,,,7143040000.0,,,7471996685.0,-132146000.0,-2985129000.0,909747000.0,1924996000.0,-416287000.0,2397235000.0,-3038531000.0,-806371000.0,509150000.0,0.0,691751000.0,629543000.0,629543000.0,-539453000.0,0.0,0.61,370921000.0,469096000.0,223389000.0,0.625,1.564,11.869,11.045,8769383000.0,62208000.0,31.81,7.234,7.241,31920000.0,-55232000.0,1032851000.0,1032851000.0,0.0,0.051,0.151,0.058,1.049,13051000.0,69304000.0,1.0,234894583.0,235117000,236099000.0,4.393,11641642000.0,0.0,5501000.0,0.0,49.514,
53,PEAK,MRT,2008-03-31,2008-03-31,2008-03-31,2021-08-25,-55897000.0,12500064000.0,11499323750.0,,,0.086,18.432,440590000.0,183664000.0,183664000.0,183594000.0,524955000.0,,2.042,7570940000.0,,,7570940000.0,68387000.0,299164000.0,0.0,0.053,1.79,902493000.0,1201657000.0,1.213,1201657000.0,902493000.0,528787000.0,2.24,2.23,2.24,3995638000.0,3861668000.0,3995638000.0,14726864775.0,16.0,12.255,938317000.0,4.329,1.0,807328000.0,0.815,598167000.0,373706000.0,19289173000.0,17384811250.0,0.0,1991767000.0,,,8158679000.0,,,7348653775.0,53359000.0,-2986802000.0,351637000.0,2769202000.0,-400875000.0,2692571000.0,-3136939000.0,-794245000.0,497727000.0,0.0,524955000.0,469654000.0,469654000.0,-375527000.0,0.0,0.474,346710000.0,460618000.0,249714000.0,0.799,1.839,15.647,15.094,8940632000.0,55301000.0,33.81,7.416,7.396,32849000.0,-174878000.0,990922000.0,990922000.0,0.0,0.041,0.122,0.052,0.911,12456000.0,67862000.0,1.0,217351487.0,216773000,217391000.0,4.571,11901897000.0,0.0,3832000.0,0.0,54.905,
54,PEAK,MRT,2007-12-31,2007-12-31,2007-12-31,2021-08-25,-2102000.0,12521772000.0,10722079250.0,,,0.089,19.576,412085000.0,132696000.0,132696000.0,175704000.0,614115000.0,,1.985,7510907000.0,,,7510907000.0,51649000.0,281179000.0,0.0,0.051,1.78,970756000.0,1251935000.0,1.313,1251935000.0,970756000.0,615559000.0,2.72,2.7,2.72,4070273000.0,3758976750.0,4070273000.0,14255427452.0,15.0,11.387,865136000.0,4.161,1.0,778039000.0,0.816,623073000.0,355197000.0,19276910000.0,16045259500.0,0.0,1954431000.0,,,8078792000.0,,,7521643452.0,37864000.0,-2986330000.0,618854000.0,2271102000.0,-393566000.0,2472928000.0,-2888115000.0,-792355000.0,453051000.0,0.0,614115000.0,565080000.0,565080000.0,-478322000.0,0.0,0.592,325786000.0,452253000.0,238093000.0,0.654,1.848,13.311,12.787,8825410000.0,49035000.0,34.78,7.886,7.582,44892000.0,-120920000.0,953743000.0,953743000.0,0.0,0.053,0.15,0.061,1.018,11408000.0,67522000.0,1.0,216263469.0,207924000,208920000.0,4.587,11898699000.0,0.0,1444000.0,0.0,57.226,
55,PEAK,MRT,2007-09-30,2007-09-30,2007-09-30,2021-08-25,7718000.0,12096133000.0,10094823500.0,,,0.077,18.482,749524000.0,633933000.0,633933000.0,152345000.0,779994000.0,,2.077,7367717000.0,,,7367717000.0,44454000.0,260124000.0,0.0,0.053,1.76,1144925000.0,1405049000.0,1.803,1405049000.0,1144925000.0,779993000.0,4.04,4.02,4.04,3810679000.0,3556364750.0,3810679000.0,11087217869.0,10.0,7.891,1146048000.0,5.558,1.0,627135000.0,0.805,648915000.0,364932000.0,18181002000.0,15159783250.0,0.0,1046297000.0,,,7913250000.0,,,6845630869.0,-76510000.0,-6443392000.0,1267944000.0,3938837000.0,-367314000.0,4816320000.0,-5289354000.0,-196972000.0,396524000.0,0.0,779994000.0,758864000.0,758864000.0,-710889000.0,0.0,0.974,302985000.0,324150000.0,214809000.0,0.436,1.796,9.021,8.21,9213050000.0,21130000.0,33.17,8.782,8.774,34403000.0,-69436000.0,779480000.0,779480000.0,0.0,0.075,0.213,0.076,1.469,10688000.0,75641000.0,1.0,206380189.0,206186000,207070000.0,3.78,11447218000.0,0.0,-1000.0,0.0,55.519,
56,PEAK,MRT,2007-06-30,2007-06-30,2007-06-30,2021-08-25,14318000.0,8879326000.0,8223665500.0,,,0.08,17.351,325552000.0,351217000.0,351217000.0,122333000.0,534664000.0,,1.382,4592804000.0,,,4592804000.0,29638000.0,218608000.0,0.0,0.06,1.74,832933000.0,1051541000.0,1.604,1051541000.0,832933000.0,534981000.0,3.02,3.01,3.02,3570082000.0,2949399500.0,3570082000.0,10930013061.0,13.0,10.394,709476000.0,3.448,1.0,533383000.0,0.813,328753000.0,297952000.0,12792160000.0,12291007750.0,0.0,1100227000.0,,,4934137000.0,,,5960122061.0,327459000.0,-3463818000.0,1256882000.0,1941198000.0,-333689000.0,2838899000.0,-2895364000.0,-275197000.0,383924000.0,0.0,534664000.0,513534000.0,513534000.0,-408862000.0,0.0,0.783,252108000.0,281275000.0,166648000.0,0.576,1.669,11.606,9.579,6386443000.0,21130000.0,28.93,9.089,9.078,33652000.0,-294095000.0,655716000.0,655716000.0,0.0,0.062,0.174,0.068,1.27,9826000.0,67403000.0,1.0,206018737.0,205755000,207024000.0,3.187,8550573000.0,0.0,317000.0,0.0,41.557,
57,PEAK,MRT,2007-03-31,2007-03-31,2007-03-31,2021-08-25,18512000.0,9391086000.0,6968485250.0,,,0.081,17.573,125890000.0,102923000.0,102923000.0,104264000.0,504947000.0,,1.514,5072814000.0,,,5072814000.0,27281000.0,187586000.0,0.0,0.048,1.72,764123000.0,951709000.0,1.684,951709000.0,764123000.0,505659000.0,2.97,2.95,2.97,3584873000.0,2397066000.0,3584873000.0,13543830720.0,18.0,14.231,461874000.0,2.264,1.0,460838000.0,0.815,430011000.0,258464000.0,13930966000.0,10585566250.0,0.0,1052948000.0,,,5428967000.0,,,7402502720.0,44684000.0,-3463636000.0,1250935000.0,2092495000.0,-300114000.0,3021913000.0,-3313213000.0,-290158000.0,335984000.0,0.0,504947000.0,483817000.0,483817000.0,-384104000.0,0.0,0.856,213523000.0,247315000.0,166661000.0,0.579,2.065,15.3,12.131,7263166000.0,21130000.0,36.03,13.099,13.007,33960000.0,-268142000.0,565102000.0,565102000.0,0.0,0.069,0.202,0.072,1.352,8867000.0,58509000.0,1.0,205453864.0,204000000,205909000.0,2.77,8961075000.0,0.0,712000.0,0.0,43.927,
58,PEAK,MRT,2006-12-31,2006-12-31,2006-12-31,2021-08-25,17725000.0,10012749000.0,5567917750.0,,,0.083,21.991,13245000.0,99191000.0,99191000.0,79253000.0,417547000.0,,2.011,6202015000.0,,,6202015000.0,20795000.0,154069000.0,0.0,0.046,1.7,629286000.0,783355000.0,1.687,783355000.0,629286000.0,417792000.0,2.67,2.66,2.67,3259825000.0,1845326500.0,3259825000.0,8221160237.0,13.0,10.495,354441000.0,2.391,1.0,384994000.0,0.829,380568000.0,211494000.0,15735005000.0,8552444250.0,0.0,899882000.0,,,6556948000.0,,,6068260237.0,37063000.0,-3463209000.0,989039000.0,2686402000.0,-266814000.0,3387919000.0,-3692052000.0,-272309000.0,341196000.0,0.0,417547000.0,396417000.0,396417000.0,-384104000.0,0.0,0.854,168852000.0,216142000.0,200088000.0,0.637,1.862,15.308,13.79,5929219000.0,21130000.0,36.82,13.071,11.757,31026000.0,-316369000.0,464247000.0,464247000.0,0.0,0.071,0.215,0.074,1.355,8232000.0,46882000.0,1.0,164808806.0,148236000,148841000.0,3.132,9632181000.0,0.0,245000.0,0.0,64.979,
59,PEAK,MRT,2006-09-30,2006-09-30,2006-09-30,2021-08-25,-4888000.0,4611501000.0,3964046750.0,,,0.097,10.117,-303362000.0,770528000.0,770528000.0,73138000.0,217784000.0,,2.201,2923428000.0,,,2923428000.0,31372000.0,124684000.0,0.0,0.055,1.695,349402000.0,474086000.0,1.228,474086000.0,349402000.0,217784000.0,1.45,1.42,1.45,1382818000.0,1375085500.0,1382818000.0,6435852121.0,18.0,13.575,12319000.0,0.09,1.0,312966000.0,0.811,58501000.0,131618000.0,6705900000.0,5992844250.0,0.0,49757000.0,,,3044171000.0,,,4263214121.0,607189000.0,-6712000.0,27136000.0,968119000.0,-253810000.0,723069000.0,-431561000.0,-5846000.0,315681000.0,0.0,217784000.0,196654000.0,196654000.0,0.0,0.0,0.509,125798000.0,187168000.0,89371000.0,1.169,3.083,21.679,21.414,3477834000.0,21130000.0,31.05,11.042,10.992,12676000.0,-482116000.0,386104000.0,386104000.0,0.0,0.05,0.143,0.058,0.905,7776000.0,33568000.0,1.0,137301582.0,136682000,137578000.0,2.825,4553000000.0,0.0,0.0,0.0,33.311,
60,PEAK,MRT,2006-06-30,2006-06-30,2006-06-30,2021-08-25,314000.0,3858605000.0,3684907500.0,,,0.105,9.97,-543846000.0,23851000.0,23851000.0,66609000.0,186007000.0,,1.697,2196489000.0,,,2196489000.0,35973000.0,119625000.0,0.0,0.063,1.69,309160000.0,428785000.0,1.112,428785000.0,309160000.0,186007000.0,1.22,1.19,1.22,1360748000.0,1380225500.0,1360748000.0,5720403056.0,19.0,13.341,-227907000.0,-1.67,1.0,318904000.0,0.827,60849000.0,123153000.0,5970394000.0,5637683250.0,0.0,51142000.0,,,2309244000.0,,,3659185056.0,2586000.0,-8563000.0,25151000.0,467920000.0,-252358000.0,227688000.0,-541041000.0,-11219000.0,315939000.0,0.0,186007000.0,164877000.0,164877000.0,0.0,0.0,0.428,123749000.0,195155000.0,76782000.0,1.385,2.689,22.193,21.918,3451133000.0,21130000.0,26.74,9.492,9.467,12422000.0,-495070000.0,385513000.0,385513000.0,0.0,0.045,0.119,0.055,0.802,7545000.0,32608000.0,1.0,136843121.0,136484000,137192000.0,2.825,3797756000.0,0.0,0.0,0.0,27.826,
61,PEAK,MRT,2006-03-31,2006-03-31,2006-03-31,2021-08-25,1357000.0,3788816000.0,3517196250.0,,,0.11,10.129,-589333000.0,58651000.0,58651000.0,62854000.0,187487000.0,,1.614,2119869000.0,,,2119869000.0,31781000.0,114838000.0,0.0,0.059,1.685,302527000.0,417365000.0,1.083,417365000.0,302527000.0,187487000.0,1.23,1.21,1.23,1377915000.0,1393392250.0,1377915000.0,5801408292.0,19.0,13.9,-287379000.0,-2.112,1.0,322664000.0,0.837,51556000.0,115040000.0,5798478000.0,5319572250.0,0.0,49058000.0,,,2224517000.0,,,3868074292.0,39097000.0,-2699000.0,43987000.0,559037000.0,-250543000.0,338435000.0,-601292000.0,-15774000.0,301954000.0,0.0,187487000.0,166357000.0,166357000.0,0.0,0.0,0.432,123876000.0,198788000.0,72867000.0,1.37,2.807,23.252,23.089,3403677000.0,21130000.0,28.4,10.033,10.022,13696000.0,-472975000.0,385518000.0,385518000.0,0.0,0.047,0.119,0.057,0.785,7010000.0,33039000.0,1.0,136199799.0,136040000,136856000.0,2.834,3737260000.0,0.0,0.0,0.0,27.472,
62,PEAK,MRT,2005-12-31,2005-12-31,2005-12-31,2021-08-25,-848000.0,3597265000.0,3332025500.0,,,0.109,10.239,-389726000.0,21342000.0,21342000.0,58710000.0,173057000.0,,1.485,1956946000.0,,,1956946000.0,17169000.0,107966000.0,0.0,0.066,1.68,279281000.0,387247000.0,1.062,387247000.0,279281000.0,173057000.0,1.13,1.12,1.13,1378861000.0,1402174250.0,1378861000.0,5286221284.0,19.0,13.651,-107497000.0,-0.798,1.0,306025000.0,0.839,36264000.0,106224000.0,5496605000.0,4981092750.0,0.0,235429000.0,,,2048215000.0,,,3472673284.0,4380000.0,0.0,45238000.0,354943000.0,-248389000.0,136937000.0,-414786000.0,-34441000.0,282229000.0,0.0,173057000.0,151927000.0,151927000.0,0.0,0.0,0.417,117615000.0,188410000.0,68718000.0,1.487,2.519,22.858,22.619,2936036000.0,21130000.0,25.56,9.521,9.438,13313000.0,-467102000.0,364735000.0,364735000.0,0.0,0.046,0.108,0.056,0.766,6495000.0,31834000.0,1.0,135863587.0,134673000,135560000.0,2.708,3561001000.0,0.0,0.0,0.0,26.442,
63,PEAK,MRT,2005-09-30,2005-09-30,2005-09-30,2021-08-25,0.0,3494944000.0,3208840750.0,,,0.125,10.378,-433990000.0,40564000.0,40564000.0,54541000.0,177677000.0,,1.385,1854112000.0,,,1854112000.0,19018000.0,102844000.0,0.0,0.062,1.677,278056000.0,380900000.0,0.949,380900000.0,278056000.0,177677000.0,1.17,1.16,1.17,1403378000.0,1405322500.0,1403378000.0,5191073602.0,19.0,13.628,-141148000.0,-1.044,1.0,347000000.0,0.864,23236000.0,100379000.0,5285256000.0,4744566000.0,0.0,49750000.0,,,1943657000.0,,,3661158602.0,27744000.0,1272000.0,49806000.0,373351000.0,-246743000.0,160340000.0,-425438000.0,7709000.0,292842000.0,0.0,177677000.0,156546000.0,156546000.0,0.0,0.0,0.39,121176000.0,225824000.0,70527000.0,1.433,2.609,23.387,23.068,3189016000.0,21131000.0,26.99,9.118,9.089,13507000.0,-446090000.0,401541000.0,401541000.0,0.0,0.049,0.111,0.059,0.692,7362000.0,35319000.0,1.0,135648707.0,135225000,136135000.0,2.969,3471708000.0,0.0,0.0,0.0,25.674,
64,PEAK,MRT,2005-06-30,2005-06-30,2005-06-30,2021-08-25,0.0,3187760000.0,3088514500.0,,,0.127,10.513,-237890000.0,35794000.0,35794000.0,52034000.0,167126000.0,,1.165,1565709000.0,,,1565709000.0,18430000.0,98259000.0,0.0,0.062,1.675,262410000.0,360669000.0,0.921,360669000.0,262410000.0,167126000.0,1.1,1.09,1.1,1413415000.0,1409784750.0,1413415000.0,5046930193.0,19.0,13.993,50631000.0,0.377,1.0,339414000.0,0.867,19725000.0,95284000.0,4697950000.0,4521393000.0,0.0,48694000.0,,,1646903000.0,,,3631986193.0,8284000.0,14362000.0,49406000.0,160966000.0,-245072000.0,-51053000.0,-229200000.0,10357000.0,288521000.0,0.0,167126000.0,145995000.0,145995000.0,0.0,0.0,0.373,120348000.0,219066000.0,62764000.0,1.523,2.57,24.877,24.582,2896032000.0,21131000.0,27.04,9.278,9.287,13629000.0,-428719000.0,391448000.0,391448000.0,0.0,0.047,0.104,0.058,0.67,9360000.0,37464000.0,1.0,134319016.0,134445000,135214000.0,2.912,3168035000.0,0.0,0.0,0.0,23.564,
65,PEAK,MRT,2005-03-31,2005-03-31,2005-03-31,2021-08-25,0.0,3048133000.0,3021280500.0,,,0.125,10.585,-214892000.0,17807000.0,17807000.0,46540000.0,165663000.0,,1.07,1432751000.0,,,1432751000.0,17319000.0,92042000.0,0.0,0.071,1.672,255318000.0,347360000.0,0.916,347360000.0,255318000.0,165663000.0,1.1,1.08,1.1,1413043000.0,1416285500.0,1413043000.0,4614930141.0,18.0,13.286,60429000.0,0.453,1.0,332597000.0,0.877,18517000.0,89655000.0,4444560000.0,4396892000.0,0.0,57380000.0,,,1512469000.0,,,3149279141.0,-10333000.0,-804000.0,37106000.0,133409000.0,-243680000.0,-88528000.0,-197126000.0,18849000.0,275321000.0,0.0,165663000.0,144533000.0,144533000.0,0.0,0.0,0.381,115077000.0,217520000.0,62399000.0,1.52,2.229,21.789,21.336,2772144000.0,21130000.0,23.47,8.306,8.264,14225000.0,-409919000.0,379137000.0,379137000.0,0.0,0.048,0.102,0.058,0.673,7490000.0,37191000.0,1.0,134183176.0,133492000,134529000.0,2.84,3029616000.0,0.0,0.0,0.0,22.695,
66,PEAK,MRT,2004-12-31,2004-12-31,2004-12-31,2021-08-25,0.0,3104526000.0,2973612750.0,,,0.123,10.553,-200462000.0,21640000.0,21640000.0,42484000.0,169040000.0,,1.124,1487291000.0,,,1487291000.0,16107000.0,89357000.0,0.0,0.06,1.67,256672000.0,346029000.0,0.945,346029000.0,256672000.0,169040000.0,1.12,1.11,1.12,1391454000.0,1424403250.0,1391454000.0,5062585704.0,20.0,14.631,72080000.0,0.547,1.0,323615000.0,0.884,19679000.0,87632000.0,4550498000.0,4297327250.0,0.0,60506000.0,,,1563303000.0,,,3683660704.0,133000.0,88554000.0,42629000.0,27787000.0,-243250000.0,-187727000.0,-84682000.0,29948000.0,272542000.0,0.0,169040000.0,147910000.0,147910000.0,0.0,0.0,0.404,109632000.0,213983000.0,59905000.0,1.491,2.647,24.905,24.723,2817181000.0,21130000.0,27.69,10.062,9.973,14834000.0,-391770000.0,366099000.0,366099000.0,0.0,0.05,0.104,0.06,0.701,6162000.0,36721000.0,1.0,133032167.0,131854000,133362000.0,2.777,3084847000.0,0.0,0.0,0.0,23.396,
67,PEAK,MRT,2004-09-30,2004-09-30,2004-09-30,2021-08-25,0.0,3013639000.0,2956470500.0,,,0.136,10.752,-83209000.0,11369000.0,11369000.0,41708000.0,167307000.0,,1.12,1390294000.0,,,1390294000.0,16281000.0,86561000.0,0.0,0.064,1.667,254208000.0,340769000.0,0.845,340769000.0,254208000.0,167307000.0,1.14,1.12,1.14,1421227000.0,1415880750.0,1421227000.0,4731436998.0,19.0,13.885,186889000.0,1.414,1.0,361422000.0,0.897,0.0,86901000.0,4392564000.0,4266071000.0,0.0,209561000.0,,,1592412000.0,,,3450314998.0,1655000.0,-85718000.0,83026000.0,-9090000.0,-237766000.0,-128420000.0,-140023000.0,26402000.0,270098000.0,0.0,167307000.0,148497000.0,148497000.0,8900000.0,0.0,0.368,115816000.0,245606000.0,60577000.0,1.462,2.428,23.235,22.807,2754758000.0,18810000.0,26.0,8.559,8.525,16910000.0,-377024000.0,403130000.0,403130000.0,0.0,0.05,0.105,0.06,0.631,6720000.0,31336000.0,1.0,132704423.0,132182000,133584000.0,3.05,3013639000.0,0.0,0.0,0.0,22.799,
68,PEAK,MRT,2004-06-30,2004-06-30,2004-06-30,2021-08-25,0.0,2918824000.0,2911170500.0,,,0.134,10.933,-194210000.0,11549000.0,11549000.0,38605000.0,182426000.0,,1.028,1292671000.0,,,1292671000.0,14735000.0,83060000.0,0.0,0.069,1.665,267993000.0,351053000.0,0.898,351053000.0,267993000.0,182426000.0,1.23,1.2,1.23,1439418000.0,1363113250.0,1439418000.0,4362600064.0,16.0,12.427,71196000.0,0.541,1.0,352258000.0,0.901,0.0,85567000.0,4199946000.0,4210028000.0,0.0,321288000.0,,,1479406000.0,,,3173761064.0,-22000.0,-94828000.0,181630000.0,-70633000.0,-233742000.0,-48390000.0,-217022000.0,69513000.0,265406000.0,0.0,182426000.0,157969000.0,157969000.0,5862000.0,0.0,0.404,106398000.0,245860000.0,54813000.0,1.354,2.205,20.091,19.545,2546071000.0,24457000.0,24.04,8.12,8.097,17077000.0,-350773000.0,390863000.0,390863000.0,0.0,0.054,0.116,0.064,0.686,3141000.0,27406000.0,1.0,132020011.0,131653000,132856000.0,2.969,2918824000.0,0.0,0.0,0.0,22.171,
69,PEAK,MRT,2004-03-31,2004-03-31,2004-03-31,2021-08-25,0.0,2857462000.0,2867420000.0,,,0.132,11.056,-102050000.0,28132000.0,28132000.0,36126000.0,177756000.0,,0.977,1216971000.0,,,1216971000.0,20272000.0,81659000.0,0.0,0.059,1.663,265991000.0,347650000.0,0.916,347650000.0,265991000.0,177756000.0,1.12,1.1,1.12,1445514000.0,1305630000.0,1445514000.0,5111464872.0,19.0,14.703,159075000.0,1.217,1.0,343228000.0,0.905,0.0,88235000.0,4046301000.0,4190964500.0,0.0,319421000.0,,,1411948000.0,,,3721948872.0,14684000.0,-74301000.0,214040000.0,-84504000.0,-228658000.0,-120626000.0,-125815000.0,48029000.0,261125000.0,0.0,177756000.0,141962000.0,141962000.0,2851000.0,0.0,0.374,100223000.0,243005000.0,57350000.0,1.485,2.575,26.218,25.268,2474914000.0,35794000.0,28.3,9.811,9.753,16417000.0,-331902000.0,379354000.0,379354000.0,0.0,0.05,0.109,0.063,0.701,3141000.0,24514000.0,1.0,131517628.0,130739000,132700000.0,2.902,2857462000.0,0.0,0.0,0.0,21.856,
70,PEAK,MRT,2003-12-31,2003-12-31,2003-12-31,2021-08-25,0.0,3035957000.0,2841793750.0,,,0.13,10.864,-166635000.0,17768000.0,17768000.0,34296000.0,158585000.0,,1.089,1407284000.0,,,1407284000.0,16080000.0,80123000.0,0.0,0.065,1.66,246882000.0,327005000.0,0.887,327005000.0,246882000.0,158585000.0,0.98,0.97,0.98,1357364000.0,1264911750.0,1357364000.0,4627592848.0,19.0,14.151,96940000.0,0.776,1.0,334504000.0,0.907,0.0,88297000.0,4425473000.0,4197157750.0,0.0,172450000.0,,,1478419000.0,,,3291639848.0,9265000.0,-176991000.0,222730000.0,70107000.0,-223231000.0,52504000.0,-306814000.0,34305000.0,263575000.0,0.0,158585000.0,121849000.0,121849000.0,0.0,0.0,0.33,96150000.0,238354000.0,55055000.0,1.694,2.425,27.014,25.918,2543440000.0,36736000.0,25.4,8.925,8.605,16471000.0,-318678000.0,368800000.0,368800000.0,0.0,0.043,0.096,0.059,0.669,3141000.0,22486000.0,1.0,129592120.0,124942000,126130000.0,2.952,3035957000.0,0.0,0.0,0.0,24.299,
71,PEAK,MRT,2003-09-30,2003-09-30,2003-09-30,2021-08-25,0.0,2832439000.0,2769908750.0,,,0.125,9.581,-227904000.0,9706000.0,9706000.0,25191000.0,143561000.0,,1.341,1345659000.0,,,1345659000.0,0.0,79079000.0,0.0,0.071,1.66,228242000.0,307321000.0,0.889,307321000.0,228242000.0,143561000.0,0.86,0.84,0.86,1210157000.0,1245793000.0,1210157000.0,4338010096.0,19.0,14.116,25156000.0,0.199,1.0,320510000.0,0.927,0.0,84681000.0,4168392000.0,4109232000.0,0.0,293622000.0,,,1622282000.0,,,2958140096.0,-2008000.0,3774000.0,197038000.0,56437000.0,-223042000.0,-40108000.0,-214960000.0,9170000.0,253060000.0,0.0,143561000.0,103563000.0,103563000.0,-2727000.0,0.0,0.3,91183000.0,229327000.0,75232000.0,1.93,2.444,28.564,27.151,2493791000.0,39998000.0,23.35,8.557,8.531,17093000.0,-306565000.0,345701000.0,345701000.0,0.0,0.037,0.083,0.056,0.66,0.0,22369000.0,1.0,126686942.0,126308000,127862000.0,2.737,2832439000.0,0.0,0.0,0.0,22.425,
72,PEAK,MRT,2003-06-30,2003-06-30,2003-06-30,2021-08-25,0.0,2743822000.0,2737574250.0,,,0.124,9.958,-102219000.0,11559000.0,11559000.0,25765000.0,131194000.0,,1.269,1391429000.0,,,1391429000.0,0.0,78821000.0,0.0,0.078,1.655,214409000.0,293230000.0,0.867,293230000.0,214409000.0,131194000.0,0.815,0.805,0.815,1209485000.0,1263449750.0,1209485000.0,3898233641.0,18.0,13.294,147529000.0,1.215,1.0,312499000.0,0.924,0.0,83215000.0,4123692000.0,4062106500.0,0.0,343192000.0,,,1534337000.0,,,2582116641.0,2643000.0,-11801000.0,127972000.0,208022000.0,-220336000.0,13545000.0,-260650000.0,-146630000.0,249748000.0,0.0,131194000.0,95900000.0,95900000.0,-1701000.0,0.0,0.284,90403000.0,222096000.0,74680000.0,2.031,2.135,26.925,25.982,2349144000.0,35294000.0,21.175,7.633,7.603,18870000.0,-299456000.0,338264000.0,338264000.0,0.0,0.035,0.076,0.053,0.634,0.0,20955000.0,1.0,121941754.0,121456000,122436000.0,2.785,2743822000.0,0.0,0.0,0.0,22.591,
73,PEAK,MRT,2003-03-31,2003-03-31,2003-03-31,2021-08-25,0.0,2754957000.0,2692396750.0,,,0.124,10.764,-158198000.0,13440000.0,13440000.0,25580000.0,134635000.0,,1.148,1329557000.0,,,1329557000.0,0.0,77789000.0,0.0,0.099,1.645,213658000.0,291447000.0,0.874,291447000.0,213658000.0,134635000.0,0.945,0.93,0.945,1282641000.0,1275657250.0,1282641000.0,3315430875.0,16.0,11.376,94969000.0,0.797,1.0,307876000.0,0.923,0.0,79023000.0,4071074000.0,3965397500.0,0.0,344877000.0,,,1472316000.0,,,1990077875.0,6823000.0,-29891000.0,107946000.0,183945000.0,-217568000.0,68982000.0,-315326000.0,-127237000.0,253167000.0,0.0,134635000.0,109735000.0,109735000.0,-1001000.0,0.0,0.329,88951000.0,218925000.0,75393000.0,1.741,1.552,18.135,17.646,2366366000.0,24900000.0,16.675,5.968,5.959,19319000.0,-281000000.0,333456000.0,333456000.0,0.0,0.041,0.086,0.054,0.641,0.0,19686000.0,1.0,119345000.0,119158000,120044000.0,2.798,2754957000.0,0.0,0.0,0.0,23.12,
74,PEAK,MRT,2002-12-31,2002-12-31,2002-12-31,2021-08-25,0.0,2748417000.0,2633424750.0,,,0.124,11.122,-251963000.0,8495000.0,8495000.0,25349000.0,137380000.0,,1.146,1333848000.0,,,1333848000.0,0.0,76151000.0,0.0,0.085,1.63,212331000.0,288482000.0,0.885,288482000.0,212331000.0,137380000.0,0.98,0.96,0.98,1280889000.0,1266703500.0,1280889000.0,3536875600.0,17.0,12.26,-19200000.0,-0.167,1.0,300438000.0,0.922,0.0,74951000.0,4073770000.0,3861965250.0,0.0,332829000.0,,,1467528000.0,,,2260086600.0,87000.0,-11830000.0,102338000.0,275374000.0,-213349000.0,158354000.0,-391030000.0,-127237000.0,232763000.0,0.0,137380000.0,112480000.0,112480000.0,0.0,0.0,0.345,86779000.0,213659000.0,62145000.0,1.663,1.764,20.093,19.541,2371411000.0,24900000.0,19.15,6.937,6.77,22382000.0,-252914000.0,325787000.0,325787000.0,0.0,0.043,0.089,0.055,0.652,0.0,18589000.0,1.0,118020188.0,115172000,116990000.0,2.829,2748417000.0,0.0,0.0,0.0,23.864,
75,PEAK,MRT,2002-09-30,2002-09-30,2002-09-30,2021-08-25,0.0,2703101000.0,2554108750.0,,,0.13,11.003,-221017000.0,11714000.0,11714000.0,29971000.0,144175000.0,,1.111,1288503000.0,,,1288503000.0,0.0,74290000.0,0.0,0.076,1.61,218817000.0,293107000.0,0.885,293107000.0,218817000.0,144175000.0,1.045,1.04,1.045,1280784000.0,1258162250.0,1280784000.0,3656345095.0,17.0,12.474,2276000.0,0.02,1.0,301106000.0,0.909,0.0,74642000.0,3979890000.0,3713647000.0,0.0,310050000.0,,,1422317000.0,,,2482601095.0,1878000.0,-13113000.0,103723000.0,206798000.0,-208412000.0,103719000.0,-325134000.0,-91004000.0,223293000.0,0.0,144175000.0,119275000.0,119275000.0,-10750000.0,0.0,0.36,78602000.0,222504000.0,64639000.0,1.541,1.938,20.814,20.383,2351530000.0,24900000.0,21.3,7.499,7.489,19238000.0,-227084000.0,331077000.0,331077000.0,0.0,0.047,0.095,0.059,0.661,0.0,15829000.0,1.0,116554042.0,116408000,116832000.0,2.844,2703101000.0,0.0,0.0,0.0,23.221,
76,PEAK,MRT,2002-06-30,2002-06-30,2002-06-30,2021-08-25,0.0,2563112000.0,2489211250.0,,,0.131,10.976,-271855000.0,8916000.0,8916000.0,29020000.0,131006000.0,,1.037,1182660000.0,,,1182660000.0,0.0,72657000.0,0.0,0.074,1.59,204152000.0,276809000.0,0.852,276809000.0,204152000.0,131006000.0,0.94,0.935,0.94,1258315000.0,1248637250.0,1258315000.0,3592849050.0,18.0,12.98,-60870000.0,-0.531,1.0,296015000.0,0.911,0.0,73146000.0,3736856000.0,3596130250.0,0.0,187727000.0,,,1304797000.0,,,2454573050.0,-7215000.0,-230000.0,79786000.0,171744000.0,-203747000.0,47057000.0,-265257000.0,6828000.0,210985000.0,0.0,131006000.0,106106000.0,106106000.0,-8997000.0,0.0,0.326,81519000.0,214496000.0,52647000.0,1.691,1.951,23.133,22.819,2333987000.0,24900000.0,21.45,7.552,7.565,20964000.0,-210315000.0,325035000.0,325035000.0,0.0,0.043,0.085,0.057,0.628,0.0,14948000.0,1.0,114432310.0,114638000,115252000.0,2.835,2563112000.0,0.0,0.0,0.0,22.358,
77,PEAK,MRT,2002-03-31,2002-03-31,2002-03-31,2021-08-25,0.0,2519069000.0,2434606500.0,,,0.132,10.988,-220705000.0,6617000.0,6617000.0,28983000.0,125551000.0,,1.02,1144893000.0,,,1144893000.0,0.0,69844000.0,0.0,0.077,1.57,200031000.0,269875000.0,0.841,269875000.0,200031000.0,125551000.0,0.91,0.91,0.91,1246826000.0,1248364750.0,1246826000.0,3356735833.0,17.0,12.438,-18302000.0,-0.161,1.0,291857000.0,0.91,0.0,74480000.0,3657345000.0,3491974000.0,0.0,189573000.0,,,1272243000.0,,,2307391833.0,404000.0,7625000.0,194512000.0,13821000.0,-196688000.0,13685000.0,-215684000.0,-2604000.0,202403000.0,0.0,125551000.0,100651000.0,100651000.0,-7293000.0,0.0,0.314,80228000.0,211629000.0,57583000.0,1.725,1.851,22.925,22.28,2292924000.0,24900000.0,20.275,7.192,7.171,21183000.0,-198067000.0,320840000.0,320840000.0,0.0,0.041,0.081,0.057,0.623,0.0,14064000.0,1.0,113804776.0,113474000,114050000.0,2.827,2519069000.0,0.0,0.0,0.0,22.2,
78,PEAK,MRT,2001-12-31,2001-12-31,2001-12-31,2021-08-25,0.0,2431153000.0,2390638250.0,,,0.133,11.57,-126026000.0,8408000.0,8408000.0,28803000.0,121166000.0,,0.95,1057752000.0,,,1057752000.0,0.0,70458000.0,0.0,0.086,1.55,199173000.0,269631000.0,0.849,269631000.0,199173000.0,121166000.0,0.89,0.89,0.89,1246724000.0,1219023250.0,1246724000.0,3085511739.0,15.0,11.443,74822000.0,0.694,1.0,288681000.0,0.909,0.0,78007000.0,3480497000.0,3439841000.0,0.0,198036000.0,,,1184429000.0,,,2019199739.0,-50215000.0,-230000.0,176310000.0,-120416000.0,-190123000.0,-132900000.0,-118163000.0,8093000.0,200848000.0,0.0,121166000.0,96266000.0,96266000.0,-9741000.0,0.0,0.303,80246000.0,208435000.0,56709000.0,1.742,1.62,20.975,20.343,2194556000.0,24900000.0,18.105,6.36,6.145,20940000.0,-176945000.0,317484000.0,317484000.0,0.0,0.04,0.079,0.058,0.627,0.0,13175000.0,1.0,111527188.0,107758000,107950000.0,2.946,2431153000.0,0.0,0.0,0.0,22.561,
79,PEAK,MRT,2001-09-30,2001-09-30,2001-09-30,2021-08-25,0.0,2443511000.0,2381563000.0,,,0.135,11.224,-65353000.0,9836000.0,9836000.0,28581000.0,121922000.0,,0.966,1076148000.0,,,1076148000.0,0.0,70207000.0,0.0,0.08,1.53,203332000.0,273539000.0,0.848,273539000.0,203332000.0,121922000.0,0.925,0.925,0.925,1242684000.0,1192163000.0,1242684000.0,3101186999.0,15.0,11.337,136381000.0,1.232,1.0,293856000.0,0.911,0.0,81410000.0,3509823000.0,3443506000.0,0.0,208465000.0,,,1200827000.0,,,2125648999.0,4932000.0,4250000.0,147666000.0,-90794000.0,-184303000.0,-129529000.0,-67273000.0,-6170000.0,201734000.0,0.0,121922000.0,97022000.0,97022000.0,-5359000.0,0.0,0.301,92953000.0,200903000.0,56994000.0,1.654,1.711,21.909,20.784,2194647000.0,24900000.0,19.225,6.592,6.602,19746000.0,-162847000.0,322437000.0,322437000.0,0.0,0.041,0.081,0.059,0.631,0.0,13243000.0,1.0,110566918.0,110720000,111248000.0,2.912,2443511000.0,0.0,0.0,0.0,22.069,
80,PEAK,MRT,2001-06-30,2001-06-30,2001-06-30,2021-08-25,0.0,2344693000.0,2371862000.0,,,0.136,11.824,33231000.0,16131000.0,16131000.0,28396000.0,128757000.0,,0.865,991669000.0,,,991669000.0,0.0,69916000.0,0.0,0.088,1.51,213304000.0,283220000.0,0.878,283220000.0,213304000.0,128757000.0,1.01,1.005,1.01,1257225000.0,1170225500.0,1257225000.0,2862160602.0,13.0,10.106,232792000.0,2.189,1.0,294344000.0,0.912,0.0,84547000.0,3320231000.0,3455140500.0,0.0,196729000.0,,,1087468000.0,,,1756543602.0,8954000.0,4250000.0,137025000.0,-185193000.0,-178893000.0,-239043000.0,48436000.0,10955000.0,199561000.0,0.0,128757000.0,103857000.0,103857000.0,-5100000.0,0.0,0.322,87381000.0,206963000.0,53890000.0,1.495,1.397,16.913,17.03,2099445000.0,24900000.0,17.2,5.443,5.666,18060000.0,-137574000.0,322740000.0,322740000.0,0.0,0.044,0.089,0.062,0.661,0.0,13292000.0,1.0,102124628.0,106324000,106778000.0,3.035,2344693000.0,0.0,0.0,0.0,22.052,
81,PEAK,MRT,2001-03-31,2001-03-31,2001-03-31,2021-08-25,0.0,2343196000.0,2394090500.0,,,0.135,11.081,40089000.0,6213000.0,6213000.0,27956000.0,130359000.0,,1.075,1111830000.0,,,1111830000.0,0.0,71432000.0,0.0,0.088,1.49,216888000.0,288320000.0,0.891,288320000.0,216888000.0,130359000.0,1.035,1.03,1.035,1129460000.0,1148255500.0,1129460000.0,2829508542.0,13.0,9.814,239002000.0,2.345,1.0,295462000.0,0.914,0.0,86529000.0,3448813000.0,3526915000.0,0.0,196258000.0,,,1213736000.0,,,1729203542.0,1256000.0,4250000.0,-8928000.0,-58180000.0,-176882000.0,-253928000.0,56271000.0,11932000.0,198913000.0,0.0,130359000.0,105459000.0,105459000.0,-4493000.0,0.0,0.326,83710000.0,211752000.0,59770000.0,1.44,1.531,16.397,16.386,2109980000.0,24900000.0,16.96,5.347,5.345,14910000.0,-126930000.0,323418000.0,323418000.0,0.0,0.044,0.092,0.061,0.671,0.0,13003000.0,1.0,101957756.0,101926000,102386000.0,3.173,2343196000.0,0.0,0.0,0.0,22.989,
82,PEAK,MRT,2000-12-31,2000-12-31,2000-12-31,2021-08-25,0.0,2394852000.0,2421835750.0,,,0.134,11.157,59464000.0,58623000.0,58623000.0,27454000.0,133767000.0,,1.102,1158928000.0,,,1158928000.0,0.0,69839000.0,0.0,0.098,1.47,220514000.0,290353000.0,0.892,290353000.0,220514000.0,133767000.0,1.065,1.065,1.065,1139283000.0,1162370500.0,1139283000.0,2674421030.0,12.0,9.211,264975000.0,2.595,1.0,297904000.0,0.916,0.0,86747000.0,3495157000.0,3571321500.0,0.0,209852000.0,,,1255569000.0,,,1522767030.0,50927000.0,4250000.0,-16381000.0,-12786000.0,-175079000.0,-218298000.0,63714000.0,0.0,205511000.0,0.0,133767000.0,108867000.0,108867000.0,-2934000.0,0.0,0.335,81874000.0,216030000.0,57097000.0,1.38,1.337,13.987,14.028,2100509000.0,24900000.0,14.94,4.68,4.689,16341000.0,-107988000.0,325358000.0,325358000.0,0.0,0.045,0.094,0.062,0.678,0.0,13266000.0,1.0,101925504.0,102114000,102200000.0,3.186,2394852000.0,0.0,0.0,0.0,23.453,
83,PEAK,MRT,2000-09-30,2000-09-30,2000-09-30,2021-08-25,0.0,2404707000.0,2440470250.0,,,0.13,11.331,-23717000.0,4904000.0,4904000.0,26859000.0,123840000.0,,1.082,1156558000.0,,,1156558000.0,0.0,67160000.0,0.0,0.098,1.45,206995000.0,274155000.0,0.864,274155000.0,206995000.0,123840000.0,0.99,0.985,0.99,1154934000.0,1177614000.0,1154934000.0,2683735779.0,13.0,9.789,158477000.0,1.555,1.0,290593000.0,0.915,0.0,83155000.0,3556361000.0,3607832500.0,0.0,211768000.0,,,1249773000.0,,,1510013779.0,-3295000.0,-80071000.0,-13847000.0,92948000.0,-158832000.0,-91190000.0,-94299000.0,9489000.0,182194000.0,0.0,123840000.0,99718000.0,99718000.0,0.0,0.0,0.314,86818000.0,203775000.0,53491000.0,1.465,1.307,15.143,14.965,2162036000.0,24122000.0,14.815,4.757,4.757,15231000.0,-100146000.0,317452000.0,317452000.0,0.0,0.041,0.085,0.057,0.652,0.0,12805000.0,1.0,101924656.0,101924000,102054000.0,3.115,2404707000.0,0.0,0.0,0.0,23.593,
84,PEAK,MRT,2000-06-30,2000-06-30,2000-06-30,2021-08-25,0.0,2433607000.0,2215441250.0,,,0.129,11.449,-7932000.0,7177000.0,7177000.0,23864000.0,123105000.0,,1.081,1180899000.0,,,1180899000.0,0.0,59895000.0,0.0,0.105,1.43,198183000.0,258078000.0,0.902,258078000.0,198183000.0,123105000.0,1.15,1.145,1.15,1169345000.0,1043349250.0,1169345000.0,2563875711.0,13.0,9.934,154928000.0,1.517,1.0,262118000.0,0.917,0.0,75078000.0,3607329000.0,3295881750.0,0.0,234373000.0,,,1264262000.0,,,1391613711.0,1761000.0,-80071000.0,-13811000.0,99380000.0,-141437000.0,-59525000.0,-101574000.0,-13571000.0,162860000.0,0.0,123105000.0,101099000.0,101099000.0,0.0,0.0,0.354,69563000.0,192555000.0,43346000.0,1.243,1.19,13.765,11.839,2170982000.0,22006000.0,13.615,4.866,4.863,0.0,-85712000.0,285982000.0,285982000.0,0.0,0.046,0.097,0.06,0.693,0.0,12545000.0,1.0,102211804.0,102138000,102186000.0,2.8,2433607000.0,0.0,0.0,0.0,23.827,
85,PEAK,MRT,2000-03-31,2000-03-31,2000-03-31,2021-08-25,0.0,2454177000.0,1985288000.0,,,0.128,11.562,-59719000.0,4957000.0,4957000.0,21188000.0,106279000.0,,1.069,1177219000.0,,,1177219000.0,0.0,52549000.0,0.0,0.111,1.41,173400000.0,225949000.0,0.891,225949000.0,173400000.0,106279000.0,1.1,1.095,1.1,1185920000.0,904564250.0,1185920000.0,2475692204.0,14.0,10.957,84760000.0,0.826,1.0,232514000.0,0.916,0.0,67121000.0,3626439000.0,2978444500.0,0.0,235842000.0,,,1268257000.0,,,1303881204.0,705000.0,-80071000.0,23401000.0,135724000.0,-124122000.0,24528000.0,-168302000.0,-28512000.0,144479000.0,0.0,106279000.0,86388000.0,86388000.0,0.0,0.0,0.341,64862000.0,167652000.0,50546000.0,1.282,1.099,15.093,11.564,2189479000.0,19891000.0,12.72,5.139,5.143,0.0,-76685000.0,253702000.0,253702000.0,0.0,0.044,0.096,0.058,0.683,0.0,12313000.0,1.0,102506384.0,102570000,102600000.0,2.473,2454177000.0,0.0,0.0,0.0,23.927,
86,PEAK,MRT,1999-12-31,1999-12-31,1999-12-31,2021-08-25,0.0,2469390000.0,1733822250.0,,,0.13,17.249,-114583000.0,7696000.0,7696000.0,18240000.0,96225000.0,,1.057,1179507000.0,,,1179507000.0,0.0,44789000.0,0.0,0.116,1.39,154683000.0,199472000.0,0.887,199472000.0,154683000.0,96225000.0,1.125,1.125,1.125,1200257000.0,755846000.0,1200257000.0,2033740410.0,13.0,10.196,9534000.0,0.137,1.0,206553000.0,0.919,0.0,58458000.0,3641201000.0,2627815250.0,0.0,240799000.0,,,1269133000.0,,,1229773410.0,3192000.0,-80071000.0,29636000.0,174500000.0,-106177000.0,109535000.0,-230460000.0,-35806000.0,124117000.0,0.0,96225000.0,78450000.0,78450000.0,0.0,0.0,0.349,56697000.0,149856000.0,49222000.0,1.236,1.025,15.676,10.613,2192988000.0,17775000.0,11.94,5.471,3.696,13565000.0,-66676000.0,224793000.0,224793000.0,0.0,0.045,0.104,0.059,0.688,0.0,11908000.0,1.0,102996098.0,69584000,69584000.0,3.231,2469390000.0,0.0,0.0,0.0,35.488,
87,PEAK,MRT,1999-09-30,1999-09-30,1999-09-30,2021-08-25,0.0,1504591000.0,1455627750.0,,,0.137,9.641,-296167000.0,8199000.0,8199000.0,13876000.0,96293000.0,,1.435,812166000.0,,,812166000.0,0.0,37857000.0,0.0,0.104,1.37,147012000.0,184869000.0,0.93,184869000.0,147012000.0,96293000.0,1.265,1.255,1.265,617875000.0,604636500.0,617875000.0,1665771870.0,11.0,9.011,-176975000.0,-2.761,1.0,184876000.0,0.93,0.0,50719000.0,2308558000.0,2232803250.0,0.0,233645000.0,,,886716000.0,,,841185870.0,-74828000.0,36583000.0,29943000.0,178461000.0,-102847000.0,117354000.0,-311374000.0,-46725000.0,119192000.0,0.0,96293000.0,79855000.0,79855000.0,0.0,0.0,0.402,31145000.0,153731000.0,35150000.0,1.083,1.361,10.534,10.375,1238823000.0,16438000.0,13.125,4.232,4.232,0.0,-65474000.0,198752000.0,198752000.0,0.0,0.055,0.132,0.066,0.74,0.0,19541000.0,1.0,64090352.0,64090000,70912000.0,3.101,1504591000.0,0.0,0.0,0.0,23.476,
88,PEAK,MRT,1999-06-30,1999-06-30,1999-06-30,2021-08-25,0.0,1512994000.0,1389303000.0,,,0.136,9.694,-376147000.0,5416000.0,5416000.0,11136000.0,91016000.0,,1.463,830002000.0,,,830002000.0,0.0,35173000.0,0.0,0.093,1.35,138095000.0,173268000.0,0.918,173268000.0,138095000.0,91016000.0,1.23,1.215,1.23,614205000.0,598385500.0,614205000.0,1672163803.0,12.0,9.651,-252759000.0,-3.989,1.0,177564000.0,0.941,0.0,47079000.0,2337580000.0,2091212500.0,0.0,227864000.0,,,898789000.0,,,896555803.0,3327000.0,25764000.0,30066000.0,176369000.0,-98802000.0,250651000.0,-370712000.0,-20329000.0,123388000.0,0.0,91016000.0,76627000.0,76627000.0,0.0,0.0,0.406,32714000.0,144850000.0,28273000.0,1.098,1.46,11.7,11.74,1262463000.0,14389000.0,14.44,4.751,4.849,0.0,-69106000.0,188700000.0,188700000.0,0.0,0.055,0.128,0.066,0.732,0.0,16531000.0,1.0,62088352.0,63360000,63582000.0,2.978,1512994000.0,0.0,0.0,0.0,23.879,
89,PEAK,MRT,1999-03-31,1999-03-31,1999-03-31,2021-08-25,0.0,1448314000.0,1288325250.0,,,0.136,9.527,-436493000.0,4252000.0,4252000.0,8007000.0,89067000.0,,1.45,779860000.0,,,779860000.0,0.0,32318000.0,0.0,0.093,1.33,131387000.0,163705000.0,0.936,163705000.0,131387000.0,89067000.0,1.255,1.235,1.255,591047000.0,559897000.0,591047000.0,1596948935.0,12.0,9.755,-315049000.0,-5.078,1.0,166829000.0,0.954,0.0,42320000.0,2223922000.0,1933625000.0,0.0,215303000.0,,,857267000.0,,,892407935.0,1067000.0,18890000.0,23871000.0,256104000.0,-93889000.0,332215000.0,-452592000.0,-34989000.0,121444000.0,0.0,89067000.0,77607000.0,77607000.0,0.0,0.0,0.444,29159000.0,137670000.0,34497000.0,1.06,1.51,11.499,11.454,1213379000.0,11460000.0,14.375,5.104,5.101,0.0,-62564000.0,174836000.0,174836000.0,0.0,0.06,0.139,0.068,0.751,0.0,13543000.0,1.0,62080552.0,62042000,62238000.0,2.818,1448314000.0,0.0,0.0,0.0,23.344,
90,PEAK,MRT,1998-12-31,1998-12-31,1998-12-31,2021-08-25,0.0,1356612000.0,1167794000.0,,,0.138,9.683,-390184000.0,4504000.0,4504000.0,5053000.0,87167000.0,,1.278,709045000.0,,,709045000.0,0.0,29577000.0,0.0,0.085,1.31,124553000.0,154130000.0,0.954,154130000.0,124553000.0,87167000.0,1.28,1.27,1.28,595419000.0,522237000.0,595419000.0,1455745132.0,12.0,9.445,-277873000.0,-4.519,1.0,156496000.0,0.969,0.0,37386000.0,2061153000.0,1737783500.0,0.0,208841000.0,,,761193000.0,,,952842132.0,420000.0,0.0,23871000.0,243962000.0,-89210000.0,305633000.0,-417524000.0,-27340000.0,112311000.0,0.0,87167000.0,78635000.0,78635000.0,0.0,0.0,0.487,25953000.0,130543000.0,28758000.0,1.023,1.6,12.117,12.012,1131119000.0,8532000.0,15.375,5.898,5.853,0.0,-56724000.0,161549000.0,161549000.0,0.0,0.067,0.151,0.072,0.771,0.0,10429000.0,1.0,61973472.0,61494000,61494000.0,2.627,1356612000.0,0.0,0.0,0.0,22.061,
91,PEAK,MRT,1998-09-30,1998-09-30,1998-09-30,2021-08-25,0.0,1239292000.0,1063882000.0,,,0.141,9.573,-277467000.0,83027000.0,83027000.0,3373000.0,76758000.0,,1.09,585930000.0,,,585930000.0,0.0,27406000.0,0.0,0.078,1.29,110919000.0,138325000.0,0.922,138325000.0,110919000.0,76758000.0,1.18,1.16,1.18,592871000.0,483949500.0,592871000.0,1619927518.0,15.0,11.711,-167067000.0,-2.698,1.0,146653000.0,0.978,0.0,34161000.0,1742195000.0,1569929750.0,0.0,195848000.0,,,646421000.0,,,1021780518.0,80007000.0,-36583000.0,76817000.0,187185000.0,-83718000.0,314754000.0,-345147000.0,-36162000.0,110400000.0,0.0,76758000.0,71155000.0,71155000.0,0.0,0.0,0.474,31787000.0,114866000.0,39661000.0,1.093,1.723,14.36,13.983,945117000.0,5603000.0,16.5,6.811,6.811,0.0,-58920000.0,150026000.0,150026000.0,0.0,0.067,0.147,0.071,0.739,0.0,0.0,1.0,61926092.0,61930000,67738000.0,2.423,1239292000.0,0.0,0.0,0.0,20.011,
92,PEAK,MRT,1998-06-30,1998-06-30,1998-06-30,2021-08-25,0.0,1109083000.0,,,,,7.474,-244163000.0,2089000.0,2089000.0,1907000.0,67481000.0,,1.41,600236000.0,,,600236000.0,0.0,25586000.0,0.0,0.07,1.27,98798000.0,124384000.0,0.887,124384000.0,98798000.0,67481000.0,1.08,1.07,1.08,460251000.0,,460251000.0,1590760115.0,16.0,12.789,-147117000.0,-2.389,1.0,138260000.0,0.986,0.0,31317000.0,1707230000.0,,0.0,193905000.0,,,648832000.0,,,1116393115.0,-1267000.0,-25764000.0,76883000.0,156892000.0,-79029000.0,216323000.0,-314636000.0,-44709000.0,97046000.0,0.0,67481000.0,63872000.0,63872000.0,0.0,0.0,0.456,35559000.0,102701000.0,27422000.0,1.176,2.426,17.479,16.694,896943000.0,3609000.0,18.03,7.965,7.921,0.0,-61320000.0,140167000.0,140167000.0,0.0,,,,0.705,0.0,0.0,1.0,61918642.0,61578000,62158000.0,2.276,1109083000.0,0.0,0.0,0.0,18.011,
93,PEAK,MRT,1998-03-31,1998-03-31,1998-03-31,2021-08-25,0.0,966189000.0,,,,,7.283,-193378000.0,3185000.0,3185000.0,959000.0,65148000.0,,1.194,477552000.0,,,477552000.0,0.0,23830000.0,0.0,0.068,1.25,94844000.0,118674000.0,0.886,118674000.0,94844000.0,65148000.0,1.08,1.07,1.08,440407000.0,,440407000.0,1566067483.0,17.0,13.196,-102606000.0,-1.697,1.0,133011000.0,0.993,0.0,29696000.0,1440556000.0,,0.0,160153000.0,,,525782000.0,,,1117293483.0,-7677000.0,-18890000.0,53499000.0,88307000.0,-75240000.0,129421000.0,-227870000.0,-15602000.0,90772000.0,0.0,65148000.0,62720000.0,62720000.0,0.0,0.0,0.468,34333000.0,98678000.0,26751000.0,1.157,2.537,17.814,17.102,791251000.0,2428000.0,18.47,8.34,8.337,0.0,-57742000.0,133970000.0,133970000.0,0.0,,,,0.708,0.0,0.0,1.0,60492338.0,60474000,61152000.0,2.215,966189000.0,0.0,0.0,0.0,15.977,
94,PEAK,MRT,1997-12-31,1997-12-31,1997-12-31,2021-08-25,0.0,940964000.0,847308500.0,,,0.152,7.683,-191408000.0,4084000.0,4084000.0,162000.0,64789000.0,,1.128,452858000.0,,,452858000.0,0.0,22667000.0,0.0,0.065,1.23,93614000.0,116281000.0,0.905,116281000.0,93614000.0,64789000.0,1.105,1.095,1.105,442269000.0,389537500.0,442269000.0,,,,-103864000.0,-1.804,1.0,128341000.0,0.999,0.0,28825000.0,1389738000.0,1260042000.0,0.0,139622000.0,,,498695000.0,,,1143607650.0,1273000.0,0.0,53667000.0,73246000.0,-71926000.0,118967000.0,-205238000.0,-13830000.0,87544000.0,0.0,64789000.0,63542000.0,63542000.0,0.0,0.0,0.494,31023000.0,97318000.0,23492000.0,1.113,2.586,17.998,17.109,786502000.0,1247000.0,18.905,8.899,8.469,0.0,-54681000.0,128503000.0,128503000.0,0.0,0.075,0.163,0.074,0.728,0.0,0.0,1.0,60492338.0,57564000,57564000.0,2.232,940964000.0,0.0,0.0,0.0,16.346,
95,PEAK,MRT,1997-09-30,1997-09-30,1997-09-30,2021-08-25,,,,,,,,,,,,,,,,,,,,,,0.062,1.21,,,,,,,,,,,,,,,,,,1.0,,,,,,,,,,,,,,,,,,,,,,,,,,,,,,,,,,,,,,,,19.375,,,,,,,,,,,,,,1.0,,57442000,,,,,,,,
96,PEAK,MRT,1997-06-30,1997-06-30,1997-06-30,2021-08-25,,,,,,,,,,,,,,,,,,,,,,0.068,1.19,,,,,,,,,,,,,,,,,,1.0,,,,,,,,,,,,,,,,,,,,,,,,,,,,,,,,,,,,,,,,17.625,,,,,,,,,,,,,,1.0,,57424000,,,,,,,,
97,PEAK,MRT,1997-03-31,1997-03-31,1997-03-31,2021-08-25,,,,,,,,,,,,,,,,,,,,,,0.071,1.17,,,,,,,,,,,,,,,,,,1.0,,,,,,,,,,,,,,,,,,,,,,,,,,,,,,,,,,,,,,,,16.565,,,,,,,,,,,,,,1.0,,57402000,,,,,,,,
98,PEAK,MRT,1996-12-31,1996-12-31,1996-12-31,2021-08-25,0.0,753653000.0,,,,,5.878,-115308000.0,2811000.0,2811000.0,0.0,60641000.0,,1.238,379504000.0,,,379504000.0,0.0,20700000.0,0.0,0.066,1.15,87042000.0,107742000.0,0.895,107742000.0,87042000.0,60641000.0,1.06,1.05,1.06,336806000.0,,336806000.0,,,,-24723000.0,-0.431,1.0,120393000.0,1.0,0.0,26401000.0,1130346000.0,,0.0,118758000.0,,,416847000.0,,,,811000.0,4465000.0,1536000.0,80305000.0,-65905000.0,15023000.0,-104797000.0,6046000.0,90585000.0,0.0,60641000.0,60641000.0,60641000.0,0.0,0.0,0.504,29975000.0,90418000.0,19739000.0,1.085,,,16.509,623734000.0,0.0,17.5,,8.33,0.0,-47544000.0,120393000.0,120393000.0,0.0,,,,0.723,0.0,0.0,1.0,,57304000,57304000.0,2.101,753653000.0,0.0,0.0,0.0,13.152,
99,PEAK,MRT,1995-12-31,1995-12-31,1995-12-31,2021-08-25,,,,,,,,-74958000.0,,,720000.0,80266000.0,,,,,,,,16691000.0,,0.061,1.07,99605000.0,116296000.0,1.1,116296000.0,99605000.0,80266000.0,1.415,1.39,1.415,,,,,,,-3794000.0,-0.067,1.0,104976000.0,0.993,,19339000.0,,,,,,,,,,,-928000.0,0.0,47109000.0,21322000.0,-60167000.0,8535000.0,-80627000.0,-5669000.0,71164000.0,0.0,80266000.0,80266000.0,80266000.0,0.0,0.0,0.759,1692000.0,103284000.0,,0.756,,,12.413,,0.0,17.565,,9.422,,,105696000.0,105696000.0,0.0,,,,0.942,0.0,0.0,1.0,,56696000,56696000.0,1.864,,,0.0,,,
