None,ticker,dimension,calendardate,datekey,reportperiod,lastupdated,accoci,assets,assetsavg,assetsc,assetsnc,assetturnover,bvps,capex,cashneq,cashnequsd,cor,consolinc,currentratio,de,debt,debtc,debtnc,debtusd,deferredrev,depamor,deposits,divyield,dps,ebit,ebitda,ebitdamargin,ebitdausd,ebitusd,ebt,eps,epsdil,epsusd,equity,equityavg,equityusd,ev,evebit,evebitda,fcf,fcfps,fxusd,gp,grossmargin,intangibles,intexp,invcap,invcapavg,inventory,investments,investmentsc,investmentsnc,liabilities,liabilitiesc,liabilitiesnc,marketcap,ncf,ncfbus,ncfcommon,ncfdebt,ncfdiv,ncff,ncfi,ncfinv,ncfo,ncfx,netinc,netinccmn,netinccmnusd,netincdis,netincnci,netmargin,opex,opinc,payables,payoutratio,pb,pe,pe1,ppnenet,prefdivis,price,ps,ps1,receivables,retearn,revenue,revenueusd,rnd,roa,roe,roic,ros,sbcomp,sgna,sharefactor,sharesbas,shareswa,shareswadil,sps,tangibles,taxassets,taxexp,taxliabilities,tbvps,workingcapital
0,DD1,MRY,2016-12-31,2016-12-31,2016-12-31,2021-09-14,-9911000000.0,39964000000.0,41628000000.0,17117000000.0,22847000000.0,0.591,11.501,-1019000000.0,4605000000.0,4605000000.0,15155000000.0,2525000000.0,1.924,2.977,8536000000.0,429000000.0,8107000000.0,8536000000.0,0.0,1258000000.0,0.0,0.021,1.52,3627000000.0,4885000000.0,0.199,4885000000.0,3627000000.0,3257000000.0,2.87,2.85,2.87,9998000000.0,10118250000.0,9998000000.0,70713702800.0,19.0,14.476,2281000000.0,2.624,1.0,9439000000.0,0.384,7844000000.0,370000000.0,27154000000.0,30289500000.0,5673000000.0,2011000000.0,1362000000.0,649000000.0,29768000000.0,8897000000.0,20871000000.0,63809702800.0,-695000000.0,297000000.0,-735000000.0,-240000000.0,-1335000000.0,-2328000000.0,-1514000000.0,-837000000.0,3300000000.0,-153000000.0,2513000000.0,2513000000.0,2513000000.0,-4000000.0,12000000.0,0.102,5804000000.0,3635000000.0,3705000000.0,0.53,6.382,25.392,25.575,9231000000.0,0.0,73.4,2.595,2.595,4971000000.0,14924000000.0,24594000000.0,24594000000.0,1641000000.0,0.06,0.248,0.12,0.147,0.0,4319000000.0,1.0,869342000.0,869342000.0,,28.29,32120000000.0,3308000000.0,744000000.0,532000000.0,36.947,8220000000.0
1,DD1,MRY,2015-12-31,2015-12-31,2015-12-31,2021-09-14,-9396000000.0,41166000000.0,43937250000.0,17387000000.0,23779000000.0,0.572,11.402,-1629000000.0,5300000000.0,5300000000.0,15571000000.0,1959000000.0,1.685,3.099,8807000000.0,1165000000.0,7642000000.0,8807000000.0,0.0,1466000000.0,0.0,0.026,1.72,2991000000.0,4457000000.0,0.177,4457000000.0,2991000000.0,2649000000.0,2.17,2.16,2.17,9993000000.0,11847750000.0,9993000000.0,64980706200.0,22.0,14.579,687000000.0,0.784,1.0,9559000000.0,0.38,8392000000.0,342000000.0,25965000000.0,32061000000.0,6140000000.0,1594000000.0,906000000.0,688000000.0,30966000000.0,10316000000.0,20650000000.0,58368706200.0,-1610000000.0,-72000000.0,-2079000000.0,2141000000.0,-1546000000.0,-1823000000.0,-1828000000.0,-161000000.0,2316000000.0,-275000000.0,1953000000.0,1953000000.0,1953000000.0,-64000000.0,6000000.0,0.078,6626000000.0,2933000000.0,3398000000.0,0.793,5.841,29.887,30.691,9784000000.0,0.0,66.6,2.323,2.323,4643000000.0,14510000000.0,25130000000.0,25130000000.0,1898000000.0,0.044,0.165,0.093,0.119,0.0,4615000000.0,1.0,876407000.0,876407000.0,,28.674,32774000000.0,3799000000.0,696000000.0,590000000.0,37.396,7071000000.0
2,DD1,MRY,2014-12-31,2014-12-31,2014-12-31,2021-09-14,-8556000000.0,50490000000.0,48628750000.0,26082000000.0,24408000000.0,0.584,14.703,-2020000000.0,6910000000.0,6910000000.0,17668000000.0,3636000000.0,1.889,2.786,10655000000.0,1422000000.0,9233000000.0,10655000000.0,0.0,1617000000.0,0.0,0.025,1.84,5170000000.0,6787000000.0,0.239,6787000000.0,5170000000.0,4793000000.0,3.95,3.92,3.95,13320000000.0,15671500000.0,13320000000.0,76171721180.0,15.0,11.223,1692000000.0,1.868,1.0,10738000000.0,0.378,8901000000.0,377000000.0,31529000000.0,34265500000.0,6787000000.0,886000000.0,124000000.0,762000000.0,37112000000.0,13805000000.0,23307000000.0,66985721180.0,-2031000000.0,1050000000.0,-1673000000.0,-1701000000.0,-1696000000.0,-5074000000.0,-337000000.0,444000000.0,3712000000.0,-332000000.0,3625000000.0,3625000000.0,3625000000.0,-491000000.0,11000000.0,0.128,6048000000.0,4690000000.0,3786000000.0,0.466,5.029,18.479,18.719,10008000000.0,0.0,73.94,2.358,2.358,5238000000.0,16894000000.0,28406000000.0,28406000000.0,1958000000.0,0.075,0.231,0.151,0.182,0.0,4891000000.0,1.0,905947000.0,905947000.0,,31.355,41589000000.0,4266000000.0,1168000000.0,993000000.0,45.907,12277000000.0
3,DD1,MRY,2013-12-31,2013-12-31,2013-12-31,2021-09-14,-5441000000.0,51499000000.0,51350500000.0,24384000000.0,27115000000.0,0.565,17.524,-1882000000.0,8941000000.0,8941000000.0,18864000000.0,4862000000.0,1.824,2.17,12462000000.0,1721000000.0,10741000000.0,12462000000.0,0.0,1603000000.0,0.0,0.027,1.78,5656000000.0,7259000000.0,0.25,7259000000.0,5656000000.0,5208000000.0,5.22,5.18,5.22,16229000000.0,13904500000.0,16229000000.0,68122911910.0,12.0,9.385,1297000000.0,1.4,1.0,10134000000.0,0.349,9809000000.0,448000000.0,31844000000.0,35787000000.0,8042000000.0,1156000000.0,145000000.0,1011000000.0,35213000000.0,13367000000.0,21846000000.0,60168911910.0,4562000000.0,4792000000.0,-464000000.0,717000000.0,-1661000000.0,-1474000000.0,2945000000.0,-5000000.0,3179000000.0,-88000000.0,4848000000.0,4848000000.0,4848000000.0,-2656000000.0,14000000.0,0.167,7120000000.0,3014000000.0,5180000000.0,0.341,3.707,12.411,12.446,12993000000.0,0.0,64.97,2.075,2.075,6047000000.0,16784000000.0,28998000000.0,28998000000.0,2037000000.0,0.094,0.349,0.158,0.195,0.0,5342000000.0,1.0,926103000.0,926103000.0,,31.312,41690000000.0,3128000000.0,360000000.0,1173000000.0,45.017,11017000000.0
4,DD1,MRY,2012-12-31,2012-12-31,2012-12-31,2021-09-14,-8646000000.0,49859000000.0,50180000000.0,21317000000.0,28542000000.0,0.704,10.947,-1793000000.0,4284000000.0,4284000000.0,23256000000.0,2780000000.0,1.573,3.875,11740000000.0,1275000000.0,10465000000.0,11740000000.0,0.0,1713000000.0,0.0,0.038,1.7,3835000000.0,5548000000.0,0.157,5548000000.0,3835000000.0,3371000000.0,2.94,2.91,2.94,10208000000.0,10328750000.0,10208000000.0,53589146874.0,14.0,9.659,3056000000.0,3.277,1.0,12054000000.0,0.341,9742000000.0,464000000.0,34021000000.0,37264750000.0,7565000000.0,1286000000.0,123000000.0,1163000000.0,39560000000.0,13552000000.0,26008000000.0,41941146874.0,698000000.0,187000000.0,150000000.0,-793000000.0,-1594000000.0,-2697000000.0,-1346000000.0,275000000.0,4849000000.0,-13000000.0,2755000000.0,2755000000.0,2755000000.0,-308000000.0,25000000.0,0.078,8502000000.0,3552000000.0,4853000000.0,0.578,4.109,15.224,15.299,12741000000.0,0.0,44.978,1.188,1.188,5452000000.0,14383000000.0,35310000000.0,35310000000.0,2123000000.0,0.055,0.267,0.103,0.109,0.0,5886000000.0,1.0,932471000.0,932471000.0,,37.867,40117000000.0,4549000000.0,616000000.0,1199000000.0,43.022,7765000000.0
5,DD1,MRY,2011-12-31,2011-12-31,2011-12-31,2021-09-14,-8750000000.0,48492000000.0,46655500000.0,18058000000.0,30434000000.0,0.738,9.301,-1843000000.0,3586000000.0,3586000000.0,24774000000.0,3599000000.0,1.614,4.589,12553000000.0,817000000.0,11736000000.0,12553000000.0,0.0,1560000000.0,0.0,0.036,1.64,4653000000.0,6213000000.0,0.18,6213000000.0,4653000000.0,4206000000.0,3.82,3.77,3.82,8593000000.0,10742250000.0,8593000000.0,55048011820.0,12.0,8.86,3309000000.0,3.581,1.0,9649000000.0,0.28,10826000000.0,447000000.0,35448000000.0,36468250000.0,7195000000.0,1550000000.0,433000000.0,1117000000.0,39430000000.0,11185000000.0,28245000000.0,42297011820.0,-677000000.0,-6312000000.0,280000000.0,1561000000.0,-1533000000.0,403000000.0,-6238000000.0,1922000000.0,5152000000.0,6000000.0,3559000000.0,3559000000.0,3559000000.0,-367000000.0,40000000.0,0.103,5323000000.0,4326000000.0,4816000000.0,0.429,4.922,11.885,11.984,13412000000.0,0.0,45.78,1.229,1.229,6022000000.0,13422000000.0,34423000000.0,34423000000.0,1960000000.0,0.076,0.331,0.128,0.135,0.0,3310000000.0,1.0,923919000.0,923919000.0,,37.258,37666000000.0,4738000000.0,647000000.0,1256000000.0,40.768,6873000000.0
6,DD1,MRY,2010-12-31,2010-12-31,2010-12-31,2021-09-14,-5790000000.0,40410000000.0,39006500000.0,19059000000.0,21351000000.0,0.741,10.163,-1508000000.0,4263000000.0,4263000000.0,20574000000.0,3052000000.0,2.03,3.305,10270000000.0,133000000.0,10137000000.0,10270000000.0,0.0,1380000000.0,0.0,0.033,1.64,4136000000.0,5516000000.0,0.191,5516000000.0,4136000000.0,3546000000.0,3.32,3.28,3.32,9278000000.0,8820500000.0,9278000000.0,53833152720.0,13.0,9.759,3051000000.0,3.342,1.0,8325000000.0,0.288,5321000000.0,590000000.0,31707000000.0,33145000000.0,5967000000.0,3579000000.0,2538000000.0,1041000000.0,30667000000.0,9389000000.0,21278000000.0,45535152720.0,242000000.0,-542000000.0,458000000.0,-778000000.0,-1501000000.0,-1829000000.0,-2439000000.0,-281000000.0,4559000000.0,-49000000.0,3031000000.0,3031000000.0,3031000000.0,-307000000.0,21000000.0,0.105,4475000000.0,3850000000.0,4349000000.0,0.494,4.908,15.023,15.024,11339000000.0,0.0,49.88,1.576,1.576,5635000000.0,12030000000.0,28899000000.0,28899000000.0,1603000000.0,0.078,0.344,0.125,0.143,0.0,2912000000.0,1.0,912894000.0,912894000.0,,31.656,35089000000.0,3306000000.0,515000000.0,340000000.0,38.437,9670000000.0
7,DD1,MRY,2009-12-31,2009-12-31,2009-12-31,2021-09-14,-5771000000.0,38185000000.0,36124750000.0,17288000000.0,20897000000.0,0.756,7.984,-1308000000.0,4021000000.0,4021000000.0,19708000000.0,1769000000.0,1.841,4.232,11034000000.0,1506000000.0,9528000000.0,11034000000.0,0.0,1503000000.0,0.0,0.049,1.64,2578000000.0,4081000000.0,0.149,4081000000.0,2578000000.0,2170000000.0,1.93,1.92,1.93,7215000000.0,7387500000.0,7215000000.0,39249589100.0,15.0,9.618,3433000000.0,3.799,1.0,7620000000.0,0.279,4689000000.0,408000000.0,31119000000.0,30521000000.0,5380000000.0,3130000000.0,2116000000.0,1014000000.0,30534000000.0,9390000000.0,21144000000.0,30428589100.0,376000000.0,-46000000.0,1000000.0,1391000000.0,-1492000000.0,-97000000.0,-4298000000.0,-2943000000.0,4741000000.0,30000000.0,1755000000.0,1755000000.0,1755000000.0,0.0,14000000.0,0.064,5028000000.0,2592000000.0,3542000000.0,0.85,4.217,17.338,17.446,11094000000.0,0.0,33.67,1.113,1.113,5030000000.0,10710000000.0,27328000000.0,27328000000.0,1378000000.0,0.049,0.238,0.084,0.094,0.0,3440000000.0,1.0,903730000.0,903730000.0,,30.239,33496000000.0,612000000.0,415000000.0,280000000.0,37.064,7898000000.0
8,DD1,MRY,2008-12-31,2008-12-31,2008-12-31,2021-09-14,-5518000000.0,36209000000.0,37039750000.0,15311000000.0,20898000000.0,0.86,7.896,-1978000000.0,3645000000.0,3645000000.0,23548000000.0,2010000000.0,1.577,4.022,9650000000.0,2012000000.0,7638000000.0,9650000000.0,0.0,1444000000.0,0.0,0.065,1.64,2764000000.0,4208000000.0,0.132,4208000000.0,2764000000.0,2388000000.0,2.21,2.2,2.21,7125000000.0,11206000000.0,7125000000.0,31191733300.0,11.0,7.412,1151000000.0,1.276,1.0,8288000000.0,0.26,4845000000.0,376000000.0,27659000000.0,29981500000.0,5681000000.0,903000000.0,59000000.0,844000000.0,28657000000.0,9710000000.0,18947000000.0,22829733300.0,2340000000.0,-149000000.0,94000000.0,2089000000.0,-1496000000.0,878000000.0,-1610000000.0,548000000.0,3129000000.0,-57000000.0,2007000000.0,2007000000.0,2007000000.0,0.0,3000000.0,0.063,5521000000.0,2767000000.0,3128000000.0,0.742,3.204,11.375,11.448,11154000000.0,0.0,25.3,0.717,0.717,5140000000.0,10456000000.0,31836000000.0,31836000000.0,1393000000.0,0.054,0.179,0.092,0.087,0.0,3593000000.0,1.0,902361000.0,902361000.0,,35.281,31364000000.0,643000000.0,381000000.0,250000000.0,34.758,5601000000.0
9,DD1,MRY,2007-12-31,2007-12-31,2007-12-31,2021-09-14,-794000000.0,34131000000.0,33342250000.0,13160000000.0,20971000000.0,0.919,12.386,-1585000000.0,1305000000.0,1305000000.0,21746000000.0,2995000000.0,1.541,2.025,7325000000.0,1370000000.0,5955000000.0,7325000000.0,0.0,1371000000.0,0.0,0.034,1.52,4166000000.0,5537000000.0,0.181,5537000000.0,4166000000.0,3736000000.0,3.25,3.22,3.25,11136000000.0,10480000000.0,11136000000.0,47415015518.0,11.0,8.563,2705000000.0,3.009,1.0,8907000000.0,0.291,4930000000.0,430000000.0,26680000000.0,26900250000.0,5278000000.0,949000000.0,131000000.0,818000000.0,22553000000.0,8541000000.0,14012000000.0,39639015518.0,-509000000.0,125000000.0,-1250000000.0,-343000000.0,-1409000000.0,-3069000000.0,-1750000000.0,-324000000.0,4290000000.0,20000000.0,2988000000.0,2988000000.0,2988000000.0,0.0,7000000.0,0.097,4734000000.0,4173000000.0,3172000000.0,0.468,3.56,13.266,13.566,10860000000.0,0.0,44.09,1.293,1.293,5683000000.0,9945000000.0,30653000000.0,30653000000.0,1338000000.0,0.09,0.285,0.155,0.136,0.0,3396000000.0,1.0,899047755.0,899047755.0,,34.095,29201000000.0,564000000.0,748000000.0,978000000.0,32.48,4619000000.0
10,DD1,MRY,2006-12-31,2006-12-31,2006-12-31,2021-09-14,-1867000000.0,31777000000.0,33656750000.0,12870000000.0,18907000000.0,0.861,10.243,-1532000000.0,1814000000.0,1814000000.0,20636000000.0,3148000000.0,1.621,2.326,7530000000.0,1517000000.0,6013000000.0,7530000000.0,0.0,1384000000.0,0.0,0.03,1.48,3804000000.0,5188000000.0,0.179,5188000000.0,3804000000.0,3344000000.0,3.41,3.38,3.41,9422000000.0,9802750000.0,9422000000.0,52836644170.0,14.0,10.184,2204000000.0,2.396,1.0,8346000000.0,0.288,4587000000.0,460000000.0,24966000000.0,28002500000.0,4941000000.0,882000000.0,79000000.0,803000000.0,21914000000.0,7940000000.0,13974000000.0,44803644170.0,78000000.0,57000000.0,-132000000.0,-791000000.0,-1378000000.0,-2323000000.0,-1345000000.0,82000000.0,3736000000.0,10000000.0,3148000000.0,3148000000.0,3148000000.0,0.0,0.0,0.109,4557000000.0,3789000000.0,2711000000.0,0.434,4.755,14.232,14.284,10498000000.0,0.0,48.71,1.546,1.546,5198000000.0,9679000000.0,28982000000.0,28982000000.0,1302000000.0,0.094,0.321,0.136,0.131,0.0,3255000000.0,1.0,919803822.0,919803822.0,,31.509,27190000000.0,656000000.0,196000000.0,447000000.0,29.561,4930000000.0
11,DD1,MRY,2005-12-31,2005-12-31,2005-12-31,2021-09-14,-518000000.0,33291000000.0,36668250000.0,12422000000.0,20869000000.0,0.777,9.748,-1340000000.0,1736000000.0,1736000000.0,19683000000.0,2056000000.0,1.671,2.66,8180000000.0,1397000000.0,6783000000.0,8180000000.0,0.0,1358000000.0,0.0,0.034,1.46,4044000000.0,5402000000.0,0.19,5402000000.0,4044000000.0,3526000000.0,2.08,2.07,2.08,8962000000.0,11336500000.0,8962000000.0,44621406858.0,11.0,8.26,1202000000.0,1.307,1.0,8808000000.0,0.309,4771000000.0,518000000.0,27528000000.0,27859250000.0,4743000000.0,959000000.0,115000000.0,844000000.0,23839000000.0,7436000000.0,16403000000.0,39073406858.0,-1633000000.0,40000000.0,-3171000000.0,1772000000.0,-1439000000.0,-2851000000.0,-602000000.0,689000000.0,2542000000.0,-722000000.0,2056000000.0,2056000000.0,2056000000.0,0.0,0.0,0.072,4727000000.0,4081000000.0,2670000000.0,0.702,4.36,19.005,20.433,10309000000.0,0.0,42.5,1.371,1.371,4801000000.0,7990000000.0,28491000000.0,28491000000.0,1336000000.0,0.056,0.181,0.145,0.142,0.0,3223000000.0,1.0,919374279.0,919374279.0,,30.99,28520000000.0,828000000.0,1470000000.0,1473000000.0,31.021,4986000000.0
12,DD1,MRY,2004-12-31,2004-12-31,2004-12-31,2021-09-14,-423000000.0,35632000000.0,36765250000.0,15211000000.0,20421000000.0,0.761,10.532,-1232000000.0,3369000000.0,3369000000.0,20827000000.0,1780000000.0,1.916,2.034,6484000000.0,936000000.0,5548000000.0,6484000000.0,0.0,1347000000.0,0.0,0.029,1.4,1813000000.0,3160000000.0,0.113,3160000000.0,1813000000.0,1451000000.0,1.78,1.77,1.78,11377000000.0,10580000000.0,11377000000.0,57882514488.0,32.0,18.317,1999000000.0,1.851,1.0,7168000000.0,0.256,4930000000.0,362000000.0,25878000000.0,26122250000.0,4489000000.0,1201000000.0,167000000.0,1034000000.0,23145000000.0,7939000000.0,15206000000.0,52985514488.0,21000000.0,3723000000.0,-260000000.0,-3807000000.0,-1404000000.0,-5550000000.0,1936000000.0,-646000000.0,3231000000.0,404000000.0,1780000000.0,1780000000.0,1780000000.0,0.0,0.0,0.064,5364000000.0,1804000000.0,2661000000.0,0.787,4.657,29.767,27.556,10224000000.0,0.0,49.05,1.893,1.893,4889000000.0,10182000000.0,27995000000.0,27995000000.0,1333000000.0,0.048,0.168,0.069,0.065,0.0,3141000000.0,1.0,1080234750.0,1080234750.0,,25.916,30702000000.0,1557000000.0,-329000000.0,1158000000.0,28.422,7272000000.0
13,DD1,MRY,2003-12-31,2003-12-31,2003-12-31,2021-09-14,-1761000000.0,37039000000.0,37176500000.0,18462000000.0,18577000000.0,0.746,9.813,-1713000000.0,3273000000.0,3273000000.0,20759000000.0,973000000.0,1.415,2.736,10215000000.0,5914000000.0,4301000000.0,10215000000.0,0.0,1584000000.0,0.0,0.033,1.51,390000000.0,1974000000.0,0.071,1974000000.0,390000000.0,43000000.0,0.97,0.96,0.97,9781000000.0,9416750000.0,9781000000.0,53909092767.0,138.0,27.31,876000000.0,0.879,1.0,6971000000.0,0.251,4925000000.0,347000000.0,26013000000.0,27619250000.0,4107000000.0,1329000000.0,25000000.0,1304000000.0,26761000000.0,13043000000.0,13718000000.0,45742092767.0,-330000000.0,-1581000000.0,52000000.0,3391000000.0,-1407000000.0,31000000.0,-3375000000.0,-173000000.0,2589000000.0,425000000.0,973000000.0,973000000.0,973000000.0,0.0,0.0,0.035,6543000000.0,428000000.0,2412000000.0,1.557,4.677,47.011,47.309,9892000000.0,0.0,45.89,1.65,1.65,4218000000.0,10185000000.0,27730000000.0,27730000000.0,1349000000.0,0.026,0.103,0.014,0.014,0.0,3067000000.0,1.0,996776918.0,996776918.0,,27.82,32114000000.0,1141000000.0,-930000000.0,568000000.0,32.218,5419000000.0
14,DD1,MRY,2002-12-31,2002-12-31,2002-12-31,2021-09-14,-2767000000.0,34621000000.0,36529250000.0,13459000000.0,21162000000.0,0.671,9.122,-1280000000.0,3678000000.0,3678000000.0,17529000000.0,-1103000000.0,1.897,2.553,6832000000.0,1185000000.0,5647000000.0,6832000000.0,0.0,1515000000.0,0.0,0.033,1.4,-559000000.0,956000000.0,0.039,956000000.0,-559000000.0,-918000000.0,-1.12,-1.11,-1.12,9063000000.0,11570000000.0,9063000000.0,45743550219.0,-82.0,47.849,1159000000.0,1.167,1.0,6993000000.0,0.285,4276000000.0,359000000.0,26403000000.0,28093500000.0,4409000000.0,2512000000.0,465000000.0,2047000000.0,23135000000.0,7096000000.0,16039000000.0,42123550219.0,-2085000000.0,-955000000.0,-436000000.0,-281000000.0,-1401000000.0,-2118000000.0,-2592000000.0,-582000000.0,2439000000.0,186000000.0,-1103000000.0,-1103000000.0,-1103000000.0,0.0,0.0,-0.045,4535000000.0,2458000000.0,2727000000.0,-1.25,4.648,-38.19,-37.857,13286000000.0,0.0,42.4,1.718,1.718,3884000000.0,10619000000.0,24522000000.0,24522000000.0,1264000000.0,-0.03,-0.095,-0.02,-0.023,0.0,2763000000.0,1.0,993479958.0,993479958.0,,24.683,30345000000.0,848000000.0,185000000.0,610000000.0,30.544,6363000000.0
15,DD1,MRY,2001-12-31,2001-12-31,2001-12-31,2021-09-14,-273000000.0,40319000000.0,40214250000.0,14801000000.0,25518000000.0,0.631,14.097,-1241000000.0,5763000000.0,5763000000.0,16727000000.0,4339000000.0,1.835,1.622,6814000000.0,1464000000.0,5350000000.0,6814000000.0,0.0,1320000000.0,0.0,0.033,1.4,7396000000.0,8716000000.0,0.344,8716000000.0,7396000000.0,6806000000.0,4.18,4.16,4.18,14452000000.0,13236750000.0,14452000000.0,53202649203.0,7.0,6.104,1213000000.0,1.183,1.0,8643000000.0,0.341,6897000000.0,590000000.0,26406000000.0,30046000000.0,4215000000.0,2130000000.0,85000000.0,2045000000.0,23443000000.0,8067000000.0,15376000000.0,43579649203.0,4223000000.0,7580000000.0,-1665000000.0,-3026000000.0,-1460000000.0,-4171000000.0,6313000000.0,91000000.0,2454000000.0,-263000000.0,4339000000.0,4339000000.0,4339000000.0,0.0,0.0,0.171,7345000000.0,1298000000.0,2219000000.0,0.335,3.015,10.044,10.17,13287000000.0,0.0,42.51,1.718,1.718,3903000000.0,13517000000.0,25370000000.0,25370000000.0,1588000000.0,0.108,0.328,0.246,0.292,0.0,2925000000.0,1.0,1025162296.0,1025162296.0,,24.747,33422000000.0,618000000.0,2467000000.0,3985000000.0,32.602,6734000000.0
16,DD1,MRY,2000-12-31,2000-12-31,2000-12-31,2021-09-14,-188000000.0,39426000000.0,40549000000.0,11656000000.0,27770000000.0,0.72,12.806,-1222000000.0,1540000000.0,1540000000.0,18196000000.0,2314000000.0,1.259,1.936,9905000000.0,3247000000.0,6658000000.0,9905000000.0,0.0,1415000000.0,0.0,0.029,1.4,4196000000.0,5611000000.0,0.192,5611000000.0,4196000000.0,3386000000.0,2.21,2.19,2.21,13299000000.0,13247750000.0,13299000000.0,59638748412.0,14.0,10.629,3848000000.0,3.705,1.0,11006000000.0,0.377,8365000000.0,810000000.0,30171000000.0,37299500000.0,4658000000.0,2283000000.0,77000000.0,2206000000.0,25747000000.0,9255000000.0,16492000000.0,50171748412.0,74000000.0,-143000000.0,-399000000.0,-1673000000.0,-1465000000.0,-3537000000.0,-1244000000.0,25000000.0,5070000000.0,-215000000.0,2314000000.0,2314000000.0,2314000000.0,0.0,0.0,0.079,6778000000.0,4228000000.0,2731000000.0,0.633,3.773,21.682,21.86,14182000000.0,0.0,48.31,1.718,1.718,4552000000.0,12153000000.0,29202000000.0,29202000000.0,1776000000.0,0.057,0.175,0.112,0.144,0.0,3041000000.0,1.0,1038537537.0,1038537537.0,,28.118,31061000000.0,601000000.0,1072000000.0,2355000000.0,29.908,2401000000.0
17,DD1,MRY,1999-12-31,1999-12-31,1999-12-31,2021-09-14,-133000000.0,40777000000.0,38623750000.0,12653000000.0,28124000000.0,0.722,12.326,-1446000000.0,1466000000.0,1466000000.0,16991000000.0,7690000000.0,1.127,2.127,11566000000.0,4941000000.0,6625000000.0,11566000000.0,0.0,1444000000.0,0.0,0.023,1.5,9635000000.0,11079000000.0,0.397,11079000000.0,9635000000.0,9100000000.0,7.08,6.99,7.08,12875000000.0,13008250000.0,12875000000.0,76357294351.0,8.0,6.892,3394000000.0,3.249,1.0,10901000000.0,0.391,8724000000.0,535000000.0,30925000000.0,34430000000.0,5057000000.0,1575000000.0,116000000.0,1459000000.0,27385000000.0,11228000000.0,16157000000.0,68813294351.0,32000000.0,-5121000000.0,-522000000.0,-436000000.0,-1511000000.0,-2364000000.0,-6811000000.0,-258000000.0,4840000000.0,-108000000.0,7690000000.0,7690000000.0,7690000000.0,-7690000000.0,0.0,0.276,8676000000.0,2225000000.0,2780000000.0,0.212,5.345,8.948,9.305,14871000000.0,0.0,65.88,2.467,2.467,5318000000.0,11699000000.0,27892000000.0,27892000000.0,1617000000.0,0.199,0.591,0.28,0.345,0.0,2595000000.0,1.0,1044524808.0,1044524808.0,,26.703,32053000000.0,494000000.0,1410000000.0,2019000000.0,30.687,1425000000.0
18,DD1,MRY,1998-12-31,1998-12-31,1998-12-31,2021-09-14,-432000000.0,38536000000.0,43624000000.0,9236000000.0,29300000000.0,0.59,12.394,-1294000000.0,1059000000.0,1059000000.0,15556000000.0,4480000000.0,0.796,1.732,11124000000.0,6629000000.0,4495000000.0,11124000000.0,0.0,1452000000.0,0.0,0.026,1.365,5941000000.0,7393000000.0,0.287,7393000000.0,5941000000.0,5421000000.0,3.96,3.9,3.96,13954000000.0,12281750000.0,13954000000.0,75075207635.0,13.0,10.155,2838000000.0,2.521,1.0,10192000000.0,0.396,0.0,520000000.0,36991000000.0,40588250000.0,3129000000.0,1806000000.0,10000000.0,1796000000.0,24175000000.0,11610000000.0,12565000000.0,59738207635.0,430000000.0,861000000.0,-447000000.0,-1057000000.0,-1549000000.0,-3053000000.0,-178000000.0,131000000.0,4132000000.0,97000000.0,4480000000.0,4480000000.0,4480000000.0,-3033000000.0,0.0,0.174,7059000000.0,3133000000.0,1929000000.0,0.345,4.281,13.334,13.399,14131000000.0,0.0,53.06,2.32,2.32,4201000000.0,6705000000.0,25748000000.0,25748000000.0,1308000000.0,0.103,0.365,0.146,0.231,0.0,2115000000.0,1.0,1125861433.0,1125861433.0,,22.87,38536000000.0,645000000.0,941000000.0,560000000.0,34.228,-2374000000.0
19,DD1,MRY,1997-12-31,1997-12-31,1997-12-31,2021-09-14,-297000000.0,36689000000.0,40085500000.0,9107000000.0,27582000000.0,0.626,9.96,-1531000000.0,1004000000.0,1004000000.0,15544000000.0,2405000000.0,0.812,2.223,12049000000.0,6152000000.0,5897000000.0,12049000000.0,0.0,1361000000.0,0.0,0.02,1.23,4148000000.0,5509000000.0,0.22,5509000000.0,4148000000.0,3759000000.0,2.12,2.08,2.12,11270000000.0,11573000000.0,11270000000.0,78534523088.0,19.0,14.256,2496000000.0,2.206,1.0,9550000000.0,0.381,0.0,389000000.0,36517000000.0,37570000000.0,2792000000.0,2514000000.0,142000000.0,2372000000.0,25058000000.0,11217000000.0,13841000000.0,67962523088.0,-62000000.0,-3158000000.0,-1631000000.0,2637000000.0,-1401000000.0,-451000000.0,-4022000000.0,115000000.0,4027000000.0,-99000000.0,2405000000.0,2405000000.0,2405000000.0,-973000000.0,0.0,0.096,6332000000.0,3218000000.0,1921000000.0,0.58,6.03,28.259,28.33,12601000000.0,0.0,60.06,2.708,2.708,4309000000.0,4389000000.0,25094000000.0,25094000000.0,1072000000.0,0.06,0.208,0.11,0.165,0.0,2061000000.0,1.0,1131577141.0,1131577141.0,,22.176,36689000000.0,691000000.0,1354000000.0,620000000.0,32.423,-2110000000.0
20,DD1,MRY,1996-12-31,1996-12-31,1996-12-31,2021-09-14,-139000000.0,37870000000.0,37591000000.0,11103000000.0,26767000000.0,0.658,9.363,-669000000.0,1066000000.0,1066000000.0,15314000000.0,3636000000.0,1.011,2.516,8997000000.0,3910000000.0,5087000000.0,8997000000.0,0.0,1526000000.0,0.0,0.024,1.115,5461000000.0,6987000000.0,0.282,6987000000.0,5461000000.0,5052000000.0,3.23,3.18,3.23,10593000000.0,9514500000.0,10593000000.0,,,,3440000000.0,3.04,1.0,9431000000.0,0.381,0.0,409000000.0,34814000000.0,34911000000.0,3706000000.0,2531000000.0,253000000.0,2278000000.0,26657000000.0,10987000000.0,15670000000.0,53243396558.0,-342000000.0,-157000000.0,315000000.0,-2931000000.0,-1261000000.0,-4018000000.0,-987000000.0,-197000000.0,4109000000.0,-52000000.0,3636000000.0,3636000000.0,3636000000.0,-705000000.0,0.0,0.147,4635000000.0,4796000000.0,2757000000.0,0.345,5.026,14.643,14.57,21213000000.0,0.0,47.06,2.152,2.152,5193000000.0,4931000000.0,24745000000.0,24745000000.0,990000000.0,0.097,0.382,0.156,0.221,0.0,2119000000.0,1.0,1131393892.0,1131393892.0,,21.871,37870000000.0,588000000.0,1416000000.0,2659000000.0,33.472,116000000.0
21,DD1,MRY,1995-12-31,1995-12-31,1995-12-31,2021-09-14,0.0,37312000000.0,,10955000000.0,26357000000.0,,,-2903000000.0,1408000000.0,1408000000.0,23363000000.0,3293000000.0,0.86,3.396,11835000000.0,6157000000.0,5678000000.0,11835000000.0,0.0,2722000000.0,0.0,0.029,1.015,6148000000.0,8870000000.0,0.205,8870000000.0,6148000000.0,5390000000.0,2.81,2.77,2.81,8436000000.0,,8436000000.0,,,,3858000000.0,,1.0,19859000000.0,0.459,0.0,758000000.0,35008000000.0,,3737000000.0,1893000000.0,47000000.0,1846000000.0,28646000000.0,12731000000.0,15915000000.0,,552000000.0,-254000000.0,-6545000000.0,4170000000.0,-1196000000.0,-3571000000.0,-2713000000.0,500000000.0,6761000000.0,75000000.0,3293000000.0,3293000000.0,3293000000.0,0.0,0.0,0.076,13711000000.0,6148000000.0,2636000000.0,0.361,,,12.434,21341000000.0,0.0,34.94,,,4912000000.0,9503000000.0,43222000000.0,43222000000.0,1067000000.0,,,,0.142,0.0,2995000000.0,1.0,,,,,37312000000.0,575000000.0,2097000000.0,2253000000.0,,-1776000000.0
22,DD1,MRY,1994-12-31,1994-12-31,1994-12-31,2021-09-14,,,,,,,,-2618000000.0,,,21810000000.0,2727000000.0,,,,,,,,2976000000.0,,0.032,0.91,4941000000.0,7917000000.0,0.197,7917000000.0,4941000000.0,4382000000.0,2.0,,2.0,,,,,,,3046000000.0,,1.0,18411000000.0,0.458,,559000000.0,,,,,,,,,,,-253000000.0,-95000000.0,94000000.0,-1725000000.0,-1247000000.0,-2878000000.0,-3133000000.0,-379000000.0,5664000000.0,94000000.0,2727000000.0,2727000000.0,2727000000.0,0.0,0.0,0.068,13470000000.0,4941000000.0,,0.455,,,14.033,,0.0,28.065,,,,,40221000000.0,40221000000.0,1047000000.0,,,,0.123,0.0,2875000000.0,1.0,,,,,,,1655000000.0,,,
0,DD1,MRQ,2017-06-30,2017-06-30,2017-06-30,2021-09-14,-9065000000.0,43206000000.0,,20122000000.0,23084000000.0,,14.288,-194000000.0,3254000000.0,3254000000.0,4368000000.0,869000000.0,1.927,2.471,13559000000.0,3473000000.0,10086000000.0,13559000000.0,0.0,289000000.0,0.0,0.019,0.38,1089000000.0,1378000000.0,0.186,1378000000.0,1089000000.0,990000000.0,0.99,0.99,0.99,12388000000.0,,12388000000.0,77009152720.0,26.0,18.678,-2625000000.0,-3.028,1.0,3056000000.0,0.412,7855000000.0,99000000.0,35214000000.0,,4856000000.0,3672000000.0,2974000000.0,698000000.0,30612000000.0,10442000000.0,20170000000.0,69978152720.0,-93000000.0,13000000.0,43000000.0,3197000000.0,-333000000.0,2890000000.0,-597000000.0,-419000000.0,-2431000000.0,45000000.0,862000000.0,862000000.0,862000000.0,-10000000.0,7000000.0,0.116,1970000000.0,1086000000.0,2756000000.0,0.384,5.649,31.212,31.283,8959000000.0,0.0,80.71,2.766,2.766,8562000000.0,16233000000.0,7424000000.0,7424000000.0,441000000.0,,,,,0.0,1348000000.0,1.0,867032000.0,867032000.0,,8.563,35351000000.0,2841000000.0,128000000.0,519000000.0,40.772,9680000000.0
1,DD1,MRQ,2017-03-31,2017-03-31,2017-03-31,2021-09-14,-9423000000.0,41850000000.0,,19050000000.0,22800000000.0,,13.222,-330000000.0,3347000000.0,3347000000.0,4575000000.0,1121000000.0,1.942,2.643,10378000000.0,2279000000.0,8099000000.0,10378000000.0,0.0,281000000.0,0.0,0.019,0.38,1421000000.0,1702000000.0,0.22,1702000000.0,1421000000.0,1337000000.0,1.28,1.27,1.28,11431000000.0,,11431000000.0,73382229420.0,22.0,16.296,-1954000000.0,-2.26,1.0,3168000000.0,0.409,7796000000.0,84000000.0,31275000000.0,,5287000000.0,3257000000.0,2570000000.0,687000000.0,30215000000.0,9810000000.0,20405000000.0,69451229420.0,-1258000000.0,261000000.0,160000000.0,1844000000.0,-331000000.0,1641000000.0,-1335000000.0,-1220000000.0,-1624000000.0,60000000.0,1113000000.0,1113000000.0,1113000000.0,217000000.0,8000000.0,0.144,1522000000.0,1646000000.0,3038000000.0,0.297,6.076,28.938,29.211,9084000000.0,0.0,80.33,2.786,2.786,7272000000.0,15704000000.0,7743000000.0,7743000000.0,416000000.0,,,,,0.0,1260000000.0,1.0,864574000.0,864574000.0,,8.956,34054000000.0,3382000000.0,224000000.0,580000000.0,39.388,9240000000.0
2,DD1,MRQ,2016-12-31,2016-12-31,2016-12-31,2021-09-14,-9911000000.0,39964000000.0,,17117000000.0,22847000000.0,,11.501,-260000000.0,4605000000.0,4605000000.0,3329000000.0,263000000.0,1.924,2.977,8536000000.0,429000000.0,8107000000.0,8536000000.0,0.0,279000000.0,0.0,0.021,0.38,458000000.0,737000000.0,0.141,737000000.0,458000000.0,366000000.0,0.31,0.3,0.31,9998000000.0,,9998000000.0,70713702800.0,19.0,14.476,4117000000.0,4.736,1.0,1882000000.0,0.361,7844000000.0,92000000.0,27154000000.0,,5673000000.0,2011000000.0,1362000000.0,649000000.0,29768000000.0,8897000000.0,20871000000.0,63809702800.0,153000000.0,59000000.0,-459000000.0,-2816000000.0,-331000000.0,-3608000000.0,-439000000.0,-299000000.0,4377000000.0,-177000000.0,265000000.0,265000000.0,265000000.0,-11000000.0,-2000000.0,0.051,1437000000.0,445000000.0,3705000000.0,1.226,6.382,25.392,25.575,9231000000.0,0.0,73.4,2.595,2.595,4971000000.0,14924000000.0,5211000000.0,5211000000.0,381000000.0,,,,,0.0,964000000.0,1.0,869342000.0,869342000.0,,5.994,32120000000.0,3308000000.0,101000000.0,532000000.0,36.947,8220000000.0
3,DD1,MRQ,2016-09-30,2016-09-30,2016-09-30,2021-09-14,-10667000000.0,42481000000.0,,18298000000.0,24183000000.0,,11.153,-252000000.0,4452000000.0,4452000000.0,3266000000.0,6000000.0,2.009,3.336,11356000000.0,3242000000.0,8114000000.0,11356000000.0,0.0,280000000.0,0.0,0.023,0.38,26000000.0,306000000.0,0.062,306000000.0,26000000.0,-67000000.0,0.0,0.0,0.0,9751000000.0,,9751000000.0,64556545250.0,23.0,15.784,174000000.0,0.199,1.0,1651000000.0,0.336,8054000000.0,93000000.0,32221000000.0,,5168000000.0,1767000000.0,1080000000.0,687000000.0,32527000000.0,9110000000.0,23417000000.0,58553545250.0,41000000.0,28000000.0,-364000000.0,944000000.0,-335000000.0,243000000.0,-657000000.0,-432000000.0,426000000.0,29000000.0,2000000.0,2000000.0,2000000.0,7000000.0,4000000.0,0.0,1614000000.0,37000000.0,2627000000.0,,6.005,29.35,29.245,9654000000.0,0.0,66.97,2.372,2.372,7073000000.0,15407000000.0,4917000000.0,4917000000.0,410000000.0,,,,,0.0,1016000000.0,1.0,874325000.0,874325000.0,,5.624,34427000000.0,4466000000.0,-69000000.0,485000000.0,39.376,9188000000.0
4,DD1,MRQ,2016-06-30,2016-06-30,2016-06-30,2021-09-14,-10757000000.0,42266000000.0,,18091000000.0,24175000000.0,,11.834,-150000000.0,4411000000.0,4411000000.0,4133000000.0,1024000000.0,2.159,3.069,10414000000.0,2295000000.0,8119000000.0,10414000000.0,0.0,339000000.0,0.0,0.023,0.38,1419000000.0,1758000000.0,0.249,1758000000.0,1419000000.0,1326000000.0,1.16,1.16,1.16,10337000000.0,,10337000000.0,62188577600.0,19.0,13.857,196000000.0,0.224,1.0,2928000000.0,0.415,8212000000.0,93000000.0,31679000000.0,,4756000000.0,1437000000.0,742000000.0,695000000.0,31725000000.0,8378000000.0,23347000000.0,56603577600.0,245000000.0,18000000.0,34000000.0,674000000.0,-335000000.0,369000000.0,-445000000.0,-310000000.0,346000000.0,-25000000.0,1020000000.0,1020000000.0,1020000000.0,3000000.0,4000000.0,0.144,1502000000.0,1426000000.0,2244000000.0,0.328,5.476,25.406,25.412,9624000000.0,0.0,64.8,2.297,2.297,7656000000.0,16084000000.0,7061000000.0,7061000000.0,432000000.0,,,,,0.0,1211000000.0,1.0,873512000.0,873512000.0,,8.083,34054000000.0,4474000000.0,306000000.0,574000000.0,38.985,9713000000.0
5,DD1,MRQ,2016-03-31,2016-03-31,2016-03-31,2021-09-14,-9951000000.0,41801000000.0,,17865000000.0,23936000000.0,,11.916,-357000000.0,4166000000.0,4166000000.0,4427000000.0,1232000000.0,1.995,3.004,9751000000.0,1625000000.0,8126000000.0,9751000000.0,0.0,360000000.0,0.0,0.026,0.38,1724000000.0,2084000000.0,0.281,2084000000.0,1724000000.0,1632000000.0,1.4,1.39,1.4,10387000000.0,,10387000000.0,58701840920.0,19.0,13.191,-2163000000.0,-2.481,1.0,2978000000.0,0.402,8327000000.0,92000000.0,30104000000.0,,5482000000.0,1312000000.0,623000000.0,689000000.0,31203000000.0,8955000000.0,22248000000.0,55194840920.0,-1134000000.0,192000000.0,36000000.0,958000000.0,-334000000.0,625000000.0,27000000.0,204000000.0,-1806000000.0,20000000.0,1226000000.0,1226000000.0,1226000000.0,-3000000.0,6000000.0,0.166,1251000000.0,1727000000.0,2773000000.0,0.271,5.314,25.696,26.058,9649000000.0,0.0,63.32,2.235,2.235,6917000000.0,15400000000.0,7405000000.0,7405000000.0,418000000.0,,,,,0.0,1128000000.0,1.0,871681000.0,871681000.0,,8.495,33474000000.0,4142000000.0,406000000.0,593000000.0,38.402,8910000000.0
6,DD1,MRQ,2015-12-31,2015-12-31,2015-12-31,2021-09-14,-9396000000.0,41166000000.0,,17387000000.0,23779000000.0,,11.402,-338000000.0,5300000000.0,5300000000.0,3455000000.0,-256000000.0,1.685,3.099,8807000000.0,1165000000.0,7642000000.0,8807000000.0,0.0,303000000.0,0.0,0.026,0.38,-361000000.0,-58000000.0,-0.011,-58000000.0,-361000000.0,-443000000.0,-0.27,-0.27,-0.27,9993000000.0,,9993000000.0,64980706200.0,22.0,14.579,3823000000.0,4.362,1.0,1844000000.0,0.348,8392000000.0,82000000.0,25965000000.0,,6140000000.0,1594000000.0,906000000.0,688000000.0,30966000000.0,10316000000.0,20650000000.0,58368706200.0,1976000000.0,-15000000.0,66000000.0,-1121000000.0,-336000000.0,-1393000000.0,-783000000.0,-452000000.0,4161000000.0,-9000000.0,-253000000.0,-253000000.0,-253000000.0,25000000.0,-3000000.0,-0.048,2183000000.0,-339000000.0,3398000000.0,-1.407,5.841,29.887,30.691,9784000000.0,0.0,66.6,2.323,2.323,4643000000.0,14510000000.0,5299000000.0,5299000000.0,483000000.0,,,,,0.0,1075000000.0,1.0,876407000.0,876407000.0,,6.046,32774000000.0,3799000000.0,-190000000.0,590000000.0,37.396,7071000000.0
7,DD1,MRQ,2015-09-30,2015-09-30,2015-09-30,2021-09-14,-8911000000.0,40302000000.0,,17046000000.0,23256000000.0,,12.165,-353000000.0,3324000000.0,3324000000.0,3175000000.0,235000000.0,2.04,2.642,9936000000.0,1781000000.0,8155000000.0,9936000000.0,0.0,291000000.0,0.0,0.038,0.38,413000000.0,704000000.0,0.144,704000000.0,413000000.0,331000000.0,0.26,0.26,0.26,11007000000.0,,11007000000.0,51602191600.0,12.0,8.73,-153000000.0,-0.169,1.0,1698000000.0,0.348,8463000000.0,82000000.0,30097000000.0,,5888000000.0,1118000000.0,406000000.0,712000000.0,29080000000.0,8354000000.0,20726000000.0,43613191600.0,-1422000000.0,22000000.0,-1993000000.0,1152000000.0,-335000000.0,-1432000000.0,-62000000.0,270000000.0,200000000.0,-128000000.0,235000000.0,235000000.0,235000000.0,-104000000.0,0.0,0.048,1389000000.0,309000000.0,2830000000.0,1.462,3.962,15.096,15.157,9769000000.0,0.0,48.2,1.749,1.749,6656000000.0,15441000000.0,4873000000.0,4873000000.0,441000000.0,,,,,0.0,1046000000.0,1.0,904838000.0,904838000.0,,5.385,31839000000.0,3737000000.0,96000000.0,928000000.0,35.188,8692000000.0
8,DD1,MRQ,2015-06-30,2015-06-30,2015-06-30,2021-09-14,-9446000000.0,48106000000.0,,21045000000.0,27061000000.0,,15.012,-373000000.0,4746000000.0,4746000000.0,4277000000.0,945000000.0,2.418,2.535,12735000000.0,647000000.0,12088000000.0,12735000000.0,0.0,426000000.0,0.0,0.03,0.49,1294000000.0,1720000000.0,0.242,1720000000.0,1294000000.0,1200000000.0,1.04,1.03,1.04,13589000000.0,,13589000000.0,64651906150.0,14.0,10.111,-295000000.0,-0.326,1.0,2844000000.0,0.399,8741000000.0,94000000.0,38649000000.0,,6514000000.0,1451000000.0,556000000.0,895000000.0,34453000000.0,8705000000.0,25748000000.0,57889906150.0,1124000000.0,-59000000.0,-40000000.0,2419000000.0,-446000000.0,1853000000.0,-843000000.0,-421000000.0,78000000.0,36000000.0,940000000.0,940000000.0,940000000.0,29000000.0,5000000.0,0.132,1516000000.0,1328000000.0,3399000000.0,0.471,4.26,18.753,18.864,13061000000.0,0.0,63.95,2.199,2.199,8308000000.0,17838000000.0,7121000000.0,7121000000.0,495000000.0,,,,,0.0,1274000000.0,1.0,905237000.0,905237000.0,,7.866,39365000000.0,3848000000.0,260000000.0,1085000000.0,43.486,12340000000.0
9,DD1,MRQ,2015-03-31,2015-03-31,2015-03-31,2021-09-14,-9722000000.0,46175000000.0,,19319000000.0,26856000000.0,,14.139,-565000000.0,3622000000.0,3622000000.0,4664000000.0,1035000000.0,1.8,2.602,10384000000.0,1621000000.0,8763000000.0,10384000000.0,0.0,446000000.0,0.0,0.026,0.47,1645000000.0,2091000000.0,0.267,2091000000.0,1645000000.0,1561000000.0,1.13,1.13,1.13,12802000000.0,,12802000000.0,68493938580.0,14.0,10.304,-2688000000.0,-2.969,1.0,3173000000.0,0.405,8672000000.0,84000000.0,33533000000.0,,7051000000.0,1054000000.0,125000000.0,929000000.0,33313000000.0,10732000000.0,22581000000.0,64709938580.0,-3288000000.0,-20000000.0,-112000000.0,-309000000.0,-429000000.0,-851000000.0,-140000000.0,442000000.0,-2123000000.0,-174000000.0,1031000000.0,1031000000.0,1031000000.0,-14000000.0,4000000.0,0.132,1538000000.0,1635000000.0,3706000000.0,0.416,5.055,20.115,20.362,12873000000.0,0.0,71.47,2.207,2.207,7651000000.0,17405000000.0,7837000000.0,7837000000.0,479000000.0,,,,,0.0,1220000000.0,1.0,905414000.0,905414000.0,,8.656,37503000000.0,3748000000.0,530000000.0,1143000000.0,41.421,8587000000.0
10,DD1,MRQ,2014-12-31,2014-12-31,2014-12-31,2021-09-14,-8556000000.0,50490000000.0,,26082000000.0,24408000000.0,,14.703,-709000000.0,6910000000.0,6910000000.0,3709000000.0,683000000.0,1.889,2.786,10655000000.0,1422000000.0,9233000000.0,10655000000.0,0.0,379000000.0,0.0,0.025,0.47,1017000000.0,1396000000.0,0.274,1396000000.0,1017000000.0,930000000.0,0.75,0.75,0.75,13320000000.0,,13320000000.0,76171721180.0,15.0,11.223,4805000000.0,5.304,1.0,1391000000.0,0.273,8901000000.0,87000000.0,31529000000.0,,6787000000.0,886000000.0,124000000.0,762000000.0,37112000000.0,13805000000.0,23307000000.0,66985721180.0,2928000000.0,331000000.0,42000000.0,-2450000000.0,-428000000.0,-2841000000.0,383000000.0,769000000.0,5514000000.0,-128000000.0,683000000.0,683000000.0,683000000.0,-106000000.0,0.0,0.134,480000000.0,911000000.0,3786000000.0,0.627,5.029,18.479,18.719,10008000000.0,0.0,73.94,2.358,2.358,5238000000.0,16894000000.0,5100000000.0,5100000000.0,467000000.0,,,,,0.0,1058000000.0,1.0,905947000.0,905947000.0,,5.629,41589000000.0,4266000000.0,247000000.0,993000000.0,45.907,12277000000.0
11,DD1,MRQ,2014-09-30,2014-09-30,2014-09-30,2021-09-14,-5789000000.0,47911000000.0,,21168000000.0,26743000000.0,,17.398,-530000000.0,3982000000.0,3982000000.0,3899000000.0,434000000.0,1.744,2.005,13168000000.0,3889000000.0,9279000000.0,13168000000.0,0.0,358000000.0,0.0,0.025,0.47,829000000.0,1187000000.0,0.189,1187000000.0,829000000.0,736000000.0,0.47,0.47,0.47,15923000000.0,,15923000000.0,73301765920.0,17.0,12.532,-261000000.0,-0.285,1.0,2370000000.0,0.378,9332000000.0,93000000.0,35628000000.0,,7295000000.0,1564000000.0,566000000.0,998000000.0,31929000000.0,12137000000.0,19792000000.0,65677765920.0,-192000000.0,93000000.0,-868000000.0,1380000000.0,-432000000.0,157000000.0,-488000000.0,-240000000.0,269000000.0,-130000000.0,433000000.0,433000000.0,433000000.0,-103000000.0,1000000.0,0.069,1643000000.0,727000000.0,3757000000.0,1.0,4.125,21.003,21.231,13114000000.0,0.0,71.76,2.413,2.413,8347000000.0,16913000000.0,6269000000.0,6269000000.0,486000000.0,,,,,0.0,1157000000.0,1.0,915242000.0,915242000.0,,6.85,38579000000.0,3002000000.0,303000000.0,1405000000.0,42.152,9031000000.0
12,DD1,MRQ,2014-06-30,2014-06-30,2014-06-30,2021-09-14,-5453000000.0,48314000000.0,,21329000000.0,26985000000.0,,18.58,-461000000.0,4174000000.0,4174000000.0,6299000000.0,1074000000.0,1.932,1.828,11798000000.0,2506000000.0,9292000000.0,11798000000.0,0.0,443000000.0,0.0,0.028,0.45,1530000000.0,1973000000.0,0.195,1973000000.0,1530000000.0,1436000000.0,1.16,1.15,1.16,17063000000.0,,17063000000.0,67631693120.0,18.0,12.527,-111000000.0,-0.121,1.0,3815000000.0,0.377,9571000000.0,94000000.0,35328000000.0,,6940000000.0,1155000000.0,173000000.0,982000000.0,31186000000.0,11039000000.0,20147000000.0,60096693120.0,392000000.0,641000000.0,61000000.0,496000000.0,-416000000.0,79000000.0,4000000.0,-180000000.0,350000000.0,-41000000.0,1070000000.0,1070000000.0,1070000000.0,0.0,4000000.0,0.106,2281000000.0,1534000000.0,3542000000.0,0.388,3.522,20.173,20.386,13035000000.0,0.0,65.44,2.09,2.09,8896000000.0,17572000000.0,10114000000.0,10114000000.0,545000000.0,,,,,0.0,1473000000.0,1.0,918348000.0,918348000.0,,11.013,38743000000.0,3314000000.0,366000000.0,1687000000.0,42.188,10290000000.0
13,DD1,MRQ,2014-03-31,2014-03-31,2014-03-31,2021-09-14,-5402000000.0,47800000000.0,,20834000000.0,26966000000.0,,17.656,-320000000.0,3782000000.0,3782000000.0,6286000000.0,1445000000.0,1.879,1.914,11317000000.0,2019000000.0,9298000000.0,11317000000.0,0.0,437000000.0,0.0,0.027,0.45,1899000000.0,2336000000.0,0.23,2336000000.0,1899000000.0,1796000000.0,1.56,1.54,1.56,16380000000.0,,16380000000.0,65770810700.0,18.0,12.386,-2741000000.0,-2.955,1.0,3859000000.0,0.38,9673000000.0,103000000.0,34577000000.0,,7610000000.0,1054000000.0,67000000.0,987000000.0,31358000000.0,11085000000.0,20273000000.0,62249810700.0,-5159000000.0,-15000000.0,-908000000.0,-1127000000.0,-420000000.0,-2469000000.0,-236000000.0,95000000.0,-2421000000.0,-33000000.0,1439000000.0,1439000000.0,1439000000.0,0.0,6000000.0,0.142,1954000000.0,1905000000.0,3905000000.0,0.288,3.8,21.181,21.234,13003000000.0,0.0,67.1,2.173,2.173,8040000000.0,17091000000.0,10145000000.0,10145000000.0,518000000.0,,,,,0.0,1436000000.0,1.0,927717000.0,927717000.0,,10.935,38127000000.0,3189000000.0,357000000.0,1290000000.0,41.098,9749000000.0
14,DD1,MRQ,2013-12-31,2013-12-31,2013-12-31,2021-09-14,-5441000000.0,51499000000.0,,24384000000.0,27115000000.0,,17.524,-659000000.0,8941000000.0,8941000000.0,-1394000000.0,185000000.0,1.824,2.17,12462000000.0,1721000000.0,10741000000.0,12462000000.0,0.0,387000000.0,0.0,0.027,0.45,-34000000.0,353000000.0,0.512,353000000.0,-34000000.0,-142000000.0,0.19,0.19,0.19,16229000000.0,,16229000000.0,68122911910.0,12.0,9.385,4853000000.0,5.24,1.0,2084000000.0,3.02,9809000000.0,108000000.0,31844000000.0,,8042000000.0,1156000000.0,145000000.0,1011000000.0,35213000000.0,13367000000.0,21846000000.0,60168911910.0,1936000000.0,26000000.0,39000000.0,-2487000000.0,-419000000.0,-2936000000.0,-633000000.0,-9000000.0,5512000000.0,-7000000.0,185000000.0,185000000.0,185000000.0,-659000000.0,0.0,0.268,2777000000.0,-693000000.0,5180000000.0,2.368,3.707,12.411,12.446,12993000000.0,0.0,64.97,2.075,2.075,6047000000.0,16784000000.0,690000000.0,690000000.0,434000000.0,,,,,0.0,2602000000.0,1.0,926103000.0,926103000.0,,0.745,41690000000.0,3128000000.0,-327000000.0,1173000000.0,45.017,11017000000.0
15,DD1,MRQ,2013-09-30,2013-09-30,2013-09-30,2021-09-14,-8000000000.0,51990000000.0,,23543000000.0,28447000000.0,,14.989,-466000000.0,7005000000.0,7005000000.0,6155000000.0,288000000.0,1.899,2.747,14959000000.0,4204000000.0,10755000000.0,14959000000.0,0.0,379000000.0,0.0,0.03,0.45,358000000.0,737000000.0,0.094,737000000.0,358000000.0,250000000.0,0.3,0.3,0.3,13841000000.0,,13841000000.0,61471295040.0,10.0,8.221,-168000000.0,-0.182,1.0,1650000000.0,0.211,9853000000.0,108000000.0,37695000000.0,,7031000000.0,1238000000.0,184000000.0,1054000000.0,38025000000.0,12396000000.0,25629000000.0,54076295040.0,320000000.0,-106000000.0,113000000.0,835000000.0,-419000000.0,458000000.0,-504000000.0,45000000.0,298000000.0,68000000.0,285000000.0,285000000.0,285000000.0,-25000000.0,3000000.0,0.037,1314000000.0,336000000.0,3876000000.0,1.5,3.907,11.373,11.482,12908000000.0,0.0,58.56,1.507,1.507,8298000000.0,17020000000.0,7805000000.0,7805000000.0,540000000.0,,,,,0.0,774000000.0,1.0,923434000.0,923434000.0,,8.452,42137000000.0,4579000000.0,-35000000.0,1415000000.0,45.631,11147000000.0
16,DD1,MRQ,2013-06-30,2013-06-30,2013-06-30,2021-09-14,-8544000000.0,51349000000.0,,23237000000.0,28112000000.0,,14.444,-436000000.0,6685000000.0,6685000000.0,6998000000.0,1034000000.0,1.954,2.858,14080000000.0,3315000000.0,10765000000.0,14080000000.0,0.0,404000000.0,0.0,0.033,0.45,1480000000.0,1884000000.0,0.188,1884000000.0,1480000000.0,1365000000.0,1.11,1.11,1.11,13295000000.0,,13295000000.0,55054465000.0,10.0,7.712,-400000000.0,-0.435,1.0,3005000000.0,0.3,9503000000.0,115000000.0,37351000000.0,,6373000000.0,1354000000.0,211000000.0,1143000000.0,37994000000.0,11890000000.0,26104000000.0,48324465000.0,130000000.0,-8000000.0,267000000.0,811000000.0,-418000000.0,673000000.0,-526000000.0,-93000000.0,36000000.0,-53000000.0,1030000000.0,1030000000.0,1030000000.0,-4000000.0,4000000.0,0.103,1525000000.0,1480000000.0,3613000000.0,0.405,3.635,10.799,10.938,12698000000.0,0.0,52.5,1.365,1.365,8985000000.0,17156000000.0,10003000000.0,10003000000.0,542000000.0,,,,,0.0,983000000.0,1.0,920466000.0,920466000.0,,10.867,41846000000.0,4651000000.0,335000000.0,1692000000.0,45.462,11347000000.0
17,DD1,MRQ,2013-03-31,2013-03-31,2013-03-31,2021-09-14,-8662000000.0,50564000000.0,,22414000000.0,28150000000.0,,13.115,-321000000.0,6555000000.0,6555000000.0,7105000000.0,3355000000.0,1.945,3.122,13285000000.0,2006000000.0,11279000000.0,13285000000.0,0.0,433000000.0,0.0,0.035,0.43,3852000000.0,4285000000.0,0.408,4285000000.0,3852000000.0,3735000000.0,3.6,3.58,3.6,12253000000.0,,12253000000.0,53385598080.0,9.0,7.234,-2988000000.0,-3.198,1.0,3395000000.0,0.323,9513000000.0,117000000.0,36258000000.0,,6916000000.0,1195000000.0,26000000.0,1169000000.0,38249000000.0,11523000000.0,26726000000.0,45929598080.0,2176000000.0,4880000000.0,-883000000.0,1558000000.0,-405000000.0,331000000.0,4608000000.0,52000000.0,-2667000000.0,-96000000.0,3348000000.0,3348000000.0,3348000000.0,-1968000000.0,7000000.0,0.319,1504000000.0,1891000000.0,3957000000.0,0.119,3.748,9.961,9.972,12590000000.0,0.0,49.16,1.29,1.29,7950000000.0,16709000000.0,10500000000.0,10500000000.0,521000000.0,,,,,0.0,983000000.0,1.0,934288000.0,934288000.0,,11.239,41051000000.0,4656000000.0,387000000.0,1866000000.0,43.938,10891000000.0
18,DD1,MRQ,2012-12-31,2012-12-31,2012-12-31,2021-09-14,-8646000000.0,49859000000.0,,21317000000.0,28542000000.0,,10.947,-654000000.0,4284000000.0,4284000000.0,3634000000.0,93000000.0,1.573,3.875,11740000000.0,1275000000.0,10465000000.0,11740000000.0,0.0,400000000.0,0.0,0.038,0.43,171000000.0,571000000.0,0.075,571000000.0,171000000.0,54000000.0,0.09,0.09,0.09,10208000000.0,,10208000000.0,53589146874.0,14.0,9.659,4621000000.0,4.956,1.0,3938000000.0,0.52,9742000000.0,117000000.0,34021000000.0,,7565000000.0,1286000000.0,123000000.0,1163000000.0,39560000000.0,13552000000.0,26008000000.0,41941146874.0,866000000.0,61000000.0,30000000.0,-3317000000.0,-403000000.0,-3741000000.0,-679000000.0,-84000000.0,5275000000.0,10000000.0,92000000.0,92000000.0,92000000.0,-89000000.0,1000000.0,0.012,3855000000.0,83000000.0,4853000000.0,4.778,4.109,15.224,15.299,12741000000.0,0.0,44.978,1.188,1.188,5452000000.0,14383000000.0,7572000000.0,7572000000.0,561000000.0,,,,,0.0,3195000000.0,1.0,932471000.0,932471000.0,,8.12,40117000000.0,4549000000.0,-38000000.0,1199000000.0,43.022,7765000000.0
19,DD1,MRQ,2012-09-30,2012-09-30,2012-09-30,2021-09-14,-8385000000.0,50607000000.0,,22417000000.0,28190000000.0,,11.4,-443000000.0,3418000000.0,3418000000.0,5716000000.0,8000000.0,1.578,3.762,15066000000.0,4564000000.0,10502000000.0,15066000000.0,0.0,413000000.0,0.0,0.033,0.43,-14000000.0,399000000.0,0.054,399000000.0,-14000000.0,-130000000.0,0.0,0.0,0.0,10606000000.0,,10606000000.0,58213850710.0,14.0,9.697,248000000.0,0.267,1.0,1620000000.0,0.221,9724000000.0,116000000.0,38328000000.0,,6752000000.0,1203000000.0,105000000.0,1098000000.0,39896000000.0,14203000000.0,25693000000.0,46769850710.0,-88000000.0,-26000000.0,114000000.0,118000000.0,-403000000.0,-160000000.0,-584000000.0,-109000000.0,691000000.0,61000000.0,5000000.0,5000000.0,5000000.0,-48000000.0,3000000.0,0.001,1679000000.0,-59000000.0,4154000000.0,,4.41,14.986,15.096,12528000000.0,0.0,50.27,1.32,1.32,7879000000.0,14581000000.0,7336000000.0,7336000000.0,521000000.0,,,,,0.0,764000000.0,1.0,930373000.0,930373000.0,,7.885,40883000000.0,4796000000.0,-135000000.0,1699000000.0,43.943,8214000000.0
20,DD1,MRQ,2012-06-30,2012-06-30,2012-06-30,2021-09-14,-8743000000.0,50031000000.0,,20126000000.0,29905000000.0,,11.249,-395000000.0,3506000000.0,3506000000.0,7090000000.0,1175000000.0,1.618,3.736,14950000000.0,3696000000.0,11254000000.0,14950000000.0,0.0,445000000.0,0.0,0.033,0.43,1680000000.0,2125000000.0,0.208,2125000000.0,1680000000.0,1563000000.0,1.24,1.23,1.24,10541000000.0,,10541000000.0,58801062230.0,12.0,8.853,365000000.0,0.39,1.0,3118000000.0,0.305,10576000000.0,117000000.0,38461000000.0,,6011000000.0,1137000000.0,50000000.0,1087000000.0,39386000000.0,12438000000.0,26948000000.0,47386062230.0,96000000.0,150000000.0,17000000.0,128000000.0,-402000000.0,-641000000.0,73000000.0,307000000.0,760000000.0,-96000000.0,1166000000.0,1166000000.0,1166000000.0,-76000000.0,9000000.0,0.114,1505000000.0,1613000000.0,3695000000.0,0.347,4.495,13.281,13.273,13342000000.0,0.0,50.57,1.302,1.302,9476000000.0,14975000000.0,10208000000.0,10208000000.0,533000000.0,,,,,0.0,972000000.0,1.0,937039000.0,937039000.0,,10.894,39455000000.0,4754000000.0,397000000.0,1981000000.0,42.106,7688000000.0
21,DD1,MRQ,2012-03-31,2012-03-31,2012-03-31,2021-09-14,-8465000000.0,50223000000.0,,19809000000.0,30414000000.0,,10.684,-301000000.0,3410000000.0,3410000000.0,6816000000.0,1504000000.0,1.58,3.996,14825000000.0,3593000000.0,11232000000.0,14825000000.0,0.0,455000000.0,0.0,0.031,0.41,1998000000.0,2453000000.0,0.241,2453000000.0,1998000000.0,1884000000.0,1.6,1.58,1.6,9960000000.0,,9960000000.0,58283183700.0,12.0,8.84,-2178000000.0,-2.336,1.0,3378000000.0,0.331,10853000000.0,114000000.0,38249000000.0,,6616000000.0,1312000000.0,191000000.0,1121000000.0,39796000000.0,12536000000.0,27260000000.0,49316183700.0,-176000000.0,2000000.0,-11000000.0,2278000000.0,-386000000.0,1845000000.0,-156000000.0,161000000.0,-1877000000.0,12000000.0,1492000000.0,1492000000.0,1492000000.0,-95000000.0,12000000.0,0.146,1463000000.0,1915000000.0,4180000000.0,0.256,4.951,13.623,13.634,13395000000.0,0.0,52.9,1.345,1.345,8626000000.0,14522000000.0,10194000000.0,10194000000.0,508000000.0,,,,,0.0,955000000.0,1.0,932253000.0,932253000.0,,10.935,39370000000.0,4758000000.0,392000000.0,1678000000.0,42.231,7273000000.0
22,DD1,MRQ,2011-12-31,2011-12-31,2011-12-31,2021-09-14,-8750000000.0,48492000000.0,,18058000000.0,30434000000.0,,9.301,-632000000.0,3586000000.0,3586000000.0,5827000000.0,466000000.0,1.614,4.589,12553000000.0,817000000.0,11736000000.0,12553000000.0,0.0,421000000.0,0.0,0.036,0.41,605000000.0,1026000000.0,0.134,1026000000.0,605000000.0,489000000.0,0.49,0.49,0.49,8593000000.0,,8593000000.0,55048011820.0,12.0,8.86,4089000000.0,4.426,1.0,1854000000.0,0.241,10826000000.0,116000000.0,35448000000.0,,7195000000.0,1550000000.0,433000000.0,1117000000.0,39430000000.0,11185000000.0,28245000000.0,42297011820.0,836000000.0,120000000.0,119000000.0,-2942000000.0,-381000000.0,-3161000000.0,-662000000.0,-144000000.0,4721000000.0,-62000000.0,458000000.0,458000000.0,458000000.0,-96000000.0,8000000.0,0.06,1337000000.0,517000000.0,4816000000.0,0.837,4.922,11.885,11.984,13412000000.0,0.0,45.78,1.229,1.229,6022000000.0,13422000000.0,7681000000.0,7681000000.0,577000000.0,,,,,0.0,743000000.0,1.0,923919000.0,923919000.0,,8.313,37666000000.0,4738000000.0,31000000.0,1256000000.0,40.768,6873000000.0
23,DD1,MRQ,2011-09-30,2011-09-30,2011-09-30,2021-09-14,-5684000000.0,47794000000.0,,18795000000.0,28999000000.0,,12.38,-470000000.0,2750000000.0,2750000000.0,6345000000.0,460000000.0,1.653,3.099,15501000000.0,3301000000.0,12200000000.0,15501000000.0,0.0,395000000.0,0.0,0.041,0.41,643000000.0,1038000000.0,0.125,1038000000.0,643000000.0,527000000.0,0.48,0.48,0.48,11544000000.0,,11544000000.0,49800104940.0,11.0,8.357,605000000.0,0.649,1.0,1958000000.0,0.236,11043000000.0,116000000.0,38132000000.0,,6413000000.0,1308000000.0,229000000.0,1079000000.0,35770000000.0,11370000000.0,24400000000.0,37272104940.0,482000000.0,-200000000.0,-335000000.0,680000000.0,-385000000.0,34000000.0,-540000000.0,116000000.0,1075000000.0,-87000000.0,452000000.0,452000000.0,452000000.0,-84000000.0,8000000.0,0.054,1391000000.0,567000000.0,3981000000.0,0.854,3.229,10.72,10.716,13235000000.0,0.0,39.97,1.138,1.138,8544000000.0,13432000000.0,8303000000.0,8303000000.0,546000000.0,,,,,0.0,809000000.0,1.0,932502000.0,932502000.0,,8.904,36751000000.0,705000000.0,75000000.0,1655000000.0,39.411,7425000000.0
24,DD1,MRQ,2011-06-30,2011-06-30,2011-06-30,2021-09-14,-5453000000.0,47736000000.0,,18703000000.0,29033000000.0,,12.946,-418000000.0,2268000000.0,2268000000.0,7191000000.0,1229000000.0,1.774,2.931,14796000000.0,2336000000.0,12460000000.0,14796000000.0,0.0,383000000.0,0.0,0.03,0.41,1693000000.0,2076000000.0,0.198,2076000000.0,1693000000.0,1578000000.0,1.31,1.29,1.31,12023000000.0,,12023000000.0,56660613350.0,13.0,9.981,422000000.0,0.454,1.0,3302000000.0,0.315,11044000000.0,115000000.0,38679000000.0,,6049000000.0,1298000000.0,214000000.0,1084000000.0,35234000000.0,10541000000.0,24693000000.0,50196613350.0,-1528000000.0,-6227000000.0,163000000.0,1832000000.0,-384000000.0,1601000000.0,-4071000000.0,575000000.0,840000000.0,102000000.0,1218000000.0,1218000000.0,1218000000.0,0.0,11000000.0,0.116,1598000000.0,1704000000.0,3767000000.0,0.313,4.175,14.799,14.808,13185000000.0,0.0,54.05,1.592,1.592,9368000000.0,13683000000.0,10493000000.0,10493000000.0,462000000.0,,,,,0.0,1136000000.0,1.0,928707000.0,928707000.0,,11.299,36692000000.0,638000000.0,360000000.0,1690000000.0,39.509,8162000000.0
25,DD1,MRQ,2011-03-31,2011-03-31,2011-03-31,2021-09-14,-5629000000.0,42600000000.0,,21119000000.0,21481000000.0,,11.728,-323000000.0,5787000000.0,5787000000.0,6831000000.0,1444000000.0,2.079,2.898,12251000000.0,2137000000.0,10114000000.0,12251000000.0,0.0,361000000.0,0.0,0.03,0.41,1789000000.0,2150000000.0,0.214,2150000000.0,1789000000.0,1689000000.0,1.54,1.52,1.54,10809000000.0,,10809000000.0,56669220980.0,13.0,10.087,-1807000000.0,-1.961,1.0,3228000000.0,0.321,5294000000.0,100000000.0,33614000000.0,,5580000000.0,2107000000.0,1026000000.0,1081000000.0,31321000000.0,10156000000.0,21165000000.0,50662220980.0,-467000000.0,-5000000.0,333000000.0,1991000000.0,-383000000.0,1929000000.0,-965000000.0,1375000000.0,-1484000000.0,53000000.0,1431000000.0,1431000000.0,1431000000.0,0.0,13000000.0,0.142,1426000000.0,1802000000.0,3836000000.0,0.266,4.687,15.2,15.227,11377000000.0,0.0,54.97,1.682,1.682,7936000000.0,12852000000.0,10059000000.0,10059000000.0,399000000.0,,,,,0.0,1027000000.0,1.0,921634000.0,921634000.0,,10.914,37306000000.0,565000000.0,258000000.0,448000000.0,40.478,10963000000.0
26,DD1,MRQ,2010-12-31,2010-12-31,2010-12-31,2021-09-14,-5790000000.0,40410000000.0,,19059000000.0,21351000000.0,,10.163,-609000000.0,4263000000.0,4263000000.0,3351000000.0,378000000.0,2.03,3.305,10270000000.0,133000000.0,10137000000.0,10270000000.0,0.0,334000000.0,0.0,0.033,0.41,361000000.0,695000000.0,0.178,695000000.0,361000000.0,80000000.0,0.4,0.39,0.4,9278000000.0,,9278000000.0,53833152720.0,13.0,9.759,3915000000.0,4.289,1.0,557000000.0,0.143,5321000000.0,281000000.0,31707000000.0,,5967000000.0,3579000000.0,2538000000.0,1041000000.0,30667000000.0,9389000000.0,21278000000.0,45535152720.0,175000000.0,-644000000.0,259000000.0,-2105000000.0,-379000000.0,-2215000000.0,-2145000000.0,-878000000.0,4524000000.0,11000000.0,376000000.0,376000000.0,376000000.0,-307000000.0,2000000.0,0.096,501000000.0,56000000.0,4349000000.0,1.025,4.908,15.023,15.024,11339000000.0,0.0,49.88,1.576,1.576,5635000000.0,12030000000.0,3908000000.0,3908000000.0,425000000.0,,,,,0.0,116000000.0,1.0,912894000.0,912894000.0,,4.281,35089000000.0,3306000000.0,-296000000.0,340000000.0,38.437,9670000000.0
27,DD1,MRQ,2010-09-30,2010-09-30,2010-09-30,2021-09-14,-5610000000.0,39918000000.0,,19589000000.0,20329000000.0,,10.145,-399000000.0,4088000000.0,4088000000.0,5443000000.0,369000000.0,2.102,3.291,12386000000.0,2211000000.0,10175000000.0,12386000000.0,0.0,325000000.0,0.0,0.037,0.41,431000000.0,756000000.0,0.107,756000000.0,431000000.0,328000000.0,0.4,0.4,0.4,9197000000.0,,9197000000.0,48461565440.0,11.0,8.311,60000000.0,0.066,1.0,1624000000.0,0.23,4542000000.0,103000000.0,34353000000.0,,5420000000.0,3000000000.0,1892000000.0,1108000000.0,30267000000.0,9321000000.0,20946000000.0,40448565440.0,1873000000.0,3000000.0,166000000.0,2158000000.0,-374000000.0,1930000000.0,-569000000.0,-176000000.0,459000000.0,53000000.0,367000000.0,367000000.0,367000000.0,0.0,2000000.0,0.052,1191000000.0,433000000.0,3545000000.0,1.025,4.398,13.065,13.124,10976000000.0,0.0,44.62,1.272,1.272,7498000000.0,12235000000.0,7067000000.0,7067000000.0,409000000.0,,,,,0.0,782000000.0,1.0,906512000.0,906512000.0,,7.796,35376000000.0,564000000.0,-39000000.0,326000000.0,39.024,10268000000.0
28,DD1,MRQ,2010-06-30,2010-06-30,2010-06-30,2021-09-14,-5796000000.0,37712000000.0,,17365000000.0,20347000000.0,,9.741,-315000000.0,2215000000.0,2215000000.0,5984000000.0,1168000000.0,2.313,3.222,10228000000.0,651000000.0,9577000000.0,10228000000.0,0.0,355000000.0,0.0,0.047,0.41,1662000000.0,2017000000.0,0.222,2017000000.0,1662000000.0,1559000000.0,1.27,1.26,1.27,8826000000.0,,8826000000.0,39455992780.0,9.0,6.654,326000000.0,0.36,1.0,3096000000.0,0.341,4569000000.0,103000000.0,33650000000.0,,4581000000.0,2791000000.0,1744000000.0,1047000000.0,28436000000.0,7506000000.0,20930000000.0,31339992780.0,-696000000.0,97000000.0,12000000.0,-822000000.0,-374000000.0,-1174000000.0,-109000000.0,133000000.0,641000000.0,-54000000.0,1159000000.0,1159000000.0,1159000000.0,0.0,9000000.0,0.128,1425000000.0,1671000000.0,2970000000.0,0.323,3.551,9.987,10.026,10910000000.0,0.0,34.59,1.014,1.014,8076000000.0,12245000000.0,9080000000.0,9080000000.0,404000000.0,,,,,0.0,1021000000.0,1.0,906042000.0,906042000.0,,10.022,33143000000.0,621000000.0,400000000.0,658000000.0,36.58,9859000000.0
29,DD1,MRQ,2010-03-31,2010-03-31,2010-03-31,2021-09-14,-5804000000.0,37986000000.0,,17436000000.0,20550000000.0,,8.83,-185000000.0,2911000000.0,2911000000.0,5796000000.0,1137000000.0,2.028,3.704,11027000000.0,1484000000.0,9543000000.0,11027000000.0,0.0,366000000.0,0.0,0.044,0.41,1682000000.0,2048000000.0,0.232,2048000000.0,1682000000.0,1579000000.0,1.24,1.24,1.24,7981000000.0,,7981000000.0,40671927120.0,12.0,8.341,-1250000000.0,-1.383,1.0,3048000000.0,0.345,4636000000.0,103000000.0,32870000000.0,,5062000000.0,2649000000.0,1599000000.0,1050000000.0,29563000000.0,8596000000.0,20967000000.0,33658927120.0,-1110000000.0,2000000.0,21000000.0,-9000000.0,-374000000.0,-370000000.0,384000000.0,640000000.0,-1065000000.0,-59000000.0,1129000000.0,1129000000.0,1129000000.0,0.0,8000000.0,0.128,1358000000.0,1690000000.0,3179000000.0,0.331,4.217,14.048,14.106,10960000000.0,0.0,37.24,1.165,1.165,7064000000.0,11463000000.0,8844000000.0,8844000000.0,365000000.0,,,,,0.0,993000000.0,1.0,903838000.0,903838000.0,,9.785,33350000000.0,578000000.0,450000000.0,561000000.0,36.898,8840000000.0
30,DD1,MRQ,2009-12-31,2009-12-31,2009-12-31,2021-09-14,-5771000000.0,38185000000.0,,17288000000.0,20897000000.0,,7.984,-318000000.0,4021000000.0,4021000000.0,4956000000.0,445000000.0,1.841,4.232,11034000000.0,1506000000.0,9528000000.0,11034000000.0,0.0,346000000.0,0.0,0.049,0.41,664000000.0,1010000000.0,0.148,1010000000.0,664000000.0,568000000.0,0.49,0.48,0.49,7215000000.0,,7215000000.0,39249589100.0,15.0,9.618,3500000000.0,3.873,1.0,1858000000.0,0.273,4689000000.0,96000000.0,31119000000.0,,5380000000.0,3130000000.0,2116000000.0,1014000000.0,30534000000.0,9390000000.0,21144000000.0,30428589100.0,1772000000.0,20000000.0,1000000.0,-17000000.0,-373000000.0,-372000000.0,-1673000000.0,-1386000000.0,3818000000.0,-1000000.0,441000000.0,441000000.0,441000000.0,0.0,4000000.0,0.065,1190000000.0,668000000.0,3542000000.0,0.837,4.217,17.338,17.446,11094000000.0,0.0,33.67,1.113,1.113,5030000000.0,10710000000.0,6814000000.0,6814000000.0,389000000.0,,,,,0.0,856000000.0,1.0,903730000.0,903730000.0,,7.54,33496000000.0,612000000.0,127000000.0,280000000.0,37.064,7898000000.0
31,DD1,MRQ,2009-09-30,2009-09-30,2009-09-30,2021-09-14,-5267000000.0,36168000000.0,,15356000000.0,20812000000.0,,8.463,-271000000.0,2249000000.0,2249000000.0,4560000000.0,414000000.0,1.606,3.673,11070000000.0,3525000000.0,7545000000.0,11070000000.0,0.0,369000000.0,0.0,0.051,0.41,486000000.0,855000000.0,0.139,855000000.0,486000000.0,386000000.0,0.45,0.45,0.45,7647000000.0,,7647000000.0,37243961120.0,35.0,14.497,607000000.0,0.672,1.0,1596000000.0,0.259,4720000000.0,100000000.0,30707000000.0,,4392000000.0,1897000000.0,906000000.0,991000000.0,28085000000.0,9562000000.0,18523000000.0,29041961120.0,92000000.0,-88000000.0,0.0,694000000.0,-373000000.0,332000000.0,-1149000000.0,-780000000.0,878000000.0,31000000.0,409000000.0,409000000.0,409000000.0,0.0,5000000.0,0.066,1105000000.0,491000000.0,2554000000.0,0.911,3.798,42.397,42.853,11080000000.0,0.0,32.14,1.092,1.092,7126000000.0,10644000000.0,6156000000.0,6156000000.0,335000000.0,,,,,0.0,770000000.0,1.0,903608000.0,903608000.0,,6.813,31448000000.0,558000000.0,-23000000.0,286000000.0,34.803,5794000000.0
32,DD1,MRQ,2009-06-30,2009-06-30,2009-06-30,2021-09-14,-5385000000.0,35258000000.0,,14578000000.0,20680000000.0,,8.272,-361000000.0,2157000000.0,2157000000.0,5007000000.0,421000000.0,1.685,3.659,10359000000.0,2803000000.0,7556000000.0,10359000000.0,0.0,389000000.0,0.0,0.064,0.41,574000000.0,963000000.0,0.136,963000000.0,574000000.0,468000000.0,0.46,0.46,0.46,7474000000.0,,7474000000.0,30822770840.0,27.0,11.751,516000000.0,0.571,1.0,2081000000.0,0.294,4768000000.0,106000000.0,30039000000.0,,3900000000.0,1348000000.0,456000000.0,892000000.0,27351000000.0,8653000000.0,18698000000.0,23149770840.0,-229000000.0,15000000.0,0.0,281000000.0,-371000000.0,-77000000.0,-1083000000.0,-739000000.0,877000000.0,54000000.0,417000000.0,417000000.0,417000000.0,0.0,4000000.0,0.059,1503000000.0,578000000.0,2185000000.0,0.891,3.097,36.003,36.6,11124000000.0,0.0,25.62,0.823,0.823,7327000000.0,10611000000.0,7088000000.0,7088000000.0,331000000.0,,,,,0.0,907000000.0,1.0,903582000.0,903582000.0,,7.844,30490000000.0,588000000.0,51000000.0,304000000.0,33.743,5925000000.0
33,DD1,MRQ,2009-03-31,2009-03-31,2009-03-31,2021-09-14,-5558000000.0,34888000000.0,,14215000000.0,20673000000.0,,7.993,-358000000.0,2386000000.0,2386000000.0,5185000000.0,489000000.0,1.87,3.777,10059000000.0,1569000000.0,8490000000.0,10059000000.0,0.0,399000000.0,0.0,0.073,0.41,854000000.0,1253000000.0,0.172,1253000000.0,854000000.0,748000000.0,0.54,0.54,0.54,7214000000.0,,7214000000.0,26158494900.0,13.0,7.396,-1190000000.0,-1.319,1.0,2085000000.0,0.287,4740000000.0,106000000.0,30219000000.0,,4615000000.0,898000000.0,21000000.0,877000000.0,27245000000.0,7602000000.0,19643000000.0,20153494900.0,-1259000000.0,7000000.0,0.0,433000000.0,-375000000.0,20000000.0,-393000000.0,-38000000.0,-832000000.0,-54000000.0,488000000.0,488000000.0,488000000.0,0.0,1000000.0,0.067,1230000000.0,855000000.0,2300000000.0,0.759,2.794,15.455,15.615,11164000000.0,0.0,22.33,0.664,0.664,6423000000.0,10569000000.0,7270000000.0,7270000000.0,323000000.0,,,,,0.0,907000000.0,1.0,902530000.0,902530000.0,,8.055,30148000000.0,570000000.0,260000000.0,297000000.0,33.404,6613000000.0
34,DD1,MRQ,2008-12-31,2008-12-31,2008-12-31,2021-09-14,-5518000000.0,36209000000.0,,15311000000.0,20898000000.0,,7.896,-572000000.0,3645000000.0,3645000000.0,5250000000.0,-636000000.0,1.577,4.022,9650000000.0,2012000000.0,7638000000.0,9650000000.0,0.0,348000000.0,0.0,0.065,0.41,-850000000.0,-502000000.0,-0.083,-502000000.0,-850000000.0,-954000000.0,-0.7,-0.69,-0.7,7125000000.0,,7125000000.0,31191733300.0,11.0,7.412,2063000000.0,2.286,1.0,820000000.0,0.135,4845000000.0,104000000.0,27659000000.0,,5681000000.0,903000000.0,59000000.0,844000000.0,28657000000.0,9710000000.0,18947000000.0,22829733300.0,1652000000.0,-47000000.0,0.0,-885000000.0,-373000000.0,-1030000000.0,72000000.0,698000000.0,2635000000.0,-25000000.0,-629000000.0,-629000000.0,-629000000.0,0.0,-7000000.0,-0.104,1677000000.0,-857000000.0,3128000000.0,-0.586,3.204,11.375,11.448,11154000000.0,0.0,25.3,0.717,0.717,5140000000.0,10456000000.0,6070000000.0,6070000000.0,343000000.0,,,,,0.0,799000000.0,1.0,902361000.0,902361000.0,,6.727,31364000000.0,643000000.0,-325000000.0,250000000.0,34.758,5601000000.0
35,DD1,MRQ,2008-09-30,2008-09-30,2008-09-30,2021-09-14,-959000000.0,38128000000.0,,16062000000.0,22066000000.0,,14.048,-514000000.0,1993000000.0,1993000000.0,5916000000.0,372000000.0,1.705,1.973,10355000000.0,2953000000.0,7402000000.0,10355000000.0,0.0,346000000.0,0.0,0.041,0.41,563000000.0,909000000.0,0.118,909000000.0,563000000.0,465000000.0,0.4,0.4,0.4,12674000000.0,,12674000000.0,44847168900.0,11.0,7.933,413000000.0,0.458,1.0,1801000000.0,0.233,4834000000.0,98000000.0,32235000000.0,,5635000000.0,1091000000.0,152000000.0,939000000.0,25011000000.0,9421000000.0,15590000000.0,36357168900.0,690000000.0,-33000000.0,7000000.0,531000000.0,-374000000.0,168000000.0,-348000000.0,214000000.0,927000000.0,-57000000.0,367000000.0,367000000.0,367000000.0,0.0,5000000.0,0.048,1233000000.0,568000000.0,2942000000.0,1.025,2.869,11.429,11.449,11083000000.0,0.0,40.3,1.102,1.102,7438000000.0,11458000000.0,7717000000.0,7717000000.0,360000000.0,,,,,0.0,873000000.0,1.0,902163000.0,902163000.0,,8.554,33294000000.0,683000000.0,98000000.0,1152000000.0,36.905,6641000000.0
36,DD1,MRQ,2008-06-30,2008-06-30,2008-06-30,2021-09-14,-706000000.0,37594000000.0,,15736000000.0,21858000000.0,,14.325,-482000000.0,1303000000.0,1303000000.0,6426000000.0,1077000000.0,1.48,1.879,9793000000.0,4432000000.0,5361000000.0,9793000000.0,0.0,370000000.0,0.0,0.037,0.41,1507000000.0,1877000000.0,0.202,1877000000.0,1507000000.0,1413000000.0,1.19,1.18,1.19,12903000000.0,,12903000000.0,46517280340.0,11.0,7.986,36000000.0,0.04,1.0,2853000000.0,0.307,4881000000.0,94000000.0,30567000000.0,,5021000000.0,1102000000.0,210000000.0,892000000.0,24250000000.0,10636000000.0,13614000000.0,38631280340.0,209000000.0,-40000000.0,68000000.0,832000000.0,-377000000.0,478000000.0,-814000000.0,-281000000.0,518000000.0,27000000.0,1078000000.0,1078000000.0,1078000000.0,0.0,-1000000.0,0.116,1347000000.0,1506000000.0,2846000000.0,0.345,2.994,11.566,11.623,10922000000.0,0.0,42.89,1.196,1.196,8477000000.0,11466000000.0,9279000000.0,9279000000.0,360000000.0,,,,,0.0,987000000.0,1.0,900706000.0,900706000.0,,10.302,32713000000.0,565000000.0,335000000.0,1136000000.0,36.319,5100000000.0
37,DD1,MRQ,2008-03-31,2008-03-31,2008-03-31,2021-09-14,-668000000.0,36228000000.0,,14861000000.0,21367000000.0,,13.479,-410000000.0,1094000000.0,1094000000.0,5956000000.0,1197000000.0,1.517,1.952,8980000000.0,3196000000.0,5784000000.0,8980000000.0,0.0,380000000.0,0.0,0.033,0.41,1544000000.0,1924000000.0,0.219,1924000000.0,1544000000.0,1464000000.0,1.32,1.31,1.32,12122000000.0,,12122000000.0,48073418960.0,11.0,8.425,-1361000000.0,-1.513,1.0,2814000000.0,0.321,4855000000.0,80000000.0,29465000000.0,,5310000000.0,851000000.0,33000000.0,818000000.0,23663000000.0,9794000000.0,13869000000.0,42053418960.0,-211000000.0,-29000000.0,19000000.0,1611000000.0,-372000000.0,1262000000.0,-520000000.0,-83000000.0,-951000000.0,-2000000.0,1191000000.0,1191000000.0,1191000000.0,0.0,6000000.0,0.136,1264000000.0,1550000000.0,3061000000.0,0.311,3.469,13.004,13.172,10905000000.0,0.0,46.76,1.345,1.345,7645000000.0,10764000000.0,8770000000.0,8770000000.0,330000000.0,,,,,0.0,934000000.0,1.0,899346000.0,899346000.0,,9.752,31373000000.0,567000000.0,273000000.0,1071000000.0,34.884,5067000000.0
38,DD1,MRQ,2007-12-31,2007-12-31,2007-12-31,2021-09-14,-794000000.0,34131000000.0,,13160000000.0,20971000000.0,,12.386,-566000000.0,1305000000.0,1305000000.0,5389000000.0,552000000.0,1.541,2.025,7325000000.0,1370000000.0,5955000000.0,7325000000.0,0.0,342000000.0,0.0,0.034,0.41,601000000.0,943000000.0,0.131,943000000.0,601000000.0,491000000.0,0.61,0.61,0.61,11136000000.0,,11136000000.0,47415015518.0,11.0,8.563,2298000000.0,2.556,1.0,1824000000.0,0.253,4930000000.0,110000000.0,26680000000.0,,5278000000.0,949000000.0,131000000.0,818000000.0,22553000000.0,8541000000.0,14012000000.0,39639015518.0,96000000.0,15000000.0,14000000.0,-1673000000.0,-372000000.0,-2026000000.0,-730000000.0,-181000000.0,2864000000.0,-12000000.0,545000000.0,545000000.0,545000000.0,0.0,7000000.0,0.076,1221000000.0,603000000.0,3172000000.0,0.672,3.56,13.266,13.566,10860000000.0,0.0,44.09,1.293,1.293,5683000000.0,9945000000.0,7213000000.0,7213000000.0,359000000.0,,,,,0.0,862000000.0,1.0,899047755.0,899047755.0,,8.023,29201000000.0,564000000.0,-54000000.0,978000000.0,32.48,4619000000.0
39,DD1,MRQ,2007-09-30,2007-09-30,2007-09-30,2021-09-14,-1781000000.0,33915000000.0,,14131000000.0,19784000000.0,,10.774,-398000000.0,1209000000.0,1209000000.0,5161000000.0,526000000.0,1.442,2.375,8985000000.0,3618000000.0,5367000000.0,8985000000.0,0.0,340000000.0,0.0,0.03,0.37,741000000.0,1081000000.0,0.154,1081000000.0,741000000.0,628000000.0,0.57,0.56,0.57,9918000000.0,,9918000000.0,52673380764.0,13.0,9.649,645000000.0,0.701,1.0,1879000000.0,0.267,5014000000.0,113000000.0,26880000000.0,,4963000000.0,900000000.0,109000000.0,791000000.0,23552000000.0,9797000000.0,13755000000.0,45621380764.0,222000000.0,89000000.0,-1029000000.0,858000000.0,-345000000.0,-508000000.0,-348000000.0,-54000000.0,1043000000.0,35000000.0,526000000.0,526000000.0,526000000.0,0.0,0.0,0.075,1136000000.0,743000000.0,2873000000.0,0.649,4.6,13.766,13.805,10568000000.0,0.0,49.56,1.507,1.507,6990000000.0,9772000000.0,7040000000.0,7040000000.0,332000000.0,,,,,0.0,804000000.0,1.0,920528264.0,920528264.0,,7.648,28901000000.0,665000000.0,102000000.0,738000000.0,31.396,4334000000.0
40,DD1,MRQ,2007-06-30,2007-06-30,2007-06-30,2021-09-14,-1825000000.0,32850000000.0,,13814000000.0,19036000000.0,,11.573,-348000000.0,987000000.0,987000000.0,5602000000.0,972000000.0,1.684,2.032,8039000000.0,2375000000.0,5664000000.0,8039000000.0,0.0,343000000.0,0.0,0.029,0.37,1415000000.0,1758000000.0,0.213,1758000000.0,1415000000.0,1307000000.0,1.05,1.04,1.05,10690000000.0,,10690000000.0,53676610462.0,13.0,9.795,275000000.0,0.298,1.0,2637000000.0,0.32,4489000000.0,108000000.0,27209000000.0,,4481000000.0,904000000.0,102000000.0,802000000.0,21718000000.0,8204000000.0,13514000000.0,46959610462.0,104000000.0,5000000.0,-185000000.0,431000000.0,-345000000.0,-110000000.0,-403000000.0,-58000000.0,623000000.0,-6000000.0,972000000.0,972000000.0,972000000.0,0.0,0.0,0.118,1221000000.0,1416000000.0,2539000000.0,0.352,4.393,14.348,14.362,10478000000.0,0.0,50.84,1.572,1.572,7370000000.0,10516000000.0,8239000000.0,8239000000.0,337000000.0,,,,,0.0,884000000.0,1.0,923674478.0,923674478.0,,8.92,28361000000.0,675000000.0,335000000.0,764000000.0,30.705,5610000000.0
41,DD1,MRQ,2007-03-31,2007-03-31,2007-03-31,2021-09-14,-1851000000.0,32473000000.0,,13532000000.0,18941000000.0,,11.011,-273000000.0,883000000.0,883000000.0,5594000000.0,945000000.0,1.732,2.148,7600000000.0,1590000000.0,6010000000.0,7600000000.0,0.0,346000000.0,0.0,0.03,0.37,1409000000.0,1755000000.0,0.215,1755000000.0,1409000000.0,1310000000.0,1.02,1.01,1.02,10176000000.0,,10176000000.0,51395508488.0,13.0,9.455,-513000000.0,-0.555,1.0,2567000000.0,0.315,4544000000.0,99000000.0,26832000000.0,,4855000000.0,861000000.0,71000000.0,790000000.0,21855000000.0,7814000000.0,14041000000.0,45679508488.0,-931000000.0,16000000.0,-50000000.0,41000000.0,-347000000.0,-425000000.0,-269000000.0,-31000000.0,-240000000.0,3000000.0,945000000.0,945000000.0,945000000.0,0.0,0.0,0.116,1156000000.0,1411000000.0,2782000000.0,0.363,4.489,13.944,13.963,10425000000.0,0.0,49.43,1.55,1.55,6813000000.0,10142000000.0,8161000000.0,8161000000.0,310000000.0,,,,,0.0,846000000.0,1.0,924125197.0,924125197.0,,8.831,27929000000.0,697000000.0,365000000.0,824000000.0,30.222,5718000000.0
42,DD1,MRQ,2006-12-31,2006-12-31,2006-12-31,2021-09-14,-1867000000.0,31777000000.0,,12870000000.0,18907000000.0,,10.243,-447000000.0,1814000000.0,1814000000.0,5310000000.0,871000000.0,1.621,2.326,7530000000.0,1517000000.0,6013000000.0,7530000000.0,0.0,346000000.0,0.0,0.03,0.37,519000000.0,865000000.0,0.127,865000000.0,519000000.0,406000000.0,0.95,0.94,0.95,9422000000.0,,9422000000.0,52836644170.0,14.0,10.184,2526000000.0,2.746,1.0,1525000000.0,0.223,4587000000.0,113000000.0,24966000000.0,,4941000000.0,882000000.0,79000000.0,803000000.0,21914000000.0,7940000000.0,13974000000.0,44803644170.0,1096000000.0,56000000.0,103000000.0,-1263000000.0,-343000000.0,-1443000000.0,-448000000.0,-78000000.0,2973000000.0,14000000.0,871000000.0,871000000.0,871000000.0,0.0,0.0,0.127,1024000000.0,501000000.0,2711000000.0,0.389,4.755,14.232,14.284,10498000000.0,0.0,48.71,1.546,1.546,5198000000.0,9679000000.0,6835000000.0,6835000000.0,341000000.0,,,,,0.0,855000000.0,1.0,919803822.0,919803822.0,,7.431,27190000000.0,656000000.0,-465000000.0,447000000.0,29.561,4930000000.0
43,DD1,MRQ,2006-09-30,2006-09-30,2006-09-30,2021-09-14,-459000000.0,34180000000.0,,13074000000.0,21106000000.0,,10.98,-370000000.0,718000000.0,718000000.0,4762000000.0,485000000.0,1.497,2.33,8751000000.0,3242000000.0,5509000000.0,8751000000.0,0.0,352000000.0,0.0,0.035,0.37,750000000.0,1102000000.0,0.166,1102000000.0,750000000.0,636000000.0,0.52,0.52,0.52,10121000000.0,,10121000000.0,47200532181.0,13.0,9.461,325000000.0,0.353,1.0,1883000000.0,0.283,4745000000.0,114000000.0,28737000000.0,,4809000000.0,861000000.0,6000000.0,855000000.0,23586000000.0,8731000000.0,14855000000.0,39489532181.0,-102000000.0,30000000.0,-276000000.0,174000000.0,-346000000.0,-458000000.0,-348000000.0,-7000000.0,695000000.0,9000000.0,485000000.0,485000000.0,485000000.0,0.0,0.0,0.073,1133000000.0,750000000.0,2401000000.0,0.712,3.902,16.231,16.289,10406000000.0,0.0,42.84,1.391,1.391,6586000000.0,9097000000.0,6645000000.0,6645000000.0,320000000.0,,,,,0.0,756000000.0,1.0,921791134.0,921791134.0,,7.209,29435000000.0,763000000.0,151000000.0,1502000000.0,31.932,4343000000.0
44,DD1,MRQ,2006-06-30,2006-06-30,2006-06-30,2021-09-14,-488000000.0,34357000000.0,,13202000000.0,21155000000.0,,11.066,-374000000.0,820000000.0,820000000.0,5227000000.0,975000000.0,1.654,2.322,8531000000.0,2408000000.0,6123000000.0,8531000000.0,0.0,341000000.0,0.0,0.036,0.37,1373000000.0,1714000000.0,0.219,1714000000.0,1373000000.0,1254000000.0,1.05,1.04,1.05,10195000000.0,,10195000000.0,45859864240.0,14.0,9.72,75000000.0,0.081,1.0,2611000000.0,0.333,4790000000.0,119000000.0,29295000000.0,,4453000000.0,844000000.0,7000000.0,837000000.0,23677000000.0,7983000000.0,15694000000.0,38324864240.0,-636000000.0,10000000.0,23000000.0,-515000000.0,-344000000.0,-854000000.0,-224000000.0,119000000.0,449000000.0,-7000000.0,975000000.0,975000000.0,975000000.0,0.0,0.0,0.124,1237000000.0,1374000000.0,2342000000.0,0.352,3.759,20.539,20.594,10379000000.0,0.0,41.6,1.367,1.367,6875000000.0,9038000000.0,7838000000.0,7838000000.0,328000000.0,,,,,0.0,853000000.0,1.0,921270775.0,921270775.0,,8.508,29567000000.0,843000000.0,279000000.0,1645000000.0,32.094,5219000000.0
45,DD1,MRQ,2006-03-31,2006-03-31,2006-03-31,2021-09-14,-513000000.0,34313000000.0,,13382000000.0,20931000000.0,,10.297,-341000000.0,1456000000.0,1456000000.0,5337000000.0,817000000.0,1.673,2.571,8991000000.0,2302000000.0,6689000000.0,8991000000.0,0.0,345000000.0,0.0,0.035,0.37,1162000000.0,1507000000.0,0.197,1507000000.0,1162000000.0,1048000000.0,0.88,0.88,0.88,9473000000.0,,9473000000.0,45275888240.0,12.0,9.075,-722000000.0,-0.785,1.0,2327000000.0,0.304,4837000000.0,114000000.0,29012000000.0,,4652000000.0,890000000.0,77000000.0,813000000.0,24351000000.0,7999000000.0,16352000000.0,38831888240.0,-280000000.0,-39000000.0,18000000.0,813000000.0,-345000000.0,432000000.0,-325000000.0,48000000.0,-381000000.0,-6000000.0,817000000.0,817000000.0,817000000.0,0.0,0.0,0.107,1163000000.0,1164000000.0,2536000000.0,0.42,4.099,20.373,21.211,10278000000.0,0.0,42.21,1.371,1.371,6143000000.0,8408000000.0,7664000000.0,7664000000.0,313000000.0,,,,,0.0,791000000.0,1.0,919968923.0,919968923.0,,8.331,29476000000.0,796000000.0,231000000.0,1581000000.0,32.04,5383000000.0
46,DD1,MRQ,2005-12-31,2005-12-31,2005-12-31,2021-09-14,-518000000.0,33291000000.0,,12422000000.0,20869000000.0,,9.748,-472000000.0,1736000000.0,1736000000.0,4703000000.0,156000000.0,1.671,2.66,8180000000.0,1397000000.0,6783000000.0,8180000000.0,0.0,347000000.0,0.0,0.034,0.37,319000000.0,666000000.0,0.107,666000000.0,319000000.0,165000000.0,0.18,0.18,0.18,8962000000.0,,8962000000.0,44621406858.0,11.0,8.26,2241000000.0,2.438,1.0,1532000000.0,0.246,4771000000.0,154000000.0,27528000000.0,,4743000000.0,959000000.0,115000000.0,844000000.0,23839000000.0,7436000000.0,16403000000.0,39073406858.0,-3411000000.0,-95000000.0,-3013000000.0,-2470000000.0,-344000000.0,-5807000000.0,-107000000.0,437000000.0,2713000000.0,-210000000.0,156000000.0,156000000.0,156000000.0,0.0,0.0,0.025,1218000000.0,314000000.0,2670000000.0,2.056,4.36,19.005,20.433,10309000000.0,0.0,42.5,1.371,1.371,4801000000.0,7990000000.0,6235000000.0,6235000000.0,360000000.0,,,,,0.0,799000000.0,1.0,919374279.0,919374279.0,,6.782,28520000000.0,828000000.0,9000000.0,1473000000.0,31.021,4986000000.0
47,DD1,MRQ,2005-09-30,2005-09-30,2005-09-30,2021-09-14,-541000000.0,38417000000.0,,17635000000.0,20782000000.0,,12.091,-320000000.0,5147000000.0,5147000000.0,4709000000.0,-82000000.0,1.643,2.15,10695000000.0,5266000000.0,5429000000.0,10695000000.0,0.0,338000000.0,0.0,0.037,0.37,493000000.0,831000000.0,0.132,831000000.0,493000000.0,353000000.0,-0.09,-0.09,-0.09,12028000000.0,,12028000000.0,43612844892.0,11.0,8.296,-922000000.0,-0.927,1.0,1599000000.0,0.253,4853000000.0,140000000.0,28380000000.0,,4454000000.0,1054000000.0,191000000.0,863000000.0,25859000000.0,10732000000.0,15127000000.0,38964844892.0,316000000.0,16000000.0,7000000.0,1265000000.0,-372000000.0,905000000.0,-51000000.0,282000000.0,-602000000.0,64000000.0,-82000000.0,-82000000.0,-82000000.0,0.0,0.0,-0.013,1109000000.0,490000000.0,2282000000.0,-4.111,3.24,17.89,17.968,10182000000.0,0.0,39.17,1.377,1.377,6331000000.0,10557000000.0,6308000000.0,6308000000.0,324000000.0,,,,,0.0,751000000.0,1.0,994762443.0,994762443.0,,6.341,33564000000.0,1272000000.0,435000000.0,1704000000.0,33.741,6903000000.0
48,DD1,MRQ,2005-06-30,2005-06-30,2005-06-30,2021-09-14,-534000000.0,37520000000.0,,17660000000.0,19860000000.0,,12.505,-297000000.0,4831000000.0,4831000000.0,5220000000.0,1015000000.0,1.86,1.969,9479000000.0,3932000000.0,5547000000.0,9479000000.0,0.0,333000000.0,0.0,0.033,0.37,1652000000.0,1985000000.0,0.244,1985000000.0,1652000000.0,1532000000.0,1.02,1.01,1.02,12456000000.0,,12456000000.0,47343885007.0,13.0,9.334,140000000.0,0.141,1.0,2902000000.0,0.357,4889000000.0,120000000.0,27783000000.0,,4277000000.0,1067000000.0,223000000.0,844000000.0,24525000000.0,9496000000.0,15029000000.0,42841885007.0,394000000.0,124000000.0,-65000000.0,459000000.0,-372000000.0,23000000.0,228000000.0,334000000.0,437000000.0,-294000000.0,1015000000.0,1015000000.0,1015000000.0,0.0,0.0,0.125,1223000000.0,1679000000.0,2424000000.0,0.363,3.439,16.535,16.542,10169000000.0,0.0,43.01,1.53,1.53,6978000000.0,11010000000.0,8122000000.0,8122000000.0,339000000.0,,,,,0.0,866000000.0,1.0,996091258.0,996091258.0,,8.154,32631000000.0,1120000000.0,517000000.0,1480000000.0,32.759,8164000000.0
49,DD1,MRQ,2005-03-31,2005-03-31,2005-03-31,2021-09-14,-466000000.0,37445000000.0,,17242000000.0,20203000000.0,,11.936,-251000000.0,4437000000.0,4437000000.0,5051000000.0,967000000.0,1.854,2.053,8939000000.0,3455000000.0,5484000000.0,8939000000.0,0.0,340000000.0,0.0,0.027,0.35,1580000000.0,1920000000.0,0.245,1920000000.0,1580000000.0,1476000000.0,0.97,0.96,0.97,11900000000.0,,11900000000.0,54201319250.0,22.0,13.962,-257000000.0,-0.258,1.0,2775000000.0,0.355,4902000000.0,104000000.0,27746000000.0,,4502000000.0,1277000000.0,214000000.0,1063000000.0,24436000000.0,9299000000.0,15137000000.0,51086319250.0,1068000000.0,-5000000.0,-100000000.0,2518000000.0,-351000000.0,2028000000.0,-672000000.0,-364000000.0,-6000000.0,-282000000.0,967000000.0,967000000.0,967000000.0,0.0,0.0,0.124,1177000000.0,1598000000.0,2626000000.0,0.361,4.293,24.573,24.635,10179000000.0,0.0,51.24,1.85,1.85,6299000000.0,10451000000.0,7826000000.0,7826000000.0,313000000.0,,,,,0.0,807000000.0,1.0,997000766.0,997000766.0,,7.85,32543000000.0,1099000000.0,509000000.0,1259000000.0,32.641,7943000000.0
50,DD1,MRQ,2004-12-31,2004-12-31,2004-12-31,2021-09-14,-423000000.0,35632000000.0,,15211000000.0,20421000000.0,,10.532,-402000000.0,3369000000.0,3369000000.0,5048000000.0,278000000.0,1.916,2.034,6484000000.0,936000000.0,5548000000.0,6484000000.0,0.0,348000000.0,0.0,0.029,0.35,173000000.0,521000000.0,0.086,521000000.0,173000000.0,63000000.0,0.28,0.28,0.28,11377000000.0,,11377000000.0,57882514488.0,32.0,18.317,2135000000.0,1.976,1.0,983000000.0,0.163,4930000000.0,110000000.0,25878000000.0,,4489000000.0,1201000000.0,167000000.0,1034000000.0,23145000000.0,7939000000.0,15206000000.0,52985514488.0,-2470000000.0,65000000.0,-25000000.0,-4249000000.0,-350000000.0,-4617000000.0,-715000000.0,-392000000.0,2537000000.0,325000000.0,278000000.0,278000000.0,278000000.0,0.0,0.0,0.046,826000000.0,157000000.0,2661000000.0,1.25,4.657,29.767,27.556,10224000000.0,0.0,49.05,1.893,1.893,4889000000.0,10182000000.0,6031000000.0,6031000000.0,355000000.0,,,,,0.0,812000000.0,1.0,1080234750.0,1080234750.0,,5.583,30702000000.0,1557000000.0,-215000000.0,1158000000.0,28.422,7272000000.0
51,DD1,MRQ,2004-09-30,2004-09-30,2004-09-30,2021-09-14,-1591000000.0,36590000000.0,,17824000000.0,18766000000.0,,10.279,-4091000000.0,5839000000.0,5839000000.0,4567000000.0,331000000.0,1.636,2.459,10736000000.0,5122000000.0,5614000000.0,10736000000.0,0.0,346000000.0,0.0,0.033,0.35,300000000.0,646000000.0,0.107,646000000.0,300000000.0,214000000.0,0.33,0.33,0.33,10257000000.0,,10257000000.0,46760077371.0,29.0,15.634,-3809000000.0,-3.817,1.0,1460000000.0,0.242,5020000000.0,86000000.0,25573000000.0,,4189000000.0,1213000000.0,66000000.0,1147000000.0,25224000000.0,10894000000.0,14330000000.0,42710077371.0,145000000.0,3739000000.0,-228000000.0,1006000000.0,-352000000.0,465000000.0,-547000000.0,-214000000.0,282000000.0,-55000000.0,331000000.0,331000000.0,331000000.0,0.0,0.0,0.055,1149000000.0,311000000.0,2362000000.0,1.061,4.164,19.977,20.0,10381000000.0,0.0,42.8,1.492,1.492,6134000000.0,10374000000.0,6027000000.0,6027000000.0,308000000.0,,,,,0.0,681000000.0,1.0,997899004.0,997899004.0,,6.04,31570000000.0,1321000000.0,-117000000.0,603000000.0,31.636,6930000000.0
52,DD1,MRQ,2004-06-30,2004-06-30,2004-06-30,2021-09-14,-1595000000.0,36012000000.0,,17572000000.0,18440000000.0,,10.48,3513000000.0,5694000000.0,5694000000.0,5455000000.0,503000000.0,1.785,2.335,9744000000.0,4090000000.0,5654000000.0,9744000000.0,0.0,334000000.0,0.0,0.032,0.35,461000000.0,795000000.0,0.103,795000000.0,461000000.0,380000000.0,0.5,0.5,0.5,10483000000.0,,10483000000.0,52469234706.0,-1116.0,37.425,4207000000.0,4.206,1.0,2277000000.0,0.294,4936000000.0,81000000.0,25282000000.0,,3994000000.0,1223000000.0,16000000.0,1207000000.0,24482000000.0,9844000000.0,14638000000.0,44431234706.0,1886000000.0,-47000000.0,-54000000.0,-1973000000.0,-350000000.0,-2451000000.0,3615000000.0,102000000.0,694000000.0,28000000.0,503000000.0,503000000.0,503000000.0,0.0,0.0,0.065,1833000000.0,444000000.0,2350000000.0,0.7,4.238,47.571,47.763,10288000000.0,0.0,44.42,1.534,1.534,6626000000.0,10591000000.0,7732000000.0,7732000000.0,333000000.0,,,,,0.0,828000000.0,1.0,1000252920.0,1000252920.0,,7.73,31076000000.0,1015000000.0,-123000000.0,541000000.0,31.068,7728000000.0
53,DD1,MRQ,2004-03-31,2004-03-31,2004-03-31,2021-09-14,-1748000000.0,38827000000.0,,20247000000.0,18580000000.0,,10.225,-252000000.0,3733000000.0,3733000000.0,5757000000.0,668000000.0,1.426,2.757,11771000000.0,7423000000.0,4348000000.0,11771000000.0,0.0,319000000.0,0.0,0.033,0.35,879000000.0,1198000000.0,0.146,1198000000.0,879000000.0,794000000.0,0.67,0.66,0.67,10203000000.0,,10203000000.0,49070753080.0,116.0,25.294,-534000000.0,-0.535,1.0,2448000000.0,0.298,4911000000.0,85000000.0,27756000000.0,,4054000000.0,1444000000.0,37000000.0,1407000000.0,28127000000.0,14198000000.0,13929000000.0,42128753080.0,460000000.0,-34000000.0,47000000.0,1409000000.0,-352000000.0,1053000000.0,-417000000.0,-142000000.0,-282000000.0,106000000.0,668000000.0,668000000.0,668000000.0,0.0,0.0,0.081,1556000000.0,892000000.0,2214000000.0,0.522,4.129,38.091,38.382,9814000000.0,0.0,42.22,1.465,1.465,5576000000.0,10501000000.0,8205000000.0,8205000000.0,337000000.0,,,,,0.0,820000000.0,1.0,997838775.0,997838775.0,,8.223,33916000000.0,1097000000.0,126000000.0,753000000.0,33.989,6049000000.0
54,DD1,MRQ,2003-12-31,2003-12-31,2003-12-31,2021-09-14,-1761000000.0,37039000000.0,,18462000000.0,18577000000.0,,9.813,-456000000.0,3273000000.0,3273000000.0,5210000000.0,636000000.0,1.415,2.736,10215000000.0,5914000000.0,4301000000.0,10215000000.0,0.0,370000000.0,0.0,0.033,0.35,-18000000.0,352000000.0,0.053,352000000.0,-18000000.0,-107000000.0,0.64,0.63,0.64,9781000000.0,,9781000000.0,53909092767.0,138.0,27.31,1748000000.0,1.754,1.0,1458000000.0,0.219,4925000000.0,89000000.0,26013000000.0,,4107000000.0,1329000000.0,25000000.0,1304000000.0,26761000000.0,13043000000.0,13718000000.0,45742092767.0,-458000000.0,-93000000.0,14000000.0,-1890000000.0,-354000000.0,-2171000000.0,-635000000.0,-95000000.0,2204000000.0,144000000.0,636000000.0,636000000.0,636000000.0,0.0,0.0,0.095,1471000000.0,-13000000.0,2412000000.0,0.547,4.677,47.011,47.309,9892000000.0,0.0,45.89,1.65,1.65,4218000000.0,10185000000.0,6668000000.0,6668000000.0,337000000.0,,,,,0.0,790000000.0,1.0,996776918.0,996776918.0,,6.69,32114000000.0,1141000000.0,-743000000.0,568000000.0,32.218,5419000000.0
55,DD1,MRQ,2003-09-30,2003-09-30,2003-09-30,2021-09-14,-2386000000.0,37386000000.0,,19493000000.0,17893000000.0,,8.869,-585000000.0,3766000000.0,3766000000.0,4995000000.0,-873000000.0,1.527,3.174,11933000000.0,6664000000.0,5269000000.0,11933000000.0,0.0,426000000.0,0.0,0.038,0.35,-1369000000.0,-943000000.0,-0.148,-943000000.0,-1369000000.0,-1459000000.0,-0.88,-0.88,-0.88,8837000000.0,,8837000000.0,47294567281.0,72.0,20.816,-432000000.0,-0.434,1.0,1366000000.0,0.215,4838000000.0,90000000.0,27950000000.0,,3826000000.0,1570000000.0,97000000.0,1473000000.0,28048000000.0,12765000000.0,15283000000.0,39863567281.0,-120000000.0,-353000000.0,14000000.0,868000000.0,-351000000.0,523000000.0,-861000000.0,22000000.0,153000000.0,65000000.0,-873000000.0,-873000000.0,-873000000.0,0.0,0.0,-0.137,2732000000.0,-1366000000.0,1884000000.0,-0.398,4.511,58.026,59.716,9752000000.0,0.0,40.01,1.481,1.481,5163000000.0,9903000000.0,6361000000.0,6361000000.0,340000000.0,,,,,0.0,726000000.0,1.0,996340097.0,996340097.0,,6.384,32548000000.0,714000000.0,-586000000.0,1794000000.0,32.668,6728000000.0
56,DD1,MRQ,2003-06-30,2003-06-30,2003-06-30,2021-09-14,-2711000000.0,38197000000.0,,15514000000.0,22683000000.0,,9.755,-418000000.0,3926000000.0,3926000000.0,5386000000.0,675000000.0,1.324,2.872,11357000000.0,5860000000.0,5497000000.0,11357000000.0,0.0,403000000.0,0.0,0.036,0.35,930000000.0,1333000000.0,0.177,1333000000.0,930000000.0,843000000.0,0.67,0.67,0.67,9716000000.0,,9716000000.0,45607836470.0,18.0,10.963,112000000.0,0.112,1.0,2129000000.0,0.283,5359000000.0,87000000.0,28554000000.0,,4290000000.0,2195000000.0,165000000.0,2030000000.0,27905000000.0,11715000000.0,16190000000.0,41472836470.0,-147000000.0,-1047000000.0,6000000.0,3041000000.0,-351000000.0,640000000.0,-1492000000.0,-53000000.0,530000000.0,175000000.0,675000000.0,675000000.0,675000000.0,0.0,0.0,0.09,1223000000.0,906000000.0,2829000000.0,0.522,4.269,20.44,20.614,13722000000.0,0.0,41.64,1.577,1.577,6149000000.0,11127000000.0,7515000000.0,7515000000.0,357000000.0,,,,,0.0,805000000.0,1.0,995985506.0,995985506.0,,7.545,32838000000.0,677000000.0,168000000.0,1879000000.0,32.97,3799000000.0
57,DD1,MRQ,2003-03-31,2003-03-31,2003-03-31,2021-09-14,-2749000000.0,36084000000.0,,15038000000.0,21046000000.0,,9.383,-254000000.0,4073000000.0,4073000000.0,5168000000.0,535000000.0,1.885,2.605,8208000000.0,2424000000.0,5784000000.0,8208000000.0,0.0,385000000.0,0.0,0.039,0.46,847000000.0,1232000000.0,0.171,1232000000.0,847000000.0,766000000.0,0.53,0.53,0.53,9333000000.0,,9333000000.0,41808437673.0,18.0,10.778,-552000000.0,-0.555,1.0,2018000000.0,0.281,4281000000.0,81000000.0,27960000000.0,,4322000000.0,2383000000.0,314000000.0,2069000000.0,24311000000.0,7978000000.0,16333000000.0,38654437673.0,395000000.0,-88000000.0,18000000.0,1372000000.0,-351000000.0,1039000000.0,-387000000.0,-47000000.0,-298000000.0,41000000.0,535000000.0,535000000.0,535000000.0,0.0,0.0,0.074,1117000000.0,901000000.0,2568000000.0,0.868,4.142,20.377,20.561,13163000000.0,0.0,38.86,1.515,1.515,5273000000.0,10803000000.0,7186000000.0,7186000000.0,315000000.0,,,,,0.0,746000000.0,1.0,994710182.0,994710182.0,,7.224,31803000000.0,781000000.0,231000000.0,1802000000.0,31.972,7060000000.0
58,DD1,MRQ,2002-12-31,2002-12-31,2002-12-31,2021-09-14,-2767000000.0,34621000000.0,,13459000000.0,21162000000.0,,9.122,-597000000.0,3678000000.0,3678000000.0,5325000000.0,350000000.0,1.897,2.553,6832000000.0,1185000000.0,5647000000.0,6832000000.0,0.0,403000000.0,0.0,0.033,0.35,247000000.0,650000000.0,0.111,650000000.0,247000000.0,167000000.0,0.35,0.35,0.35,9063000000.0,,9063000000.0,45743550219.0,-82.0,47.849,1456000000.0,1.466,1.0,536000000.0,0.091,4276000000.0,80000000.0,26403000000.0,,4409000000.0,2512000000.0,465000000.0,2047000000.0,23135000000.0,7096000000.0,16039000000.0,42123550219.0,218000000.0,-386000000.0,-1000000.0,-461000000.0,-349000000.0,-811000000.0,-1116000000.0,-345000000.0,2053000000.0,92000000.0,350000000.0,350000000.0,350000000.0,0.0,0.0,0.06,270000000.0,266000000.0,2727000000.0,1.0,4.648,-38.19,-37.857,13286000000.0,0.0,42.4,1.718,1.718,3884000000.0,10619000000.0,5861000000.0,5861000000.0,336000000.0,,,,,0.0,770000000.0,1.0,993479958.0,993479958.0,,5.899,30345000000.0,848000000.0,-183000000.0,610000000.0,30.544,6363000000.0
59,DD1,MRQ,2002-09-30,2002-09-30,2002-09-30,2021-09-14,-237000000.0,36451000000.0,,13569000000.0,22882000000.0,,11.649,-151000000.0,3460000000.0,3460000000.0,3851000000.0,469000000.0,1.819,1.942,7080000000.0,2270000000.0,4810000000.0,7080000000.0,0.0,392000000.0,0.0,0.039,0.35,553000000.0,945000000.0,0.165,945000000.0,553000000.0,474000000.0,0.47,0.47,0.47,11571000000.0,,11571000000.0,39815273216.0,7.0,5.668,673000000.0,0.678,1.0,1886000000.0,0.329,4017000000.0,79000000.0,28596000000.0,,4099000000.0,2465000000.0,369000000.0,2096000000.0,22468000000.0,7458000000.0,15010000000.0,35828273216.0,331000000.0,-65000000.0,5000000.0,-29000000.0,-351000000.0,-375000000.0,-98000000.0,124000000.0,824000000.0,-20000000.0,469000000.0,469000000.0,469000000.0,0.0,0.0,0.082,1312000000.0,574000000.0,2193000000.0,0.745,3.096,14.553,15.615,13037000000.0,0.0,36.07,1.492,1.492,4813000000.0,10619000000.0,5737000000.0,5737000000.0,322000000.0,,,,,0.0,621000000.0,1.0,993298398.0,993298398.0,,5.776,32434000000.0,584000000.0,5000000.0,2815000000.0,32.653,6111000000.0
60,DD1,MRQ,2002-06-30,2002-06-30,2002-06-30,2021-09-14,-242000000.0,36384000000.0,,13604000000.0,22780000000.0,,11.528,-288000000.0,3129000000.0,3129000000.0,4369000000.0,543000000.0,1.826,1.967,7116000000.0,2199000000.0,4917000000.0,7116000000.0,0.0,364000000.0,0.0,0.032,0.35,688000000.0,1052000000.0,0.156,1052000000.0,688000000.0,578000000.0,0.54,0.54,0.54,11450000000.0,,11450000000.0,47618803210.0,9.0,7.16,349000000.0,0.351,1.0,2356000000.0,0.35,4042000000.0,110000000.0,28878000000.0,,3759000000.0,2512000000.0,496000000.0,2016000000.0,22525000000.0,7451000000.0,15074000000.0,44097803210.0,-116000000.0,-434000000.0,6000000.0,278000000.0,-350000000.0,-66000000.0,-834000000.0,-131000000.0,637000000.0,147000000.0,543000000.0,543000000.0,543000000.0,0.0,0.0,0.081,1656000000.0,700000000.0,2056000000.0,0.648,3.851,20.655,22.538,13126000000.0,0.0,44.4,1.833,1.833,5451000000.0,10501000000.0,6725000000.0,6725000000.0,319000000.0,,,,,0.0,727000000.0,1.0,993193766.0,993193766.0,,6.771,32342000000.0,546000000.0,35000000.0,2801000000.0,32.564,6153000000.0
61,DD1,MRQ,2002-03-31,2002-03-31,2002-03-31,2021-09-14,-240000000.0,38661000000.0,,13251000000.0,25410000000.0,,14.297,-244000000.0,3245000000.0,3245000000.0,3984000000.0,-2465000000.0,1.929,1.555,6766000000.0,1622000000.0,5144000000.0,6766000000.0,0.0,356000000.0,0.0,0.03,0.35,-2047000000.0,-1691000000.0,-0.273,-1691000000.0,-2047000000.0,-2137000000.0,-2.48,-2.46,-2.48,14196000000.0,,14196000000.0,47868757996.0,11.0,8.321,-1319000000.0,-1.328,1.0,2215000000.0,0.357,6814000000.0,90000000.0,28497000000.0,,4052000000.0,2329000000.0,316000000.0,2013000000.0,22074000000.0,6871000000.0,15203000000.0,46817757996.0,-2518000000.0,-70000000.0,-446000000.0,-69000000.0,-351000000.0,-866000000.0,-544000000.0,-230000000.0,-1075000000.0,-33000000.0,-2465000000.0,-2465000000.0,-2465000000.0,0.0,0.0,-0.398,1297000000.0,918000000.0,2172000000.0,-0.141,3.298,33.951,38.648,13192000000.0,0.0,47.15,1.908,1.908,4862000000.0,13252000000.0,6199000000.0,6199000000.0,287000000.0,,,,,0.0,645000000.0,1.0,992953510.0,992953510.0,,6.243,31847000000.0,540000000.0,328000000.0,3025000000.0,32.073,6380000000.0
62,DD1,MRQ,2001-12-31,2001-12-31,2001-12-31,2021-09-14,-273000000.0,40319000000.0,,14801000000.0,25518000000.0,,14.097,-470000000.0,5763000000.0,5763000000.0,3668000000.0,3915000000.0,1.835,1.622,6814000000.0,1464000000.0,5350000000.0,6814000000.0,0.0,325000000.0,0.0,0.033,0.35,6393000000.0,6718000000.0,1.255,6718000000.0,6393000000.0,6295000000.0,3.78,3.76,3.78,14452000000.0,,14452000000.0,53202649203.0,7.0,6.104,1062000000.0,1.036,1.0,1684000000.0,0.315,6897000000.0,98000000.0,26406000000.0,,4215000000.0,2130000000.0,85000000.0,2045000000.0,23443000000.0,8067000000.0,15376000000.0,43579649203.0,3319000000.0,7692000000.0,-1552000000.0,-5262000000.0,-359000000.0,-5815000000.0,7790000000.0,559000000.0,1532000000.0,-78000000.0,3915000000.0,3915000000.0,3915000000.0,0.0,0.0,0.732,1409000000.0,275000000.0,2219000000.0,0.093,3.015,10.044,10.17,13287000000.0,0.0,42.51,1.718,1.718,3903000000.0,13517000000.0,5352000000.0,5352000000.0,300000000.0,,,,,0.0,656000000.0,1.0,1025162296.0,1025162296.0,,5.221,33422000000.0,618000000.0,2380000000.0,3985000000.0,32.602,6734000000.0
63,DD1,MRQ,2001-09-30,2001-09-30,2001-09-30,2021-09-14,-290000000.0,40983000000.0,,14168000000.0,26815000000.0,,11.906,-237000000.0,2444000000.0,2444000000.0,3958000000.0,142000000.0,1.27,2.228,12067000000.0,5797000000.0,6270000000.0,12067000000.0,0.0,328000000.0,0.0,0.037,0.35,244000000.0,572000000.0,0.099,572000000.0,244000000.0,96000000.0,0.13,0.13,0.13,12378000000.0,,12378000000.0,48120862974.0,34.0,17.486,627000000.0,0.603,1.0,1818000000.0,0.315,8014000000.0,148000000.0,31439000000.0,,4301000000.0,2621000000.0,570000000.0,2051000000.0,27582000000.0,11153000000.0,16429000000.0,39008862974.0,963000000.0,-24000000.0,-39000000.0,1384000000.0,-367000000.0,978000000.0,-900000000.0,-526000000.0,864000000.0,21000000.0,142000000.0,142000000.0,142000000.0,0.0,0.0,0.025,1569000000.0,249000000.0,2050000000.0,2.692,3.151,56.947,58.625,13596000000.0,0.0,37.52,1.484,1.484,5289000000.0,11253000000.0,5776000000.0,5776000000.0,441000000.0,,,,,0.0,687000000.0,1.0,1039681849.0,1039681849.0,,5.556,32969000000.0,1097000000.0,-46000000.0,2576000000.0,31.711,3015000000.0
64,DD1,MRQ,2001-06-30,2001-06-30,2001-06-30,2021-09-14,-262000000.0,39134000000.0,,12264000000.0,26870000000.0,,12.178,-224000000.0,1481000000.0,1481000000.0,4615000000.0,-213000000.0,1.285,2.002,10593000000.0,4374000000.0,6219000000.0,10593000000.0,0.0,340000000.0,0.0,0.029,0.35,-186000000.0,154000000.0,0.021,154000000.0,-186000000.0,-352000000.0,-0.21,-0.21,-0.21,12699000000.0,,12699000000.0,59840004663.0,26.0,16.453,356000000.0,0.341,1.0,2598000000.0,0.36,8118000000.0,166000000.0,30586000000.0,,4191000000.0,2139000000.0,18000000.0,2121000000.0,25425000000.0,9542000000.0,15883000000.0,50305004663.0,136000000.0,-59000000.0,-103000000.0,-178000000.0,-366000000.0,-25000000.0,-307000000.0,-3000000.0,580000000.0,-112000000.0,-213000000.0,-213000000.0,-213000000.0,0.0,0.0,-0.03,2761000000.0,-163000000.0,1809000000.0,-1.667,3.961,45.525,45.943,13701000000.0,0.0,48.24,1.838,1.838,5532000000.0,11535000000.0,7213000000.0,7213000000.0,437000000.0,,,,,0.0,825000000.0,1.0,1042806896.0,1042806896.0,,6.917,31016000000.0,627000000.0,-139000000.0,2125000000.0,29.743,2722000000.0
65,DD1,MRQ,2001-03-31,2001-03-31,2001-03-31,2021-09-14,-264000000.0,40421000000.0,,12408000000.0,28013000000.0,,12.869,-310000000.0,1345000000.0,1345000000.0,4486000000.0,495000000.0,1.25,1.985,10880000000.0,4349000000.0,6531000000.0,10880000000.0,0.0,327000000.0,0.0,0.034,0.35,945000000.0,1272000000.0,0.181,1272000000.0,945000000.0,767000000.0,0.47,0.47,0.47,13418000000.0,,13418000000.0,50802833264.0,14.0,9.983,-832000000.0,-0.798,1.0,2543000000.0,0.362,8277000000.0,178000000.0,31753000000.0,,4737000000.0,2213000000.0,15000000.0,2198000000.0,26630000000.0,9926000000.0,16704000000.0,42437833264.0,-195000000.0,-29000000.0,29000000.0,1030000000.0,-368000000.0,691000000.0,-270000000.0,61000000.0,-522000000.0,-94000000.0,495000000.0,495000000.0,495000000.0,0.0,0.0,0.07,1606000000.0,937000000.0,2150000000.0,0.745,3.163,21.155,21.198,14114000000.0,0.0,40.7,1.5,1.5,5360000000.0,12240000000.0,7029000000.0,7029000000.0,410000000.0,,,,,0.0,757000000.0,1.0,1042698606.0,1042698606.0,,6.741,32144000000.0,636000000.0,272000000.0,2891000000.0,30.828,2482000000.0
66,DD1,MRQ,2000-12-31,2000-12-31,2000-12-31,2021-09-14,-188000000.0,39426000000.0,,11656000000.0,27770000000.0,,12.806,-352000000.0,1540000000.0,1540000000.0,4177000000.0,261000000.0,1.259,1.936,9905000000.0,3247000000.0,6658000000.0,9905000000.0,0.0,360000000.0,0.0,0.029,0.35,394000000.0,754000000.0,0.12,754000000.0,394000000.0,200000000.0,0.25,0.25,0.25,13299000000.0,,13299000000.0,59638748412.0,14.0,10.629,1574000000.0,1.516,1.0,2087000000.0,0.333,8365000000.0,194000000.0,30171000000.0,,4658000000.0,2283000000.0,77000000.0,2206000000.0,25747000000.0,9255000000.0,16492000000.0,50171748412.0,-149000000.0,-26000000.0,13000000.0,-1363000000.0,-365000000.0,-1715000000.0,-403000000.0,-17000000.0,1926000000.0,43000000.0,261000000.0,261000000.0,261000000.0,0.0,0.0,0.042,1680000000.0,407000000.0,2731000000.0,1.4,3.773,21.682,21.86,14182000000.0,0.0,48.31,1.718,1.718,4552000000.0,12153000000.0,6264000000.0,6264000000.0,453000000.0,,,,,0.0,765000000.0,1.0,1038537537.0,1038537537.0,,6.032,31061000000.0,601000000.0,-61000000.0,2355000000.0,29.908,2401000000.0
67,DD1,MRQ,2000-09-30,2000-09-30,2000-09-30,2021-09-14,-329000000.0,40049000000.0,,12471000000.0,27578000000.0,,12.694,-202000000.0,1689000000.0,1689000000.0,4135000000.0,562000000.0,1.205,1.998,11156000000.0,4488000000.0,6668000000.0,11156000000.0,0.0,351000000.0,0.0,0.034,0.35,1106000000.0,1457000000.0,0.212,1457000000.0,1106000000.0,901000000.0,0.54,0.53,0.54,13235000000.0,,13235000000.0,52548603561.0,18.0,12.091,968000000.0,0.928,1.0,2730000000.0,0.398,0.0,205000000.0,39166000000.0,,4466000000.0,2223000000.0,59000000.0,2164000000.0,26437000000.0,10350000000.0,16087000000.0,42620603561.0,-26000000.0,-17000000.0,-201000000.0,-416000000.0,-362000000.0,-979000000.0,-85000000.0,-17000000.0,1170000000.0,-132000000.0,562000000.0,562000000.0,562000000.0,0.0,0.0,0.082,1644000000.0,1086000000.0,2151000000.0,0.648,3.22,67.331,54.507,14173000000.0,0.0,40.88,1.391,1.391,5531000000.0,12258000000.0,6865000000.0,6865000000.0,442000000.0,,,,,0.0,710000000.0,1.0,1042578365.0,1042578365.0,,6.585,40049000000.0,455000000.0,339000000.0,2092000000.0,38.413,2121000000.0
68,DD1,MRQ,2000-06-30,2000-06-30,2000-06-30,2021-09-14,-319000000.0,40237000000.0,,12485000000.0,27752000000.0,,12.649,-425000000.0,1715000000.0,1715000000.0,5028000000.0,688000000.0,1.172,2.01,11643000000.0,5005000000.0,6638000000.0,11643000000.0,0.0,353000000.0,0.0,0.034,0.35,1253000000.0,1606000000.0,0.197,1606000000.0,1253000000.0,1043000000.0,0.66,0.65,0.66,13247000000.0,,13247000000.0,56361896719.0,6.0,5.065,1214000000.0,1.159,1.0,3104000000.0,0.382,0.0,210000000.0,39509000000.0,,4112000000.0,2306000000.0,43000000.0,2263000000.0,26620000000.0,10656000000.0,15964000000.0,45819896719.0,-1129000000.0,-68000000.0,-245000000.0,-1765000000.0,-369000000.0,-2379000000.0,-335000000.0,177000000.0,1639000000.0,-54000000.0,688000000.0,688000000.0,688000000.0,0.0,0.0,0.085,1829000000.0,1275000000.0,2001000000.0,0.53,3.459,6.028,5.865,14171000000.0,0.0,43.75,1.508,1.508,5937000000.0,12238000000.0,8132000000.0,8132000000.0,460000000.0,,,,,0.0,809000000.0,1.0,1047311925.0,1047311925.0,,7.765,40237000000.0,437000000.0,355000000.0,1951000000.0,38.419,1829000000.0
69,DD1,MRQ,2000-03-31,2000-03-31,2000-03-31,2021-09-14,-269000000.0,42484000000.0,,14505000000.0,27979000000.0,,12.616,-243000000.0,2844000000.0,2844000000.0,4856000000.0,803000000.0,1.144,2.176,13386000000.0,6709000000.0,6677000000.0,13386000000.0,0.0,351000000.0,0.0,0.028,0.35,1443000000.0,1794000000.0,0.226,1794000000.0,1443000000.0,1242000000.0,0.76,0.76,0.76,13210000000.0,,13210000000.0,65531469480.0,7.0,5.775,92000000.0,0.088,1.0,3085000000.0,0.388,0.0,201000000.0,40352000000.0,,4545000000.0,2120000000.0,225000000.0,1895000000.0,28741000000.0,12674000000.0,16067000000.0,55431469480.0,1378000000.0,-32000000.0,34000000.0,1871000000.0,-369000000.0,1536000000.0,-421000000.0,-118000000.0,335000000.0,-72000000.0,803000000.0,803000000.0,803000000.0,0.0,0.0,0.101,1625000000.0,1460000000.0,2310000000.0,0.461,4.196,7.079,6.957,14544000000.0,0.0,52.94,1.878,1.878,6203000000.0,12121000000.0,7941000000.0,7941000000.0,421000000.0,,,,,0.0,757000000.0,1.0,1047062136.0,1047062136.0,,7.584,42484000000.0,421000000.0,439000000.0,1992000000.0,40.574,1831000000.0
70,DD1,MRQ,1999-12-31,1999-12-31,1999-12-31,2021-09-14,-133000000.0,40777000000.0,,12653000000.0,28124000000.0,,12.326,-88000000.0,1466000000.0,1466000000.0,4681000000.0,-1420000000.0,1.127,2.127,11566000000.0,4941000000.0,6625000000.0,11566000000.0,0.0,363000000.0,0.0,0.023,0.35,-874000000.0,-511000000.0,-0.066,-511000000.0,-874000000.0,-1076000000.0,-1.21,-1.2,-1.21,12875000000.0,,12875000000.0,76357294351.0,8.0,6.892,1767000000.0,1.692,1.0,3021000000.0,0.392,8724000000.0,202000000.0,30925000000.0,,5057000000.0,1575000000.0,116000000.0,1459000000.0,27385000000.0,11228000000.0,16157000000.0,68813294351.0,-839000000.0,-3395000000.0,25000000.0,1017000000.0,-370000000.0,672000000.0,-3277000000.0,179000000.0,1855000000.0,-30000000.0,-1420000000.0,-1420000000.0,-1420000000.0,-235000000.0,0.0,-0.184,3900000000.0,-879000000.0,2780000000.0,-0.289,5.345,8.948,9.305,14871000000.0,0.0,65.88,2.467,2.467,5318000000.0,11699000000.0,7702000000.0,7702000000.0,478000000.0,,,,,0.0,811000000.0,1.0,1044524808.0,1044524808.0,,7.374,32053000000.0,494000000.0,344000000.0,2019000000.0,30.687,1425000000.0
71,DD1,MRQ,1999-09-30,1999-09-30,1999-09-30,2021-09-14,-170000000.0,34436000000.0,,12107000000.0,22329000000.0,,9.099,-439000000.0,2305000000.0,2305000000.0,4110000000.0,7530000000.0,1.136,2.299,9849000000.0,5227000000.0,4622000000.0,9849000000.0,0.0,373000000.0,0.0,0.025,0.45,7866000000.0,8239000000.0,1.245,8239000000.0,7866000000.0,7746000000.0,7.25,7.15,7.25,10285000000.0,,10285000000.0,75352817618.0,5.0,4.8,855000000.0,0.756,1.0,2508000000.0,0.379,0.0,120000000.0,31326000000.0,,3595000000.0,2249000000.0,294000000.0,1955000000.0,23646000000.0,10654000000.0,12992000000.0,68383817618.0,552000000.0,-78000000.0,-593000000.0,1284000000.0,-347000000.0,369000000.0,-930000000.0,-407000000.0,1294000000.0,18000000.0,7530000000.0,7530000000.0,7530000000.0,-7349000000.0,0.0,1.138,1977000000.0,531000000.0,1942000000.0,0.062,6.649,5.546,5.261,14601000000.0,0.0,60.5,2.566,2.566,5200000000.0,14637000000.0,6618000000.0,6618000000.0,394000000.0,,,,,0.0,624000000.0,1.0,1130311035.0,1130311035.0,,5.855,34436000000.0,533000000.0,216000000.0,962000000.0,30.466,1453000000.0
72,DD1,MRQ,1999-06-30,1999-06-30,1999-06-30,2021-09-14,-523000000.0,37315000000.0,,11137000000.0,26178000000.0,,13.068,-505000000.0,1501000000.0,1501000000.0,4360000000.0,917000000.0,1.249,1.499,8470000000.0,3536000000.0,4934000000.0,8470000000.0,0.0,373000000.0,0.0,0.02,0.35,1452000000.0,1825000000.0,0.251,1825000000.0,1452000000.0,1335000000.0,0.81,0.8,0.81,14740000000.0,,14740000000.0,89842165549.0,16.0,12.67,1039000000.0,0.921,1.0,2899000000.0,0.399,0.0,117000000.0,35370000000.0,,3388000000.0,2027000000.0,39000000.0,1988000000.0,22101000000.0,8914000000.0,13187000000.0,77047165549.0,339000000.0,15000000.0,76000000.0,-5327000000.0,-397000000.0,-5647000000.0,-518000000.0,-28000000.0,1544000000.0,-28000000.0,917000000.0,917000000.0,917000000.0,-71000000.0,0.0,0.126,1498000000.0,1401000000.0,1844000000.0,0.432,5.227,18.366,18.412,14888000000.0,0.0,68.31,2.94,2.94,5446000000.0,7453000000.0,7259000000.0,7259000000.0,387000000.0,,,,,0.0,625000000.0,1.0,1127904634.0,1127904634.0,,6.436,37315000000.0,548000000.0,418000000.0,865000000.0,33.083,2223000000.0
73,DD1,MRQ,1999-03-31,1999-03-31,1999-03-31,2021-09-14,-526000000.0,41967000000.0,,10791000000.0,31176000000.0,,12.541,-414000000.0,1003000000.0,1003000000.0,3840000000.0,663000000.0,0.736,1.937,13798000000.0,9232000000.0,4566000000.0,13798000000.0,0.0,335000000.0,0.0,0.024,0.35,1191000000.0,1526000000.0,0.242,1526000000.0,1191000000.0,1095000000.0,0.59,0.58,0.59,14133000000.0,,14133000000.0,75495375665.0,13.0,10.578,-267000000.0,-0.237,1.0,2473000000.0,0.392,0.0,96000000.0,40099000000.0,,3566000000.0,1812000000.0,11000000.0,1801000000.0,27370000000.0,14663000000.0,12707000000.0,65430375665.0,-20000000.0,-1663000000.0,-30000000.0,2590000000.0,-397000000.0,2242000000.0,-2086000000.0,-2000000.0,147000000.0,-68000000.0,663000000.0,663000000.0,663000000.0,-35000000.0,0.0,0.105,1301000000.0,1172000000.0,1900000000.0,0.593,4.63,15.443,15.483,14817000000.0,0.0,58.06,2.559,2.559,5399000000.0,6933000000.0,6313000000.0,6313000000.0,358000000.0,,,,,0.0,535000000.0,1.0,1126944121.0,1126944121.0,,5.602,41967000000.0,596000000.0,432000000.0,852000000.0,37.24,-3872000000.0
74,DD1,MRQ,1998-12-31,1998-12-31,1998-12-31,2021-09-14,-432000000.0,38536000000.0,,9236000000.0,29300000000.0,,12.394,-102000000.0,1059000000.0,1059000000.0,3680000000.0,3220000000.0,0.796,1.732,11124000000.0,6629000000.0,4495000000.0,11124000000.0,0.0,385000000.0,0.0,0.026,0.35,3722000000.0,4107000000.0,0.636,4107000000.0,3722000000.0,3618000000.0,2.85,2.81,2.85,13954000000.0,,13954000000.0,75075207635.0,13.0,10.155,1663000000.0,1.477,1.0,2775000000.0,0.43,0.0,104000000.0,36991000000.0,,3129000000.0,1806000000.0,10000000.0,1796000000.0,24175000000.0,11610000000.0,12565000000.0,59738207635.0,-521000000.0,3964000000.0,15000000.0,-5892000000.0,-399000000.0,-6260000000.0,4376000000.0,351000000.0,1765000000.0,-27000000.0,3220000000.0,3220000000.0,3220000000.0,-2439000000.0,0.0,0.499,1487000000.0,1288000000.0,1929000000.0,0.123,4.281,13.334,13.399,14131000000.0,0.0,53.06,2.32,2.32,4201000000.0,6705000000.0,6455000000.0,6455000000.0,408000000.0,,,,,0.0,588000000.0,1.0,1125861433.0,1125861433.0,,5.733,38536000000.0,645000000.0,398000000.0,560000000.0,34.228,-2374000000.0
75,DD1,MRQ,1998-09-30,1998-09-30,1998-09-30,2021-09-14,-144000000.0,42563000000.0,,11573000000.0,30990000000.0,,9.849,-431000000.0,1730000000.0,1730000000.0,3770000000.0,-605000000.0,0.634,2.784,17067000000.0,12543000000.0,4524000000.0,17067000000.0,0.0,368000000.0,0.0,0.024,0.35,-735000000.0,-367000000.0,-0.059,-367000000.0,-735000000.0,-895000000.0,-0.54,-0.54,-0.54,11146000000.0,,11146000000.0,76331952681.0,28.0,18.34,492000000.0,0.435,1.0,2408000000.0,0.39,0.0,160000000.0,39644000000.0,,3292000000.0,2461000000.0,291000000.0,2170000000.0,31032000000.0,18256000000.0,12776000000.0,63655952681.0,-1415000000.0,-2350000000.0,-370000000.0,865000000.0,-396000000.0,83000000.0,-2609000000.0,161000000.0,923000000.0,121000000.0,-605000000.0,-605000000.0,-605000000.0,-160000000.0,0.0,-0.098,3104000000.0,-696000000.0,1620000000.0,-0.648,5.711,41.824,41.978,13730000000.0,0.0,56.25,2.51,2.51,5409000000.0,3884000000.0,6178000000.0,6178000000.0,362000000.0,,,,,0.0,542000000.0,1.0,1131661381.0,1131661381.0,,5.459,42563000000.0,610000000.0,-290000000.0,640000000.0,37.611,-6683000000.0
76,DD1,MRQ,1998-06-30,1998-06-30,1998-06-30,2021-09-14,-324000000.0,47770000000.0,,15407000000.0,32363000000.0,,10.986,-536000000.0,3371000000.0,3371000000.0,4057000000.0,959000000.0,0.889,2.796,16047000000.0,9938000000.0,6109000000.0,16047000000.0,0.0,367000000.0,0.0,0.017,0.35,1504000000.0,1871000000.0,0.282,1871000000.0,1504000000.0,1375000000.0,0.85,0.83,0.85,12398000000.0,,12398000000.0,97088846945.0,25.0,20.622,756000000.0,0.67,1.0,2567000000.0,0.388,0.0,129000000.0,43113000000.0,,4492000000.0,4358000000.0,523000000.0,3835000000.0,34671000000.0,17333000000.0,17338000000.0,84287846945.0,1346000000.0,-42000000.0,181000000.0,1236000000.0,-396000000.0,1021000000.0,-905000000.0,-287000000.0,1292000000.0,7000000.0,959000000.0,959000000.0,959000000.0,-165000000.0,0.0,0.145,1215000000.0,1352000000.0,2712000000.0,0.412,6.799,39.947,40.156,24434000000.0,0.0,74.69,3.328,3.328,6125000000.0,5234000000.0,6624000000.0,6624000000.0,274000000.0,,,,,0.0,506000000.0,1.0,1128502436.0,1128502436.0,,5.87,47770000000.0,387000000.0,416000000.0,2564000000.0,42.33,-1926000000.0
77,DD1,MRQ,1998-03-31,1998-03-31,1998-03-31,2021-09-14,-317000000.0,45627000000.0,,13796000000.0,31831000000.0,,10.331,-225000000.0,2024000000.0,2024000000.0,4049000000.0,906000000.0,0.872,2.864,14825000000.0,8391000000.0,6434000000.0,14825000000.0,0.0,332000000.0,0.0,0.019,0.315,1450000000.0,1782000000.0,0.275,1782000000.0,1450000000.0,1323000000.0,0.8,0.79,0.8,11629000000.0,,11629000000.0,87622748208.0,20.0,16.214,-73000000.0,-0.065,1.0,2442000000.0,0.376,0.0,127000000.0,42605000000.0,,4533000000.0,3858000000.0,236000000.0,3622000000.0,33307000000.0,15823000000.0,17484000000.0,76543748208.0,1020000000.0,-711000000.0,-273000000.0,2734000000.0,-358000000.0,2103000000.0,-1040000000.0,-94000000.0,152000000.0,-4000000.0,906000000.0,906000000.0,906000000.0,-269000000.0,0.0,0.14,1253000000.0,1189000000.0,2808000000.0,0.394,6.582,33.411,33.663,24075000000.0,0.0,68.0,2.516,2.516,5963000000.0,4671000000.0,6491000000.0,6491000000.0,264000000.0,,,,,0.0,479000000.0,1.0,1125643356.0,1125643356.0,,5.766,45627000000.0,520000000.0,417000000.0,2852000000.0,40.534,-2027000000.0
78,DD1,MRQ,1997-12-31,1997-12-31,1997-12-31,2021-09-14,-297000000.0,36689000000.0,,9107000000.0,27582000000.0,,9.96,-660000000.0,1004000000.0,1004000000.0,3049000000.0,262000000.0,0.812,2.223,12049000000.0,6152000000.0,5897000000.0,12049000000.0,0.0,346000000.0,0.0,0.02,0.315,530000000.0,876000000.0,0.144,876000000.0,530000000.0,409000000.0,0.23,0.22,0.23,11270000000.0,,11270000000.0,78534523088.0,19.0,14.256,861000000.0,0.761,1.0,3023000000.0,0.498,0.0,121000000.0,36517000000.0,,2792000000.0,2514000000.0,142000000.0,2372000000.0,25058000000.0,11217000000.0,13841000000.0,67962523088.0,-481000000.0,-1255000000.0,-1554000000.0,-426000000.0,-359000000.0,-2341000000.0,-903000000.0,573000000.0,1521000000.0,-3000000.0,262000000.0,262000000.0,262000000.0,-191000000.0,0.0,0.043,2675000000.0,348000000.0,1921000000.0,1.37,6.03,28.259,28.33,12601000000.0,0.0,60.06,2.708,2.708,4309000000.0,4389000000.0,6072000000.0,6072000000.0,1072000000.0,,,,,0.0,609000000.0,1.0,1131577141.0,1131577141.0,,5.366,36689000000.0,691000000.0,147000000.0,620000000.0,32.423,-2110000000.0
79,DD1,MRQ,1997-09-30,1997-09-30,1997-09-30,2021-09-14,-170000000.0,42352000000.0,,13047000000.0,29305000000.0,,10.318,1415000000.0,1485000000.0,1485000000.0,4039000000.0,-17000000.0,0.967,2.578,12057000000.0,6271000000.0,5786000000.0,12057000000.0,0.0,-173000000.0,0.0,0.019,0.315,352000000.0,179000000.0,0.029,179000000.0,352000000.0,260000000.0,-0.02,-0.02,-0.02,11668000000.0,,11668000000.0,79254347377.0,17.0,15.285,1746000000.0,1.544,1.0,2103000000.0,0.342,0.0,92000000.0,39426000000.0,,4005000000.0,4305000000.0,708000000.0,3597000000.0,30079000000.0,13498000000.0,16581000000.0,69694347377.0,-152000000.0,-1556000000.0,18000000.0,859000000.0,-359000000.0,516000000.0,-256000000.0,-156000000.0,331000000.0,19000000.0,-17000000.0,-17000000.0,-17000000.0,-256000000.0,0.0,-0.003,1999000000.0,104000000.0,2571000000.0,-15.75,5.973,23.224,23.345,21994000000.0,0.0,61.63,3.371,3.371,5858000000.0,5871000000.0,6142000000.0,6142000000.0,0.0,,,,,0.0,460000000.0,1.0,1130851004.0,1130851004.0,,5.431,42352000000.0,593000000.0,277000000.0,2917000000.0,37.451,-451000000.0
80,DD1,MRQ,1997-06-30,1997-06-30,1997-06-30,2021-09-14,-142000000.0,41409000000.0,,13243000000.0,28166000000.0,,10.698,-1635000000.0,1637000000.0,1637000000.0,8314000000.0,1140000000.0,1.005,2.378,11197000000.0,6430000000.0,4767000000.0,11197000000.0,0.0,584000000.0,0.0,0.019,0.315,1983000000.0,2567000000.0,0.219,2567000000.0,1983000000.0,1828000000.0,1.01,0.99,1.01,12078000000.0,,12078000000.0,79914519492.0,14.0,10.935,-47000000.0,-0.042,1.0,3401000000.0,0.29,0.0,155000000.0,37796000000.0,,3967000000.0,3135000000.0,557000000.0,2578000000.0,28725000000.0,13173000000.0,15552000000.0,70988519492.0,159000000.0,-209000000.0,-52000000.0,781000000.0,-358000000.0,319000000.0,-1724000000.0,27000000.0,1588000000.0,-24000000.0,1140000000.0,1140000000.0,1140000000.0,0.0,0.0,0.097,1404000000.0,1997000000.0,2566000000.0,0.312,5.878,18.128,18.173,22083000000.0,0.0,62.88,2.801,2.801,6082000000.0,6247000000.0,11715000000.0,11715000000.0,0.0,,,,,0.0,719000000.0,1.0,1128952282.0,1128952282.0,,10.377,41409000000.0,580000000.0,688000000.0,2891000000.0,36.679,70000000.0
81,DD1,MRQ,1997-03-31,1997-03-31,1997-03-31,2021-09-14,-130000000.0,39892000000.0,,13008000000.0,26884000000.0,,9.966,-651000000.0,1478000000.0,1478000000.0,8275000000.0,1020000000.0,1.06,2.481,10404000000.0,5334000000.0,5070000000.0,10404000000.0,0.0,604000000.0,0.0,0.022,0.285,1948000000.0,2552000000.0,0.221,2552000000.0,1948000000.0,1799000000.0,0.9,0.89,0.9,11276000000.0,,11276000000.0,67894876276.0,12.0,9.414,-64000000.0,-0.057,1.0,3275000000.0,0.284,0.0,149000000.0,36541000000.0,,4075000000.0,2990000000.0,577000000.0,2413000000.0,27976000000.0,12277000000.0,15699000000.0,59963876276.0,412000000.0,-138000000.0,-43000000.0,1423000000.0,-325000000.0,1055000000.0,-1139000000.0,-329000000.0,587000000.0,-91000000.0,1020000000.0,1020000000.0,1020000000.0,0.0,0.0,0.088,1327000000.0,1948000000.0,2656000000.0,0.317,5.318,15.876,15.868,21012000000.0,0.0,53.0,2.383,2.383,5856000000.0,5517000000.0,11550000000.0,11550000000.0,0.0,,,,,0.0,632000000.0,1.0,1131393892.0,1131393892.0,,10.209,39892000000.0,596000000.0,779000000.0,3033000000.0,35.259,731000000.0
82,DD1,MRQ,1996-12-31,1996-12-31,1996-12-31,2021-09-14,-139000000.0,37870000000.0,,11103000000.0,26767000000.0,,9.363,294000000.0,1066000000.0,1066000000.0,-8720000000.0,858000000.0,1.011,2.516,8997000000.0,3910000000.0,5087000000.0,8997000000.0,0.0,-360000000.0,0.0,0.024,0.285,247000000.0,-113000000.0,0.013,-113000000.0,247000000.0,385000000.0,0.75,,0.75,10593000000.0,,10593000000.0,,,,271000000.0,0.24,1.0,-10000000.0,0.001,0.0,-138000000.0,34814000000.0,,3706000000.0,2531000000.0,253000000.0,2278000000.0,26657000000.0,10987000000.0,15670000000.0,53243396558.0,-984000000.0,197000000.0,55000000.0,-1901000000.0,-324000000.0,-2170000000.0,618000000.0,154000000.0,-23000000.0,-15000000.0,858000000.0,858000000.0,858000000.0,-705000000.0,0.0,-0.098,408000000.0,-418000000.0,2757000000.0,0.38,5.026,14.643,14.57,21213000000.0,0.0,47.06,2.152,2.152,5193000000.0,4931000000.0,-8730000000.0,-8730000000.0,990000000.0,,,,,0.0,13000000.0,1.0,1131393892.0,1131393892.0,,-7.716,37870000000.0,588000000.0,-473000000.0,2659000000.0,33.472,116000000.0
83,DD1,MRQ,1996-09-30,1996-09-30,1996-09-30,2021-09-14,,,,,,,,-679000000.0,,,7767000000.0,898000000.0,,,,,,,,628000000.0,,0.025,0.285,1674000000.0,2302000000.0,0.213,2302000000.0,1674000000.0,1503000000.0,0.8,,0.8,,,,,,,1097000000.0,,1.0,3038000000.0,0.281,,171000000.0,,,,,,,,,,,123000000.0,-184000000.0,55000000.0,44000000.0,-322000000.0,-727000000.0,-939000000.0,-160000000.0,1776000000.0,13000000.0,898000000.0,898000000.0,898000000.0,0.0,0.0,0.083,1364000000.0,1674000000.0,,0.356,,,,,0.0,44.06,,,,,10805000000.0,10805000000.0,0.0,,,,,0.0,648000000.0,1.0,,,,,,,605000000.0,,,
84,DD1,MRQ,1996-06-30,1996-06-30,1996-06-30,2021-09-14,,,,,,,,189000000.0,,,8282000000.0,1001000000.0,,,,,,,,605000000.0,,0.027,0.285,1866000000.0,2471000000.0,0.214,2471000000.0,1866000000.0,1694000000.0,0.89,,0.89,,,,,,,1727000000.0,,1.0,3257000000.0,0.282,,172000000.0,,,,,,,,,,,430000000.0,-70000000.0,46000000.0,-1047000000.0,-322000000.0,-1257000000.0,176000000.0,84000000.0,1538000000.0,-27000000.0,1001000000.0,1001000000.0,1001000000.0,0.0,0.0,0.087,1391000000.0,1866000000.0,,0.32,,,,,0.0,39.625,,,,,11539000000.0,11539000000.0,0.0,,,,,0.0,718000000.0,1.0,,,,,,,693000000.0,,,
85,DD1,MRQ,1996-03-31,1996-03-31,1996-03-31,2021-09-14,,,,,,,,-473000000.0,,,,,,,,,,,,653000000.0,,0.026,0.26,,,,,,,,,,,,,,,,345000000.0,,1.0,,,,,,,,,,,,,,,89000000.0,-100000000.0,159000000.0,-27000000.0,-293000000.0,136000000.0,-842000000.0,-275000000.0,818000000.0,-23000000.0,,,,,,,,,,,,,,,,40.625,,,,,,,,,,,,0.0,,1.0,,,,,,,,,,
86,DD1,MRQ,1995-12-31,1995-12-31,1995-12-31,2021-09-14,0.0,37312000000.0,,10955000000.0,26357000000.0,,,,1408000000.0,1408000000.0,,,0.86,3.396,11835000000.0,6157000000.0,5678000000.0,11835000000.0,0.0,,0.0,0.029,0.26,,,,,,,,,,8436000000.0,,8436000000.0,,,,,,1.0,,,0.0,,35008000000.0,,3737000000.0,1893000000.0,47000000.0,1846000000.0,28646000000.0,12731000000.0,15915000000.0,,,,,,,,,,,,,,,,,,,,2636000000.0,,,,12.434,21341000000.0,,34.94,,,4912000000.0,9503000000.0,,,,,,,,,,1.0,,,,,37312000000.0,575000000.0,,2253000000.0,,-1776000000.0
0,DD1,MRT,2017-06-30,2017-06-30,2017-06-30,2021-09-14,-9065000000.0,43206000000.0,41875250000.0,20122000000.0,23084000000.0,0.604,14.288,-1036000000.0,3254000000.0,3254000000.0,15538000000.0,2259000000.0,1.927,2.471,13559000000.0,3473000000.0,10086000000.0,13559000000.0,0.0,1129000000.0,0.0,0.019,1.52,2994000000.0,4123000000.0,0.163,4123000000.0,2994000000.0,2626000000.0,2.58,2.56,2.58,12388000000.0,10892000000.0,12388000000.0,77009152720.0,26.0,18.678,-288000000.0,-0.332,1.0,9757000000.0,0.386,7855000000.0,368000000.0,35214000000.0,31466000000.0,4856000000.0,3672000000.0,2974000000.0,698000000.0,30612000000.0,10442000000.0,20170000000.0,69978152720.0,-1157000000.0,361000000.0,-620000000.0,3169000000.0,-1330000000.0,1166000000.0,-3028000000.0,-2370000000.0,748000000.0,-43000000.0,2242000000.0,2242000000.0,2242000000.0,203000000.0,17000000.0,0.089,6543000000.0,3214000000.0,2756000000.0,0.589,5.649,31.212,31.283,8959000000.0,0.0,80.71,2.766,2.766,8562000000.0,16233000000.0,25295000000.0,25295000000.0,1648000000.0,0.054,0.206,0.095,0.118,0.0,4588000000.0,1.0,867032000.0,867032000.0,,29.174,35351000000.0,2841000000.0,384000000.0,519000000.0,40.772,9680000000.0
1,DD1,MRT,2017-03-31,2017-03-31,2017-03-31,2021-09-14,-9423000000.0,41850000000.0,41640250000.0,19050000000.0,22800000000.0,0.599,13.222,-992000000.0,3347000000.0,3347000000.0,15303000000.0,2414000000.0,1.942,2.643,10378000000.0,2279000000.0,8099000000.0,10378000000.0,0.0,1179000000.0,0.0,0.019,1.52,3324000000.0,4503000000.0,0.181,4503000000.0,3324000000.0,2962000000.0,2.75,2.73,2.75,11431000000.0,10379250000.0,11431000000.0,73382229420.0,22.0,16.296,2533000000.0,2.93,1.0,9629000000.0,0.386,7796000000.0,362000000.0,31275000000.0,30582250000.0,5287000000.0,3257000000.0,2570000000.0,687000000.0,30215000000.0,9810000000.0,20405000000.0,69451229420.0,-819000000.0,366000000.0,-629000000.0,646000000.0,-1332000000.0,-1355000000.0,-2876000000.0,-2261000000.0,3525000000.0,-113000000.0,2400000000.0,2400000000.0,2400000000.0,216000000.0,14000000.0,0.096,6075000000.0,3554000000.0,3038000000.0,0.553,6.076,28.938,29.211,9084000000.0,0.0,80.33,2.786,2.786,7272000000.0,15704000000.0,24932000000.0,24932000000.0,1639000000.0,0.058,0.231,0.109,0.133,0.0,4451000000.0,1.0,864574000.0,864574000.0,,28.837,34054000000.0,3382000000.0,562000000.0,580000000.0,39.388,9240000000.0
2,DD1,MRT,2016-12-31,2016-12-31,2016-12-31,2021-09-14,-9911000000.0,39964000000.0,41628000000.0,17117000000.0,22847000000.0,0.591,11.501,-1019000000.0,4605000000.0,4605000000.0,15155000000.0,2525000000.0,1.924,2.977,8536000000.0,429000000.0,8107000000.0,8536000000.0,0.0,1258000000.0,0.0,0.021,1.52,3627000000.0,4885000000.0,0.199,4885000000.0,3627000000.0,3257000000.0,2.87,2.85,2.87,9998000000.0,10118250000.0,9998000000.0,70713702800.0,19.0,14.476,2281000000.0,2.624,1.0,9439000000.0,0.384,7844000000.0,370000000.0,27154000000.0,30289500000.0,5673000000.0,2011000000.0,1362000000.0,649000000.0,29768000000.0,8897000000.0,20871000000.0,63809702800.0,-695000000.0,297000000.0,-735000000.0,-240000000.0,-1335000000.0,-2328000000.0,-1514000000.0,-837000000.0,3300000000.0,-153000000.0,2513000000.0,2513000000.0,2513000000.0,-4000000.0,12000000.0,0.102,5804000000.0,3635000000.0,3705000000.0,0.53,6.382,25.392,25.575,9231000000.0,0.0,73.4,2.595,2.595,4971000000.0,14924000000.0,24594000000.0,24594000000.0,1641000000.0,0.06,0.248,0.12,0.147,0.0,4319000000.0,1.0,869342000.0,869342000.0,,28.29,32120000000.0,3308000000.0,744000000.0,532000000.0,36.947,8220000000.0
3,DD1,MRT,2016-09-30,2016-09-30,2016-09-30,2021-09-14,-10667000000.0,42481000000.0,41928500000.0,18298000000.0,24183000000.0,0.589,11.153,-1097000000.0,4452000000.0,4452000000.0,15281000000.0,2006000000.0,2.009,3.336,11356000000.0,3242000000.0,8114000000.0,11356000000.0,0.0,1282000000.0,0.0,0.023,1.52,2808000000.0,4090000000.0,0.166,4090000000.0,2808000000.0,2448000000.0,2.29,2.28,2.29,9751000000.0,10117000000.0,9751000000.0,64556545250.0,23.0,15.784,2030000000.0,2.322,1.0,9401000000.0,0.381,8054000000.0,360000000.0,32221000000.0,29992250000.0,5168000000.0,1767000000.0,1080000000.0,687000000.0,32527000000.0,9110000000.0,23417000000.0,58553545250.0,1128000000.0,223000000.0,-228000000.0,1455000000.0,-1340000000.0,-156000000.0,-1858000000.0,-990000000.0,3127000000.0,15000000.0,1995000000.0,1995000000.0,1995000000.0,32000000.0,11000000.0,0.081,6550000000.0,2851000000.0,2627000000.0,0.664,6.005,29.35,29.245,9654000000.0,0.0,66.97,2.372,2.372,7073000000.0,15407000000.0,24682000000.0,24682000000.0,1743000000.0,0.048,0.197,0.094,0.114,0.0,4430000000.0,1.0,874325000.0,874325000.0,,28.23,34427000000.0,4466000000.0,453000000.0,485000000.0,39.376,9188000000.0
4,DD1,MRT,2016-06-30,2016-06-30,2016-06-30,2021-09-14,-10757000000.0,42266000000.0,41383750000.0,18091000000.0,24175000000.0,0.595,11.834,-1198000000.0,4411000000.0,4411000000.0,15190000000.0,2235000000.0,2.159,3.069,10414000000.0,2295000000.0,8119000000.0,10414000000.0,0.0,1293000000.0,0.0,0.023,1.52,3195000000.0,4488000000.0,0.182,4488000000.0,3195000000.0,2846000000.0,2.55,2.54,2.55,10337000000.0,10431000000.0,10337000000.0,62188577600.0,19.0,13.857,1703000000.0,1.95,1.0,9448000000.0,0.383,8212000000.0,349000000.0,31679000000.0,29461250000.0,4756000000.0,1437000000.0,742000000.0,695000000.0,31725000000.0,8378000000.0,23347000000.0,56603577600.0,-335000000.0,217000000.0,-1857000000.0,1663000000.0,-1340000000.0,-1831000000.0,-1263000000.0,-288000000.0,2901000000.0,-142000000.0,2228000000.0,2228000000.0,2228000000.0,-79000000.0,7000000.0,0.09,6325000000.0,3123000000.0,2244000000.0,0.596,5.476,25.406,25.412,9624000000.0,0.0,64.8,2.297,2.297,7656000000.0,16084000000.0,24638000000.0,24638000000.0,1774000000.0,0.054,0.214,0.108,0.13,0.0,4460000000.0,1.0,873512000.0,873512000.0,,28.206,34054000000.0,4474000000.0,618000000.0,574000000.0,38.985,9713000000.0
5,DD1,MRT,2016-03-31,2016-03-31,2016-03-31,2021-09-14,-9951000000.0,41801000000.0,42843750000.0,17865000000.0,23936000000.0,0.576,11.916,-1421000000.0,4166000000.0,4166000000.0,15334000000.0,2156000000.0,1.995,3.004,9751000000.0,1625000000.0,8126000000.0,9751000000.0,0.0,1380000000.0,0.0,0.026,1.63,3070000000.0,4450000000.0,0.18,4450000000.0,3070000000.0,2720000000.0,2.43,2.41,2.43,10387000000.0,11244000000.0,10387000000.0,58701840920.0,19.0,13.191,1212000000.0,1.39,1.0,9364000000.0,0.379,8327000000.0,350000000.0,30104000000.0,31203750000.0,5482000000.0,1312000000.0,623000000.0,689000000.0,31203000000.0,8955000000.0,22248000000.0,55194840920.0,544000000.0,140000000.0,-1931000000.0,3408000000.0,-1451000000.0,-347000000.0,-1661000000.0,-399000000.0,2633000000.0,-81000000.0,2148000000.0,2148000000.0,2148000000.0,-53000000.0,8000000.0,0.087,6339000000.0,3025000000.0,2773000000.0,0.671,5.314,25.696,26.058,9649000000.0,0.0,63.32,2.235,2.235,6917000000.0,15400000000.0,24698000000.0,24698000000.0,1837000000.0,0.05,0.191,0.098,0.124,0.0,4523000000.0,1.0,871681000.0,871681000.0,,28.334,33474000000.0,4142000000.0,572000000.0,593000000.0,38.402,8910000000.0
6,DD1,MRT,2015-12-31,2015-12-31,2015-12-31,2021-09-14,-9396000000.0,41166000000.0,43937250000.0,17387000000.0,23779000000.0,0.572,11.402,-1629000000.0,5300000000.0,5300000000.0,15571000000.0,1959000000.0,1.685,3.099,8807000000.0,1165000000.0,7642000000.0,8807000000.0,0.0,1466000000.0,0.0,0.026,1.72,2991000000.0,4457000000.0,0.177,4457000000.0,2991000000.0,2649000000.0,2.17,2.16,2.17,9993000000.0,11847750000.0,9993000000.0,64980706200.0,22.0,14.579,687000000.0,0.784,1.0,9559000000.0,0.38,8392000000.0,342000000.0,25965000000.0,32061000000.0,6140000000.0,1594000000.0,906000000.0,688000000.0,30966000000.0,10316000000.0,20650000000.0,58368706200.0,-1610000000.0,-72000000.0,-2079000000.0,2141000000.0,-1546000000.0,-1823000000.0,-1828000000.0,-161000000.0,2316000000.0,-275000000.0,1953000000.0,1953000000.0,1953000000.0,-64000000.0,6000000.0,0.078,6626000000.0,2933000000.0,3398000000.0,0.793,5.841,29.887,30.691,9784000000.0,0.0,66.6,2.323,2.323,4643000000.0,14510000000.0,25130000000.0,25130000000.0,1898000000.0,0.044,0.165,0.093,0.119,0.0,4615000000.0,1.0,876407000.0,876407000.0,,28.674,32774000000.0,3799000000.0,696000000.0,590000000.0,37.396,7071000000.0
7,DD1,MRT,2015-09-30,2015-09-30,2015-09-30,2021-09-14,-8911000000.0,40302000000.0,46268250000.0,17046000000.0,23256000000.0,0.539,12.165,-2000000000.0,3324000000.0,3324000000.0,15825000000.0,2898000000.0,2.04,2.642,9936000000.0,1781000000.0,8155000000.0,9936000000.0,0.0,1542000000.0,0.0,0.038,1.81,4369000000.0,5911000000.0,0.237,5911000000.0,4369000000.0,4022000000.0,3.18,3.17,3.18,11007000000.0,12679500000.0,11007000000.0,51602191600.0,12.0,8.73,1669000000.0,1.845,1.0,9106000000.0,0.365,8463000000.0,347000000.0,30097000000.0,33452000000.0,5888000000.0,1118000000.0,406000000.0,712000000.0,29080000000.0,8354000000.0,20726000000.0,43613191600.0,-658000000.0,274000000.0,-2103000000.0,812000000.0,-1638000000.0,-3271000000.0,-662000000.0,1060000000.0,3669000000.0,-394000000.0,2889000000.0,2889000000.0,2889000000.0,-195000000.0,9000000.0,0.116,4923000000.0,4183000000.0,2830000000.0,0.569,3.962,15.096,15.157,9769000000.0,0.0,48.2,1.749,1.749,6656000000.0,15441000000.0,24931000000.0,24931000000.0,1882000000.0,0.062,0.228,0.131,0.175,0.0,4598000000.0,1.0,904838000.0,904838000.0,,27.553,31839000000.0,3737000000.0,1133000000.0,928000000.0,35.188,8692000000.0
8,DD1,MRT,2015-06-30,2015-06-30,2015-06-30,2021-09-14,-9446000000.0,48106000000.0,48170500000.0,21045000000.0,27061000000.0,0.547,15.012,-2177000000.0,4746000000.0,4746000000.0,16549000000.0,3097000000.0,2.418,2.535,12735000000.0,647000000.0,12088000000.0,12735000000.0,0.0,1609000000.0,0.0,0.03,1.9,4785000000.0,6394000000.0,0.243,6394000000.0,4785000000.0,4427000000.0,3.39,3.38,3.39,13589000000.0,13908500000.0,13589000000.0,64651906150.0,14.0,10.111,1561000000.0,1.724,1.0,9778000000.0,0.371,8741000000.0,358000000.0,38649000000.0,34834750000.0,6514000000.0,1451000000.0,556000000.0,895000000.0,34453000000.0,8705000000.0,25748000000.0,57889906150.0,572000000.0,345000000.0,-978000000.0,1040000000.0,-1735000000.0,-1682000000.0,-1088000000.0,550000000.0,3738000000.0,-396000000.0,3087000000.0,3087000000.0,3087000000.0,-194000000.0,10000000.0,0.117,5177000000.0,4601000000.0,3399000000.0,0.56,4.26,18.753,18.864,13061000000.0,0.0,63.95,2.199,2.199,8308000000.0,17838000000.0,26327000000.0,26327000000.0,1927000000.0,0.064,0.222,0.137,0.182,0.0,4709000000.0,1.0,905237000.0,905237000.0,,29.083,39365000000.0,3848000000.0,1340000000.0,1085000000.0,43.486,12340000000.0
9,DD1,MRT,2015-03-31,2015-03-31,2015-03-31,2021-09-14,-9722000000.0,46175000000.0,48222500000.0,19319000000.0,26856000000.0,0.608,14.139,-2265000000.0,3622000000.0,3622000000.0,18571000000.0,3226000000.0,1.8,2.602,10384000000.0,1621000000.0,8763000000.0,10384000000.0,0.0,1626000000.0,0.0,0.026,1.86,5021000000.0,6647000000.0,0.227,6647000000.0,5021000000.0,4663000000.0,3.51,3.5,3.51,12802000000.0,14777000000.0,12802000000.0,68493938580.0,14.0,10.304,1745000000.0,1.927,1.0,10749000000.0,0.367,8672000000.0,358000000.0,33533000000.0,34004500000.0,7051000000.0,1054000000.0,125000000.0,929000000.0,33313000000.0,10732000000.0,22581000000.0,64709938580.0,-160000000.0,1045000000.0,-877000000.0,-883000000.0,-1705000000.0,-3456000000.0,-241000000.0,791000000.0,4010000000.0,-473000000.0,3217000000.0,3217000000.0,3217000000.0,-223000000.0,9000000.0,0.11,5942000000.0,4807000000.0,3706000000.0,0.53,5.055,20.115,20.362,12873000000.0,0.0,71.47,2.207,2.207,7651000000.0,17405000000.0,29320000000.0,29320000000.0,1977000000.0,0.067,0.218,0.148,0.171,0.0,4908000000.0,1.0,905414000.0,905414000.0,,32.383,37503000000.0,3748000000.0,1446000000.0,1143000000.0,41.421,8587000000.0
10,DD1,MRT,2014-12-31,2014-12-31,2014-12-31,2021-09-14,-8556000000.0,50490000000.0,48628750000.0,26082000000.0,24408000000.0,0.584,14.703,-2020000000.0,6910000000.0,6910000000.0,17668000000.0,3636000000.0,1.889,2.786,10655000000.0,1422000000.0,9233000000.0,10655000000.0,0.0,1617000000.0,0.0,0.025,1.84,5170000000.0,6787000000.0,0.239,6787000000.0,5170000000.0,4793000000.0,3.95,3.92,3.95,13320000000.0,15671500000.0,13320000000.0,76171721180.0,15.0,11.223,1692000000.0,1.868,1.0,10738000000.0,0.378,8901000000.0,377000000.0,31529000000.0,34265500000.0,6787000000.0,886000000.0,124000000.0,762000000.0,37112000000.0,13805000000.0,23307000000.0,66985721180.0,-2031000000.0,1050000000.0,-1673000000.0,-1701000000.0,-1696000000.0,-5074000000.0,-337000000.0,444000000.0,3712000000.0,-332000000.0,3625000000.0,3625000000.0,3625000000.0,-491000000.0,11000000.0,0.128,6048000000.0,4690000000.0,3786000000.0,0.466,5.029,18.479,18.719,10008000000.0,0.0,73.94,2.358,2.358,5238000000.0,16894000000.0,28406000000.0,28406000000.0,1958000000.0,0.075,0.231,0.151,0.182,0.0,4891000000.0,1.0,905947000.0,905947000.0,,31.355,41589000000.0,4266000000.0,1168000000.0,993000000.0,45.907,12277000000.0
11,DD1,MRT,2014-09-30,2014-09-30,2014-09-30,2021-09-14,-5789000000.0,47911000000.0,48881000000.0,21168000000.0,26743000000.0,0.557,17.398,-1970000000.0,3982000000.0,3982000000.0,15090000000.0,3138000000.0,1.744,2.005,13168000000.0,3889000000.0,9279000000.0,13168000000.0,0.0,1625000000.0,0.0,0.025,1.82,4224000000.0,5849000000.0,0.215,5849000000.0,4224000000.0,3826000000.0,3.38,3.35,3.38,15923000000.0,16398750000.0,15923000000.0,73301765920.0,17.0,12.532,1740000000.0,1.901,1.0,12128000000.0,0.446,9332000000.0,398000000.0,35628000000.0,34344250000.0,7295000000.0,1564000000.0,566000000.0,998000000.0,31929000000.0,12137000000.0,19792000000.0,65677765920.0,-3023000000.0,745000000.0,-1676000000.0,-1738000000.0,-1687000000.0,-5169000000.0,-1353000000.0,-334000000.0,3710000000.0,-211000000.0,3127000000.0,3127000000.0,3127000000.0,-762000000.0,11000000.0,0.115,8655000000.0,3473000000.0,3757000000.0,0.538,4.125,21.003,21.231,13114000000.0,0.0,71.76,2.413,2.413,8347000000.0,16913000000.0,27218000000.0,27218000000.0,1983000000.0,0.064,0.191,0.123,0.155,0.0,6668000000.0,1.0,915242000.0,915242000.0,,29.739,38579000000.0,3002000000.0,699000000.0,1405000000.0,42.152,9031000000.0
12,DD1,MRT,2014-06-30,2014-06-30,2014-06-30,2021-09-14,-5453000000.0,48314000000.0,49900750000.0,21329000000.0,26985000000.0,0.576,18.58,-1906000000.0,4174000000.0,4174000000.0,17346000000.0,2992000000.0,1.932,1.828,11798000000.0,2506000000.0,9292000000.0,11798000000.0,0.0,1646000000.0,0.0,0.028,1.8,3753000000.0,5399000000.0,0.188,5399000000.0,3753000000.0,3340000000.0,3.21,3.18,3.21,17063000000.0,15878250000.0,17063000000.0,67631693120.0,18.0,12.527,1833000000.0,1.996,1.0,11408000000.0,0.397,9571000000.0,413000000.0,35328000000.0,34861000000.0,6940000000.0,1155000000.0,173000000.0,982000000.0,31186000000.0,11039000000.0,20147000000.0,60096693120.0,-2511000000.0,546000000.0,-695000000.0,-2283000000.0,-1674000000.0,-4868000000.0,-1369000000.0,-49000000.0,3739000000.0,-13000000.0,2979000000.0,2979000000.0,2979000000.0,-684000000.0,13000000.0,0.104,8326000000.0,3082000000.0,3542000000.0,0.561,3.522,20.173,20.386,13035000000.0,0.0,65.44,2.09,2.09,8896000000.0,17572000000.0,28754000000.0,28754000000.0,2037000000.0,0.06,0.188,0.108,0.131,0.0,6285000000.0,1.0,918348000.0,918348000.0,,31.311,38743000000.0,3314000000.0,361000000.0,1687000000.0,42.188,10290000000.0
13,DD1,MRT,2014-03-31,2014-03-31,2014-03-31,2021-09-14,-5402000000.0,47800000000.0,50659500000.0,20834000000.0,26966000000.0,0.565,17.656,-1881000000.0,3782000000.0,3782000000.0,18045000000.0,2952000000.0,1.879,1.914,11317000000.0,2019000000.0,9298000000.0,11317000000.0,0.0,1607000000.0,0.0,0.027,1.8,3703000000.0,5310000000.0,0.185,5310000000.0,3703000000.0,3269000000.0,3.16,3.14,3.16,16380000000.0,14936250000.0,16380000000.0,65770810700.0,18.0,12.386,1544000000.0,1.664,1.0,10598000000.0,0.37,9673000000.0,434000000.0,34577000000.0,35366750000.0,7610000000.0,1054000000.0,67000000.0,987000000.0,31358000000.0,11085000000.0,20273000000.0,62249810700.0,-2773000000.0,-103000000.0,-489000000.0,-1968000000.0,-1676000000.0,-4274000000.0,-1899000000.0,38000000.0,3425000000.0,-25000000.0,2939000000.0,2939000000.0,2939000000.0,-688000000.0,13000000.0,0.103,7570000000.0,3028000000.0,3905000000.0,0.57,3.8,21.181,21.234,13003000000.0,0.0,67.1,2.173,2.173,8040000000.0,17091000000.0,28643000000.0,28643000000.0,2034000000.0,0.058,0.197,0.105,0.129,0.0,5795000000.0,1.0,927717000.0,927717000.0,,30.875,38127000000.0,3189000000.0,330000000.0,1290000000.0,41.098,9749000000.0
14,DD1,MRT,2013-12-31,2013-12-31,2013-12-31,2021-09-14,-5441000000.0,51499000000.0,51350500000.0,24384000000.0,27115000000.0,0.565,17.524,-1882000000.0,8941000000.0,8941000000.0,18864000000.0,4862000000.0,1.824,2.17,12462000000.0,1721000000.0,10741000000.0,12462000000.0,0.0,1603000000.0,0.0,0.027,1.78,5656000000.0,7259000000.0,0.25,7259000000.0,5656000000.0,5208000000.0,5.22,5.18,5.22,16229000000.0,13904500000.0,16229000000.0,68122911910.0,12.0,9.385,1297000000.0,1.4,1.0,10134000000.0,0.349,9809000000.0,448000000.0,31844000000.0,35787000000.0,8042000000.0,1156000000.0,145000000.0,1011000000.0,35213000000.0,13367000000.0,21846000000.0,60168911910.0,4562000000.0,4792000000.0,-464000000.0,717000000.0,-1661000000.0,-1474000000.0,2945000000.0,-5000000.0,3179000000.0,-88000000.0,4848000000.0,4848000000.0,4848000000.0,-2656000000.0,14000000.0,0.167,7120000000.0,3014000000.0,5180000000.0,0.341,3.707,12.411,12.446,12993000000.0,0.0,64.97,2.075,2.075,6047000000.0,16784000000.0,28998000000.0,28998000000.0,2037000000.0,0.094,0.349,0.158,0.195,0.0,5342000000.0,1.0,926103000.0,926103000.0,,31.312,41690000000.0,3128000000.0,360000000.0,1173000000.0,45.017,11017000000.0
15,DD1,MRT,2013-09-30,2013-09-30,2013-09-30,2021-09-14,-8000000000.0,51990000000.0,50940500000.0,23543000000.0,28447000000.0,0.704,14.989,-1877000000.0,7005000000.0,7005000000.0,23892000000.0,4770000000.0,1.899,2.747,14959000000.0,4204000000.0,10755000000.0,14959000000.0,0.0,1616000000.0,0.0,0.03,1.76,5861000000.0,7477000000.0,0.208,7477000000.0,5861000000.0,5404000000.0,5.1,5.08,5.1,13841000000.0,12399250000.0,13841000000.0,61471295040.0,10.0,8.221,1065000000.0,1.153,1.0,11988000000.0,0.334,9853000000.0,457000000.0,37695000000.0,36331250000.0,7031000000.0,1238000000.0,184000000.0,1054000000.0,38025000000.0,12396000000.0,25629000000.0,54076295040.0,3492000000.0,4827000000.0,-473000000.0,-113000000.0,-1645000000.0,-2279000000.0,2899000000.0,-80000000.0,2942000000.0,-71000000.0,4755000000.0,4755000000.0,4755000000.0,-2086000000.0,15000000.0,0.133,8198000000.0,3790000000.0,3876000000.0,0.345,3.907,11.373,11.482,12908000000.0,0.0,58.56,1.507,1.507,8298000000.0,17020000000.0,35880000000.0,35880000000.0,2164000000.0,0.093,0.383,0.161,0.163,0.0,5935000000.0,1.0,923434000.0,923434000.0,,38.855,42137000000.0,4579000000.0,649000000.0,1415000000.0,45.631,11147000000.0
16,DD1,MRT,2013-06-30,2013-06-30,2013-06-30,2021-09-14,-8544000000.0,51349000000.0,50594750000.0,23237000000.0,28112000000.0,0.7,14.444,-1854000000.0,6685000000.0,6685000000.0,23453000000.0,4490000000.0,1.954,2.858,14080000000.0,3315000000.0,10765000000.0,14080000000.0,0.0,1650000000.0,0.0,0.033,1.74,5489000000.0,7139000000.0,0.202,7139000000.0,5489000000.0,5024000000.0,4.8,4.78,4.8,13295000000.0,11590500000.0,13295000000.0,55054465000.0,10.0,7.712,1481000000.0,1.609,1.0,11958000000.0,0.338,9503000000.0,465000000.0,37351000000.0,36489500000.0,6373000000.0,1354000000.0,211000000.0,1143000000.0,37994000000.0,11890000000.0,26104000000.0,48324465000.0,3084000000.0,4907000000.0,-472000000.0,-830000000.0,-1629000000.0,-2897000000.0,2819000000.0,-234000000.0,3335000000.0,-78000000.0,4475000000.0,4475000000.0,4475000000.0,-2109000000.0,15000000.0,0.126,8563000000.0,3395000000.0,3613000000.0,0.362,3.635,10.799,10.938,12698000000.0,0.0,52.5,1.365,1.365,8985000000.0,17156000000.0,35411000000.0,35411000000.0,2145000000.0,0.088,0.386,0.15,0.155,0.0,5925000000.0,1.0,920466000.0,920466000.0,,38.471,41846000000.0,4651000000.0,549000000.0,1692000000.0,45.462,11347000000.0
17,DD1,MRT,2013-03-31,2013-03-31,2013-03-31,2021-09-14,-8662000000.0,50564000000.0,50265250000.0,22414000000.0,28150000000.0,0.709,13.115,-1813000000.0,6555000000.0,6555000000.0,23545000000.0,4631000000.0,1.945,3.122,13285000000.0,2006000000.0,11279000000.0,13285000000.0,0.0,1691000000.0,0.0,0.035,1.72,5689000000.0,7380000000.0,0.207,7380000000.0,5689000000.0,5222000000.0,4.93,4.9,4.93,12253000000.0,10902000000.0,12253000000.0,53385598080.0,9.0,7.234,2246000000.0,2.404,1.0,12071000000.0,0.339,9513000000.0,467000000.0,36258000000.0,36767000000.0,6916000000.0,1195000000.0,26000000.0,1169000000.0,38249000000.0,11523000000.0,26726000000.0,45929598080.0,3050000000.0,5065000000.0,-722000000.0,-1513000000.0,-1613000000.0,-4211000000.0,3418000000.0,166000000.0,4059000000.0,-121000000.0,4611000000.0,4611000000.0,4611000000.0,-2181000000.0,20000000.0,0.129,8543000000.0,3528000000.0,3957000000.0,0.349,3.748,9.961,9.972,12590000000.0,0.0,49.16,1.29,1.29,7950000000.0,16709000000.0,35616000000.0,35616000000.0,2136000000.0,0.092,0.423,0.155,0.16,0.0,5914000000.0,1.0,934288000.0,934288000.0,,38.121,41051000000.0,4656000000.0,611000000.0,1866000000.0,43.938,10891000000.0
18,DD1,MRT,2012-12-31,2012-12-31,2012-12-31,2021-09-14,-8646000000.0,49859000000.0,50180000000.0,21317000000.0,28542000000.0,0.704,10.947,-1793000000.0,4284000000.0,4284000000.0,23256000000.0,2780000000.0,1.573,3.875,11740000000.0,1275000000.0,10465000000.0,11740000000.0,0.0,1713000000.0,0.0,0.038,1.7,3835000000.0,5548000000.0,0.157,5548000000.0,3835000000.0,3371000000.0,2.94,2.91,2.94,10208000000.0,10328750000.0,10208000000.0,53589146874.0,14.0,9.659,3056000000.0,3.277,1.0,12054000000.0,0.341,9742000000.0,464000000.0,34021000000.0,37264750000.0,7565000000.0,1286000000.0,123000000.0,1163000000.0,39560000000.0,13552000000.0,26008000000.0,41941146874.0,698000000.0,187000000.0,150000000.0,-793000000.0,-1594000000.0,-2697000000.0,-1346000000.0,275000000.0,4849000000.0,-13000000.0,2755000000.0,2755000000.0,2755000000.0,-308000000.0,25000000.0,0.078,8502000000.0,3552000000.0,4853000000.0,0.578,4.109,15.224,15.299,12741000000.0,0.0,44.978,1.188,1.188,5452000000.0,14383000000.0,35310000000.0,35310000000.0,2123000000.0,0.055,0.267,0.103,0.109,0.0,5886000000.0,1.0,932471000.0,932471000.0,,37.867,40117000000.0,4549000000.0,616000000.0,1199000000.0,43.022,7765000000.0
19,DD1,MRT,2012-09-30,2012-09-30,2012-09-30,2021-09-14,-8385000000.0,50607000000.0,49838250000.0,22417000000.0,28190000000.0,0.711,11.4,-1771000000.0,3418000000.0,3418000000.0,25449000000.0,3153000000.0,1.578,3.762,15066000000.0,4564000000.0,10502000000.0,15066000000.0,0.0,1734000000.0,0.0,0.033,1.68,4269000000.0,6003000000.0,0.169,6003000000.0,4269000000.0,3806000000.0,3.33,3.3,3.33,10606000000.0,9925000000.0,10606000000.0,58213850710.0,14.0,9.697,2524000000.0,2.713,1.0,9970000000.0,0.281,9724000000.0,463000000.0,38328000000.0,37621500000.0,6752000000.0,1203000000.0,105000000.0,1098000000.0,39896000000.0,14203000000.0,25693000000.0,46769850710.0,668000000.0,246000000.0,239000000.0,-418000000.0,-1572000000.0,-2117000000.0,-1329000000.0,215000000.0,4295000000.0,-85000000.0,3121000000.0,3121000000.0,3121000000.0,-315000000.0,32000000.0,0.088,5984000000.0,3986000000.0,4154000000.0,0.505,4.41,14.986,15.096,12528000000.0,0.0,50.27,1.32,1.32,7879000000.0,14581000000.0,35419000000.0,35419000000.0,2139000000.0,0.063,0.314,0.113,0.121,0.0,3434000000.0,1.0,930373000.0,930373000.0,,38.07,40883000000.0,4796000000.0,685000000.0,1699000000.0,43.943,8214000000.0
20,DD1,MRT,2012-06-30,2012-06-30,2012-06-30,2021-09-14,-8743000000.0,50031000000.0,49135000000.0,20126000000.0,29905000000.0,0.741,11.249,-1798000000.0,3506000000.0,3506000000.0,26078000000.0,3605000000.0,1.618,3.736,14950000000.0,3696000000.0,11254000000.0,14950000000.0,0.0,1716000000.0,0.0,0.033,1.66,4926000000.0,6642000000.0,0.183,6642000000.0,4926000000.0,4463000000.0,3.81,3.78,3.81,10541000000.0,10159500000.0,10541000000.0,58801062230.0,12.0,8.853,2881000000.0,3.075,1.0,10308000000.0,0.283,10576000000.0,463000000.0,38461000000.0,37572500000.0,6011000000.0,1137000000.0,50000000.0,1087000000.0,39386000000.0,12438000000.0,26948000000.0,47386062230.0,1238000000.0,72000000.0,-210000000.0,144000000.0,-1554000000.0,-1923000000.0,-1285000000.0,440000000.0,4679000000.0,-233000000.0,3568000000.0,3568000000.0,3568000000.0,-351000000.0,37000000.0,0.098,5696000000.0,4612000000.0,3695000000.0,0.436,4.495,13.281,13.273,13342000000.0,0.0,50.57,1.302,1.302,9476000000.0,14975000000.0,36386000000.0,36386000000.0,2164000000.0,0.073,0.351,0.131,0.135,0.0,3479000000.0,1.0,937039000.0,937039000.0,,38.831,39455000000.0,4754000000.0,895000000.0,1981000000.0,42.106,7688000000.0
21,DD1,MRT,2012-03-31,2012-03-31,2012-03-31,2021-09-14,-8465000000.0,50223000000.0,48561250000.0,19809000000.0,30414000000.0,0.755,10.684,-1821000000.0,3410000000.0,3410000000.0,26179000000.0,3659000000.0,1.58,3.996,14825000000.0,3593000000.0,11232000000.0,14825000000.0,0.0,1654000000.0,0.0,0.031,1.64,4939000000.0,6593000000.0,0.18,6593000000.0,4939000000.0,4478000000.0,3.88,3.84,3.88,9960000000.0,10530000000.0,9960000000.0,58283183700.0,12.0,8.84,2938000000.0,3.152,1.0,10492000000.0,0.286,10853000000.0,461000000.0,38249000000.0,37627000000.0,6616000000.0,1312000000.0,191000000.0,1121000000.0,39796000000.0,12536000000.0,27260000000.0,49316183700.0,-386000000.0,-6305000000.0,-64000000.0,1848000000.0,-1536000000.0,319000000.0,-5429000000.0,708000000.0,4759000000.0,-35000000.0,3620000000.0,3620000000.0,3620000000.0,-275000000.0,39000000.0,0.099,5789000000.0,4703000000.0,4180000000.0,0.423,4.951,13.623,13.634,13395000000.0,0.0,52.9,1.345,1.345,8626000000.0,14522000000.0,36671000000.0,36671000000.0,2093000000.0,0.075,0.344,0.131,0.135,0.0,3643000000.0,1.0,932253000.0,932253000.0,,39.336,39370000000.0,4758000000.0,858000000.0,1678000000.0,42.231,7273000000.0
22,DD1,MRT,2011-12-31,2011-12-31,2011-12-31,2021-09-14,-8750000000.0,48492000000.0,46655500000.0,18058000000.0,30434000000.0,0.738,9.301,-1843000000.0,3586000000.0,3586000000.0,24774000000.0,3599000000.0,1.614,4.589,12553000000.0,817000000.0,11736000000.0,12553000000.0,0.0,1560000000.0,0.0,0.036,1.64,4653000000.0,6213000000.0,0.18,6213000000.0,4653000000.0,4206000000.0,3.82,3.77,3.82,8593000000.0,10742250000.0,8593000000.0,55048011820.0,12.0,8.86,3309000000.0,3.581,1.0,9649000000.0,0.28,10826000000.0,447000000.0,35448000000.0,36468250000.0,7195000000.0,1550000000.0,433000000.0,1117000000.0,39430000000.0,11185000000.0,28245000000.0,42297011820.0,-677000000.0,-6312000000.0,280000000.0,1561000000.0,-1533000000.0,403000000.0,-6238000000.0,1922000000.0,5152000000.0,6000000.0,3559000000.0,3559000000.0,3559000000.0,-367000000.0,40000000.0,0.103,5323000000.0,4326000000.0,4816000000.0,0.429,4.922,11.885,11.984,13412000000.0,0.0,45.78,1.229,1.229,6022000000.0,13422000000.0,34423000000.0,34423000000.0,1960000000.0,0.076,0.331,0.128,0.135,0.0,3310000000.0,1.0,923919000.0,923919000.0,,37.258,37666000000.0,4738000000.0,647000000.0,1256000000.0,40.768,6873000000.0
23,DD1,MRT,2011-09-30,2011-09-30,2011-09-30,2021-09-14,-5684000000.0,47794000000.0,44635000000.0,18795000000.0,28999000000.0,0.734,12.38,-1820000000.0,2750000000.0,2750000000.0,23718000000.0,3511000000.0,1.653,3.099,15501000000.0,3301000000.0,12200000000.0,15501000000.0,0.0,1473000000.0,0.0,0.041,1.64,4486000000.0,5959000000.0,0.182,5959000000.0,4486000000.0,3874000000.0,3.73,3.68,3.73,11544000000.0,10913500000.0,11544000000.0,49800104940.0,11.0,8.357,3135000000.0,3.362,1.0,9045000000.0,0.276,11043000000.0,612000000.0,38132000000.0,35533000000.0,6413000000.0,1308000000.0,229000000.0,1079000000.0,35770000000.0,11370000000.0,24400000000.0,37272104940.0,-1338000000.0,-7076000000.0,420000000.0,2398000000.0,-1531000000.0,1349000000.0,-7721000000.0,1188000000.0,4955000000.0,79000000.0,3477000000.0,3477000000.0,3477000000.0,-391000000.0,34000000.0,0.106,4916000000.0,4129000000.0,3981000000.0,0.44,3.229,10.72,10.716,13235000000.0,0.0,39.97,1.138,1.138,8544000000.0,13432000000.0,32763000000.0,32763000000.0,1832000000.0,0.078,0.319,0.126,0.137,0.0,3088000000.0,1.0,932502000.0,932502000.0,,35.135,36751000000.0,705000000.0,397000000.0,1655000000.0,39.411,7425000000.0
24,DD1,MRT,2011-06-30,2011-06-30,2011-06-30,2021-09-14,-5453000000.0,47736000000.0,42666000000.0,18703000000.0,29033000000.0,0.739,12.946,-1749000000.0,2268000000.0,2268000000.0,22816000000.0,3420000000.0,1.774,2.931,14796000000.0,2336000000.0,12460000000.0,14796000000.0,0.0,1403000000.0,0.0,0.03,1.64,4274000000.0,5677000000.0,0.18,5677000000.0,4274000000.0,3675000000.0,3.65,3.6,3.65,12023000000.0,10326750000.0,12023000000.0,56660613350.0,13.0,9.981,2590000000.0,2.789,1.0,8711000000.0,0.276,11044000000.0,599000000.0,38679000000.0,34588250000.0,6049000000.0,1298000000.0,214000000.0,1084000000.0,35234000000.0,10541000000.0,24693000000.0,50196613350.0,53000000.0,-6873000000.0,921000000.0,3876000000.0,-1520000000.0,3245000000.0,-7750000000.0,896000000.0,4339000000.0,219000000.0,3392000000.0,3392000000.0,3392000000.0,-307000000.0,28000000.0,0.108,4716000000.0,3995000000.0,3767000000.0,0.449,4.175,14.799,14.808,13185000000.0,0.0,54.05,1.592,1.592,9368000000.0,13683000000.0,31527000000.0,31527000000.0,1695000000.0,0.08,0.328,0.124,0.136,0.0,3061000000.0,1.0,928707000.0,928707000.0,,33.947,36692000000.0,638000000.0,283000000.0,1690000000.0,39.509,8162000000.0
25,DD1,MRT,2011-03-31,2011-03-31,2011-03-31,2021-09-14,-5629000000.0,42600000000.0,40160000000.0,21119000000.0,21481000000.0,0.75,11.728,-1646000000.0,5787000000.0,5787000000.0,21609000000.0,3359000000.0,2.079,2.898,12251000000.0,2137000000.0,10114000000.0,12251000000.0,0.0,1375000000.0,0.0,0.03,1.64,4243000000.0,5618000000.0,0.187,5618000000.0,4243000000.0,3656000000.0,3.61,3.57,3.61,10809000000.0,9527500000.0,10809000000.0,56669220980.0,13.0,10.087,2494000000.0,2.706,1.0,8505000000.0,0.282,5294000000.0,587000000.0,33614000000.0,33331000000.0,5580000000.0,2107000000.0,1026000000.0,1081000000.0,31321000000.0,10156000000.0,21165000000.0,50662220980.0,885000000.0,-549000000.0,770000000.0,1222000000.0,-1510000000.0,470000000.0,-3788000000.0,454000000.0,4140000000.0,63000000.0,3333000000.0,3333000000.0,3333000000.0,-307000000.0,26000000.0,0.111,4543000000.0,3962000000.0,3836000000.0,0.454,4.687,15.2,15.227,11377000000.0,0.0,54.97,1.682,1.682,7936000000.0,12852000000.0,30114000000.0,30114000000.0,1637000000.0,0.083,0.35,0.127,0.141,0.0,2946000000.0,1.0,921634000.0,921634000.0,,32.675,37306000000.0,565000000.0,323000000.0,448000000.0,40.478,10963000000.0
26,DD1,MRT,2010-12-31,2010-12-31,2010-12-31,2021-09-14,-5790000000.0,40410000000.0,39006500000.0,19059000000.0,21351000000.0,0.741,10.163,-1508000000.0,4263000000.0,4263000000.0,20574000000.0,3052000000.0,2.03,3.305,10270000000.0,133000000.0,10137000000.0,10270000000.0,0.0,1380000000.0,0.0,0.033,1.64,4136000000.0,5516000000.0,0.191,5516000000.0,4136000000.0,3546000000.0,3.32,3.28,3.32,9278000000.0,8820500000.0,9278000000.0,53833152720.0,13.0,9.759,3051000000.0,3.342,1.0,8325000000.0,0.288,5321000000.0,590000000.0,31707000000.0,33145000000.0,5967000000.0,3579000000.0,2538000000.0,1041000000.0,30667000000.0,9389000000.0,21278000000.0,45535152720.0,242000000.0,-542000000.0,458000000.0,-778000000.0,-1501000000.0,-1829000000.0,-2439000000.0,-281000000.0,4559000000.0,-49000000.0,3031000000.0,3031000000.0,3031000000.0,-307000000.0,21000000.0,0.105,4475000000.0,3850000000.0,4349000000.0,0.494,4.908,15.023,15.024,11339000000.0,0.0,49.88,1.576,1.576,5635000000.0,12030000000.0,28899000000.0,28899000000.0,1603000000.0,0.078,0.344,0.125,0.143,0.0,2912000000.0,1.0,912894000.0,912894000.0,,31.656,35089000000.0,3306000000.0,515000000.0,340000000.0,38.437,9670000000.0
27,DD1,MRT,2010-09-30,2010-09-30,2010-09-30,2021-09-14,-5610000000.0,39918000000.0,38450250000.0,19589000000.0,20329000000.0,0.827,10.145,-1217000000.0,4088000000.0,4088000000.0,22179000000.0,3119000000.0,2.102,3.291,12386000000.0,2211000000.0,10175000000.0,12386000000.0,0.0,1392000000.0,0.0,0.037,1.64,4439000000.0,5831000000.0,0.183,5831000000.0,4439000000.0,4034000000.0,3.4,3.38,3.4,9197000000.0,8304750000.0,9197000000.0,48461565440.0,11.0,8.311,2636000000.0,2.908,1.0,9626000000.0,0.303,4542000000.0,405000000.0,34353000000.0,32998000000.0,5420000000.0,3000000000.0,1892000000.0,1108000000.0,30267000000.0,9321000000.0,20946000000.0,40448565440.0,1839000000.0,122000000.0,200000000.0,1310000000.0,-1495000000.0,14000000.0,-1967000000.0,-789000000.0,3853000000.0,-61000000.0,3096000000.0,3096000000.0,3096000000.0,0.0,23000000.0,0.097,5164000000.0,4462000000.0,3545000000.0,0.482,4.398,13.065,13.124,10976000000.0,0.0,44.62,1.272,1.272,7498000000.0,12235000000.0,31805000000.0,31805000000.0,1567000000.0,0.081,0.373,0.135,0.14,0.0,3652000000.0,1.0,906512000.0,906512000.0,,35.085,35376000000.0,564000000.0,938000000.0,326000000.0,39.024,10268000000.0
28,DD1,MRT,2010-06-30,2010-06-30,2010-06-30,2021-09-14,-5796000000.0,37712000000.0,37512750000.0,17365000000.0,20347000000.0,0.824,9.741,-1089000000.0,2215000000.0,2215000000.0,21296000000.0,3164000000.0,2.313,3.222,10228000000.0,651000000.0,9577000000.0,10228000000.0,0.0,1436000000.0,0.0,0.047,1.64,4494000000.0,5930000000.0,0.192,5930000000.0,4494000000.0,4092000000.0,3.45,3.43,3.45,8826000000.0,7917250000.0,8826000000.0,39455992780.0,9.0,6.654,3183000000.0,3.513,1.0,9598000000.0,0.311,4569000000.0,402000000.0,33650000000.0,32086500000.0,4581000000.0,2791000000.0,1744000000.0,1047000000.0,28436000000.0,7506000000.0,20930000000.0,31339992780.0,58000000.0,31000000.0,34000000.0,-154000000.0,-1494000000.0,-1584000000.0,-2547000000.0,-1393000000.0,4272000000.0,-83000000.0,3138000000.0,3138000000.0,3138000000.0,0.0,26000000.0,0.102,5078000000.0,4520000000.0,2970000000.0,0.475,3.551,9.987,10.026,10910000000.0,0.0,34.59,1.014,1.014,8076000000.0,12245000000.0,30894000000.0,30894000000.0,1493000000.0,0.084,0.396,0.14,0.145,0.0,3640000000.0,1.0,906042000.0,906042000.0,,34.098,33143000000.0,621000000.0,954000000.0,658000000.0,36.58,9859000000.0
29,DD1,MRT,2010-03-31,2010-03-31,2010-03-31,2021-09-14,-5804000000.0,37986000000.0,36899250000.0,17436000000.0,20550000000.0,0.783,8.83,-1135000000.0,2911000000.0,2911000000.0,20319000000.0,2417000000.0,2.028,3.704,11027000000.0,1484000000.0,9543000000.0,11027000000.0,0.0,1470000000.0,0.0,0.044,1.64,3406000000.0,4876000000.0,0.169,4876000000.0,3406000000.0,3001000000.0,2.64,2.63,2.64,7981000000.0,7579250000.0,7981000000.0,40671927120.0,12.0,8.341,3373000000.0,3.732,1.0,8583000000.0,0.297,4636000000.0,405000000.0,32870000000.0,31183750000.0,5062000000.0,2649000000.0,1599000000.0,1050000000.0,29563000000.0,8596000000.0,20967000000.0,33658927120.0,525000000.0,-51000000.0,22000000.0,949000000.0,-1491000000.0,-487000000.0,-3521000000.0,-2265000000.0,4508000000.0,25000000.0,2396000000.0,2396000000.0,2396000000.0,0.0,21000000.0,0.083,5156000000.0,3427000000.0,3179000000.0,0.621,4.217,14.048,14.106,10960000000.0,0.0,37.24,1.165,1.165,7064000000.0,11463000000.0,28902000000.0,28902000000.0,1420000000.0,0.065,0.316,0.109,0.118,0.0,3526000000.0,1.0,903838000.0,903838000.0,,31.977,33350000000.0,578000000.0,605000000.0,561000000.0,36.898,8840000000.0
30,DD1,MRT,2009-12-31,2009-12-31,2009-12-31,2021-09-14,-5771000000.0,38185000000.0,36124750000.0,17288000000.0,20897000000.0,0.756,7.984,-1308000000.0,4021000000.0,4021000000.0,19708000000.0,1769000000.0,1.841,4.232,11034000000.0,1506000000.0,9528000000.0,11034000000.0,0.0,1503000000.0,0.0,0.049,1.64,2578000000.0,4081000000.0,0.149,4081000000.0,2578000000.0,2170000000.0,1.93,1.92,1.93,7215000000.0,7387500000.0,7215000000.0,39249589100.0,15.0,9.618,3433000000.0,3.799,1.0,7620000000.0,0.279,4689000000.0,408000000.0,31119000000.0,30521000000.0,5380000000.0,3130000000.0,2116000000.0,1014000000.0,30534000000.0,9390000000.0,21144000000.0,30428589100.0,376000000.0,-46000000.0,1000000.0,1391000000.0,-1492000000.0,-97000000.0,-4298000000.0,-2943000000.0,4741000000.0,30000000.0,1755000000.0,1755000000.0,1755000000.0,0.0,14000000.0,0.064,5028000000.0,2592000000.0,3542000000.0,0.85,4.217,17.338,17.446,11094000000.0,0.0,33.67,1.113,1.113,5030000000.0,10710000000.0,27328000000.0,27328000000.0,1378000000.0,0.049,0.238,0.084,0.094,0.0,3440000000.0,1.0,903730000.0,903730000.0,,30.239,33496000000.0,612000000.0,415000000.0,280000000.0,37.064,7898000000.0
31,DD1,MRT,2009-09-30,2009-09-30,2009-09-30,2021-09-14,-5267000000.0,36168000000.0,35630750000.0,15356000000.0,20812000000.0,0.746,8.463,-1562000000.0,2249000000.0,2249000000.0,20002000000.0,688000000.0,1.606,3.673,11070000000.0,3525000000.0,7545000000.0,11070000000.0,0.0,1505000000.0,0.0,0.051,1.64,1064000000.0,2569000000.0,0.097,2569000000.0,1064000000.0,648000000.0,0.75,0.76,0.75,7647000000.0,7365000000.0,7647000000.0,37243961120.0,35.0,14.497,1996000000.0,2.209,1.0,6582000000.0,0.248,4720000000.0,416000000.0,30707000000.0,29656000000.0,4392000000.0,1897000000.0,906000000.0,991000000.0,28085000000.0,9562000000.0,18523000000.0,29041961120.0,256000000.0,-113000000.0,0.0,523000000.0,-1492000000.0,-755000000.0,-2553000000.0,-859000000.0,3558000000.0,6000000.0,685000000.0,685000000.0,685000000.0,0.0,3000000.0,0.026,5515000000.0,1067000000.0,2554000000.0,2.187,3.798,42.397,42.853,11080000000.0,0.0,32.14,1.092,1.092,7126000000.0,10644000000.0,26584000000.0,26584000000.0,1332000000.0,0.019,0.093,0.036,0.04,0.0,3383000000.0,1.0,903608000.0,903608000.0,,29.42,31448000000.0,558000000.0,-37000000.0,286000000.0,34.803,5794000000.0
32,DD1,MRT,2009-06-30,2009-06-30,2009-06-30,2021-09-14,-5385000000.0,35258000000.0,36120750000.0,14578000000.0,20680000000.0,0.779,8.272,-1805000000.0,2157000000.0,2157000000.0,21358000000.0,646000000.0,1.685,3.659,10359000000.0,2803000000.0,7556000000.0,10359000000.0,0.0,1482000000.0,0.0,0.064,1.64,1141000000.0,2623000000.0,0.093,2623000000.0,1141000000.0,727000000.0,0.7,0.71,0.7,7474000000.0,8621750000.0,7474000000.0,30822770840.0,27.0,11.751,1802000000.0,1.994,1.0,6787000000.0,0.241,4768000000.0,414000000.0,30039000000.0,30038000000.0,3900000000.0,1348000000.0,456000000.0,892000000.0,27351000000.0,8653000000.0,18698000000.0,23149770840.0,854000000.0,-58000000.0,7000000.0,360000000.0,-1493000000.0,-919000000.0,-1752000000.0,135000000.0,3607000000.0,-82000000.0,643000000.0,643000000.0,643000000.0,0.0,3000000.0,0.023,5643000000.0,1144000000.0,2185000000.0,2.343,3.097,36.003,36.6,11124000000.0,0.0,25.62,0.823,0.823,7327000000.0,10611000000.0,28145000000.0,28145000000.0,1357000000.0,0.018,0.075,0.038,0.041,0.0,3486000000.0,1.0,903582000.0,903582000.0,,31.148,30490000000.0,588000000.0,84000000.0,304000000.0,33.743,5925000000.0
33,DD1,MRT,2009-03-31,2009-03-31,2009-03-31,2021-09-14,-5558000000.0,34888000000.0,36704750000.0,14215000000.0,20673000000.0,0.826,7.993,-1926000000.0,2386000000.0,2386000000.0,22777000000.0,1302000000.0,1.87,3.777,10059000000.0,1569000000.0,8490000000.0,10059000000.0,0.0,1463000000.0,0.0,0.073,1.64,2074000000.0,3537000000.0,0.117,3537000000.0,2074000000.0,1672000000.0,1.43,1.43,1.43,7214000000.0,9979000000.0,7214000000.0,26158494900.0,13.0,7.396,1322000000.0,1.465,1.0,7559000000.0,0.249,4740000000.0,402000000.0,30219000000.0,30170000000.0,4615000000.0,898000000.0,21000000.0,877000000.0,27245000000.0,7602000000.0,19643000000.0,20153494900.0,1292000000.0,-113000000.0,75000000.0,911000000.0,-1499000000.0,-364000000.0,-1483000000.0,593000000.0,3248000000.0,-109000000.0,1304000000.0,1304000000.0,1304000000.0,0.0,-2000000.0,0.043,5487000000.0,2072000000.0,2300000000.0,1.147,2.794,15.455,15.615,11164000000.0,0.0,22.33,0.664,0.664,6423000000.0,10569000000.0,30336000000.0,30336000000.0,1386000000.0,0.036,0.131,0.069,0.068,0.0,3566000000.0,1.0,902530000.0,902530000.0,,33.612,30148000000.0,570000000.0,368000000.0,297000000.0,33.404,6613000000.0
34,DD1,MRT,2008-12-31,2008-12-31,2008-12-31,2021-09-14,-5518000000.0,36209000000.0,37039750000.0,15311000000.0,20898000000.0,0.86,7.896,-1978000000.0,3645000000.0,3645000000.0,23548000000.0,2010000000.0,1.577,4.022,9650000000.0,2012000000.0,7638000000.0,9650000000.0,0.0,1444000000.0,0.0,0.065,1.64,2764000000.0,4208000000.0,0.132,4208000000.0,2764000000.0,2388000000.0,2.21,2.2,2.21,7125000000.0,11206000000.0,7125000000.0,31191733300.0,11.0,7.412,1151000000.0,1.276,1.0,8288000000.0,0.26,4845000000.0,376000000.0,27659000000.0,29981500000.0,5681000000.0,903000000.0,59000000.0,844000000.0,28657000000.0,9710000000.0,18947000000.0,22829733300.0,2340000000.0,-149000000.0,94000000.0,2089000000.0,-1496000000.0,878000000.0,-1610000000.0,548000000.0,3129000000.0,-57000000.0,2007000000.0,2007000000.0,2007000000.0,0.0,3000000.0,0.063,5521000000.0,2767000000.0,3128000000.0,0.742,3.204,11.375,11.448,11154000000.0,0.0,25.3,0.717,0.717,5140000000.0,10456000000.0,31836000000.0,31836000000.0,1393000000.0,0.054,0.179,0.092,0.087,0.0,3593000000.0,1.0,902361000.0,902361000.0,,35.281,31364000000.0,643000000.0,381000000.0,250000000.0,34.758,5601000000.0
35,DD1,MRT,2008-09-30,2008-09-30,2008-09-30,2021-09-14,-959000000.0,38128000000.0,36520250000.0,16062000000.0,22066000000.0,0.903,14.048,-1972000000.0,1993000000.0,1993000000.0,23687000000.0,3198000000.0,1.705,1.973,10355000000.0,2953000000.0,7402000000.0,10355000000.0,0.0,1438000000.0,0.0,0.041,1.64,4215000000.0,5653000000.0,0.171,5653000000.0,4215000000.0,3833000000.0,3.52,3.5,3.52,12674000000.0,12208750000.0,12674000000.0,44847168900.0,11.0,7.933,1386000000.0,1.536,1.0,9292000000.0,0.282,4834000000.0,382000000.0,32235000000.0,29736750000.0,5635000000.0,1091000000.0,152000000.0,939000000.0,25011000000.0,9421000000.0,15590000000.0,36357168900.0,784000000.0,-87000000.0,108000000.0,1301000000.0,-1495000000.0,-118000000.0,-2412000000.0,-331000000.0,3358000000.0,-44000000.0,3181000000.0,3181000000.0,3181000000.0,0.0,17000000.0,0.096,5065000000.0,4227000000.0,2942000000.0,0.466,2.869,11.429,11.449,11083000000.0,0.0,40.3,1.102,1.102,7438000000.0,11458000000.0,32979000000.0,32979000000.0,1409000000.0,0.087,0.261,0.142,0.128,0.0,3656000000.0,1.0,902163000.0,902163000.0,,36.555,33294000000.0,683000000.0,652000000.0,1152000000.0,36.905,6641000000.0
36,DD1,MRT,2008-06-30,2008-06-30,2008-06-30,2021-09-14,-706000000.0,37594000000.0,35467000000.0,15736000000.0,21858000000.0,0.911,14.325,-1856000000.0,1303000000.0,1303000000.0,22932000000.0,3352000000.0,1.48,1.879,9793000000.0,4432000000.0,5361000000.0,9793000000.0,0.0,1432000000.0,0.0,0.037,1.6,4393000000.0,5825000000.0,0.18,5825000000.0,4393000000.0,3996000000.0,3.69,3.66,3.69,12903000000.0,11519750000.0,12903000000.0,46517280340.0,11.0,7.986,1618000000.0,1.796,1.0,9370000000.0,0.29,4881000000.0,397000000.0,30567000000.0,28398000000.0,5021000000.0,1102000000.0,210000000.0,892000000.0,24250000000.0,10636000000.0,13614000000.0,38631280340.0,316000000.0,35000000.0,-928000000.0,1628000000.0,-1466000000.0,-794000000.0,-2412000000.0,-599000000.0,3474000000.0,48000000.0,3340000000.0,3340000000.0,3340000000.0,0.0,12000000.0,0.103,4968000000.0,4402000000.0,2846000000.0,0.434,2.994,11.566,11.623,10922000000.0,0.0,42.89,1.196,1.196,8477000000.0,11466000000.0,32302000000.0,32302000000.0,1381000000.0,0.094,0.29,0.155,0.136,0.0,3587000000.0,1.0,900706000.0,900706000.0,,35.863,32713000000.0,565000000.0,656000000.0,1136000000.0,36.319,5100000000.0
37,DD1,MRT,2008-03-31,2008-03-31,2008-03-31,2021-09-14,-668000000.0,36228000000.0,34281000000.0,14861000000.0,21367000000.0,0.912,13.479,-1722000000.0,1094000000.0,1094000000.0,22108000000.0,3247000000.0,1.517,1.952,8980000000.0,3196000000.0,5784000000.0,8980000000.0,0.0,1405000000.0,0.0,0.033,1.56,4301000000.0,5706000000.0,0.183,5706000000.0,4301000000.0,3890000000.0,3.55,3.52,3.55,12122000000.0,10966500000.0,12122000000.0,48073418960.0,11.0,8.425,1857000000.0,2.065,1.0,9154000000.0,0.293,4855000000.0,411000000.0,29465000000.0,27558500000.0,5310000000.0,851000000.0,33000000.0,818000000.0,23663000000.0,9794000000.0,13869000000.0,42053418960.0,211000000.0,80000000.0,-1181000000.0,1227000000.0,-1434000000.0,-1382000000.0,-2001000000.0,-376000000.0,3579000000.0,15000000.0,3234000000.0,3234000000.0,3234000000.0,0.0,13000000.0,0.103,4842000000.0,4312000000.0,3061000000.0,0.439,3.469,13.004,13.172,10905000000.0,0.0,46.76,1.345,1.345,7645000000.0,10764000000.0,31262000000.0,31262000000.0,1358000000.0,0.094,0.295,0.156,0.138,0.0,3484000000.0,1.0,899346000.0,899346000.0,,34.761,31373000000.0,567000000.0,656000000.0,1071000000.0,34.884,5067000000.0
38,DD1,MRT,2007-12-31,2007-12-31,2007-12-31,2021-09-14,-794000000.0,34131000000.0,33342250000.0,13160000000.0,20971000000.0,0.919,12.386,-1585000000.0,1305000000.0,1305000000.0,21746000000.0,2995000000.0,1.541,2.025,7325000000.0,1370000000.0,5955000000.0,7325000000.0,0.0,1371000000.0,0.0,0.034,1.52,4166000000.0,5537000000.0,0.181,5537000000.0,4166000000.0,3736000000.0,3.25,3.22,3.25,11136000000.0,10480000000.0,11136000000.0,47415015518.0,11.0,8.563,2705000000.0,3.009,1.0,8907000000.0,0.291,4930000000.0,430000000.0,26680000000.0,26900250000.0,5278000000.0,949000000.0,131000000.0,818000000.0,22553000000.0,8541000000.0,14012000000.0,39639015518.0,-509000000.0,125000000.0,-1250000000.0,-343000000.0,-1409000000.0,-3069000000.0,-1750000000.0,-324000000.0,4290000000.0,20000000.0,2988000000.0,2988000000.0,2988000000.0,0.0,7000000.0,0.097,4734000000.0,4173000000.0,3172000000.0,0.468,3.56,13.266,13.566,10860000000.0,0.0,44.09,1.293,1.293,5683000000.0,9945000000.0,30653000000.0,30653000000.0,1338000000.0,0.09,0.285,0.155,0.136,0.0,3396000000.0,1.0,899047755.0,899047755.0,,34.095,29201000000.0,564000000.0,748000000.0,978000000.0,32.48,4619000000.0
39,DD1,MRT,2007-09-30,2007-09-30,2007-09-30,2021-09-14,-1781000000.0,33915000000.0,32753750000.0,14131000000.0,19784000000.0,0.924,10.774,-1466000000.0,1209000000.0,1209000000.0,21667000000.0,3314000000.0,1.442,2.375,8985000000.0,3618000000.0,5367000000.0,8985000000.0,0.0,1375000000.0,0.0,0.03,1.48,4084000000.0,5459000000.0,0.18,5459000000.0,4084000000.0,3651000000.0,3.59,3.55,3.59,9918000000.0,10051500000.0,9918000000.0,52673380764.0,13.0,9.649,2933000000.0,3.186,1.0,8608000000.0,0.284,5014000000.0,433000000.0,26880000000.0,26471750000.0,4963000000.0,900000000.0,109000000.0,791000000.0,23552000000.0,9797000000.0,13755000000.0,45621380764.0,491000000.0,166000000.0,-1161000000.0,67000000.0,-1380000000.0,-2486000000.0,-1468000000.0,-221000000.0,4399000000.0,46000000.0,3314000000.0,3314000000.0,3314000000.0,0.0,0.0,0.109,4537000000.0,4071000000.0,2873000000.0,0.412,4.6,13.766,13.805,10568000000.0,0.0,49.56,1.507,1.507,6990000000.0,9772000000.0,30275000000.0,30275000000.0,1320000000.0,0.101,0.33,0.154,0.135,0.0,3389000000.0,1.0,920528264.0,920528264.0,,32.889,28901000000.0,665000000.0,337000000.0,738000000.0,31.396,4334000000.0
40,DD1,MRT,2007-06-30,2007-06-30,2007-06-30,2021-09-14,-1825000000.0,32850000000.0,32820000000.0,13814000000.0,19036000000.0,0.91,11.573,-1438000000.0,987000000.0,987000000.0,21268000000.0,3273000000.0,1.684,2.032,8039000000.0,2375000000.0,5664000000.0,8039000000.0,0.0,1387000000.0,0.0,0.029,1.48,4093000000.0,5480000000.0,0.183,5480000000.0,4093000000.0,3659000000.0,3.54,3.51,3.54,10690000000.0,10102250000.0,10690000000.0,53676610462.0,13.0,9.795,2613000000.0,2.829,1.0,8612000000.0,0.288,4489000000.0,434000000.0,27209000000.0,26936000000.0,4481000000.0,904000000.0,102000000.0,802000000.0,21718000000.0,8204000000.0,13514000000.0,46959610462.0,167000000.0,107000000.0,-408000000.0,-617000000.0,-1381000000.0,-2436000000.0,-1468000000.0,-174000000.0,4051000000.0,20000000.0,3273000000.0,3273000000.0,3273000000.0,0.0,0.0,0.11,4534000000.0,4078000000.0,2539000000.0,0.418,4.393,14.348,14.362,10478000000.0,0.0,50.84,1.572,1.572,7370000000.0,10516000000.0,29880000000.0,29880000000.0,1308000000.0,0.1,0.324,0.152,0.137,0.0,3341000000.0,1.0,923674478.0,923674478.0,,32.349,28361000000.0,675000000.0,386000000.0,764000000.0,30.705,5610000000.0
41,DD1,MRT,2007-03-31,2007-03-31,2007-03-31,2021-09-14,-1851000000.0,32473000000.0,33196750000.0,13532000000.0,18941000000.0,0.888,11.011,-1464000000.0,883000000.0,883000000.0,20893000000.0,3276000000.0,1.732,2.148,7600000000.0,1590000000.0,6010000000.0,7600000000.0,0.0,1385000000.0,0.0,0.03,1.48,4051000000.0,5436000000.0,0.184,5436000000.0,4051000000.0,3606000000.0,3.54,3.51,3.54,10176000000.0,9978500000.0,10176000000.0,51395508488.0,13.0,9.455,2413000000.0,2.611,1.0,8586000000.0,0.291,4544000000.0,445000000.0,26832000000.0,27457500000.0,4855000000.0,861000000.0,71000000.0,790000000.0,21855000000.0,7814000000.0,14041000000.0,45679508488.0,-573000000.0,112000000.0,-200000000.0,-1563000000.0,-1380000000.0,-3180000000.0,-1289000000.0,3000000.0,3877000000.0,19000000.0,3276000000.0,3276000000.0,3276000000.0,0.0,0.0,0.111,4550000000.0,4036000000.0,2782000000.0,0.418,4.489,13.944,13.963,10425000000.0,0.0,49.43,1.55,1.55,6813000000.0,10142000000.0,29479000000.0,29479000000.0,1299000000.0,0.099,0.328,0.148,0.137,0.0,3310000000.0,1.0,924125197.0,924125197.0,,31.899,27929000000.0,697000000.0,330000000.0,824000000.0,30.222,5718000000.0
42,DD1,MRT,2006-12-31,2006-12-31,2006-12-31,2021-09-14,-1867000000.0,31777000000.0,33656750000.0,12870000000.0,18907000000.0,0.861,10.243,-1532000000.0,1814000000.0,1814000000.0,20636000000.0,3148000000.0,1.621,2.326,7530000000.0,1517000000.0,6013000000.0,7530000000.0,0.0,1384000000.0,0.0,0.03,1.48,3804000000.0,5188000000.0,0.179,5188000000.0,3804000000.0,3344000000.0,3.41,3.38,3.41,9422000000.0,9802750000.0,9422000000.0,52836644170.0,14.0,10.184,2204000000.0,2.396,1.0,8346000000.0,0.288,4587000000.0,460000000.0,24966000000.0,28002500000.0,4941000000.0,882000000.0,79000000.0,803000000.0,21914000000.0,7940000000.0,13974000000.0,44803644170.0,78000000.0,57000000.0,-132000000.0,-791000000.0,-1378000000.0,-2323000000.0,-1345000000.0,82000000.0,3736000000.0,10000000.0,3148000000.0,3148000000.0,3148000000.0,0.0,0.0,0.109,4557000000.0,3789000000.0,2711000000.0,0.434,4.755,14.232,14.284,10498000000.0,0.0,48.71,1.546,1.546,5198000000.0,9679000000.0,28982000000.0,28982000000.0,1302000000.0,0.094,0.321,0.136,0.131,0.0,3255000000.0,1.0,919803822.0,919803822.0,,31.509,27190000000.0,656000000.0,196000000.0,447000000.0,29.561,4930000000.0
43,DD1,MRT,2006-09-30,2006-09-30,2006-09-30,2021-09-14,-459000000.0,34180000000.0,34035250000.0,13074000000.0,21106000000.0,0.834,10.98,-1557000000.0,718000000.0,718000000.0,20029000000.0,2433000000.0,1.497,2.33,8751000000.0,3242000000.0,5509000000.0,8751000000.0,0.0,1385000000.0,0.0,0.035,1.48,3604000000.0,4989000000.0,0.176,4989000000.0,3604000000.0,3103000000.0,2.63,2.62,2.63,10121000000.0,9687750000.0,10121000000.0,47200532181.0,13.0,9.461,1919000000.0,2.082,1.0,8353000000.0,0.294,4745000000.0,501000000.0,28737000000.0,28643000000.0,4809000000.0,861000000.0,6000000.0,855000000.0,23586000000.0,8731000000.0,14855000000.0,39489532181.0,-4429000000.0,-94000000.0,-3248000000.0,-1998000000.0,-1379000000.0,-6687000000.0,-1004000000.0,597000000.0,3476000000.0,-214000000.0,2433000000.0,2433000000.0,2433000000.0,0.0,0.0,0.086,4751000000.0,3602000000.0,2401000000.0,0.563,3.902,16.231,16.289,10406000000.0,0.0,42.84,1.391,1.391,6586000000.0,9097000000.0,28382000000.0,28382000000.0,1321000000.0,0.071,0.251,0.126,0.127,0.0,3199000000.0,1.0,921791134.0,921791134.0,,30.79,29435000000.0,763000000.0,670000000.0,1502000000.0,31.932,4343000000.0
44,DD1,MRT,2006-06-30,2006-06-30,2006-06-30,2021-09-14,-488000000.0,34357000000.0,35094500000.0,13202000000.0,21155000000.0,0.799,11.066,-1507000000.0,820000000.0,820000000.0,19976000000.0,1866000000.0,1.654,2.322,8531000000.0,2408000000.0,6123000000.0,8531000000.0,0.0,1371000000.0,0.0,0.036,1.48,3347000000.0,4718000000.0,0.168,4718000000.0,3347000000.0,2820000000.0,2.02,2.01,2.02,10195000000.0,10164500000.0,10195000000.0,45859864240.0,14.0,9.72,672000000.0,0.729,1.0,8069000000.0,0.288,4790000000.0,527000000.0,29295000000.0,28553750000.0,4453000000.0,844000000.0,7000000.0,837000000.0,23677000000.0,7983000000.0,15694000000.0,38324864240.0,-4011000000.0,-108000000.0,-2965000000.0,-907000000.0,-1405000000.0,-5324000000.0,-707000000.0,886000000.0,2179000000.0,-159000000.0,1866000000.0,1866000000.0,1866000000.0,0.0,0.0,0.067,4727000000.0,3342000000.0,2342000000.0,0.733,3.759,20.539,20.594,10379000000.0,0.0,41.6,1.367,1.367,6875000000.0,9038000000.0,28045000000.0,28045000000.0,1325000000.0,0.053,0.184,0.117,0.119,0.0,3194000000.0,1.0,921270775.0,921270775.0,,30.442,29567000000.0,843000000.0,954000000.0,1645000000.0,32.094,5219000000.0
45,DD1,MRT,2006-03-31,2006-03-31,2006-03-31,2021-09-14,-513000000.0,34313000000.0,35885250000.0,13382000000.0,20931000000.0,0.789,10.297,-1430000000.0,1456000000.0,1456000000.0,19969000000.0,1906000000.0,1.673,2.571,8991000000.0,2302000000.0,6689000000.0,8991000000.0,0.0,1363000000.0,0.0,0.035,1.48,3626000000.0,4989000000.0,0.176,4989000000.0,3626000000.0,3098000000.0,1.99,1.98,1.99,9473000000.0,10729750000.0,9473000000.0,45275888240.0,12.0,9.075,737000000.0,0.801,1.0,8360000000.0,0.295,4837000000.0,528000000.0,29012000000.0,28175750000.0,4652000000.0,890000000.0,77000000.0,813000000.0,24351000000.0,7999000000.0,16352000000.0,38831888240.0,-2981000000.0,6000000.0,-3053000000.0,67000000.0,-1433000000.0,-4447000000.0,-255000000.0,1101000000.0,2167000000.0,-446000000.0,1906000000.0,1906000000.0,1906000000.0,0.0,0.0,0.067,4713000000.0,3647000000.0,2536000000.0,0.744,4.099,20.373,21.211,10278000000.0,0.0,42.21,1.371,1.371,6143000000.0,8408000000.0,28329000000.0,28329000000.0,1336000000.0,0.053,0.178,0.129,0.128,0.0,3207000000.0,1.0,919968923.0,919968923.0,,30.793,29476000000.0,796000000.0,1192000000.0,1581000000.0,32.04,5383000000.0
46,DD1,MRT,2005-12-31,2005-12-31,2005-12-31,2021-09-14,-518000000.0,33291000000.0,36668250000.0,12422000000.0,20869000000.0,0.777,9.748,-1340000000.0,1736000000.0,1736000000.0,19683000000.0,2056000000.0,1.671,2.66,8180000000.0,1397000000.0,6783000000.0,8180000000.0,0.0,1358000000.0,0.0,0.034,1.46,4044000000.0,5402000000.0,0.19,5402000000.0,4044000000.0,3526000000.0,2.08,2.07,2.08,8962000000.0,11336500000.0,8962000000.0,44621406858.0,11.0,8.26,1202000000.0,1.307,1.0,8808000000.0,0.309,4771000000.0,518000000.0,27528000000.0,27859250000.0,4743000000.0,959000000.0,115000000.0,844000000.0,23839000000.0,7436000000.0,16403000000.0,39073406858.0,-1633000000.0,40000000.0,-3171000000.0,1772000000.0,-1439000000.0,-2851000000.0,-602000000.0,689000000.0,2542000000.0,-722000000.0,2056000000.0,2056000000.0,2056000000.0,0.0,0.0,0.072,4727000000.0,4081000000.0,2670000000.0,0.702,4.36,19.005,20.433,10309000000.0,0.0,42.5,1.371,1.371,4801000000.0,7990000000.0,28491000000.0,28491000000.0,1336000000.0,0.056,0.181,0.145,0.142,0.0,3223000000.0,1.0,919374279.0,919374279.0,,30.99,28520000000.0,828000000.0,1470000000.0,1473000000.0,31.021,4986000000.0
47,DD1,MRT,2005-09-30,2005-09-30,2005-09-30,2021-09-14,-541000000.0,38417000000.0,37253500000.0,17635000000.0,20782000000.0,0.759,12.091,-1270000000.0,5147000000.0,5147000000.0,20028000000.0,2178000000.0,1.643,2.15,10695000000.0,5266000000.0,5429000000.0,10695000000.0,0.0,1359000000.0,0.0,0.037,1.44,3898000000.0,5257000000.0,0.186,5257000000.0,3898000000.0,3424000000.0,2.18,2.16,2.18,12028000000.0,11940250000.0,12028000000.0,43612844892.0,11.0,8.296,1096000000.0,1.102,1.0,8259000000.0,0.292,4853000000.0,474000000.0,28380000000.0,27446750000.0,4454000000.0,1054000000.0,191000000.0,863000000.0,25859000000.0,10732000000.0,15127000000.0,38964844892.0,-692000000.0,200000000.0,-183000000.0,-7000000.0,-1445000000.0,-1661000000.0,-1210000000.0,-140000000.0,2366000000.0,-187000000.0,2178000000.0,2178000000.0,2178000000.0,0.0,0.0,0.077,4335000000.0,3924000000.0,2282000000.0,0.661,3.24,17.89,17.968,10182000000.0,0.0,39.17,1.377,1.377,6331000000.0,10557000000.0,28287000000.0,28287000000.0,1331000000.0,0.058,0.182,0.142,0.138,0.0,3236000000.0,1.0,994762443.0,994762443.0,,28.436,33564000000.0,1272000000.0,1246000000.0,1704000000.0,33.741,6903000000.0
48,DD1,MRT,2005-06-30,2005-06-30,2005-06-30,2021-09-14,-534000000.0,37520000000.0,36796750000.0,17660000000.0,19860000000.0,0.761,12.505,-5041000000.0,4831000000.0,4831000000.0,19886000000.0,2591000000.0,1.86,1.969,9479000000.0,3932000000.0,5547000000.0,9479000000.0,0.0,1367000000.0,0.0,0.033,1.42,3705000000.0,5072000000.0,0.181,5072000000.0,3705000000.0,3285000000.0,2.6,2.58,2.6,12456000000.0,11497500000.0,12456000000.0,47343885007.0,13.0,9.334,-1791000000.0,-1.798,1.0,8120000000.0,0.29,4889000000.0,420000000.0,27783000000.0,26745000000.0,4277000000.0,1067000000.0,223000000.0,844000000.0,24525000000.0,9496000000.0,15029000000.0,42841885007.0,-863000000.0,3923000000.0,-418000000.0,-266000000.0,-1425000000.0,-2101000000.0,-1706000000.0,-636000000.0,3250000000.0,-306000000.0,2591000000.0,2591000000.0,2591000000.0,0.0,0.0,0.093,4375000000.0,3745000000.0,2424000000.0,0.546,3.439,16.535,16.542,10169000000.0,0.0,43.01,1.53,1.53,6978000000.0,11010000000.0,28006000000.0,28006000000.0,1315000000.0,0.07,0.225,0.139,0.132,0.0,3166000000.0,1.0,996091258.0,996091258.0,,28.116,32631000000.0,1120000000.0,694000000.0,1480000000.0,32.759,8164000000.0
49,DD1,MRT,2005-03-31,2005-03-31,2005-03-31,2021-09-14,-466000000.0,37445000000.0,36419750000.0,17242000000.0,20203000000.0,0.758,11.936,-1231000000.0,4437000000.0,4437000000.0,20121000000.0,2079000000.0,1.854,2.053,8939000000.0,3455000000.0,5484000000.0,8939000000.0,0.0,1368000000.0,0.0,0.027,1.4,2514000000.0,3882000000.0,0.141,3882000000.0,2514000000.0,2133000000.0,2.08,2.07,2.08,11900000000.0,11004250000.0,11900000000.0,54201319250.0,22.0,13.962,2276000000.0,2.283,1.0,7495000000.0,0.271,4902000000.0,381000000.0,27746000000.0,26119750000.0,4502000000.0,1277000000.0,214000000.0,1063000000.0,24436000000.0,9299000000.0,15137000000.0,51086319250.0,629000000.0,3752000000.0,-407000000.0,-2698000000.0,-1403000000.0,-4575000000.0,1681000000.0,-868000000.0,3507000000.0,16000000.0,2079000000.0,2079000000.0,2079000000.0,0.0,0.0,0.075,4985000000.0,2510000000.0,2626000000.0,0.673,4.293,24.573,24.635,10179000000.0,0.0,51.24,1.85,1.85,6299000000.0,10451000000.0,27616000000.0,27616000000.0,1309000000.0,0.057,0.189,0.096,0.091,0.0,3128000000.0,1.0,997000766.0,997000766.0,,27.699,32543000000.0,1099000000.0,54000000.0,1259000000.0,32.641,7943000000.0
50,DD1,MRT,2004-12-31,2004-12-31,2004-12-31,2021-09-14,-423000000.0,35632000000.0,36765250000.0,15211000000.0,20421000000.0,0.761,10.532,-1232000000.0,3369000000.0,3369000000.0,20827000000.0,1780000000.0,1.916,2.034,6484000000.0,936000000.0,5548000000.0,6484000000.0,0.0,1347000000.0,0.0,0.029,1.4,1813000000.0,3160000000.0,0.113,3160000000.0,1813000000.0,1451000000.0,1.78,1.77,1.78,11377000000.0,10580000000.0,11377000000.0,57882514488.0,32.0,18.317,1999000000.0,1.851,1.0,7168000000.0,0.256,4930000000.0,362000000.0,25878000000.0,26122250000.0,4489000000.0,1201000000.0,167000000.0,1034000000.0,23145000000.0,7939000000.0,15206000000.0,52985514488.0,21000000.0,3723000000.0,-260000000.0,-3807000000.0,-1404000000.0,-5550000000.0,1936000000.0,-646000000.0,3231000000.0,404000000.0,1780000000.0,1780000000.0,1780000000.0,0.0,0.0,0.064,5364000000.0,1804000000.0,2661000000.0,0.787,4.657,29.767,27.556,10224000000.0,0.0,49.05,1.893,1.893,4889000000.0,10182000000.0,27995000000.0,27995000000.0,1333000000.0,0.048,0.168,0.069,0.065,0.0,3141000000.0,1.0,1080234750.0,1080234750.0,,25.916,30702000000.0,1557000000.0,-329000000.0,1158000000.0,28.422,7272000000.0
51,DD1,MRT,2004-09-30,2004-09-30,2004-09-30,2021-09-14,-1591000000.0,36590000000.0,37117000000.0,17824000000.0,18766000000.0,0.771,10.279,-1286000000.0,5839000000.0,5839000000.0,20989000000.0,2138000000.0,1.636,2.459,10736000000.0,5122000000.0,5614000000.0,10736000000.0,0.0,1369000000.0,0.0,0.033,1.4,1622000000.0,2991000000.0,0.104,2991000000.0,1622000000.0,1281000000.0,2.14,2.12,2.14,10257000000.0,10181000000.0,10257000000.0,46760077371.0,29.0,15.634,1612000000.0,1.615,1.0,7643000000.0,0.267,5020000000.0,341000000.0,25573000000.0,26156000000.0,4189000000.0,1213000000.0,66000000.0,1147000000.0,25224000000.0,10894000000.0,14330000000.0,42710077371.0,2033000000.0,3565000000.0,-221000000.0,-1448000000.0,-1408000000.0,-3104000000.0,2016000000.0,-349000000.0,2898000000.0,223000000.0,2138000000.0,2138000000.0,2138000000.0,0.0,0.0,0.075,6009000000.0,1634000000.0,2362000000.0,0.654,4.164,19.977,20.0,10381000000.0,0.0,42.8,1.492,1.492,6134000000.0,10374000000.0,28632000000.0,28632000000.0,1315000000.0,0.058,0.21,0.062,0.057,0.0,3119000000.0,1.0,997899004.0,997899004.0,,28.692,31570000000.0,1321000000.0,-857000000.0,603000000.0,31.636,6930000000.0
52,DD1,MRT,2004-06-30,2004-06-30,2004-06-30,2021-09-14,-1595000000.0,36012000000.0,37316000000.0,17572000000.0,18440000000.0,0.776,10.48,2220000000.0,5694000000.0,5694000000.0,21417000000.0,934000000.0,1.785,2.335,9744000000.0,4090000000.0,5654000000.0,9744000000.0,0.0,1449000000.0,0.0,0.032,1.4,-47000000.0,1402000000.0,0.048,1402000000.0,-47000000.0,-392000000.0,0.93,0.91,0.93,10483000000.0,9826000000.0,10483000000.0,52469234706.0,-1116.0,37.425,4989000000.0,4.988,1.0,7549000000.0,0.261,4936000000.0,345000000.0,25282000000.0,26750250000.0,3994000000.0,1223000000.0,16000000.0,1207000000.0,24482000000.0,9844000000.0,14638000000.0,44431234706.0,1768000000.0,-527000000.0,21000000.0,-1586000000.0,-1407000000.0,-3046000000.0,1702000000.0,-113000000.0,2769000000.0,343000000.0,934000000.0,934000000.0,934000000.0,0.0,0.0,0.032,7592000000.0,-43000000.0,2350000000.0,1.505,4.238,47.571,47.763,10288000000.0,0.0,44.42,1.534,1.534,6626000000.0,10591000000.0,28966000000.0,28966000000.0,1347000000.0,0.025,0.095,-0.002,-0.002,0.0,3164000000.0,1.0,1000252920.0,1000252920.0,,28.959,31076000000.0,1015000000.0,-1326000000.0,541000000.0,31.068,7728000000.0
53,DD1,MRT,2004-03-31,2004-03-31,2004-03-31,2021-09-14,-1748000000.0,38827000000.0,37862250000.0,20247000000.0,18580000000.0,0.759,10.225,-1711000000.0,3733000000.0,3733000000.0,21348000000.0,1106000000.0,1.426,2.757,11771000000.0,7423000000.0,4348000000.0,11771000000.0,0.0,1518000000.0,0.0,0.033,1.4,422000000.0,1940000000.0,0.067,1940000000.0,422000000.0,71000000.0,1.1,1.08,1.1,10203000000.0,9634250000.0,10203000000.0,49070753080.0,116.0,25.294,894000000.0,0.896,1.0,7401000000.0,0.257,4911000000.0,351000000.0,27756000000.0,27568250000.0,4054000000.0,1444000000.0,37000000.0,1407000000.0,28127000000.0,14198000000.0,13929000000.0,42128753080.0,-265000000.0,-1527000000.0,81000000.0,3428000000.0,-1408000000.0,45000000.0,-3405000000.0,-268000000.0,2605000000.0,490000000.0,1106000000.0,1106000000.0,1106000000.0,0.0,0.0,0.038,6982000000.0,419000000.0,2214000000.0,1.273,4.129,38.091,38.382,9814000000.0,0.0,42.22,1.465,1.465,5576000000.0,10501000000.0,28749000000.0,28749000000.0,1371000000.0,0.029,0.115,0.015,0.015,0.0,3141000000.0,1.0,997838775.0,997838775.0,,28.811,33916000000.0,1097000000.0,-1035000000.0,753000000.0,33.989,6049000000.0
54,DD1,MRT,2003-12-31,2003-12-31,2003-12-31,2021-09-14,-1761000000.0,37039000000.0,37176500000.0,18462000000.0,18577000000.0,0.746,9.813,-1713000000.0,3273000000.0,3273000000.0,20759000000.0,973000000.0,1.415,2.736,10215000000.0,5914000000.0,4301000000.0,10215000000.0,0.0,1584000000.0,0.0,0.033,1.51,390000000.0,1974000000.0,0.071,1974000000.0,390000000.0,43000000.0,0.97,0.96,0.97,9781000000.0,9416750000.0,9781000000.0,53909092767.0,138.0,27.31,876000000.0,0.879,1.0,6971000000.0,0.251,4925000000.0,347000000.0,26013000000.0,27619250000.0,4107000000.0,1329000000.0,25000000.0,1304000000.0,26761000000.0,13043000000.0,13718000000.0,45742092767.0,-330000000.0,-1581000000.0,52000000.0,3391000000.0,-1407000000.0,31000000.0,-3375000000.0,-173000000.0,2589000000.0,425000000.0,973000000.0,973000000.0,973000000.0,0.0,0.0,0.035,6543000000.0,428000000.0,2412000000.0,1.557,4.677,47.011,47.309,9892000000.0,0.0,45.89,1.65,1.65,4218000000.0,10185000000.0,27730000000.0,27730000000.0,1349000000.0,0.026,0.103,0.014,0.014,0.0,3067000000.0,1.0,996776918.0,996776918.0,,27.82,32114000000.0,1141000000.0,-930000000.0,568000000.0,32.218,5419000000.0
55,DD1,MRT,2003-09-30,2003-09-30,2003-09-30,2021-09-14,-2386000000.0,37386000000.0,36572000000.0,19493000000.0,17893000000.0,0.736,8.869,-1854000000.0,3766000000.0,3766000000.0,20874000000.0,687000000.0,1.527,3.174,11933000000.0,6664000000.0,5269000000.0,11933000000.0,0.0,1617000000.0,0.0,0.038,1.51,655000000.0,2272000000.0,0.084,2272000000.0,655000000.0,317000000.0,0.67,0.67,0.67,8837000000.0,9237250000.0,8837000000.0,47294567281.0,72.0,20.816,584000000.0,0.586,1.0,6049000000.0,0.225,4838000000.0,338000000.0,27950000000.0,27716750000.0,3826000000.0,1570000000.0,97000000.0,1473000000.0,28048000000.0,12765000000.0,15283000000.0,39863567281.0,346000000.0,-1874000000.0,37000000.0,4820000000.0,-1402000000.0,1391000000.0,-3856000000.0,-423000000.0,2438000000.0,373000000.0,687000000.0,687000000.0,687000000.0,0.0,0.0,0.026,5342000000.0,707000000.0,1884000000.0,2.254,4.511,58.026,59.716,9752000000.0,0.0,40.01,1.481,1.481,5163000000.0,9903000000.0,26923000000.0,26923000000.0,1348000000.0,0.019,0.074,0.024,0.024,0.0,3047000000.0,1.0,996340097.0,996340097.0,,27.022,32548000000.0,714000000.0,-370000000.0,1794000000.0,32.668,6728000000.0
56,DD1,MRT,2003-06-30,2003-06-30,2003-06-30,2021-09-14,-2711000000.0,38197000000.0,36338250000.0,15514000000.0,22683000000.0,0.724,9.755,-1420000000.0,3926000000.0,3926000000.0,19730000000.0,2029000000.0,1.324,2.872,11357000000.0,5860000000.0,5497000000.0,11357000000.0,0.0,1583000000.0,0.0,0.036,1.51,2577000000.0,4160000000.0,0.158,4160000000.0,2577000000.0,2250000000.0,2.02,2.02,2.02,9716000000.0,9920750000.0,9716000000.0,45607836470.0,18.0,10.963,1689000000.0,1.696,1.0,6569000000.0,0.25,5359000000.0,327000000.0,28554000000.0,27878250000.0,4290000000.0,2195000000.0,165000000.0,2030000000.0,27905000000.0,11715000000.0,16190000000.0,41472836470.0,797000000.0,-1586000000.0,28000000.0,3923000000.0,-1402000000.0,493000000.0,-3093000000.0,-321000000.0,3109000000.0,288000000.0,2029000000.0,2029000000.0,2029000000.0,0.0,0.0,0.077,3922000000.0,2647000000.0,2829000000.0,0.748,4.269,20.44,20.614,13722000000.0,0.0,41.64,1.577,1.577,6149000000.0,11127000000.0,26299000000.0,26299000000.0,1330000000.0,0.056,0.205,0.092,0.098,0.0,2942000000.0,1.0,995985506.0,995985506.0,,26.405,32838000000.0,677000000.0,221000000.0,1879000000.0,32.97,3799000000.0
57,DD1,MRT,2003-03-31,2003-03-31,2003-03-31,2021-09-14,-2749000000.0,36084000000.0,35885000000.0,15038000000.0,21046000000.0,0.711,9.383,-1290000000.0,4073000000.0,4073000000.0,18713000000.0,1897000000.0,1.885,2.605,8208000000.0,2424000000.0,5784000000.0,8208000000.0,0.0,1544000000.0,0.0,0.039,1.51,2335000000.0,3879000000.0,0.152,3879000000.0,2335000000.0,1985000000.0,1.89,1.89,1.89,9333000000.0,10354250000.0,9333000000.0,41808437673.0,18.0,10.778,1926000000.0,1.936,1.0,6796000000.0,0.266,4281000000.0,350000000.0,27960000000.0,27959250000.0,4322000000.0,2383000000.0,314000000.0,2069000000.0,24311000000.0,7978000000.0,16333000000.0,38654437673.0,828000000.0,-973000000.0,28000000.0,1160000000.0,-1401000000.0,-213000000.0,-2435000000.0,-399000000.0,3216000000.0,260000000.0,1897000000.0,1897000000.0,1897000000.0,0.0,0.0,0.074,4355000000.0,2441000000.0,2568000000.0,0.799,4.142,20.377,20.561,13163000000.0,0.0,38.86,1.515,1.515,5273000000.0,10803000000.0,25509000000.0,25509000000.0,1292000000.0,0.053,0.183,0.084,0.092,0.0,2864000000.0,1.0,994710182.0,994710182.0,,25.645,31803000000.0,781000000.0,88000000.0,1802000000.0,31.972,7060000000.0
58,DD1,MRT,2002-12-31,2002-12-31,2002-12-31,2021-09-14,-2767000000.0,34621000000.0,36529250000.0,13459000000.0,21162000000.0,0.671,9.122,-1280000000.0,3678000000.0,3678000000.0,17529000000.0,-1103000000.0,1.897,2.553,6832000000.0,1185000000.0,5647000000.0,6832000000.0,0.0,1515000000.0,0.0,0.033,1.4,-559000000.0,956000000.0,0.039,956000000.0,-559000000.0,-918000000.0,-1.12,-1.11,-1.12,9063000000.0,11570000000.0,9063000000.0,45743550219.0,-82.0,47.849,1159000000.0,1.167,1.0,6993000000.0,0.285,4276000000.0,359000000.0,26403000000.0,28093500000.0,4409000000.0,2512000000.0,465000000.0,2047000000.0,23135000000.0,7096000000.0,16039000000.0,42123550219.0,-2085000000.0,-955000000.0,-436000000.0,-281000000.0,-1401000000.0,-2118000000.0,-2592000000.0,-582000000.0,2439000000.0,186000000.0,-1103000000.0,-1103000000.0,-1103000000.0,0.0,0.0,-0.045,4535000000.0,2458000000.0,2727000000.0,-1.25,4.648,-38.19,-37.857,13286000000.0,0.0,42.4,1.718,1.718,3884000000.0,10619000000.0,24522000000.0,24522000000.0,1264000000.0,-0.03,-0.095,-0.02,-0.023,0.0,2763000000.0,1.0,993479958.0,993479958.0,,24.683,30345000000.0,848000000.0,185000000.0,610000000.0,30.544,6363000000.0
59,DD1,MRT,2002-09-30,2002-09-30,2002-09-30,2021-09-14,-237000000.0,36451000000.0,37953750000.0,13569000000.0,22882000000.0,0.633,11.649,-1153000000.0,3460000000.0,3460000000.0,15872000000.0,2462000000.0,1.819,1.942,7080000000.0,2270000000.0,4810000000.0,7080000000.0,0.0,1437000000.0,0.0,0.039,1.4,5587000000.0,7024000000.0,0.293,7024000000.0,5587000000.0,5210000000.0,2.31,2.31,2.31,11571000000.0,12917250000.0,11571000000.0,39815273216.0,7.0,5.668,765000000.0,0.77,1.0,8141000000.0,0.339,4017000000.0,377000000.0,28596000000.0,28094250000.0,4099000000.0,2465000000.0,369000000.0,2096000000.0,22468000000.0,7458000000.0,15010000000.0,35828273216.0,1016000000.0,7123000000.0,-1987000000.0,-5082000000.0,-1411000000.0,-7122000000.0,6314000000.0,322000000.0,1918000000.0,16000000.0,2462000000.0,2462000000.0,2462000000.0,0.0,0.0,0.103,5674000000.0,2467000000.0,2193000000.0,0.606,3.096,14.553,15.615,13037000000.0,0.0,36.07,1.492,1.492,4813000000.0,10619000000.0,24013000000.0,24013000000.0,1228000000.0,0.065,0.191,0.199,0.233,0.0,2649000000.0,1.0,993298398.0,993298398.0,,24.175,32434000000.0,584000000.0,2748000000.0,2815000000.0,32.653,6111000000.0
60,DD1,MRT,2002-06-30,2002-06-30,2002-06-30,2021-09-14,-242000000.0,36384000000.0,39086750000.0,13604000000.0,22780000000.0,0.615,11.528,-1239000000.0,3129000000.0,3129000000.0,15979000000.0,2135000000.0,1.826,1.967,7116000000.0,2199000000.0,4917000000.0,7116000000.0,0.0,1373000000.0,0.0,0.032,1.4,5278000000.0,6651000000.0,0.277,6651000000.0,5278000000.0,4832000000.0,1.97,1.97,1.97,11450000000.0,13119000000.0,11450000000.0,47618803210.0,9.0,7.16,719000000.0,0.724,1.0,8073000000.0,0.336,4042000000.0,446000000.0,28878000000.0,28805000000.0,3759000000.0,2512000000.0,496000000.0,2016000000.0,22525000000.0,7451000000.0,15074000000.0,44097803210.0,1648000000.0,7164000000.0,-2031000000.0,-3669000000.0,-1427000000.0,-5769000000.0,5512000000.0,-328000000.0,1958000000.0,57000000.0,2135000000.0,2135000000.0,2135000000.0,0.0,0.0,0.089,5931000000.0,2142000000.0,2056000000.0,0.711,3.851,20.655,22.538,13126000000.0,0.0,44.4,1.833,1.833,5451000000.0,10501000000.0,24052000000.0,24052000000.0,1347000000.0,0.055,0.163,0.183,0.219,0.0,2715000000.0,1.0,993193766.0,993193766.0,,24.217,32342000000.0,546000000.0,2697000000.0,2801000000.0,32.564,6153000000.0
61,DD1,MRT,2002-03-31,2002-03-31,2002-03-31,2021-09-14,-240000000.0,38661000000.0,39774250000.0,13251000000.0,25410000000.0,0.617,14.297,-1175000000.0,3245000000.0,3245000000.0,16225000000.0,1379000000.0,1.929,1.555,6766000000.0,1622000000.0,5144000000.0,6766000000.0,0.0,1349000000.0,0.0,0.03,1.4,4404000000.0,5753000000.0,0.234,5753000000.0,4404000000.0,3902000000.0,1.22,1.22,1.22,14196000000.0,13431250000.0,14196000000.0,47868757996.0,11.0,8.321,726000000.0,0.731,1.0,8315000000.0,0.339,6814000000.0,502000000.0,28497000000.0,29232000000.0,4052000000.0,2329000000.0,316000000.0,2013000000.0,22074000000.0,6871000000.0,15203000000.0,46817757996.0,1900000000.0,7539000000.0,-2140000000.0,-4125000000.0,-1443000000.0,-5728000000.0,6039000000.0,-200000000.0,1901000000.0,-202000000.0,1379000000.0,1379000000.0,1379000000.0,0.0,0.0,0.056,7036000000.0,1279000000.0,2172000000.0,1.148,3.298,33.951,38.648,13192000000.0,0.0,47.15,1.908,1.908,4862000000.0,13252000000.0,24540000000.0,24540000000.0,1465000000.0,0.035,0.103,0.151,0.179,0.0,2813000000.0,1.0,992953510.0,992953510.0,,24.714,31847000000.0,540000000.0,2523000000.0,3025000000.0,32.073,6380000000.0
62,DD1,MRT,2001-12-31,2001-12-31,2001-12-31,2021-09-14,-273000000.0,40319000000.0,40214250000.0,14801000000.0,25518000000.0,0.631,14.097,-1241000000.0,5763000000.0,5763000000.0,16727000000.0,4339000000.0,1.835,1.622,6814000000.0,1464000000.0,5350000000.0,6814000000.0,0.0,1320000000.0,0.0,0.033,1.4,7396000000.0,8716000000.0,0.344,8716000000.0,7396000000.0,6806000000.0,4.18,4.16,4.18,14452000000.0,13236750000.0,14452000000.0,53202649203.0,7.0,6.104,1213000000.0,1.183,1.0,8643000000.0,0.341,6897000000.0,590000000.0,26406000000.0,30046000000.0,4215000000.0,2130000000.0,85000000.0,2045000000.0,23443000000.0,8067000000.0,15376000000.0,43579649203.0,4223000000.0,7580000000.0,-1665000000.0,-3026000000.0,-1460000000.0,-4171000000.0,6313000000.0,91000000.0,2454000000.0,-263000000.0,4339000000.0,4339000000.0,4339000000.0,0.0,0.0,0.171,7345000000.0,1298000000.0,2219000000.0,0.335,3.015,10.044,10.17,13287000000.0,0.0,42.51,1.718,1.718,3903000000.0,13517000000.0,25370000000.0,25370000000.0,1588000000.0,0.108,0.328,0.246,0.292,0.0,2925000000.0,1.0,1025162296.0,1025162296.0,,24.747,33422000000.0,618000000.0,2467000000.0,3985000000.0,32.602,6734000000.0
63,DD1,MRT,2001-09-30,2001-09-30,2001-09-30,2021-09-14,-290000000.0,40983000000.0,39991000000.0,14168000000.0,26815000000.0,0.657,11.906,-1123000000.0,2444000000.0,2444000000.0,17236000000.0,685000000.0,1.27,2.228,12067000000.0,5797000000.0,6270000000.0,12067000000.0,0.0,1355000000.0,0.0,0.037,1.4,1397000000.0,2752000000.0,0.105,2752000000.0,1397000000.0,711000000.0,0.64,0.64,0.64,12378000000.0,12948500000.0,12378000000.0,48120862974.0,34.0,17.486,1725000000.0,1.659,1.0,9046000000.0,0.344,8014000000.0,686000000.0,31439000000.0,30987250000.0,4301000000.0,2621000000.0,570000000.0,2051000000.0,27582000000.0,11153000000.0,16429000000.0,39008862974.0,755000000.0,-138000000.0,-100000000.0,873000000.0,-1466000000.0,-71000000.0,-1880000000.0,-485000000.0,2848000000.0,-142000000.0,685000000.0,685000000.0,685000000.0,0.0,0.0,0.026,7616000000.0,1430000000.0,2050000000.0,2.188,3.151,56.947,58.625,13596000000.0,0.0,37.52,1.484,1.484,5289000000.0,11253000000.0,26282000000.0,26282000000.0,1741000000.0,0.017,0.053,0.045,0.053,0.0,3034000000.0,1.0,1039681849.0,1039681849.0,,25.279,32969000000.0,1097000000.0,26000000.0,2576000000.0,31.711,3015000000.0
64,DD1,MRT,2001-06-30,2001-06-30,2001-06-30,2021-09-14,-262000000.0,39134000000.0,39757500000.0,12264000000.0,26870000000.0,0.688,12.178,-1088000000.0,1481000000.0,1481000000.0,17413000000.0,1105000000.0,1.285,2.002,10593000000.0,4374000000.0,6219000000.0,10593000000.0,0.0,1378000000.0,0.0,0.029,1.4,2259000000.0,3637000000.0,0.133,3637000000.0,2259000000.0,1516000000.0,1.05,1.04,1.05,12699000000.0,13162750000.0,12699000000.0,59840004663.0,26.0,16.453,2066000000.0,1.981,1.0,9958000000.0,0.364,8118000000.0,743000000.0,30586000000.0,32919000000.0,4191000000.0,2139000000.0,18000000.0,2121000000.0,25425000000.0,9542000000.0,15883000000.0,50305004663.0,-234000000.0,-131000000.0,-262000000.0,-927000000.0,-1461000000.0,-2028000000.0,-1065000000.0,24000000.0,3154000000.0,-295000000.0,1105000000.0,1105000000.0,1105000000.0,0.0,0.0,0.04,7691000000.0,2267000000.0,1809000000.0,1.333,3.961,45.525,45.943,13701000000.0,0.0,48.24,1.838,1.838,5532000000.0,11535000000.0,27371000000.0,27371000000.0,1742000000.0,0.028,0.084,0.069,0.083,0.0,3057000000.0,1.0,1042806896.0,1042806896.0,,26.247,31016000000.0,627000000.0,411000000.0,2125000000.0,29.743,2722000000.0
65,DD1,MRT,2001-03-31,2001-03-31,2001-03-31,2021-09-14,-264000000.0,40421000000.0,40033250000.0,12408000000.0,28013000000.0,0.707,12.869,-1289000000.0,1345000000.0,1345000000.0,17826000000.0,2006000000.0,1.25,1.985,10880000000.0,4349000000.0,6531000000.0,10880000000.0,0.0,1391000000.0,0.0,0.034,1.4,3698000000.0,5089000000.0,0.18,5089000000.0,3698000000.0,2911000000.0,1.92,1.9,1.92,13418000000.0,13299750000.0,13418000000.0,50802833264.0,14.0,9.983,2924000000.0,2.804,1.0,10464000000.0,0.37,8277000000.0,787000000.0,31753000000.0,35149750000.0,4737000000.0,2213000000.0,15000000.0,2198000000.0,26630000000.0,9926000000.0,16704000000.0,42437833264.0,-1499000000.0,-140000000.0,-404000000.0,-2514000000.0,-1464000000.0,-4382000000.0,-1093000000.0,204000000.0,4213000000.0,-237000000.0,2006000000.0,2006000000.0,2006000000.0,0.0,0.0,0.071,6759000000.0,3705000000.0,2150000000.0,0.729,3.163,21.155,21.198,14114000000.0,0.0,40.7,1.5,1.5,5360000000.0,12240000000.0,28290000000.0,28290000000.0,1765000000.0,0.05,0.151,0.105,0.131,0.0,3041000000.0,1.0,1042698606.0,1042698606.0,,27.132,32144000000.0,636000000.0,905000000.0,2891000000.0,30.828,2482000000.0
66,DD1,MRT,2000-12-31,2000-12-31,2000-12-31,2021-09-14,-188000000.0,39426000000.0,40549000000.0,11656000000.0,27770000000.0,0.72,12.806,-1222000000.0,1540000000.0,1540000000.0,18196000000.0,2314000000.0,1.259,1.936,9905000000.0,3247000000.0,6658000000.0,9905000000.0,0.0,1415000000.0,0.0,0.029,1.4,4196000000.0,5611000000.0,0.192,5611000000.0,4196000000.0,3386000000.0,2.21,2.19,2.21,13299000000.0,13247750000.0,13299000000.0,59638748412.0,14.0,10.629,3848000000.0,3.705,1.0,11006000000.0,0.377,8365000000.0,810000000.0,30171000000.0,37299500000.0,4658000000.0,2283000000.0,77000000.0,2206000000.0,25747000000.0,9255000000.0,16492000000.0,50171748412.0,74000000.0,-143000000.0,-399000000.0,-1673000000.0,-1465000000.0,-3537000000.0,-1244000000.0,25000000.0,5070000000.0,-215000000.0,2314000000.0,2314000000.0,2314000000.0,0.0,0.0,0.079,6778000000.0,4228000000.0,2731000000.0,0.633,3.773,21.682,21.86,14182000000.0,0.0,48.31,1.718,1.718,4552000000.0,12153000000.0,29202000000.0,29202000000.0,1776000000.0,0.057,0.175,0.112,0.144,0.0,3041000000.0,1.0,1038537537.0,1038537537.0,,28.118,31061000000.0,601000000.0,1072000000.0,2355000000.0,29.908,2401000000.0
67,DD1,MRT,2000-09-30,2000-09-30,2000-09-30,2021-09-14,-329000000.0,40049000000.0,40886750000.0,12471000000.0,27578000000.0,0.749,12.694,-958000000.0,1689000000.0,1689000000.0,18700000000.0,633000000.0,1.205,1.998,11156000000.0,4488000000.0,6668000000.0,11156000000.0,0.0,1418000000.0,0.0,0.034,1.4,2928000000.0,4346000000.0,0.142,4346000000.0,2928000000.0,2110000000.0,0.75,0.74,0.75,13235000000.0,13141750000.0,13235000000.0,52548603561.0,18.0,12.091,4041000000.0,3.876,1.0,11940000000.0,0.39,0.0,818000000.0,39166000000.0,37488000000.0,4466000000.0,2223000000.0,59000000.0,2164000000.0,26437000000.0,10350000000.0,16087000000.0,42620603561.0,-616000000.0,-3512000000.0,-387000000.0,707000000.0,-1470000000.0,-1150000000.0,-4118000000.0,221000000.0,4999000000.0,-288000000.0,633000000.0,633000000.0,633000000.0,-235000000.0,0.0,0.021,8998000000.0,2942000000.0,2151000000.0,1.867,3.22,67.331,54.507,14173000000.0,0.0,40.88,1.391,1.391,5531000000.0,12258000000.0,30640000000.0,30640000000.0,1801000000.0,0.015,0.048,0.078,0.096,0.0,3087000000.0,1.0,1042578365.0,1042578365.0,,29.389,40049000000.0,455000000.0,1477000000.0,2092000000.0,38.413,2121000000.0
68,DD1,MRT,2000-06-30,2000-06-30,2000-06-30,2021-09-14,-319000000.0,40237000000.0,39483500000.0,12485000000.0,27752000000.0,0.77,12.649,-1195000000.0,1715000000.0,1715000000.0,18675000000.0,7601000000.0,1.172,2.01,11643000000.0,5005000000.0,6638000000.0,11643000000.0,0.0,1440000000.0,0.0,0.034,1.5,9688000000.0,11128000000.0,0.366,11128000000.0,9688000000.0,8955000000.0,7.46,7.36,7.46,13247000000.0,12404250000.0,13247000000.0,56361896719.0,6.0,5.065,3928000000.0,3.751,1.0,11718000000.0,0.386,0.0,733000000.0,39509000000.0,35528000000.0,4112000000.0,2306000000.0,43000000.0,2263000000.0,26620000000.0,10656000000.0,15964000000.0,45819896719.0,-38000000.0,-3573000000.0,-779000000.0,2407000000.0,-1455000000.0,198000000.0,-4963000000.0,-169000000.0,5123000000.0,-138000000.0,7601000000.0,7601000000.0,7601000000.0,-7584000000.0,0.0,0.25,9331000000.0,2387000000.0,2001000000.0,0.201,3.459,6.028,5.865,14171000000.0,0.0,43.75,1.508,1.508,5937000000.0,12238000000.0,30393000000.0,30393000000.0,1753000000.0,0.193,0.613,0.273,0.319,0.0,3001000000.0,1.0,1047311925.0,1047311925.0,,29.02,40237000000.0,437000000.0,1354000000.0,1951000000.0,38.419,1829000000.0
69,DD1,MRT,2000-03-31,2000-03-31,2000-03-31,2021-09-14,-269000000.0,42484000000.0,38753000000.0,14505000000.0,27979000000.0,0.762,12.616,-1275000000.0,2844000000.0,2844000000.0,18007000000.0,7830000000.0,1.144,2.176,13386000000.0,6709000000.0,6677000000.0,13386000000.0,0.0,1460000000.0,0.0,0.028,1.5,9887000000.0,11347000000.0,0.384,11347000000.0,9887000000.0,9247000000.0,7.61,7.51,7.61,13210000000.0,12777500000.0,13210000000.0,65531469480.0,7.0,5.775,3753000000.0,3.584,1.0,11513000000.0,0.39,0.0,640000000.0,40352000000.0,34493250000.0,4545000000.0,2120000000.0,225000000.0,1895000000.0,28741000000.0,12674000000.0,16067000000.0,55431469480.0,1430000000.0,-3490000000.0,-458000000.0,-1155000000.0,-1483000000.0,-3070000000.0,-5146000000.0,-374000000.0,5028000000.0,-112000000.0,7830000000.0,7830000000.0,7830000000.0,-7655000000.0,0.0,0.265,9000000000.0,2513000000.0,2310000000.0,0.197,4.196,7.079,6.957,14544000000.0,0.0,52.94,1.878,1.878,6203000000.0,12121000000.0,29520000000.0,29520000000.0,1680000000.0,0.202,0.613,0.287,0.335,0.0,2817000000.0,1.0,1047062136.0,1047062136.0,,28.193,42484000000.0,421000000.0,1417000000.0,1992000000.0,40.574,1831000000.0
70,DD1,MRT,1999-12-31,1999-12-31,1999-12-31,2021-09-14,-133000000.0,40777000000.0,38623750000.0,12653000000.0,28124000000.0,0.722,12.326,-1446000000.0,1466000000.0,1466000000.0,16991000000.0,7690000000.0,1.127,2.127,11566000000.0,4941000000.0,6625000000.0,11566000000.0,0.0,1444000000.0,0.0,0.023,1.5,9635000000.0,11079000000.0,0.397,11079000000.0,9635000000.0,9100000000.0,7.08,6.99,7.08,12875000000.0,13008250000.0,12875000000.0,76357294351.0,8.0,6.892,3394000000.0,3.249,1.0,10901000000.0,0.391,8724000000.0,535000000.0,30925000000.0,34430000000.0,5057000000.0,1575000000.0,116000000.0,1459000000.0,27385000000.0,11228000000.0,16157000000.0,68813294351.0,32000000.0,-5121000000.0,-522000000.0,-436000000.0,-1511000000.0,-2364000000.0,-6811000000.0,-258000000.0,4840000000.0,-108000000.0,7690000000.0,7690000000.0,7690000000.0,-7690000000.0,0.0,0.276,8676000000.0,2225000000.0,2780000000.0,0.212,5.345,8.948,9.305,14871000000.0,0.0,65.88,2.467,2.467,5318000000.0,11699000000.0,27892000000.0,27892000000.0,1617000000.0,0.199,0.591,0.28,0.345,0.0,2595000000.0,1.0,1044524808.0,1044524808.0,,26.703,32053000000.0,494000000.0,1410000000.0,2019000000.0,30.687,1425000000.0
71,DD1,MRT,1999-09-30,1999-09-30,1999-09-30,2021-09-14,-170000000.0,34436000000.0,38063500000.0,12107000000.0,22329000000.0,0.7,9.099,-1460000000.0,2305000000.0,2305000000.0,15990000000.0,12330000000.0,1.136,2.299,9849000000.0,5227000000.0,4622000000.0,9849000000.0,0.0,1466000000.0,0.0,0.025,1.5,14231000000.0,15697000000.0,0.589,15697000000.0,14231000000.0,13794000000.0,11.5,11.34,11.5,10285000000.0,13278000000.0,10285000000.0,75352817618.0,5.0,4.8,3290000000.0,2.911,1.0,10655000000.0,0.4,0.0,437000000.0,31326000000.0,35946500000.0,3595000000.0,2249000000.0,294000000.0,1955000000.0,23646000000.0,10654000000.0,12992000000.0,68383817618.0,350000000.0,2238000000.0,-532000000.0,-7345000000.0,-1540000000.0,-9296000000.0,842000000.0,-86000000.0,4750000000.0,-105000000.0,12330000000.0,12330000000.0,12330000000.0,-9894000000.0,0.0,0.463,6263000000.0,4392000000.0,1942000000.0,0.13,6.649,5.546,5.261,14601000000.0,0.0,60.5,2.566,2.566,5200000000.0,14637000000.0,26645000000.0,26645000000.0,1547000000.0,0.324,0.929,0.396,0.534,0.0,2372000000.0,1.0,1130311035.0,1130311035.0,,23.573,34436000000.0,533000000.0,1464000000.0,962000000.0,30.466,1453000000.0
72,DD1,MRT,1999-06-30,1999-06-30,1999-06-30,2021-09-14,-523000000.0,37315000000.0,40095250000.0,11137000000.0,26178000000.0,0.654,13.068,-1452000000.0,1501000000.0,1501000000.0,15650000000.0,4195000000.0,1.249,1.499,8470000000.0,3536000000.0,4934000000.0,8470000000.0,0.0,1461000000.0,0.0,0.02,1.4,5630000000.0,7091000000.0,0.271,7091000000.0,5630000000.0,5153000000.0,3.71,3.65,3.71,14740000000.0,13493250000.0,14740000000.0,89842165549.0,16.0,12.67,2927000000.0,2.595,1.0,10555000000.0,0.403,0.0,477000000.0,35370000000.0,38026000000.0,3388000000.0,2027000000.0,39000000.0,1988000000.0,22101000000.0,8914000000.0,13187000000.0,77047165549.0,-1617000000.0,-34000000.0,-309000000.0,-7764000000.0,-1589000000.0,-9582000000.0,-837000000.0,482000000.0,4379000000.0,-2000000.0,4195000000.0,4195000000.0,4195000000.0,-2705000000.0,0.0,0.16,7390000000.0,3165000000.0,1844000000.0,0.377,5.227,18.366,18.412,14888000000.0,0.0,68.31,2.94,2.94,5446000000.0,7453000000.0,26205000000.0,26205000000.0,1515000000.0,0.105,0.311,0.148,0.215,0.0,2290000000.0,1.0,1127904634.0,1127904634.0,,23.233,37315000000.0,548000000.0,958000000.0,865000000.0,33.083,2223000000.0
73,DD1,MRT,1999-03-31,1999-03-31,1999-03-31,2021-09-14,-526000000.0,41967000000.0,42709000000.0,10791000000.0,31176000000.0,0.599,12.541,-1483000000.0,1003000000.0,1003000000.0,15347000000.0,4237000000.0,0.736,1.937,13798000000.0,9232000000.0,4566000000.0,13798000000.0,0.0,1455000000.0,0.0,0.024,1.4,5682000000.0,7137000000.0,0.279,7137000000.0,5682000000.0,5193000000.0,3.75,3.68,3.75,14133000000.0,12907750000.0,14133000000.0,75495375665.0,13.0,10.578,2644000000.0,2.346,1.0,10223000000.0,0.4,0.0,489000000.0,40099000000.0,39961750000.0,3566000000.0,1812000000.0,11000000.0,1801000000.0,27370000000.0,14663000000.0,12707000000.0,65430375665.0,-610000000.0,-91000000.0,-204000000.0,-1201000000.0,-1588000000.0,-2914000000.0,-1224000000.0,223000000.0,4127000000.0,33000000.0,4237000000.0,4237000000.0,4237000000.0,-2799000000.0,0.0,0.166,7107000000.0,3116000000.0,1900000000.0,0.373,4.63,15.443,15.483,14817000000.0,0.0,58.06,2.559,2.559,5399000000.0,6933000000.0,25570000000.0,25570000000.0,1402000000.0,0.099,0.328,0.142,0.222,0.0,2171000000.0,1.0,1126944121.0,1126944121.0,,22.69,41967000000.0,596000000.0,956000000.0,852000000.0,37.24,-3872000000.0
74,DD1,MRT,1998-12-31,1998-12-31,1998-12-31,2021-09-14,-432000000.0,38536000000.0,43624000000.0,9236000000.0,29300000000.0,0.59,12.394,-1294000000.0,1059000000.0,1059000000.0,15556000000.0,4480000000.0,0.796,1.732,11124000000.0,6629000000.0,4495000000.0,11124000000.0,0.0,1452000000.0,0.0,0.026,1.365,5941000000.0,7393000000.0,0.287,7393000000.0,5941000000.0,5421000000.0,3.96,3.9,3.96,13954000000.0,12281750000.0,13954000000.0,75075207635.0,13.0,10.155,2838000000.0,2.521,1.0,10192000000.0,0.396,0.0,520000000.0,36991000000.0,40588250000.0,3129000000.0,1806000000.0,10000000.0,1796000000.0,24175000000.0,11610000000.0,12565000000.0,59738207635.0,430000000.0,861000000.0,-447000000.0,-1057000000.0,-1549000000.0,-3053000000.0,-178000000.0,131000000.0,4132000000.0,97000000.0,4480000000.0,4480000000.0,4480000000.0,-3033000000.0,0.0,0.174,7059000000.0,3133000000.0,1929000000.0,0.345,4.281,13.334,13.399,14131000000.0,0.0,53.06,2.32,2.32,4201000000.0,6705000000.0,25748000000.0,25748000000.0,1308000000.0,0.103,0.365,0.146,0.231,0.0,2115000000.0,1.0,1125861433.0,1125861433.0,,22.87,38536000000.0,645000000.0,941000000.0,560000000.0,34.228,-2374000000.0
75,DD1,MRT,1998-09-30,1998-09-30,1998-09-30,2021-09-14,-144000000.0,42563000000.0,43162250000.0,11573000000.0,30990000000.0,0.588,9.849,-1852000000.0,1730000000.0,1730000000.0,14925000000.0,1522000000.0,0.634,2.784,17067000000.0,12543000000.0,4524000000.0,17067000000.0,0.0,1413000000.0,0.0,0.024,1.33,2749000000.0,4162000000.0,0.164,4162000000.0,2749000000.0,2212000000.0,1.34,1.3,1.34,11146000000.0,11610750000.0,11146000000.0,76331952681.0,28.0,18.34,2036000000.0,1.799,1.0,10440000000.0,0.412,0.0,537000000.0,39644000000.0,40469750000.0,3292000000.0,2461000000.0,291000000.0,2170000000.0,31032000000.0,18256000000.0,12776000000.0,63655952681.0,470000000.0,-4358000000.0,-2016000000.0,4409000000.0,-1509000000.0,866000000.0,-5457000000.0,353000000.0,3888000000.0,121000000.0,1522000000.0,1522000000.0,1522000000.0,-785000000.0,0.0,0.06,8247000000.0,2193000000.0,1620000000.0,0.993,5.711,41.824,41.978,13730000000.0,0.0,56.25,2.51,2.51,5409000000.0,3884000000.0,25365000000.0,25365000000.0,1972000000.0,0.035,0.131,0.068,0.108,0.0,2136000000.0,1.0,1131661381.0,1131661381.0,,22.414,42563000000.0,610000000.0,690000000.0,640000000.0,37.611,-6683000000.0
76,DD1,MRT,1998-06-30,1998-06-30,1998-06-30,2021-09-14,-324000000.0,47770000000.0,43109500000.0,15407000000.0,32363000000.0,0.588,10.986,-6000000.0,3371000000.0,3371000000.0,15194000000.0,2110000000.0,0.889,2.796,16047000000.0,9938000000.0,6109000000.0,16047000000.0,0.0,872000000.0,0.0,0.017,1.295,3836000000.0,4708000000.0,0.186,4708000000.0,3836000000.0,3367000000.0,1.86,1.82,1.86,12398000000.0,11741250000.0,12398000000.0,97088846945.0,25.0,20.622,3290000000.0,2.915,1.0,10135000000.0,0.4,0.0,469000000.0,43113000000.0,40415250000.0,4492000000.0,4358000000.0,523000000.0,3835000000.0,34671000000.0,17333000000.0,17338000000.0,84287846945.0,1733000000.0,-3564000000.0,-1628000000.0,4403000000.0,-1472000000.0,1299000000.0,-3104000000.0,36000000.0,3296000000.0,19000000.0,2110000000.0,2110000000.0,2110000000.0,-881000000.0,0.0,0.083,7142000000.0,2993000000.0,2712000000.0,0.696,6.799,39.947,40.156,24434000000.0,0.0,74.69,3.328,3.328,6125000000.0,5234000000.0,25329000000.0,25329000000.0,1610000000.0,0.049,0.18,0.095,0.151,0.0,2054000000.0,1.0,1128502436.0,1128502436.0,,22.445,47770000000.0,387000000.0,1257000000.0,2564000000.0,42.33,-1926000000.0
77,DD1,MRT,1998-03-31,1998-03-31,1998-03-31,2021-09-14,-317000000.0,45627000000.0,41519250000.0,13796000000.0,31831000000.0,0.733,10.331,-1105000000.0,2024000000.0,2024000000.0,19451000000.0,2291000000.0,0.872,2.864,14825000000.0,8391000000.0,6434000000.0,14825000000.0,0.0,1089000000.0,0.0,0.019,1.26,4315000000.0,5404000000.0,0.178,5404000000.0,4315000000.0,3820000000.0,2.02,1.98,2.02,11629000000.0,11661250000.0,11629000000.0,87622748208.0,20.0,16.214,2487000000.0,2.209,1.0,10969000000.0,0.361,0.0,495000000.0,42605000000.0,39086000000.0,4533000000.0,3858000000.0,236000000.0,3622000000.0,33307000000.0,15823000000.0,17484000000.0,76543748208.0,546000000.0,-3731000000.0,-1861000000.0,3948000000.0,-1434000000.0,597000000.0,-3923000000.0,350000000.0,3592000000.0,-12000000.0,2291000000.0,2291000000.0,2291000000.0,-716000000.0,0.0,0.075,7331000000.0,3638000000.0,2808000000.0,0.624,6.582,33.411,33.663,24075000000.0,0.0,68.0,2.516,2.516,5963000000.0,4671000000.0,30420000000.0,30420000000.0,1336000000.0,0.055,0.196,0.11,0.142,0.0,2267000000.0,1.0,1125643356.0,1125643356.0,,27.025,45627000000.0,520000000.0,1529000000.0,2852000000.0,40.534,-2027000000.0
78,DD1,MRT,1997-12-31,1997-12-31,1997-12-31,2021-09-14,-297000000.0,36689000000.0,40085500000.0,9107000000.0,27582000000.0,0.626,9.96,-1531000000.0,1004000000.0,1004000000.0,15544000000.0,2405000000.0,0.812,2.223,12049000000.0,6152000000.0,5897000000.0,12049000000.0,0.0,1361000000.0,0.0,0.02,1.23,4148000000.0,5509000000.0,0.22,5509000000.0,4148000000.0,3759000000.0,2.12,2.08,2.12,11270000000.0,11573000000.0,11270000000.0,78534523088.0,19.0,14.256,2496000000.0,2.206,1.0,9550000000.0,0.381,0.0,389000000.0,36517000000.0,37570000000.0,2792000000.0,2514000000.0,142000000.0,2372000000.0,25058000000.0,11217000000.0,13841000000.0,67962523088.0,-62000000.0,-3158000000.0,-1631000000.0,2637000000.0,-1401000000.0,-451000000.0,-4022000000.0,115000000.0,4027000000.0,-99000000.0,2405000000.0,2405000000.0,2405000000.0,-973000000.0,0.0,0.096,6332000000.0,3218000000.0,1921000000.0,0.58,6.03,28.259,28.33,12601000000.0,0.0,60.06,2.708,2.708,4309000000.0,4389000000.0,25094000000.0,25094000000.0,1072000000.0,0.06,0.208,0.11,0.165,0.0,2061000000.0,1.0,1131577141.0,1131577141.0,,22.176,36689000000.0,691000000.0,1354000000.0,620000000.0,32.423,-2110000000.0
79,DD1,MRT,1997-09-30,1997-09-30,1997-09-30,2021-09-14,-170000000.0,42352000000.0,40380750000.0,13047000000.0,29305000000.0,0.512,10.318,-577000000.0,1485000000.0,1485000000.0,11908000000.0,3001000000.0,0.967,2.578,12057000000.0,6271000000.0,5786000000.0,12057000000.0,0.0,655000000.0,0.0,0.019,1.2,4530000000.0,5185000000.0,0.251,5185000000.0,4530000000.0,4272000000.0,2.64,,2.64,11668000000.0,11403750000.0,11668000000.0,79254347377.0,17.0,15.285,1906000000.0,1.685,1.0,8769000000.0,0.424,0.0,258000000.0,39426000000.0,37144250000.0,4005000000.0,4305000000.0,708000000.0,3597000000.0,30079000000.0,13498000000.0,16581000000.0,69694347377.0,-565000000.0,-1706000000.0,-22000000.0,1162000000.0,-1366000000.0,-280000000.0,-2501000000.0,-304000000.0,2483000000.0,-111000000.0,3001000000.0,3001000000.0,3001000000.0,-961000000.0,0.0,0.145,5138000000.0,3631000000.0,2571000000.0,0.455,5.973,23.224,23.345,21994000000.0,0.0,61.63,3.371,3.371,5858000000.0,5871000000.0,20677000000.0,20677000000.0,990000000.0,0.074,0.263,0.122,0.219,0.0,1824000000.0,1.0,1130851004.0,1130851004.0,,18.284,42352000000.0,593000000.0,1271000000.0,2917000000.0,37.451,-451000000.0
80,DD1,MRT,1997-06-30,1997-06-30,1997-06-30,2021-09-14,-142000000.0,41409000000.0,,13243000000.0,28166000000.0,,10.698,-2671000000.0,1637000000.0,1637000000.0,15636000000.0,3916000000.0,1.005,2.378,11197000000.0,6430000000.0,4767000000.0,11197000000.0,0.0,1456000000.0,0.0,0.019,1.17,5852000000.0,7308000000.0,0.288,7308000000.0,5852000000.0,5515000000.0,3.46,,3.46,12078000000.0,,12078000000.0,79914519492.0,14.0,10.935,1257000000.0,1.113,1.0,9704000000.0,0.383,0.0,337000000.0,37796000000.0,,3967000000.0,3135000000.0,557000000.0,2578000000.0,28725000000.0,13173000000.0,15552000000.0,70988519492.0,-290000000.0,-334000000.0,15000000.0,347000000.0,-1329000000.0,-1523000000.0,-3184000000.0,-308000000.0,3928000000.0,-117000000.0,3916000000.0,3916000000.0,3916000000.0,-705000000.0,0.0,0.155,4503000000.0,5201000000.0,2566000000.0,0.338,5.878,18.128,18.173,22083000000.0,0.0,62.88,2.801,2.801,6082000000.0,6247000000.0,25340000000.0,25340000000.0,990000000.0,,,,0.231,0.0,2012000000.0,1.0,1128952282.0,1128952282.0,,22.446,41409000000.0,580000000.0,1599000000.0,2891000000.0,36.679,70000000.0
81,DD1,MRT,1997-03-31,1997-03-31,1997-03-31,2021-09-14,-130000000.0,39892000000.0,,13008000000.0,26884000000.0,,9.966,-847000000.0,1478000000.0,1478000000.0,15604000000.0,3777000000.0,1.06,2.481,10404000000.0,5334000000.0,5070000000.0,10404000000.0,0.0,1477000000.0,0.0,0.022,1.14,5735000000.0,7212000000.0,0.287,7212000000.0,5735000000.0,5381000000.0,3.34,,3.34,11276000000.0,,11276000000.0,67894876276.0,12.0,9.414,3031000000.0,2.679,1.0,9560000000.0,0.38,0.0,354000000.0,36541000000.0,,4075000000.0,2990000000.0,577000000.0,2413000000.0,27976000000.0,12277000000.0,15699000000.0,59963876276.0,-19000000.0,-195000000.0,113000000.0,-1481000000.0,-1293000000.0,-3099000000.0,-1284000000.0,-251000000.0,3878000000.0,-120000000.0,3777000000.0,3777000000.0,3777000000.0,-705000000.0,0.0,0.15,4490000000.0,5070000000.0,2656000000.0,0.341,5.318,15.876,15.868,21012000000.0,0.0,53.0,2.383,2.383,5856000000.0,5517000000.0,25164000000.0,25164000000.0,990000000.0,,,,0.228,0.0,2011000000.0,1.0,1131393892.0,1131393892.0,,22.242,39892000000.0,596000000.0,1604000000.0,3033000000.0,35.259,731000000.0
82,DD1,MRT,1996-12-31,1996-12-31,1996-12-31,2021-09-14,-139000000.0,37870000000.0,37591000000.0,11103000000.0,26767000000.0,0.658,9.363,-669000000.0,1066000000.0,1066000000.0,15314000000.0,3636000000.0,1.011,2.516,8997000000.0,3910000000.0,5087000000.0,8997000000.0,0.0,1526000000.0,0.0,0.024,1.115,5461000000.0,6987000000.0,0.282,6987000000.0,5461000000.0,5052000000.0,3.23,3.18,3.23,10593000000.0,9514500000.0,10593000000.0,,,,3440000000.0,3.04,1.0,9431000000.0,0.381,0.0,409000000.0,34814000000.0,34911000000.0,3706000000.0,2531000000.0,253000000.0,2278000000.0,26657000000.0,10987000000.0,15670000000.0,53243396558.0,-342000000.0,-157000000.0,315000000.0,-2931000000.0,-1261000000.0,-4018000000.0,-987000000.0,-197000000.0,4109000000.0,-52000000.0,3636000000.0,3636000000.0,3636000000.0,-705000000.0,0.0,0.147,4635000000.0,4796000000.0,2757000000.0,0.345,5.026,14.643,14.57,21213000000.0,0.0,47.06,2.152,2.152,5193000000.0,4931000000.0,24745000000.0,24745000000.0,990000000.0,0.097,0.382,0.156,0.221,0.0,2119000000.0,1.0,1131393892.0,1131393892.0,,21.871,37870000000.0,588000000.0,1416000000.0,2659000000.0,33.472,116000000.0
83,DD1,MRT,1996-09-30,1996-09-30,1996-09-30,2021-09-14,,,,,,,,,,,,,,,,,,,,,,0.025,1.09,,,,,,,,,,,,,,,,,,1.0,,,,,,,,,,,,,,,,,,,,,,,,,,,,,,,,,,,,,,,,44.06,,,,,,,,,,,,,,1.0,,,,,,,,,,
84,DD1,MRT,1996-06-30,1996-06-30,1996-06-30,2021-09-14,,,,,,,,,,,,,,,,,,,,,,0.027,1.065,,,,,,,,,,,,,,,,,,1.0,,,,,,,,,,,,,,,,,,,,,,,,,,,,,,,,,,,,,,,,39.625,,,,,,,,,,,,,,1.0,,,,,,,,,,
85,DD1,MRT,1996-03-31,1996-03-31,1996-03-31,2021-09-14,,,,,,,,,,,,,,,,,,,,,,0.026,1.04,,,,,,,,,,,,,,,,,,1.0,,,,,,,,,,,,,,,,,,,,,,,,,,,,,,,,,,,,,,,,40.625,,,,,,,,,,,,,,1.0,,,,,,,,,,
86,DD1,MRT,1995-12-31,1995-12-31,1995-12-31,2021-09-14,0.0,37312000000.0,,10955000000.0,26357000000.0,,,-2903000000.0,1408000000.0,1408000000.0,23363000000.0,3293000000.0,0.86,3.396,11835000000.0,6157000000.0,5678000000.0,11835000000.0,0.0,2722000000.0,0.0,0.029,1.015,6148000000.0,8870000000.0,0.205,8870000000.0,6148000000.0,5390000000.0,2.81,2.77,2.81,8436000000.0,,8436000000.0,,,,3858000000.0,,1.0,19859000000.0,0.459,0.0,758000000.0,35008000000.0,,3737000000.0,1893000000.0,47000000.0,1846000000.0,28646000000.0,12731000000.0,15915000000.0,,552000000.0,-254000000.0,-6545000000.0,4170000000.0,-1196000000.0,-3571000000.0,-2713000000.0,500000000.0,6761000000.0,75000000.0,3293000000.0,3293000000.0,3293000000.0,0.0,0.0,0.076,13711000000.0,6148000000.0,2636000000.0,0.361,,,12.434,21341000000.0,0.0,34.94,,,4912000000.0,9503000000.0,43222000000.0,43222000000.0,1067000000.0,,,,0.142,0.0,2995000000.0,1.0,,,,,37312000000.0,575000000.0,2097000000.0,2253000000.0,,-1776000000.0
87,DD1,MRT,1994-12-31,1994-12-31,1994-12-31,2021-09-14,,,,,,,,-2618000000.0,,,21810000000.0,2727000000.0,,,,,,,,2976000000.0,,0.032,0.91,4941000000.0,7917000000.0,0.197,7917000000.0,4941000000.0,4382000000.0,2.0,,2.0,,,,,,,3046000000.0,,1.0,18411000000.0,0.458,,559000000.0,,,,,,,,,,,-253000000.0,-95000000.0,94000000.0,-1725000000.0,-1247000000.0,-2878000000.0,-3133000000.0,-379000000.0,5664000000.0,94000000.0,2727000000.0,2727000000.0,2727000000.0,0.0,0.0,0.068,13470000000.0,4941000000.0,,0.455,,,14.033,,0.0,28.065,,,,,40221000000.0,40221000000.0,1047000000.0,,,,0.123,0.0,2875000000.0,1.0,,,,,,,1655000000.0,,,
