None,ticker,dimension,calendardate,datekey,reportperiod,lastupdated,accoci,assets,assetsavg,assetsc,assetsnc,assetturnover,bvps,capex,cashneq,cashnequsd,cor,consolinc,currentratio,de,debt,debtc,debtnc,debtusd,deferredrev,depamor,deposits,divyield,dps,ebit,ebitda,ebitdamargin,ebitdausd,ebitusd,ebt,eps,epsdil,epsusd,equity,equityavg,equityusd,ev,evebit,evebitda,fcf,fcfps,fxusd,gp,grossmargin,intangibles,intexp,invcap,invcapavg,inventory,investments,investmentsc,investmentsnc,liabilities,liabilitiesc,liabilitiesnc,marketcap,ncf,ncfbus,ncfcommon,ncfdebt,ncfdiv,ncff,ncfi,ncfinv,ncfo,ncfx,netinc,netinccmn,netinccmnusd,netincdis,netincnci,netmargin,opex,opinc,payables,payoutratio,pb,pe,pe1,ppnenet,prefdivis,price,ps,ps1,receivables,retearn,revenue,revenueusd,rnd,roa,roe,roic,ros,sbcomp,sgna,sharefactor,sharesbas,shareswa,shareswadil,sps,tangibles,taxassets,taxexp,taxliabilities,tbvps,workingcapital
0,ECL,MRY,2020-12-31,2020-12-31,2020-12-31,2021-09-07,-1994400000,18126000000,19161275000.0,5117400000,13008600000,0.615,21.486,-483700000.0,1260200000,1260200000,6905800000.0,-1205100000.0,1.745,1.934,6987100000,17300000,6969800000,6987100000,0,812700000.0,0,0.009,1.89,-738300000.0,74400000.0,0.006,74400000.0,-738300000.0,-1028500000.0,-4.2,-4.15,-4.2,6166500000,6714625000.0,6166500000,67949919794.0,-92.0,913.305,1376500000.0,4.796,1.0,4884400000.0,0.414,8983900000,290200000.0,11936800000,12559025000.0,1285200000,0,0,0,11924500000,2932200000,8992300000,61758919794.0,1073800000.0,-370800000.0,-146200000.0,143300000.0,-560800000.0,-341800000.0,-414500000.0,0.0,1860200000.0,-30100000.0,-1205100000.0,-1205100000.0,-1205100000.0,2172500000.0,0.0,-0.102,3488700000.0,1395700000.0,1160600000,-0.45,10.015,-51.248,-51.514,3548700000,0.0,216.36,5.238,5.267,2273800000,8243000000.0,11790200000.0,11790200000.0,0.0,-0.063,-0.179,-0.059,-0.063,82100000.0,3309100000.0,1.0,285445183.0,287000000,290300000.0,41.081,9142100000,0,176600000.0,580000000,31.854,2185200000
1,ECL,MRY,2019-12-31,2019-12-31,2019-12-31,2021-09-07,-2089700000,20869100000,20864975000.0,4828400000,16040700000,0.602,30.147,-723800000.0,118800000,118800000,7045800000.0,1558900000.0,1.33,1.398,6699600000,380500000,6319100000,6699600000,0,775300000.0,0,0.01,1.85,2038200000.0,2813500000.0,0.224,2813500000.0,2038200000.0,1847500000.0,5.41,5.33,5.41,8685300000,8424775000.0,8685300000,62657282703.0,31.0,22.27,1696900000.0,5.89,1.0,5516200000.0,0.439,8496600000,190700000.0,15322700000,13605425000.0,1081600000,0,0,0,12143300000,3630600000,8512700000,55628282703.0,-107600000.0,-384600000.0,-353700000.0,-652600000.0,-552900000.0,-1349600000.0,-1199100000.0,0.0,2420700000.0,20400000.0,1558900000.0,1558900000.0,1558900000.0,-133300000.0,0.0,0.124,3671000000.0,1845200000.0,1075300000,0.342,6.405,35.684,35.673,3695000000,0.0,192.99,4.428,4.426,2382000000,9993700000.0,12562000000.0,12562000000.0,0.0,0.075,0.185,0.15,0.162,84000000.0,3550800000.0,1.0,288244379.0,288100000,292500000.0,43.603,12372500000,0,288600000.0,674200000,42.945,1197800000
2,ECL,MRY,2018-12-31,2018-12-31,2018-12-31,2021-09-07,-1761700000,20074500000,20043250000.0,4677700000,15396800000,0.61,27.731,-750700000.0,114700000,114700000,6875300000.0,1429100000.0,1.269,1.502,7045200000,743600000,6301600000,7045200000,0,730400000.0,0,0.011,1.69,1971400000.0,2701800000.0,0.221,2701800000.0,1971400000.0,1750300000.0,4.95,4.88,4.95,8003200000,7845775000.0,8003200000,49466044212.0,25.0,18.309,1527000000.0,5.291,1.0,5346800000.0,0.437,10875700000,221100000.0,12443700000,12333775000.0,1546400000,0,0,0,12020900000,3685600000,8335300000,42565444212.0,82600000.0,-220600000.0,-562400000.0,-209800000.0,-494800000.0,-1172700000.0,-1030000000.0,0.0,2277700000.0,7600000.0,1429100000.0,1429100000.0,1429100000.0,-178800000.0,0.0,0.117,3618500000.0,1728300000.0,1255600000,0.341,5.319,29.785,29.768,3836000000,0.0,147.35,3.483,3.479,2662500000,8909500000.0,12222100000.0,12222100000.0,0.0,0.071,0.182,0.16,0.161,88000000.0,3505800000.0,1.0,288873052.0,288600000,292800000.0,42.35,9198800000,0,321200000.0,865200000,31.874,992100000
3,ECL,MRY,2017-12-31,2017-12-31,2017-12-31,2021-09-07,-1643400000,19963500000,19641650000.0,4594300000,15369200000,0.704,26.186,-857900000.0,211400000,211400000,8064200000.0,1518600000.0,1.322,1.623,7322700000,564400000,6758300000,7322700000,0,893300000.0,0,0.011,1.52,2003400000.0,2896700000.0,0.209,2896700000.0,2003400000.0,1748400000.0,5.2,5.12,5.2,7583600000,7133750000.0,7583600000,46114921445.0,23.0,15.92,1233400000.0,4.259,1.0,5771700000.0,0.417,11184700000,255000000.0,12414900000,11885250000.0,1446500000,0,0,0,12309700000,3475200000,8834500000,38766521445.0,-169000000.0,-870400000.0,-600300000.0,466700000.0,-448700000.0,-522700000.0,-1727000000.0,2100000.0,2091300000.0,-10600000.0,1504600000.0,1504600000.0,1504600000.0,0.0,14000000.0,0.109,3821600000.0,1950100000.0,1177100000,0.292,5.112,25.765,25.804,3707100000,0.0,134.18,2.802,2.809,2571400000,8011600000.0,13835900000.0,13835900000.0,0.0,0.077,0.211,0.169,0.145,90500000.0,3825300000.0,1.0,288914305.0,289600000,294000000.0,47.776,8778800000,0,243800000.0,819000000,30.314,1119100000
4,ECL,MRY,2016-12-31,2016-12-31,2016-12-31,2021-09-07,-1712900000,18330200000,18318850000.0,4279400000,14050800000,0.718,23.594,-726300000.0,327400000,327400000,7533900000.0,1246500000.0,1.417,1.646,6687000000,541300000,6145700000,6687000000,0,850700000.0,0,0.012,1.42,1896500000.0,2747200000.0,0.209,2747200000.0,1896500000.0,1631900000.0,4.2,4.14,4.2,6901100000,6738150000.0,6901100000,40657724385.0,21.0,14.8,1213400000.0,4.148,1.0,5617900000.0,0.427,10200800000,264600000.0,11469600000,10539200000.0,1319400000,0,0,0,11359300000,3019400000,8339900000,34175724385.0,287600000.0,-48600000.0,-739600000.0,214000000.0,-427500000.0,-868200000.0,-773600000.0,1300000.0,1939700000.0,-10300000.0,1229000000.0,1229000000.0,1229000000.0,0.0,17500000.0,0.093,3747700000.0,1870200000.0,983200000,0.338,4.952,27.808,27.91,3365000000,0.0,117.22,2.599,2.607,2341200000,6975000000.0,13151800000.0,13151800000.0,0.0,0.067,0.182,0.18,0.144,42100000.0,3708200000.0,1.0,291551991.0,292500000,296700000.0,44.963,8129400000,0,402900000.0,1057600000,27.793,1260000000
5,ECL,MRY,2015-12-31,2015-12-31,2015-12-31,2021-09-07,-1423300000,18641700000,18998575000.0,4447500000,14194200000,0.713,23.313,-800200000.0,92800000,92800000,7223500000.0,1017200000.0,0.933,1.688,6465500000,2205300000,4260200000,6465500000,0,859500000.0,0,0.012,1.34,1546200000.0,2405700000.0,0.178,2405700000.0,1546200000.0,1302600000.0,3.38,3.32,3.38,6909900000,6843925000.0,6909900000,40354815359.0,26.0,16.775,1199600000.0,4.047,1.0,6321600000.0,0.467,10600000000,243600000.0,9650000000,10788100000.0,1388200000,0,0,0,11661300000,4764400000,6896900000,33776815359.0,-116800000.0,-224000000.0,-755100000.0,-123100000.0,-400700000.0,-1150900000.0,-915800000.0,108400000.0,1999800000.0,-49900000.0,1002100000.0,1002100000.0,1002100000.0,0.0,15100000.0,0.074,4760300000.0,1561300000.0,1049600000,0.396,4.888,33.706,33.84,3228300000,0.0,114.38,2.494,2.503,2390200000,6160300000.0,13545100000.0,13545100000.0,0.0,0.053,0.146,0.143,0.114,20400000.0,4345500000.0,1.0,295303509.0,296400000,301400000.0,45.699,8041700000,250000000,300500000.0,1333400000,27.131,-316900000
6,ECL,MRY,2014-12-31,2014-12-31,2014-12-31,2021-09-07,-951900000,19427400000,19572600000.0,4853000000,14574400000,0.73,24.378,-783000000.0,209600000,209600000,7679100000.0,1222200000.0,1.111,1.646,6548200000,1704800000,4843400000,6548200000,0,872000000.0,0,0.011,1.155,1935600000.0,2807600000.0,0.197,2807600000.0,1935600000.0,1679000000.0,4.01,3.93,4.01,7315900000,7406800000.0,7315900000,37967173235.0,20.0,13.523,1032600000.0,3.441,1.0,6601400000.0,0.462,11173800000,256600000.0,10224300000,10679150000.0,1466900000,0,0,0,12045300000,4367900000,7677400000,31368173235.0,-129600000.0,-72900000.0,-428600000.0,-308200000.0,-344400000.0,-1071000000.0,-848300000.0,7600000.0,1815600000.0,-25900000.0,1202800000.0,1202800000.0,1202800000.0,0.0,19400000.0,0.084,4646400000.0,1955000000.0,1162400000,0.288,4.288,26.079,26.065,3050600000,0.0,104.52,2.197,2.196,2626700000,5555100000.0,14280500000.0,14280500000.0,0.0,0.061,0.162,0.181,0.136,15200000.0,4577600000.0,1.0,300116468.0,300100000,305900000.0,47.586,8253600000,183200000,476200000.0,88600000,27.503,485100000
7,ECL,MRY,2013-12-31,2013-12-31,2013-12-31,2021-09-07,-305200000,19636500000,19050150000.0,4698400000,14938100000,0.696,24.489,-644200000.0,339200000,339200000,7161200000.0,973600000.0,1.347,1.665,6904500000,861000000,6043500000,6904500000,0,816200000.0,0,0.009,0.965,1554800000.0,2371000000.0,0.179,2371000000.0,1554800000.0,1292500000.0,3.23,3.16,3.23,7344300000,6737475000.0,7344300000,38272572902.0,25.0,16.142,915600000.0,3.053,1.0,6092200000.0,0.46,11648200000,262300000.0,11064900000,11123875000.0,1321900000,0,0,0,12227100000,3488700000,8738400000,31416472902.0,-818600000.0,-1443500000.0,-307600000.0,110600000.0,-218100000.0,-292600000.0,-2087700000.0,0.0,1559800000.0,1900000.0,967800000.0,967800000.0,967800000.0,0.0,5800000.0,0.073,4531600000.0,1560600000.0,1021900000,0.299,4.278,32.462,32.282,2882000000,0.0,104.27,2.37,2.359,2568000000,4699000000.0,13253400000.0,13253400000.0,0.0,0.051,0.144,0.14,0.117,33000000.0,4360300000.0,1.0,301299251.0,299900000,305900000.0,44.193,7988300000,163000000,324700000.0,80900000,26.637,1209700000
8,ECL,MRY,2012-12-31,2012-12-31,2012-12-31,2021-09-07,-459700000,17572300000,16905550000.0,4892000000,12680300000,0.7,20.776,-591600000.0,1157800000,1157800000,6385400000.0,701300000.0,1.603,1.878,6541900000,805800000,5736100000,6541900000,0,714500000.0,0,0.012,0.83,1291600000.0,2006100000.0,0.169,2006100000.0,1291600000.0,1014900000.0,2.41,2.35,2.41,6077000000,5844350000.0,6077000000,26753804757.0,21.0,13.336,611400000.0,2.09,1.0,5453300000.0,0.461,9964600000,276700000.0,9939100000,9421475000.0,1088100000,0,0,0,11412200000,3052700000,8359500000,21060104757.0,-685800000.0,103700000.0,-209900000.0,-1081000000.0,-306800000.0,-1393600000.0,-487900000.0,0.0,1203000000.0,-7300000.0,703600000.0,703600000.0,703600000.0,0.0,-2300000.0,0.059,4164000000.0,1289300000.0,879700000,0.344,3.466,29.932,29.834,2409100000,0.0,71.9,1.779,1.776,2225100000,4020600000.0,11838700000.0,11838700000.0,0.0,0.042,0.12,0.137,0.109,15700000.0,4018300000.0,1.0,292908272.0,292500000,298900000.0,40.474,7607700000,205200000,311300000.0,77400000,26.009,1839300000
9,ECL,MRY,2011-12-31,2011-12-31,2011-12-31,2021-09-07,-344900000,18184700000,8590000000.0,5396000000,12788700000,0.791,23.92,-363000000.0,1843600000,1843600000,3475600000.0,463300000.0,1.704,2.196,7636200000,1023000000,6613200000,7636200000,0,395700000.0,0,0.013,0.725,753000000.0,1148700000.0,0.169,1148700000.0,753000000.0,678800000.0,1.95,1.91,1.95,5666700000,3170625000.0,5666700000,14247282432.0,19.0,12.403,322500000.0,1.361,1.0,3322900000.0,0.489,10130500000,74200000.0,10680500000,4749900000.0,1069600000,0,0,0,12443600000,3166300000,9277300000,13417582432.0,1601300000.0,-1633200000.0,-690000000.0,3725400000.0,-162900000.0,2933800000.0,-2024300000.0,0.0,685500000.0,6300000.0,462500000.0,462500000.0,462500000.0,0.0,800000.0,0.068,2569100000.0,753800000.0,815700000,0.372,2.368,29.011,29.646,2295400000,0.0,57.81,1.974,2.014,2095300000,3559900000.0,6798500000.0,6798500000.0,0.0,0.054,0.146,0.159,0.111,26200000.0,2438100000.0,1.0,232097949.0,236900000,242100000.0,28.698,8054200000,164000000,216300000.0,81700000,33.998,2229700000
10,ECL,MRY,2010-12-31,2010-12-31,2010-12-31,2021-09-07,-271900000,4872200000,4791675000.0,1869900000,3002300000,1.271,9.123,-295100000.0,242300000,242300000,3013800000.0,531100000.0,1.411,1.286,845600000,189200000,656400000,845600000,0,347900000.0,0,0.013,0.64,806000000.0,1153900000.0,0.189,1153900000.0,806000000.0,746900000.0,2.27,2.23,2.27,2129200000,1953100000.0,2129200000,12526746347.0,16.0,10.856,655300000.0,2.808,1.0,3075900000.0,0.505,1611800000,59100000.0,2538900000,2627700000.0,447600000,0,0,0,2739200000,1324800000,1414400000,11704246347.0,168700000.0,-27400000.0,-348800000.0,-74000000.0,-145500000.0,-462200000.0,-303600000.0,0.0,950400000.0,-15900000.0,530300000.0,530300000.0,530300000.0,0.0,800000.0,0.087,2269100000.0,806800000.0,349300000,0.282,5.497,22.071,22.211,1148300000,0.0,50.42,1.922,1.932,999600000,3279100000.0,6089700000.0,6089700000.0,0.0,0.111,0.272,0.307,0.132,12300000.0,2261600000.0,1.0,232134993.0,233400000,237600000.0,26.091,3260400000,78900000,216600000.0,36700000,13.969,545100000
11,ECL,MRY,2009-12-31,2009-12-31,2009-12-31,2021-09-07,-232900000,5020900000,4910450000.0,1814200000,3206700000,1.202,8.453,-285600000.0,73600000,73600000,2978000000.0,418700000.0,1.451,1.505,967300000,98500000,868800000,967300000,0,334300000.0,0,0.013,0.575,679900000.0,1014200000.0,0.172,1014200000.0,679900000.0,618700000.0,1.76,1.74,1.76,2000900000,1837925000.0,2000900000,11453680724.0,17.0,11.293,409400000.0,1.73,1.0,2922600000.0,0.495,1726600000,61200000.0,2937800000,2893175000.0,493400000,0,0,0,3011300000,1250200000,1761100000,10590180724.0,6900000.0,-13700000.0,-68800000.0,-250400000.0,-132700000.0,-397800000.0,-299300000.0,0.0,695000000.0,9000000.0,417300000.0,417300000.0,417300000.0,0.0,1400000.0,0.071,2241300000.0,681300000.0,360900000,0.327,5.293,25.378,25.33,1176200000,0.0,44.58,1.795,1.788,1016100000,2898100000.0,5900600000.0,5900600000.0,0.0,0.085,0.227,0.235,0.115,29600000.0,2174200000.0,1.0,237554525.0,236700000,239900000.0,24.929,3294300000,83900000,201400000.0,21800000,13.918,564000000
12,ECL,MRY,2008-12-31,2008-12-31,2008-12-31,2021-09-07,-359100000,4756900000,5115150000.0,1691100000,3065800000,1.2,6.404,-358100000.0,66700000,66700000,3141600000.0,448400000.0,1.173,2.022,1138200000,338900000,799300000,1138200000,0,334700000.0,0,0.015,0.53,712500000.0,1047200000.0,0.171,1047200000.0,712500000.0,650900000.0,1.83,1.8,1.83,1571600000,2015750000.0,1571600000,9647738669.0,14.0,9.213,395100000.0,1.61,1.0,2995900000.0,0.488,1594400000,61600000.0,2792100000,2919475000.0,467200000,0,0,0,3177900000,1441900000,1736000000,8711438669.0,-70700000.0,-201600000.0,-337200000.0,186000000.0,-128500000.0,-235600000.0,-580700000.0,0.0,753200000.0,-7600000.0,448100000.0,448100000.0,448100000.0,0.0,300000.0,0.073,2283100000.0,712800000.0,359600000,0.29,5.543,19.441,19.208,1135200000,0.0,35.15,1.419,1.405,971000000,2617000000.0,6137500000.0,6137500000.0,0.0,0.088,0.222,0.244,0.116,25400000.0,2257200000.0,1.0,247836093.0,245400000,249300000.0,25.01,3162500000,94700000,202800000.0,46300000,12.887,249200000
13,ECL,MRY,2007-12-31,2007-12-31,2007-12-31,2021-09-07,63100000,4722800000,4279950000.0,1717300000,3005500000,1.278,7.843,-354100000.0,137400000,137400000,2691700000.0,428900000.0,1.131,1.44,1003400000,403500000,599900000,1003400000,0,291900000.0,0,0.009,0.475,667300000.0,959200000.0,0.175,959200000.0,667300000.0,616300000.0,1.73,1.7,1.73,1935700000,1707050000.0,1935700000,13326974201.0,20.0,13.894,443500000.0,1.797,1.0,2777900000.0,0.508,1608100000,51000000.0,2462400000,2369500000.0,450800000,0,0,0,2787100000,1518300000,1268800000,12598574201.0,-346600000.0,-309600000.0,-371400000.0,-114300000.0,-114000000.0,-482400000.0,-663700000.0,0.0,797600000.0,1900000.0,427200000.0,427200000.0,427200000.0,0.0,1700000.0,0.078,2108900000.0,669000000.0,343700000,0.275,6.509,29.491,29.601,1083400000,0.0,51.21,2.303,2.311,974000000,2298400000.0,5469600000.0,5469600000.0,0.0,0.1,0.25,0.282,0.122,17300000.0,2089200000.0,1.0,246017852.0,246800000,251800000.0,22.162,3114700000,89400000,189100000.0,27700000,12.62,199000000
14,ECL,MRY,2006-12-31,2006-12-31,2006-12-31,2021-09-07,-96500000,4419400000,4021468500.0,1853600000,2565800000,1.217,6.665,-295400000.0,484000000,484000000,2416100000.0,368600000.0,1.233,1.63,1066100000,509000000,557100000,1066100000,0,268600000.0,0,0.009,0.415,611600000.0,880200000.0,0.18,880200000.0,611600000.0,567200000.0,1.46,1.43,1.46,1680200000,1707416250.0,1680200000,12030882131.0,20.0,13.668,332200000.0,1.318,1.0,2479700000.0,0.506,1259700000,44400000.0,2239000000,2264083000.0,364900000,0,0,0,2739200000,1502800000,1236400000,11352118131.0,379600000.0,-63700000.0,-282800000.0,262200000.0,-101200000.0,-16400000.0,-234000000.0,125100000.0,627600000.0,2400000.0,368600000.0,368600000.0,368600000.0,0.0,0.0,0.075,1868100000.0,611600000.0,330900000,0.284,6.756,30.798,30.959,951600000,0.0,45.2,2.319,2.327,867600000,1983300000.0,4895800000.0,4895800000.0,0.0,0.092,0.216,0.27,0.125,16500000.0,1868100000.0,1.0,251153056.0,252100000,257100000.0,19.42,3159700000,86900000,198600000.0,17700000,12.534,350800000
15,ECL,MRY,2005-12-31,2005-12-31,2005-12-31,2021-09-07,0,3796628000,3788506750.0,1421666000,2374962000,1.197,6.45,-258500000.0,104378000,104378000,2248800000.0,319500000.0,1.27,1.302,746301000,226927000,519374000,746301000,0,256900000.0,0,0.01,0.363,542400000.0,799300000.0,0.176,799300000.0,542400000.0,498200000.0,1.25,1.23,1.25,1649210000,1594512000.0,1649210000,9829238387.0,18.0,12.297,331600000.0,1.297,1.0,2286000000.0,0.504,1139955000,44200000.0,2179239000,2165129500.0,325574000,125063000,125063000,0,2147418000,1119357000,1028061000,9285998387.0,33200000.0,-25500000.0,-213300000.0,95700000.0,-89800000.0,-146000000.0,-409100000.0,-125100000.0,590100000.0,-1800000.0,319500000.0,319500000.0,319500000.0,0.0,0.0,0.07,1743600000.0,542400000.0,277635000,0.29,5.631,29.064,29.016,868053000,0.0,36.27,2.048,2.045,743520000,,4534800000.0,4534800000.0,0.0,0.084,0.2,0.251,0.12,27400000.0,1743600000.0,1.0,256024218.0,255700000,260100000.0,17.735,2656673000,65880000,178700000.0,39583000,10.39,302309000
16,ECL,MRY,2004-12-31,2004-12-31,2004-12-31,2021-09-07,0,3716174000,3532398000.0,1279066000,2437108000,1.185,6.205,-267186000.0,71231000,71231000,2033492000.0,282693000.0,1.361,1.325,701577000,56132000,645445000,701577000,0,246954000.0,0,0.009,0.328,489890000.0,736844000.0,0.176,736844000.0,489890000.0,444546000.0,1.1,1.09,1.1,1598141000,1452261250.0,1598141000,9675831619.0,20.0,13.131,303722000.0,1.179,1.0,2151441000.0,0.514,1220906000,45344000.0,2186067000,2092733500.0,338603000,0,0,0,2118033000,939547000,1178486000,9053238619.0,-14395000.0,-126405000.0,-165414000.0,-16781000.0,-82419000.0,-193869000.0,-393591000.0,0.0,570908000.0,2157000.0,282693000.0,282693000.0,282693000.0,0.0,0.0,0.068,1661551000.0,489890000.0,269561000,0.298,5.665,32.025,31.936,834730000,0.0,35.13,2.163,2.162,738266000,,4184933000.0,4184933000.0,0.0,0.08,0.195,0.234,0.117,33104000.0,1657084000.0,1.0,257706764.0,257575000,260407000.0,16.247,2495268000,76038000,161853000.0,22709000,9.688,339519000
17,ECL,MRY,2003-12-31,2003-12-31,2003-12-31,2021-09-07,0,3228918000,3106352250.0,1150340000,2078578000,1.211,5.092,-212484000.0,85626000,85626000,1846584000.0,260590000.0,1.35,1.444,674644000,70203000,604441000,674644000,0,228103000.0,0,0.011,0.297,466114000.0,694217000.0,0.185,694217000.0,466114000.0,420769000.0,1.0,0.99,1.0,1321081000,1250802000.0,1321081000,7634309406.0,16.0,10.997,311448000.0,1.2,1.0,1915235000.0,0.509,1001070000,45345000.0,1964924000,1901751750.0,309959000,0,0,0,1907837000,851942000,1055895000,7051933406.0,36421000.0,-4596000.0,-227145000.0,-101723000.0,-75413000.0,-272712000.0,-217080000.0,0.0,523932000.0,2281000.0,260590000.0,260590000.0,260590000.0,0.0,0.0,0.069,1460226000.0,455009000.0,212287000,0.297,5.338,27.061,27.37,736797000,0.0,27.37,1.875,1.888,626002000,,3761819000.0,3761819000.0,0.0,0.084,0.208,0.245,0.124,23935000.0,1459818000.0,1.0,257651933.0,259454000,262737000.0,14.499,2227848000,75820000,160179000.0,59829000,8.587,298398000
18,ECL,MRY,2002-12-31,2002-12-31,2002-12-31,2021-09-07,0,2865907000,2707082250.0,1015937000,1849970000,1.257,4.26,-210459000.0,49205000,49205000,1687597000.0,209770000.0,1.19,1.606,699842000,160099000,539743000,699842000,0,223428000.0,0,0.011,0.275,393746000.0,617174000.0,0.181,617174000.0,393746000.0,349851000.0,0.81,0.8,0.81,1099751000,1008697250.0,1099751000,6990054118.0,18.0,11.326,212867000.0,0.825,1.0,1715988000.0,0.504,884370000,43895000.0,1778346000,1682434250.0,291506000,0,0,0,1766156000,853828000,912328000,6413530118.0,7412000.0,-62825000.0,-8894000.0,-109052000.0,-69583000.0,-143744000.0,-273284000.0,0.0,423326000.0,1114000.0,209770000.0,209770000.0,209770000.0,-1882000.0,0.0,0.062,1320122000.0,395866000.0,205665000,0.34,5.832,30.574,30.556,680265000,0.0,24.75,1.884,1.877,553154000,,3403585000.0,3403585000.0,0.0,0.077,0.208,0.234,0.116,0.0,1283091000.0,1.0,259132530.0,258147000,261574000.0,13.185,1981537000,71147000,140081000.0,12632000,7.676,162109000
19,ECL,MRY,2001-12-31,2001-12-31,2001-12-31,2021-09-07,0,2525000000,1981159750.0,929583000,1595417000,1.171,3.455,-154910000.0,41793000,41793000,1120254000.0,188170000.0,1.123,1.868,745673000,233393000,512280000,745673000,0,162990000.0,0,0.01,0.198,334012000.0,497002000.0,0.214,497002000.0,334012000.0,305578000.0,0.74,0.72,0.74,880352000,838493750.0,880352000,5435668932.0,16.0,10.937,209571000.0,0.822,1.0,1200456000.0,0.517,775876000,28434000.0,1625052000,1592857000.0,279785000,0,0,0,1644648000,827952000,816696000,5145664932.0,-2172000.0,-469804000.0,-32164000.0,337752000.0,-66456000.0,257513000.0,-624714000.0,0.0,364481000.0,548000.0,188170000.0,188170000.0,188170000.0,0.0,0.0,0.081,882277000.0,318179000.0,199772000,0.268,5.845,27.346,27.196,644323000,0.0,20.125,2.217,2.21,514074000,,2320710000.0,2320710000.0,0.0,0.095,0.224,0.21,0.144,0.0,881453000.0,1.0,255685214.0,254832000,259855000.0,9.107,1749124000,53781000,117408000.0,18887000,6.864,101631000
20,ECL,MRY,2000-12-31,2000-12-31,2000-12-31,2021-09-07,0,1714011000,1679404250.0,600568000,1113443000,1.328,2.963,-147917000.0,43965000,43965000,1056263000.0,206127000.0,1.129,1.264,370969000,136592000,234377000,370969000,0,148436000.0,0,0.011,0.245,360227000.0,508663000.0,0.228,508663000.0,360227000.0,335622000.0,0.805,0.78,0.805,757007000,760292500.0,757007000,5836707391.0,16.0,11.475,167569000.0,0.656,1.0,1174398000.0,0.526,307056000,24605000.0,1201925000,1368368000.0,168220000,199642000,0,199642000,957004000,532034000,424970000,5485755391.0,-3783000.0,-54800000.0,-186516000.0,102303000.0,-61644000.0,-115235000.0,-202717000.0,0.0,315486000.0,-1317000.0,206127000.0,206127000.0,206127000.0,0.0,0.0,0.092,857184000.0,317214000.0,146428000,0.304,7.247,26.613,26.826,501640000,0.0,21.595,2.459,2.474,326937000,,2230661000.0,2230661000.0,0.0,0.123,0.271,0.263,0.161,0.0,851995000.0,1.0,254028960.0,255506000,263892000.0,8.73,1406955000,50709000,129495000.0,0,5.507,68534000
21,ECL,MRY,1999-12-31,1999-12-31,1999-12-31,2021-09-07,0,1585946000,1555665750.0,577321000,1008625000,1.337,2.941,-139329000.0,47748000,47748000,937612000.0,175786000.0,1.227,1.081,281074000,112060000,169014000,281074000,0,134530000.0,0,0.011,0.217,308268000.0,442798000.0,0.213,442798000.0,308268000.0,285555000.0,0.68,0.655,0.68,762016000,726419500.0,762016000,5331248778.0,17.0,12.04,154165000.0,0.595,1.0,1142400000.0,0.549,249756000,22713000.0,1098842000,1317076500.0,176369000,219003000,0,219003000,823930000,470674000,353256000,5070471778.0,19323000.0,-33901000.0,-42395000.0,-15648000.0,-54333000.0,-99113000.0,-174476000.0,0.0,293494000.0,-582000.0,175786000.0,175786000.0,175786000.0,0.0,0.0,0.085,852449000.0,289951000.0,122701000,0.319,6.654,28.845,28.772,448116000,0.0,19.565,2.438,2.437,299751000,,2080012000.0,2080012000.0,0.0,0.113,0.242,0.234,0.148,0.0,852449000.0,1.0,259160326.0,259100000,268838000.0,8.028,1336190000,41701000,109769000.0,5743000,5.157,106647000
22,ECL,MRY,1998-12-31,1998-12-31,1998-12-31,2021-09-07,0,1470995000,1425899000.0,503514000,967481000,1.324,2.673,-140571000.0,28425000,28425000,851173000.0,192506000.0,1.259,1.13,295032000,67991000,227041000,295032000,0,121971000.0,0,0.011,0.195,316030000.0,438001000.0,0.232,438001000.0,316030000.0,294288000.0,0.745,0.72,0.745,690541000,614558500.0,690541000,4936071673.0,16.0,11.27,95071000.0,0.368,1.0,1037053000.0,0.549,0,21742000.0,1337811000,1291464000.0,165627000,253646000,0,253646000,780454000,399791000,380663000,4682072673.0,-32744000.0,-25980000.0,-52984000.0,-8583000.0,-49000000.0,-104888000.0,-161785000.0,0.0,235642000.0,-1713000.0,192506000.0,192506000.0,192506000.0,-38000000.0,0.0,0.102,775073000.0,261980000.0,124646000,0.262,6.78,24.322,24.289,420205000,0.0,18.095,2.48,2.475,246695000,,1888226000.0,1888226000.0,0.0,0.135,0.313,0.245,0.167,0.0,775073000.0,1.0,258749526.0,258314000,268094000.0,7.31,1470995000,36256000,101782000.0,244000,5.695,103723000
23,ECL,MRY,1997-12-31,1997-12-31,1997-12-31,2021-09-07,0,1416299000,1266978000.0,509501000,906798000,1.295,2.131,-118243000.0,61169000,61169000,722084000.0,133955000.0,1.26,1.567,308268000,48884000,259384000,308268000,0,100879000.0,0,0.012,0.168,231937000.0,332816000.0,0.203,332816000.0,231937000.0,219300000.0,0.515,0.5,0.515,551701000,532553000.0,551701000,3712017713.0,16.0,11.153,116855000.0,0.451,1.0,918268000.0,0.56,0,12637000.0,1258934000,1063305750.0,154831000,239879000,0,239879000,864598000,404464000,460134000,3578016713.0,-8106000.0,-157234000.0,-60795000.0,111070000.0,-41456000.0,35097000.0,-276717000.0,0.0,235098000.0,-1584000.0,133955000.0,133955000.0,133955000.0,0.0,0.0,0.082,699764000.0,218504000.0,130682000,0.326,6.485,26.711,26.913,395562000,0.0,13.86,2.181,2.187,246041000,,1640352000.0,1640352000.0,0.0,0.106,0.252,0.218,0.141,0.0,699764000.0,1.0,258154164.0,258892000,267644000.0,6.336,1416299000,34978000,85345000.0,13506000,5.471,105037000
24,ECL,MRY,1996-12-31,1996-12-31,1996-12-31,2021-09-07,0,1208409000,1162729500.0,435507000,772902000,1.281,2.016,-108234000.0,69275000,69275000,674953000.0,113185000.0,1.329,1.324,176292000,27609000,148683000,176292000,0,89523000.0,0,0.015,0.145,198328000.0,287851000.0,0.193,287851000.0,198328000.0,183956000.0,0.44,0.425,0.44,519963000,483758000.0,519963000,,,,146035000.0,0.566,1.0,815056000.0,0.547,0,14372000.0,987655000,1013063500.0,122248000,285237000,0,285237000,688446000,327771000,360675000,2437776000.0,44557000.0,-54911000.0,-22790000.0,-2735000.0,-36096000.0,-44533000.0,-164594000.0,0.0,254269000.0,-585000.0,113185000.0,113185000.0,113185000.0,0.0,0.0,0.076,629739000.0,185317000.0,103803000,0.33,4.688,21.538,21.375,332314000,0.0,9.405,1.636,1.628,205026000,,1490009000.0,1490009000.0,0.0,0.097,0.234,0.196,0.133,0.0,629739000.0,1.0,259200000.0,257982000,265634000.0,5.776,1208409000,29344000,70771000.0,26977000,4.684,107736000
25,ECL,MRY,1995-12-31,1995-12-31,1995-12-31,2021-09-07,0,1060880000,1040618000.0,358072000,702808000,1.289,1.727,-108088000.0,24718000,24718000,603167000.0,99189000.0,1.153,1.323,161049000,71647000,89402000,161049000,0,76279000.0,0,0.017,0.129,170388000.0,246667000.0,0.184,246667000.0,170388000.0,158883000.0,0.375,0.365,0.375,456658000,459233000.0,456658000,,,,58375000.0,0.221,1.0,737714000.0,0.55,0,11505000.0,886673000,851161000.0,106117000,302298000,0,302298000,604222000,310538000,293684000,,-73537000.0,-26437000.0,-90391000.0,11436000.0,-33114000.0,-116630000.0,-123527000.0,4007000.0,166463000.0,157000.0,99189000.0,99189000.0,99189000.0,0.0,0.0,0.074,575028000.0,162686000.0,81931000,0.344,,,20.0,292937000,0.0,7.5,,1.479,198432000,,1340881000.0,1340881000.0,0.0,0.095,0.216,0.2,0.127,0.0,575028000.0,1.0,,264386000,269912000.0,5.072,1060880000,21617000,59694000.0,18248000,4.013,47534000
26,ECL,MRY,1994-12-31,1994-12-31,1994-12-31,2021-09-07,0,1020356000,,401179000,619177000,,1.709,-83621000.0,98255000,98255000,533143000.0,84562000.0,1.582,1.209,147213000,41820000,105393000,147213000,0,66869000.0,0,0.022,0.114,147915000.0,214784000.0,0.178,214784000.0,147915000.0,135006000.0,0.312,0.307,0.312,461808000,,461808000,,,,85725000.0,0.317,1.0,674471000.0,0.559,0,12909000.0,815649000,,100015000,284570000,0,284570000,558548000,253665000,304883000,,49613000.0,-4686000.0,-7889000.0,-6109000.0,-27851000.0,-40836000.0,-78140000.0,5022000.0,169346000.0,-757000.0,84562000.0,84562000.0,84562000.0,0.0,0.0,0.07,537507000.0,136964000.0,76905000,0.365,,,16.731,246191000,0.0,5.22,,1.168,168807000,,1207614000.0,1207614000.0,0.0,,,,0.122,0.0,529507000.0,1.0,,270200000,270200000.0,4.469,1020356000,22349000,50444000.0,13113000,3.776,147514000
0,ECL,MRQ,2021-06-30,2021-06-30,2021-06-30,2021-09-07,-1710600000,18533700000,,5487400000,13046300000,,23.458,-143300000.0,1402400000,1402400000,1844000000.0,310800000.0,1.905,1.758,7000000000,17300000,6982700000,7000000000,0,205400000.0,0,0.009,0.48,442500000.0,647900000.0,0.205,647900000.0,442500000.0,396900000.0,1.09,1.08,1.09,6709100000,,6709100000,64706325454.0,40.0,26.56,359700000.0,1.258,1.0,1318700000.0,0.417,9097800000,45600000.0,12153200000,,1418500000,0,0,0,11797400000,2880300000,8917100000,58894525454.0,212900000.0,-1800000.0,-8800000.0,-6800000.0,-139900000.0,-135200000.0,-155400000.0,0.0,503000000.0,500000.0,310800000.0,310800000.0,310800000.0,0.0,0.0,0.098,870900000.0,447800000.0,1213300000,0.44,8.778,56.042,56.123,3469400000,0.0,205.97,4.855,4.856,2331000000,8472800000.0,3162700000.0,3162700000.0,0.0,,,,,27600000.0,853300000.0,1.0,285937396.0,286000000,288800000.0,11.058,9435900000,0,86100000.0,616200000,32.993,2607100000
1,ECL,MRQ,2021-03-31,2021-03-31,2021-03-31,2021-09-07,-1914500000,18208100000,,5150000000,13058100000,,22.001,-102000000.0,1189500000,1189500000,1712000000.0,193600000.0,1.806,1.889,7001300000,24300000,6977000000,7001300000,0,215200000.0,0,0.009,0.48,311400000.0,526600000.0,0.183,526600000.0,311400000.0,259700000.0,0.68,0.67,0.68,6292300000,,6292300000,66918800081.0,-83.0,2835.542,193300000.0,0.676,1.0,1173000000.0,0.407,9086300000,51700000.0,12081400000,,1347000000,0,0,0,11888000000,2852200000,9035800000,61191900081.0,-70700000.0,-88000000.0,-61800000.0,5800000.0,-146700000.0,-183100000.0,-192400000.0,0.0,295300000.0,9500000.0,193600000.0,193600000.0,193600000.0,0.0,0.0,0.067,875700000.0,297300000.0,1128200000,0.706,9.725,-47.256,-47.783,3491200000,0.0,214.07,5.25,5.253,2272000000,8299300000.0,2885000000.0,2885000000.0,0.0,,,,,31300000.0,862900000.0,1.0,285849956.0,286000000,288800000.0,10.087,9121800000,0,66100000.0,579200000,31.894,2297800000
2,ECL,MRQ,2020-12-31,2020-12-31,2020-12-31,2021-09-07,-1994400000,18126000000,,5117400000,13008600000,,21.599,-123900000.0,1260200000,1260200000,1780300000.0,300300000.0,1.745,1.934,6987100000,17300000,6969800000,6987100000,0,207500000.0,0,0.009,0.48,421800000.0,629300000.0,0.205,629300000.0,421800000.0,373400000.0,1.04,1.03,1.04,6166500000,,6166500000,67949919794.0,-92.0,913.305,525900000.0,1.842,1.0,1285000000.0,0.419,8983900000,48400000.0,11936800000,,1285200000,0,0,0,11924500000,2932200000,8992300000,61758919794.0,225500000.0,60800000.0,-21600000.0,-231000000.0,-139000000.0,-370500000.0,-61800000.0,0.0,649800000.0,8000000.0,300300000.0,300300000.0,300300000.0,0.0,0.0,0.098,868900000.0,416100000.0,1160600000,0.462,10.015,-51.248,-51.514,3548700000,0.0,216.36,5.238,5.267,2273800000,8243000000.0,3065300000.0,3065300000.0,0.0,,,,,17000000.0,809600000.0,1.0,285445183.0,285500000,288800000.0,10.737,9142100000,0,73100000.0,580000000,32.021,2185200000
3,ECL,MRQ,2020-09-30,2020-09-30,2020-09-30,2021-09-07,-1945900000,18097100000,,4992000000,13105100000,,21.075,-110900000.0,1034700000,1034700000,1769600000.0,246200000.0,1.607,2.003,7225700000,247300000,6978400000,7225700000,0,209000000.0,0,0.009,0.47,423400000.0,632400000.0,0.21,632400000.0,423400000.0,288600000.0,0.86,0.85,0.86,6014700000,,6014700000,63268593436.0,-106.0,310.749,340900000.0,1.194,1.0,1249000000.0,0.414,8981400000,134800000.0,12200300000,,1287800000,0,0,0,12047700000,3106400000,8941300000,57031293436.0,-401900000.0,-200000.0,-19900000.0,-549000000.0,-138600000.0,-690300000.0,-173800000.0,0.0,451800000.0,10400000.0,246200000.0,246200000.0,246200000.0,0.0,0.0,0.082,837600000.0,411400000.0,1108400000,0.547,9.482,-53.013,-53.576,3580100000,0.0,199.84,4.765,4.765,2320700000,8079900000.0,3018600000.0,3018600000.0,0.0,,,,,11400000.0,802600000.0,1.0,285384775.0,285400000,288400000.0,10.577,9115700000,0,42400000.0,633900000,31.94,1885600000
4,ECL,MRQ,2020-06-30,2020-06-30,2020-06-30,2021-09-07,-1989700000,18082400000,,5166200000,12916200000,,20.316,-102000000.0,1369000000,1369000000,1635700000.0,-2035000000.0,1.601,2.082,7606300000,534900000,7071400000,7606300000,0,197500000.0,0,0.009,0.47,-1962200000.0,-1764700000.0,-0.657,-1764700000.0,-1962200000.0,-2020900000.0,-7.06,-6.98,-7.06,5855200000,,5855200000,64063988560.0,-150.0,178.352,284800000.0,0.988,1.0,1050000000.0,0.391,8779100000,58700000.0,12312900000,,1228700000,0,0,0,12192200000,3227700000,8964500000,57536688560.0,-292900000.0,-429900000.0,-9700000.0,-498300000.0,-137700000.0,-546800000.0,-80800000.0,0.0,386800000.0,-52100000.0,-2035000000.0,-2035000000.0,-2035000000.0,2163900000.0,0.0,-0.758,858000000.0,192000000.0,1087700000,-0.067,9.827,-67.075,-66.762,3578800000,0.0,198.95,4.726,4.71,2255500000,7967800000.0,2685700000.0,2685700000.0,0.0,,,,,26300000.0,788600000.0,1.0,289201752.0,288200000,291500000.0,9.319,9303300000,0,14100000.0,687100000,32.281,1938500000
5,ECL,MRQ,2020-03-31,2020-03-31,2020-03-31,2021-09-07,-2113700000,22339600000,,6437100000,15902500000,,30.547,-146900000.0,1661900000,1661900000,1720200000.0,283400000.0,1.512,1.528,8189200000,1038300000,7150900000,8189200000,0,198700000.0,0,0.012,0.47,378700000.0,577400000.0,0.191,577400000.0,378700000.0,330400000.0,0.98,0.97,0.98,8822100000,,8822100000,51497876345.0,25.0,18.548,224900000.0,0.779,1.0,1300400000.0,0.431,10823400000,48300000.0,13786100000,,1529700000,0,0,0,13479000000,4257400000,9221600000,44904976345.0,1475500000.0,-1500000.0,-95000000.0,1421600000.0,-145500000.0,1265800000.0,-165700000.0,0.0,371800000.0,3600000.0,283400000.0,283400000.0,283400000.0,8600000.0,0.0,0.094,924200000.0,376200000.0,1279500000,0.48,5.09,29.05,29.073,4479200000,0.0,155.83,3.548,3.555,2855900000,10136900000.0,3020600000.0,3020600000.0,0.0,,,,,27400000.0,908300000.0,1.0,288166440.0,288800000,292600000.0,10.459,11516200000,0,47000000.0,878200000,39.876,2179700000
6,ECL,MRQ,2019-12-31,2019-12-31,2019-12-31,2021-09-07,-2089700000,20869100000,,4828400000,16040700000,,30.115,-226400000.0,118800000,118800000,1809100000.0,429600000.0,1.33,1.398,6699600000,380500000,6319100000,6699600000,0,196300000.0,0,0.01,0.47,562200000.0,758500000.0,0.234,758500000.0,562200000.0,516100000.0,1.49,1.47,1.49,8685300000,,8685300000,62657282703.0,31.0,22.27,594600000.0,2.062,1.0,1435100000.0,0.442,8496600000,46100000.0,15322700000,,1081600000,0,0,0,12143300000,3630600000,8512700000,55628282703.0,50500000.0,-4800000.0,-5100000.0,-401500000.0,-136800000.0,-502100000.0,-269900000.0,0.0,821000000.0,1500000.0,429600000.0,429600000.0,429600000.0,-34900000.0,0.0,0.132,916900000.0,518200000.0,1075300000,0.315,6.405,35.684,35.673,3695000000,0.0,192.99,4.428,4.426,2382000000,9993700000.0,3244200000.0,3244200000.0,0.0,,,,,16300000.0,885500000.0,1.0,288244379.0,288400000,292500000.0,11.249,12372500000,0,86500000.0,674200000,42.9,1197800000
7,ECL,MRQ,2019-09-30,2019-09-30,2019-09-30,2021-09-07,-1884700000,20835600000,,4870100000,15965500000,,29.739,-159400000.0,135900000,135900000,1780900000.0,464200000.0,1.243,1.427,7164900000,779100000,6385800000,7164900000,0,194300000.0,0,0.009,0.46,593700000.0,788000000.0,0.244,788000000.0,593700000.0,547600000.0,1.61,1.59,1.61,8567700000,,8567700000,64355775582.0,32.0,24.32,522700000.0,1.814,1.0,1443100000.0,0.448,10948900000,46100000.0,12996200000,,1586700000,0,0,0,12223200000,3919500000,8303700000,56986375582.0,50100000.0,-91400000.0,-1100000.0,-285500000.0,-136300000.0,-371900000.0,-271700000.0,0.0,682100000.0,11600000.0,464200000.0,464200000.0,464200000.0,-28300000.0,0.0,0.144,894100000.0,549000000.0,1269400000,0.286,6.651,37.383,37.437,4431800000,0.0,198.04,5.082,5.088,2722500000,9699700000.0,3224000000.0,3224000000.0,0.0,,,,,12300000.0,869200000.0,1.0,287751846.0,288100000,292800000.0,11.191,9886700000,0,83400000.0,896600000,34.317,950600000
8,ECL,MRQ,2019-06-30,2019-06-30,2019-06-30,2021-09-07,-1836400000,20827600000,,4853500000,15974100000,,28.6,-152400000.0,85700000,85700000,1780300000.0,368600000.0,1.176,1.527,7455100000,1069400000,6385700000,7455100000,0,145900000.0,0,0.009,0.46,506600000.0,652500000.0,0.206,652500000.0,506600000.0,457400000.0,1.28,1.26,1.28,8225400000,,8225400000,64384230096.0,33.0,24.508,387100000.0,1.346,1.0,1388800000.0,0.438,11010300000,49200000.0,13059000000,,1625300000,0,0,0,12558200000,4127700000,8430500000,56910530096.0,6800000.0,-6600000.0,-216100000.0,-53200000.0,-138400000.0,-358100000.0,-180100000.0,0.0,539500000.0,5500000.0,368600000.0,368600000.0,368600000.0,-25200000.0,0.0,0.116,924400000.0,464400000.0,1297900000,0.359,6.919,38.052,38.042,4416700000,0.0,197.44,4.849,4.838,2747100000,9368000000.0,3169100000.0,3169100000.0,0.0,,,,,23200000.0,900000000.0,1.0,288242150.0,287600000,292100000.0,11.019,9817300000,0,88800000.0,872700000,34.135,725800000
9,ECL,MRQ,2019-03-31,2019-03-31,2019-03-31,2021-09-07,-1734900000,20927600000,,4751000000,16176600000,,28.524,-185600000.0,79000000,79000000,2089600000.0,300400000.0,1.143,1.54,7552700000,1132300000,6420400000,7552700000,0,238800000.0,0,0.01,0.46,384500000.0,623300000.0,0.178,623300000.0,384500000.0,335100000.0,1.03,1.01,1.03,8220700000,,8220700000,57748109577.0,29.0,21.222,192500000.0,0.668,1.0,1415800000.0,0.404,11201500000,49400000.0,13043800000,,1645600000,0,0,0,12660700000,4156000000,8504700000,50817609577.0,-215000000.0,-281800000.0,-131400000.0,87600000.0,-141400000.0,-117500000.0,-477400000.0,0.0,378100000.0,1800000.0,296500000.0,296500000.0,296500000.0,0.0,3900000.0,0.085,1048600000.0,367200000.0,1237700000,0.447,6.182,34.376,34.413,4449500000,0.0,176.54,4.146,4.151,2691600000,9131800000.0,3505400000.0,3505400000.0,0.0,,,,,32200000.0,1008300000.0,1.0,287853232.0,288200000,292300000.0,12.163,9726100000,0,38600000.0,881900000,33.748,595000000
10,ECL,MRQ,2018-12-31,2018-12-31,2018-12-31,2021-09-07,-1761700000,20074500000,,4677700000,15396800000,,27.789,-146100000.0,114700000,114700000,466200000.0,389000000.0,1.269,1.502,7045200000,743600000,6301600000,7045200000,0,30000000.0,0,0.011,0.46,552400000.0,582400000.0,0.443,582400000.0,552400000.0,499700000.0,1.37,1.35,1.37,8003200000,,8003200000,49466044212.0,25.0,18.309,681200000.0,2.365,1.0,848200000.0,0.645,10875700000,52700000.0,12443700000,,1546400000,0,0,0,12020900000,3685600000,8335300000,42565444212.0,90400000.0,-152200000.0,-241000000.0,-23700000.0,-124000000.0,-353200000.0,-381100000.0,-14100000.0,827300000.0,-2600000.0,395100000.0,395100000.0,395100000.0,-178800000.0,-6100000.0,0.301,485000000.0,363200000.0,1255600000,0.336,5.319,29.785,29.768,3836000000,0.0,147.35,3.483,3.479,2662500000,8909500000.0,1314400000.0,1314400000.0,0.0,,,,,12500000.0,486000000.0,1.0,288873052.0,288000000,291900000.0,4.564,9198800000,0,104600000.0,865200000,31.94,992100000
11,ECL,MRQ,2018-09-30,2018-09-30,2018-09-30,2021-09-07,-1765400000,19962600000,,4822300000,15140300000,,27.456,-216600000.0,203600000,203600000,2190700000.0,438300000.0,1.343,1.511,7104200000,769400000,6334800000,7104200000,0,234600000.0,0,0.01,0.41,534300000.0,768900000.0,0.205,768900000.0,534300000.0,478600000.0,1.51,1.48,1.51,7929400000,,7929400000,52457716128.0,26.0,17.678,448100000.0,1.552,1.0,1556500000.0,0.415,10898800000,55700000.0,12374600000,,1587900000,0,0,0,11979600000,3589800000,8389800000,45294316128.0,149400000.0,1300000.0,-105600000.0,-108200000.0,-118500000.0,-313000000.0,-204500000.0,0.0,664700000.0,2200000.0,435400000.0,435400000.0,435400000.0,0.0,2900000.0,0.116,1040300000.0,516200000.0,1195300000,0.272,5.712,28.369,28.3,3778000000,0.0,156.78,3.112,3.11,2652700000,8646900000.0,3747200000.0,3747200000.0,0.0,,,,,13700000.0,964700000.0,1.0,288903662.0,288800000,293400000.0,12.975,9063800000,0,43200000.0,762100000,31.384,1232500000
12,ECL,MRQ,2018-06-30,2018-06-30,2018-06-30,2021-09-07,-1592700000,19951600000,,4607900000,15343700000,,27.18,-185200000.0,54200000,54200000,2146100000.0,353600000.0,1.272,1.534,7217600000,874500000,6343100000,7217600000,0,234700000.0,0,0.011,0.41,511900000.0,746600000.0,0.202,746600000.0,511900000.0,455600000.0,1.22,1.2,1.22,7849500000,,7849500000,47728078537.0,23.0,15.886,113300000.0,0.392,1.0,1543500000.0,0.418,11100700000,56300000.0,12390500000,,1557600000,0,0,0,12043100000,3623800000,8419300000,40488078537.0,-121300000.0,-2600000.0,-700000.0,-131600000.0,-128900000.0,-241500000.0,-188600000.0,0.0,298500000.0,10300000.0,351300000.0,351300000.0,351300000.0,0.0,2300000.0,0.095,1048900000.0,494600000.0,1242100000,0.336,5.158,26.047,26.035,3758700000,0.0,140.33,2.817,2.819,2635400000,8329900000.0,3689600000.0,3689600000.0,0.0,,,,,28100000.0,1036800000.0,1.0,288520477.0,288800000,293300000.0,12.776,8850900000,0,104300000.0,732900000,30.647,984100000
13,ECL,MRQ,2018-03-31,2018-03-31,2018-03-31,2021-09-07,-1558300000,20184300000,,4596800000,15587500000,,26.337,-202800000.0,175500000,175500000,2072300000.0,248200000.0,1.154,1.646,7415500000,1017800000,6397700000,7415500000,0,231100000.0,0,0.011,0.41,372800000.0,603900000.0,0.174,603900000.0,372800000.0,316400000.0,0.86,0.84,0.86,7601000000,,7601000000,46705126508.0,23.0,16.028,284400000.0,0.985,1.0,1398600000.0,0.403,11315200000,56400000.0,12126300000,,1541800000,0,0,0,12514400000,3982800000,8531600000,39593826508.0,-35900000.0,-67100000.0,-215100000.0,53700000.0,-123400000.0,-265000000.0,-255800000.0,14100000.0,487200000.0,-2300000.0,247300000.0,247300000.0,247300000.0,0.0,900000.0,0.071,1044300000.0,354300000.0,1229100000,0.477,5.209,26.433,26.41,3779900000,0.0,137.07,2.799,2.797,2574300000,8097000000.0,3470900000.0,3470900000.0,0.0,,,,,33700000.0,1018300000.0,1.0,288858441.0,288600000,292700000.0,12.027,8869100000,0,69100000.0,822800000,30.731,614000000
14,ECL,MRQ,2017-12-31,2017-12-31,2017-12-31,2021-09-07,-1643400000,19963500000,,4594300000,15369200000,,26.241,-268000000.0,211400000,211400000,2102400000.0,568400000.0,1.322,1.623,7322700000,564400000,6758300000,7322700000,0,227800000.0,0,0.011,0.41,620200000.0,848000000.0,0.232,848000000.0,620200000.0,542400000.0,1.95,1.92,1.95,7583600000,,7583600000,46114921445.0,23.0,15.92,378400000.0,1.309,1.0,1546600000.0,0.424,11184700000,77800000.0,12414900000,,1446500000,0,0,0,12309700000,3475200000,8834500000,38766521445.0,2300000.0,-39200000.0,-12600000.0,-196000000.0,-118400000.0,-322200000.0,-305100000.0,2100000.0,646400000.0,-16800000.0,562600000.0,562600000.0,562600000.0,0.0,5800000.0,0.154,937400000.0,609200000.0,1177100000,0.21,5.112,25.765,25.804,3707100000,0.0,134.18,2.802,2.809,2571400000,8011600000.0,3649000000.0,3649000000.0,0.0,,,,,18700000.0,989000000.0,1.0,288914305.0,289000000,293400000.0,12.626,8778800000,0,-20200000.0,819000000,30.376,1119100000
15,ECL,MRQ,2017-09-30,2017-09-30,2017-09-30,2021-09-07,-1564300000,19856700000,,4614500000,15242200000,,24.991,-214200000.0,209100000,209100000,2064600000.0,396600000.0,1.228,1.739,7557500000,1073000000,6484500000,7557500000,0,228300000.0,0,0.012,0.37,577600000.0,805900000.0,0.226,805900000.0,577600000.0,522500000.0,1.36,1.34,1.36,7222300000,,7222300000,44636529122.0,23.0,15.876,371000000.0,1.284,1.0,1499900000.0,0.421,11194000000,55100000.0,12254500000,,1509000000,0,0,0,12557500000,3756600000,8800900000,37217329122.0,-51600000.0,-4700000.0,-86600000.0,-241800000.0,-107400000.0,-426500000.0,-218000000.0,0.0,585200000.0,7700000.0,393200000.0,393200000.0,393200000.0,0.0,3400000.0,0.11,935800000.0,564100000.0,1115900000,0.272,5.153,28.46,28.58,3617200000,0.0,128.61,2.749,2.745,2533200000,7598000000.0,3564500000.0,3564500000.0,0.0,,,,,14300000.0,930900000.0,1.0,289381301.0,289000000,293400000.0,12.334,8662700000,0,129300000.0,1081900000,29.975,857900000
16,ECL,MRQ,2017-06-30,2017-06-30,2017-06-30,2021-09-07,-1643900000,19523400000,,4532100000,14991300000,,23.878,-208700000.0,260700000,260700000,2045400000.0,296300000.0,1.049,1.811,7679900000,1770600000,5909300000,7679900000,0,221200000.0,0,0.011,0.37,434900000.0,656100000.0,0.19,656100000.0,434900000.0,375300000.0,1.02,1.0,1.02,6919700000,,6919700000,45832426717.0,24.0,16.421,225300000.0,0.777,1.0,1414600000.0,0.409,11065400000,59600000.0,11558800000,,1469800000,0,0,0,12534700000,4318400000,8216300000,38503526717.0,48600000.0,100000.0,-126600000.0,46100000.0,-109700000.0,-169500000.0,-208600000.0,0.0,434000000.0,-7300000.0,294800000.0,294800000.0,294800000.0,0.0,1500000.0,0.085,995000000.0,419600000.0,1123600000,0.363,5.564,29.88,30.034,3497400000,0.0,132.75,2.882,2.88,2446800000,7312600000.0,3460000000.0,3460000000.0,0.0,,,,,26600000.0,958200000.0,1.0,290045399.0,289800000,294100000.0,11.939,8458000000,0,80500000.0,1081700000,29.186,213700000
17,ECL,MRQ,2017-03-31,2017-03-31,2017-03-31,2021-09-07,-1636100000,19223000000,,4307300000,14915700000,,23.432,-167000000.0,212100000,212100000,1851800000.0,257300000.0,1.024,1.813,7541000000,1699400000,5841600000,7541000000,0,216000000.0,0,0.011,0.37,370700000.0,586700000.0,0.186,586700000.0,370700000.0,308200000.0,0.87,0.86,0.87,6809400000,,6809400000,42923598294.0,23.0,15.601,258700000.0,0.89,1.0,1310600000.0,0.414,11033800000,62500000.0,11312800000,,1428300000,0,0,0,12344500000,4205300000,8139200000,36563998294.0,-168300000.0,-826600000.0,-374500000.0,858400000.0,-113200000.0,395500000.0,-995300000.0,0.0,425700000.0,5800000.0,254000000.0,254000000.0,254000000.0,0.0,3300000.0,0.08,953400000.0,357200000.0,1039300000,0.425,5.37,29.2,29.285,3424900000,0.0,125.34,2.766,2.756,2358000000,7123100000.0,3162400000.0,3162400000.0,0.0,,,,,30900000.0,947200000.0,1.0,291718512.0,290600000,295000000.0,10.882,8189200000,0,54200000.0,1171400000,28.18,102000000
18,ECL,MRQ,2016-12-31,2016-12-31,2016-12-31,2021-09-07,-1712900000,18330200000,,4279400000,14050800000,,23.666,-245100000.0,327400000,327400000,2380100000.0,371400000.0,1.417,1.646,6687000000,541300000,6145700000,6687000000,0,212600000.0,0,0.012,0.37,550200000.0,762800000.0,0.228,762800000.0,550200000.0,481900000.0,1.25,1.23,1.25,6901100000,,6901100000,40657724385.0,21.0,14.8,202900000.0,0.696,1.0,971000000.0,0.29,10200800000,68300000.0,11469600000,,1319400000,0,0,0,11359300000,3019400000,8339900000,34175724385.0,199800000.0,-3900000.0,-1800000.0,73100000.0,-103000000.0,-44800000.0,-191800000.0,1300000.0,448000000.0,-11600000.0,365700000.0,365700000.0,365700000.0,0.0,5700000.0,0.109,458900000.0,512100000.0,983200000,0.296,4.952,27.808,27.91,3365000000,0.0,117.22,2.599,2.607,2341200000,6975000000.0,3351100000.0,3351100000.0,0.0,,,,,13900000.0,455100000.0,1.0,291551991.0,291600000,295500000.0,11.492,8129400000,0,116200000.0,1057600000,27.879,1260000000
19,ECL,MRQ,2016-09-30,2016-09-30,2016-09-30,2021-09-07,-1452300000,18378800000,,4172000000,14206800000,,23.558,-166700000.0,180600000,180600000,1737200000.0,379500000.0,1.0,1.665,6662600000,1571200000,5091400000,6662600000,0,216800000.0,0,0.012,0.35,568700000.0,785500000.0,0.232,785500000.0,568700000.0,503800000.0,1.28,1.27,1.28,6869600000,,6869600000,42172476143.0,25.0,16.831,450200000.0,1.544,1.0,1648900000.0,0.487,10429800000,64900000.0,10257000000,,1342400000,0,0,0,11437000000,4174000000,7263000000,35492976143.0,13200000.0,-35300000.0,-99900000.0,-180500000.0,-106900000.0,-346200000.0,-257900000.0,0.0,616900000.0,400000.0,374100000.0,374100000.0,374100000.0,0.0,5400000.0,0.11,1074800000.0,574100000.0,1022700000,0.273,5.167,33.103,33.348,3292900000,0.0,121.72,2.686,2.686,2349600000,6716700000.0,3386100000.0,3386100000.0,0.0,,,,,-5800000.0,1071600000.0,1.0,291595269.0,291600000,295700000.0,11.612,7949000000,0,129700000.0,1114000000,27.26,-2000000
20,ECL,MRQ,2016-06-30,2016-06-30,2016-06-30,2021-09-07,-1492700000,18224600000,,4095400000,14129200000,,22.574,-173100000.0,167400000,167400000,1785200000.0,263600000.0,0.966,1.751,6846900000,1749900000,5097000000,6846900000,0,209100000.0,0,0.012,0.35,407300000.0,616400000.0,0.186,616400000.0,407300000.0,342000000.0,0.88,0.87,0.88,6600500000,,6600500000,41356899448.0,27.0,17.582,229200000.0,0.784,1.0,1532000000.0,0.462,10482700000,65300000.0,10183000000,,1331700000,0,0,0,11555000000,4238400000,7316600000,34785999448.0,-101100000.0,100000.0,-248000000.0,-17400000.0,-109600000.0,-331800000.0,-173000000.0,0.0,402300000.0,1400000.0,258400000.0,258400000.0,258400000.0,0.0,5200000.0,0.078,1119500000.0,412500000.0,977800000,0.398,5.27,36.391,36.605,3257300000,0.0,118.6,2.621,2.613,2318000000,6444600000.0,3317200000.0,3317200000.0,0.0,,,,,11600000.0,1093300000.0,1.0,293305223.0,292400000,296500000.0,11.345,7741900000,0,83600000.0,1110000000,26.477,-143000000
21,ECL,MRQ,2016-03-31,2016-03-31,2016-03-31,2021-09-07,-1536100000,18341800000,,4194900000,14146900000,,22.355,-141400000.0,268500000,268500000,1631400000.0,232000000.0,1.009,1.776,6839400000,1756600000,5082800000,6839400000,0,212200000.0,0,0.012,0.35,370300000.0,582500000.0,0.188,582500000.0,370300000.0,304200000.0,0.78,0.77,0.78,6581400000,,6581400000,39382827093.0,26.0,16.511,331100000.0,1.125,1.0,1466000000.0,0.473,10506000000,66100000.0,10247200000,,1386100000,0,0,0,11689700000,4159500000,7530200000,33010127093.0,175700000.0,-9500000.0,-389900000.0,338800000.0,-108000000.0,-145400000.0,-150900000.0,0.0,472500000.0,-500000.0,230800000.0,230800000.0,230800000.0,0.0,1200000.0,0.075,1094500000.0,371500000.0,986100000,0.449,5.016,33.027,32.994,3227000000,0.0,111.52,2.474,2.46,2248800000,6288300000.0,3097400000.0,3097400000.0,0.0,,,,,22400000.0,1088200000.0,1.0,296001857.0,294400000,298300000.0,10.521,7835800000,0,73400000.0,1164900000,26.616,35400000
22,ECL,MRQ,2015-12-31,2015-12-31,2015-12-31,2021-09-07,-1423300000,18641700000,,4447500000,14194200000,,23.336,-234100000.0,92800000,92800000,1831700000.0,222900000.0,0.933,1.688,6465500000,2205300000,4260200000,6465500000,0,212400000.0,0,0.012,0.35,308800000.0,521200000.0,0.153,521200000.0,308800000.0,246500000.0,0.71,0.69,0.71,6909900000,,6909900000,40354815359.0,26.0,16.775,370500000.0,1.251,1.0,1580300000.0,0.463,10600000000,62300000.0,9650000000,,1388200000,0,0,0,11661300000,4764400000,6896900000,33776815359.0,-92000000.0,-139200000.0,-27300000.0,-236500000.0,-99100000.0,-328100000.0,-366700000.0,6600000.0,604600000.0,-1800000.0,208900000.0,208900000.0,208900000.0,0.0,14000000.0,0.061,1257500000.0,322800000.0,1049600000,0.493,4.888,33.706,33.84,3228300000,0.0,114.38,2.494,2.503,2390200000,6160300000.0,3412000000.0,3412000000.0,0.0,,,,,-3500000.0,1058800000.0,1.0,295303509.0,296100000,301100000.0,11.523,8041700000,250000000,37600000.0,1333400000,27.159,-316900000
23,ECL,MRQ,2015-09-30,2015-09-30,2015-09-30,2021-09-07,-1404600000,18883300000,,4642400000,14240900000,,22.978,-231100000.0,184800000,184800000,1820000000.0,250100000.0,1.305,1.775,6762800000,1009100000,5753700000,6762800000,0,211400000.0,0,0.012,0.33,420700000.0,632100000.0,0.183,632100000.0,420700000.0,363100000.0,0.87,0.86,0.87,6783200000,,6783200000,39376419366.0,22.0,15.057,527500000.0,1.787,1.0,1626400000.0,0.472,10671600000,57600000.0,11233100000,,1439200000,0,0,0,12040700000,3556600000,8484100000,32377519366.0,-125800000.0,-79800000.0,-1500000.0,-551800000.0,-99100000.0,-638800000.0,-209100000.0,101800000.0,758600000.0,-36500000.0,257800000.0,257800000.0,257800000.0,0.0,-7700000.0,0.075,1213400000.0,413000000.0,1034500000,0.379,4.773,28.686,29.026,3212200000,0.0,109.72,2.344,2.345,2450000000,6055000000.0,3446400000.0,3446400000.0,0.0,,,,,8200000.0,1070700000.0,1.0,295092229.0,295200000,300000000.0,11.675,8211700000,235000000,105300000.0,103600000,27.817,1085800000
24,ECL,MRQ,2015-06-30,2015-06-30,2015-06-30,2021-09-07,-1195100000,19217300000,,4971100000,14246200000,,22.997,-167400000.0,310600000,310600000,1806500000.0,308800000.0,1.118,1.811,7309500000,2185300000,5124200000,7309500000,0,218500000.0,0,0.011,0.33,431000000.0,649500000.0,0.192,649500000.0,431000000.0,369800000.0,1.02,1.0,1.02,6811600000,,6811600000,40636099861.0,21.0,14.677,356700000.0,1.204,1.0,1582600000.0,0.467,10744400000,61200000.0,11025700000,,1462700000,0,0,0,12337800000,4446100000,7891700000,33667799861.0,72700000.0,-3600000.0,-313700000.0,109700000.0,-102700000.0,-269900000.0,-171000000.0,0.0,524100000.0,-10500000.0,302000000.0,302000000.0,302000000.0,0.0,6800000.0,0.089,1144800000.0,437800000.0,961000000,0.324,4.943,27.244,27.378,3123400000,0.0,113.07,2.394,2.382,2494800000,5894700000.0,3389100000.0,3389100000.0,0.0,,,,,10100000.0,1079200000.0,1.0,297760678.0,296200000,301100000.0,11.442,8472900000,164600000,67800000.0,45800000,28.605,525000000
25,ECL,MRQ,2015-03-31,2015-03-31,2015-03-31,2021-09-07,-1187400000,19252000000,,4921800000,14330200000,,23.042,-167600000.0,237900000,237900000,1765300000.0,235400000.0,1.194,1.792,7206200000,1797500000,5408700000,7206200000,0,217200000.0,0,0.011,0.33,385700000.0,602900000.0,0.183,602900000.0,385700000.0,323200000.0,0.78,0.77,0.78,6871000000,,6871000000,40588018889.0,21.0,14.26,-55100000.0,-0.185,1.0,1532300000.0,0.465,10855700000,62500000.0,11243600000,,1503000000,0,0,0,12316000000,4121000000,8195000000,34228218889.0,28300000.0,-1400000.0,-412600000.0,555500000.0,-99800000.0,85900000.0,-169000000.0,0.0,112500000.0,-1100000.0,233400000.0,233400000.0,233400000.0,0.0,2000000.0,0.071,1144600000.0,387700000.0,950600000,0.423,4.982,27.488,27.561,3115100000,0.0,114.38,2.403,2.395,2546900000,5690400000.0,3297600000.0,3297600000.0,0.0,,,,,5600000.0,1136800000.0,1.0,299250034.0,298200000,303200000.0,11.058,8396300000,172800000,89800000.0,70500000,28.157,800800000
26,ECL,MRQ,2014-12-31,2014-12-31,2014-12-31,2021-09-07,-951900000,19427400000,,4853000000,14574400000,,24.378,-271000000.0,209600000,209600000,1979900000.0,343300000.0,1.111,1.646,6548200000,1704800000,4843400000,6548200000,0,218000000.0,0,0.011,0.33,512700000.0,730700000.0,0.199,730700000.0,512700000.0,450700000.0,1.11,1.1,1.11,7315900000,,7315900000,37967173235.0,20.0,13.523,399600000.0,1.332,1.0,1700900000.0,0.462,11173800000,62000000.0,10224300000,,1466900000,0,0,0,12045300000,4367900000,7677400000,31368173235.0,11800000.0,-20000000.0,-87600000.0,-211100000.0,-85500000.0,-357300000.0,-283400000.0,7600000.0,670600000.0,-18100000.0,335500000.0,335500000.0,335500000.0,0.0,7800000.0,0.091,1180400000.0,520500000.0,1162400000,0.297,4.288,26.079,26.065,3050600000,0.0,104.52,2.197,2.196,2626700000,5555100000.0,3680800000.0,3680800000.0,0.0,,,,,1800000.0,1142100000.0,1.0,300116468.0,300100000,305900000.0,12.265,8253600000,183200000,115200000.0,88600000,27.503,485100000
27,ECL,MRQ,2014-09-30,2014-09-30,2014-09-30,2021-09-07,-377300000,19685800000,,4871800000,14814000000,,25.66,-180100000.0,197800000,197800000,1970600000.0,369400000.0,1.094,1.548,6796800000,1922800000,4874000000,6796800000,0,218600000.0,0,0.01,0.275,566900000.0,785500000.0,0.213,785500000.0,566900000.0,503600000.0,1.22,1.19,1.22,7697900000,,7697900000,41348320708.0,22.0,14.985,433000000.0,1.443,1.0,1724300000.0,0.467,11432200000,63300000.0,10397600000,,1464400000,0,0,0,11919500000,4455000000,7464500000,34406520708.0,10800000.0,-25500000.0,-4400000.0,-318200000.0,-86600000.0,-393800000.0,-205600000.0,0.0,613100000.0,-2900000.0,364900000.0,364900000.0,364900000.0,0.0,4500000.0,0.099,1152900000.0,571400000.0,1047300000,0.225,4.47,29.805,29.749,2978500000,0.0,114.83,2.43,2.433,2694400000,5318700000.0,3694900000.0,3694900000.0,0.0,,,,,1600000.0,1145900000.0,1.0,299630068.0,300000000,305700000.0,12.316,8253600000,166100000,138700000.0,81900000,27.512,416800000
28,ECL,MRQ,2014-06-30,2014-06-30,2014-06-30,2021-09-07,-350800000,19613800000,,4772100000,14841700000,,24.709,-181700000.0,187000000,187000000,1909400000.0,315000000.0,1.203,1.642,7128800000,1589700000,5539100000,7128800000,0,218600000.0,0,0.009,0.275,508600000.0,727200000.0,0.204,727200000.0,508600000.0,442400000.0,1.04,1.02,1.04,7402900000,,7402900000,40327891621.0,22.0,15.146,135800000.0,0.453,1.0,1658800000.0,0.465,11498800000,66200000.0,11089900000,,1414300000,0,0,0,12153700000,3966900000,8186800000,33424191621.0,-113300000.0,-3200000.0,-94000000.0,-75000000.0,-86400000.0,-246800000.0,-184900000.0,0.0,317500000.0,900000.0,311400000.0,311400000.0,311400000.0,0.0,3600000.0,0.087,1146600000.0,512200000.0,1004500000,0.264,4.515,30.455,30.421,2938900000,0.0,111.34,2.396,2.392,2637300000,5036300000.0,3568200000.0,3568200000.0,0.0,,,,,11900000.0,1152700000.0,1.0,300199314.0,299600000,305200000.0,11.91,8115000000,167300000,131000000.0,43400000,27.086,805200000
29,ECL,MRQ,2014-03-31,2014-03-31,2014-03-31,2021-09-07,-373300000,19563400000,,4703000000,14860400000,,23.987,-150200000.0,300300000,300300000,1819200000.0,194500000.0,1.205,1.705,7204000000,1507400000,5696600000,7204000000,0,216800000.0,0,0.009,0.275,347400000.0,564200000.0,0.169,564200000.0,347400000.0,282300000.0,0.64,0.62,0.64,7210500000,,7210500000,39045173686.0,24.0,15.683,64200000.0,0.214,1.0,1517400000.0,0.455,11557900000,65100000.0,11004800000,,1367100000,0,0,0,12290300000,3904400000,8385900000,32479873686.0,-38900000.0,-24200000.0,-242600000.0,296100000.0,-85900000.0,-73100000.0,-174400000.0,0.0,214400000.0,-5800000.0,191000000.0,191000000.0,191000000.0,0.0,3500000.0,0.057,1166500000.0,350900000.0,951200000,0.43,4.505,32.506,32.429,2889000000,0.0,107.99,2.368,2.366,2519600000,4807200000.0,3336600000.0,3336600000.0,0.0,,,,,-100000.0,1136900000.0,1.0,300767420.0,300600000,306500000.0,11.1,8005500000,170800000,91300000.0,89300000,26.632,798600000
30,ECL,MRQ,2013-12-31,2013-12-31,2013-12-31,2021-09-07,-305200000,19636500000,,4698400000,14938100000,,24.489,-204700000.0,339200000,339200000,1945200000.0,289600000.0,1.347,1.665,6904500000,861000000,6043500000,6904500000,0,214400000.0,0,0.009,0.275,468100000.0,682500000.0,0.192,682500000.0,468100000.0,400500000.0,0.96,0.94,0.96,7344300000,,7344300000,38272572902.0,25.0,16.142,425900000.0,1.42,1.0,1614300000.0,0.454,11648200000,67600000.0,11064900000,,1321900000,0,0,0,12227100000,3488700000,8738400000,31416472902.0,-55200000.0,6700000.0,-79100000.0,-361100000.0,-74500000.0,-486900000.0,-200400000.0,0.0,630600000.0,1500000.0,287100000.0,287100000.0,287100000.0,0.0,2500000.0,0.081,1143700000.0,470600000.0,1021900000,0.286,4.278,32.462,32.282,2882000000,0.0,104.27,2.37,2.359,2568000000,4699000000.0,3559500000.0,3559500000.0,0.0,,,,,5600000.0,1123500000.0,1.0,301299251.0,299900000,305900000.0,11.869,7988300000,163000000,113400000.0,80900000,26.637,1209700000
31,ECL,MRQ,2013-09-30,2013-09-30,2013-09-30,2021-09-07,-700400000,19613600000,,4796000000,14817600000,,22.498,-160500000.0,394400000,394400000,1866100000.0,307200000.0,1.498,1.884,7250500000,713200000,6537300000,7250500000,0,211900000.0,0,0.009,0.23,476800000.0,688700000.0,0.198,688700000.0,476800000.0,409800000.0,1.02,1.0,1.02,6776400000,,6776400000,36896449142.0,25.0,16.311,375700000.0,1.247,1.0,1617900000.0,0.464,11663900000,67000000.0,11605200000,,1378100000,0,0,0,12767700000,3200600000,9567100000,29763449142.0,19200000.0,1900000.0,-52800000.0,-260000000.0,-71200000.0,-363500000.0,-158600000.0,0.0,536200000.0,5100000.0,308000000.0,308000000.0,308000000.0,0.0,-800000.0,0.088,1141900000.0,476000000.0,926600000,0.225,4.392,32.632,32.169,2786100000,0.0,98.76,2.336,2.335,2488900000,4494700000.0,3484000000.0,3484000000.0,0.0,,,,,5600000.0,1114100000.0,1.0,301371498.0,301200000,307200000.0,11.567,7949700000,196600000,101800000.0,68600000,26.393,1595400000
32,ECL,MRQ,2013-06-30,2013-06-30,2013-06-30,2021-09-07,-582000000,19654300000,,4698200000,14956100000,,22.114,-144400000.0,375200000,375200000,1810200000.0,215800000.0,1.448,1.937,7508200000,872900000,6635300000,7508200000,0,204600000.0,0,0.01,0.23,349600000.0,554200000.0,0.166,554200000.0,349600000.0,283400000.0,0.71,0.69,0.71,6667500000,,6667500000,30627160150.0,22.0,14.237,62600000.0,0.208,1.0,1527600000.0,0.458,11807300000,66200000.0,11734500000,,1373300000,0,0,0,12915600000,3245500000,9670100000,25217260150.0,-449100000.0,-1360900000.0,-153500000.0,1043200000.0,-67900000.0,851300000.0,-1507900000.0,0.0,207000000.0,500000.0,213100000.0,213100000.0,213100000.0,0.0,2700000.0,0.064,1175300000.0,352300000.0,912000000,0.324,3.782,29.946,29.787,2779100000,0.0,85.19,2.054,2.092,2436300000,4255900000.0,3337800000.0,3337800000.0,0.0,,,,,13000000.0,1101700000.0,1.0,296011975.0,301500000,307400000.0,11.071,7847000000,203600000,70300000.0,72900000,26.027,1452700000
33,ECL,MRQ,2013-03-31,2013-03-31,2013-03-31,2021-09-07,-509200000,17296200000,,4603400000,12692800000,,20.859,-134600000.0,824300000,824300000,1539700000.0,161000000.0,1.715,1.796,6234200000,497100000,5737100000,6234200000,0,185300000.0,0,0.011,0.23,260300000.0,445600000.0,0.155,445600000.0,260300000.0,198800000.0,0.54,0.53,0.54,6161700000,,6161700000,29033580996.0,21.0,13.805,51400000.0,0.174,1.0,1332400000.0,0.464,9931000000,61500000.0,10090900000,,1145300000,0,0,0,11063700000,2684200000,8379500000,23649480996.0,-333500000.0,-91200000.0,-22200000.0,-311500000.0,-4500000.0,-293500000.0,-220800000.0,0.0,186000000.0,-5200000.0,159600000.0,159600000.0,159600000.0,0.0,1400000.0,0.056,1070700000.0,261700000.0,845000000,0.426,3.838,29.071,28.842,2415500000,0.0,80.18,1.987,1.99,2182100000,4112300000.0,2872100000.0,2872100000.0,0.0,,,,,8800000.0,1021000000.0,1.0,294954864.0,295400000,300900000.0,9.723,7365200000,201300000,39200000.0,108100000,24.933,1919200000
34,ECL,MRQ,2012-12-31,2012-12-31,2012-12-31,2021-09-07,-459700000,17572300000,,4892000000,12680300000,,20.776,-189900000.0,1157800000,1157800000,1546100000.0,234500000.0,1.603,1.878,6541900000,805800000,5736100000,6541900000,0,180900000.0,0,0.012,0.23,392700000.0,573600000.0,0.188,573600000.0,392700000.0,330200000.0,0.8,0.76,0.8,6077000000,,6077000000,26753804757.0,21.0,13.336,292300000.0,0.999,1.0,1499700000.0,0.492,9964600000,62500000.0,9939100000,,1088100000,0,0,0,11412200000,3052700000,8359500000,21060104757.0,833800000.0,132900000.0,-16800000.0,499900000.0,-126300000.0,422200000.0,-73000000.0,0.0,482200000.0,2400000.0,231400000.0,231400000.0,231400000.0,0.0,3100000.0,0.076,1103900000.0,395800000.0,879700000,0.287,3.466,29.932,29.834,2409100000,0.0,71.9,1.779,1.776,2225100000,4020600000.0,3045800000.0,3045800000.0,0.0,,,,,-6900000.0,1069200000.0,1.0,292908272.0,292500000,298900000.0,10.413,7607700000,205200000,98800000.0,77400000,26.009,1839300000
35,ECL,MRQ,2012-09-30,2012-09-30,2012-09-30,2021-09-07,-353600000,16722800000,,4072900000,12649900000,,20.312,-147200000.0,324000000,324000000,1616400000.0,239300000.0,1.445,1.799,6017700000,631000000,5386700000,6017700000,0,178000000.0,0,0.012,0.2,399900000.0,577900000.0,0.191,577900000.0,399900000.0,335700000.0,0.81,0.8,0.81,5945400000,,5945400000,24977321191.0,23.0,14.63,362500000.0,1.238,1.0,1406900000.0,0.465,9997000000,64200000.0,9600800000,,1103800000,0,0,0,10696600000,2818700000,7877900000,18957721191.0,19100000.0,-2600000.0,-2200000.0,-316200000.0,-59600000.0,-361700000.0,-134600000.0,0.0,509700000.0,5700000.0,238000000.0,238000000.0,238000000.0,0.0,1300000.0,0.079,1005700000.0,401200000.0,858600000,0.247,3.189,33.799,33.236,2334200000,0.0,64.81,1.782,1.783,2199000000,3856900000.0,3023300000.0,3023300000.0,0.0,,,,,8700000.0,977700000.0,1.0,292512285.0,292700000,298600000.0,10.329,6725800000,186300000,97700000.0,73000000,22.978,1254200000
36,ECL,MRQ,2012-06-30,2012-06-30,2012-06-30,2021-09-07,-473700000,16465400000,,3908500000,12556900000,,19.259,-128200000.0,304900000,304900000,1608900000.0,183400000.0,1.133,1.915,6324500000,1445300000,4879200000,6324500000,0,178400000.0,0,0.011,0.2,327600000.0,506000000.0,0.171,506000000.0,327600000.0,263700000.0,0.63,0.62,0.63,5621800000,,5621800000,25927383143.0,29.0,17.687,-27600000.0,-0.095,1.0,1349800000.0,0.456,9962700000,63900000.0,9071600000,,1071700000,0,0,0,10763200000,3450700000,7312500000,20023483143.0,-49100000.0,-14800000.0,-105600000.0,105200000.0,-59700000.0,15700000.0,-143000000.0,0.0,100600000.0,-22400000.0,184500000.0,184500000.0,184500000.0,0.0,-1100000.0,0.062,1023300000.0,326500000.0,785100000,0.317,3.562,41.96,37.862,2285100000,0.0,68.53,2.141,2.139,2076900000,3677500000.0,2958700000.0,2958700000.0,0.0,,,,,100000.0,981700000.0,1.0,292185658.0,291900000,298200000.0,10.136,6502700000,189500000,79200000.0,58100000,22.277,457800000
37,ECL,MRQ,2012-03-31,2012-03-31,2012-03-31,2021-09-07,-249500000,16861700000,,3959800000,12901900000,,19.668,-126300000.0,354000000,354000000,1614000000.0,44100000.0,1.129,1.929,6257900000,1346900000,4911000000,6257900000,0,177200000.0,0,0.012,0.2,171400000.0,348600000.0,0.124,348600000.0,171400000.0,85300000.0,0.17,0.17,0.17,5733200000,,5733200000,23769782178.0,31.0,18.946,-15800000.0,-0.054,1.0,1196900000.0,0.426,10184600000,86100000.0,9074400000,,1087400000,0,0,0,11056600000,3506600000,7550000000,17977182178.0,-1489600000.0,-11800000.0,-85300000.0,-1369900000.0,-61200000.0,-1469800000.0,-137300000.0,0.0,110500000.0,7000000.0,49700000.0,49700000.0,49700000.0,0.0,-5600000.0,0.018,1031100000.0,165800000.0,805100000,1.176,3.136,42.946,35.884,2331600000,0.0,61.72,2.222,2.224,2049000000,3551300000.0,2810900000.0,2810900000.0,0.0,,,,,13800000.0,989700000.0,1.0,291269964.0,291500000,297900000.0,9.643,6677100000,183200000,35600000.0,136100000,22.906,453200000
38,ECL,MRQ,2011-12-31,2011-12-31,2011-12-31,2021-09-07,-344900000,18184700000,,5396000000,12788700000,,23.92,-121300000.0,1843600000,1843600000,966500000.0,88800000.0,1.704,2.196,7636200000,1023000000,6613200000,7636200000,0,110700000.0,0,0.013,0.2,164100000.0,274800000.0,0.149,274800000.0,164100000.0,129700000.0,0.34,0.33,0.34,5666700000,,5666700000,14247282432.0,19.0,12.403,23500000.0,0.099,1.0,878800000.0,0.476,10130500000,34400000.0,10680500000,,1069600000,0,0,0,12443600000,3166300000,9277300000,13417582432.0,1636300000.0,-1351300000.0,-567500000.0,3584100000.0,-40600000.0,2976500000.0,-1472600000.0,0.0,144800000.0,-12400000.0,88700000.0,88700000.0,88700000.0,0.0,100000.0,0.048,714600000.0,164200000.0,815700000,0.588,2.368,29.011,29.646,2295400000,0.0,57.81,1.974,2.014,2095300000,3559900000.0,1845300000.0,1845300000.0,0.0,,,,,7100000.0,651600000.0,1.0,232097949.0,236900000,242100000.0,7.789,8054200000,164000000,41000000.0,81700000,33.998,2229700000
39,ECL,MRQ,2011-09-30,2011-09-30,2011-09-30,2021-09-07,-160700000,5505600000,,2091000000,3414600000,,10.638,-86500000.0,207300000,207300000,877900000.0,154500000.0,1.293,1.23,1037000000,336800000,700200000,1037000000,0,97100000.0,0,0.014,0.175,239400000.0,336500000.0,0.194,336500000.0,239400000.0,226200000.0,0.67,0.65,0.67,2467000000,,2467000000,12284034785.0,16.0,10.539,152100000.0,0.656,1.0,858200000.0,0.494,1922800000,13200000.0,2794800000,,504900000,0,0,0,3034700000,1617700000,1417000000,11340434785.0,44100000.0,-800000.0,-300000.0,-67200000.0,-41100000.0,-106200000.0,-87300000.0,0.0,238600000.0,-1000000.0,154300000.0,154300000.0,154300000.0,0.0,200000.0,0.089,618600000.0,239600000.0,413400000,0.261,4.597,22.452,22.53,1218200000,0.0,48.89,1.737,1.737,1143100000,3531200000.0,1736100000.0,1736100000.0,0.0,,,,,5900000.0,595300000.0,1.0,231958167.0,231900000,236100000.0,7.486,3582800000,86500000,71900000.0,36500000,15.45,473300000
40,ECL,MRQ,2011-06-30,2011-06-30,2011-06-30,2021-09-07,-159500000,5407400000,,1994200000,3413200000,,10.096,-83000000.0,163200000,163200000,860800000.0,126200000.0,1.216,1.311,1106800000,403500000,703300000,1106800000,0,96700000.0,0,0.012,0.175,198000000.0,294700000.0,0.173,294700000.0,198000000.0,184900000.0,0.54,0.53,0.54,2338200000,,2338200000,14118546133.0,18.0,12.218,163000000.0,0.704,1.0,838000000.0,0.493,1933100000,13100000.0,2778300000,,495500000,0,0,0,3065000000,1639600000,1425400000,13079846133.0,11800000.0,-3600000.0,-52000000.0,-105400000.0,-40600000.0,-155600000.0,-86600000.0,0.0,246000000.0,8000000.0,125900000.0,125900000.0,125900000.0,0.0,300000.0,0.074,639700000.0,198300000.0,400500000,0.324,5.594,24.914,25.058,1212700000,0.0,56.38,2.058,2.055,1106700000,3417500000.0,1698800000.0,1698800000.0,0.0,,,,,4300000.0,609600000.0,1.0,231994433.0,231600000,236100000.0,7.335,3474300000,92800000,59000000.0,36900000,15.001,354600000
41,ECL,MRQ,2011-03-31,2011-03-31,2011-03-31,2021-09-07,-205200000,5262300000,,1888900000,3373400000,,9.528,-72200000.0,151400000,151400000,770400000.0,93800000.0,1.145,1.379,1190100000,506400000,683700000,1190100000,0,91200000.0,0,0.013,0.175,151500000.0,242700000.0,0.16,242700000.0,151500000.0,138000000.0,0.4,0.4,0.4,2210600000,,2210600000,12473845902.0,16.0,10.783,-16100000.0,-0.069,1.0,747900000.0,0.493,1904800000,13500000.0,2746000000,,480200000,0,0,0,3047600000,1650200000,1397400000,11870545902.0,-90900000.0,-277500000.0,-70200000.0,313900000.0,-40600000.0,219100000.0,-377800000.0,0.0,56100000.0,11700000.0,93600000.0,93600000.0,93600000.0,0.0,200000.0,0.062,596200000.0,151700000.0,359700000,0.438,5.37,22.465,22.575,1192500000,0.0,51.02,1.922,1.917,1042600000,3332100000.0,1518300000.0,1518300000.0,0.0,,,,,8900000.0,581600000.0,1.0,232664561.0,232000000,235900000.0,6.544,3357500000,82200000,44400000.0,58800000,14.472,238700000
42,ECL,MRQ,2010-12-31,2010-12-31,2010-12-31,2021-09-07,-271900000,4872200000,,1869900000,3002300000,,9.123,-80100000.0,242300000,242300000,783700000.0,131600000.0,1.411,1.286,845600000,189200000,656400000,845600000,0,88400000.0,0,0.013,0.175,203300000.0,291700000.0,0.185,291700000.0,203300000.0,189100000.0,0.56,0.55,0.56,2129200000,,2129200000,12526746347.0,16.0,10.856,232100000.0,0.994,1.0,791800000.0,0.503,1611800000,14200000.0,2538900000,,447600000,0,0,0,2739200000,1324800000,1414400000,11704246347.0,73900000.0,-3800000.0,-3700000.0,-158000000.0,-35900000.0,-176700000.0,-63800000.0,0.0,312200000.0,2200000.0,131300000.0,131300000.0,131300000.0,0.0,300000.0,0.083,588200000.0,203600000.0,349300000,0.312,5.497,22.071,22.211,1148300000,0.0,50.42,1.922,1.932,999600000,3279100000.0,1575500000.0,1575500000.0,0.0,,,,,4600000.0,579700000.0,1.0,232134993.0,233400000,237600000.0,6.75,3260400000,78900000,57800000.0,36700000,13.969,545100000
43,ECL,MRQ,2010-09-30,2010-09-30,2010-09-30,2021-09-07,-320200000,4861500000,,1854500000,3007000000,,8.437,-69900000.0,168400000,168400000,763400000.0,174300000.0,1.289,1.473,990900000,343600000,647300000,990900000,0,81500000.0,0,0.012,0.155,245000000.0,326500000.0,0.209,326500000.0,245000000.0,230100000.0,0.75,0.74,0.75,1964200000,,1964200000,12680223446.0,16.0,11.092,203300000.0,0.873,1.0,798500000.0,0.511,1605000000,14900000.0,2640400000,,456500000,0,0,0,2893700000,1438600000,1455100000,11837823446.0,47100000.0,-32900000.0,-143100000.0,14100000.0,-36200000.0,-121700000.0,-104900000.0,0.0,273200000.0,500000.0,174200000.0,174200000.0,174200000.0,0.0,100000.0,0.112,553400000.0,245100000.0,346900000,0.207,6.027,22.995,23.064,1137300000,0.0,50.74,1.947,1.943,1019800000,3188400000.0,1561900000.0,1561900000.0,0.0,,,,,400000.0,558500000.0,1.0,233303576.0,232800000,237000000.0,6.709,3256500000,78600000,55900000.0,25000000,13.988,415900000
44,ECL,MRQ,2010-06-30,2010-06-30,2010-06-30,2021-09-07,-380600000,4663800000,,1735300000,2928500000,,7.962,-86300000.0,121300000,121300000,750000000.0,129500000.0,1.295,1.508,963700000,326700000,637000000,963700000,0,91800000.0,0,0.013,0.155,204100000.0,295900000.0,0.195,295900000.0,204100000.0,189100000.0,0.55,0.54,0.55,1858300000,,1858300000,11434443167.0,15.0,10.181,143300000.0,0.614,1.0,770200000.0,0.507,1549900000,15000000.0,2616400000,,441300000,0,0,0,2802200000,1339900000,1462300000,10480743167.0,36000000.0,8000000.0,-57300000.0,-41400000.0,-36600000.0,-109900000.0,-77400000.0,0.0,229600000.0,-6300000.0,129300000.0,129300000.0,129300000.0,0.0,200000.0,0.085,565900000.0,204300000.0,324000000,0.282,5.64,21.583,21.801,1124000000,0.0,44.91,1.729,1.729,950100000,3050100000.0,1520200000.0,1520200000.0,0.0,,,,,5500000.0,565300000.0,1.0,233372148.0,233400000,237400000.0,6.513,3113900000,84500000,59800000.0,22500000,13.341,395400000
45,ECL,MRQ,2010-03-31,2010-03-31,2010-03-31,2021-09-07,-307700000,4769200000,,1718300000,3050900000,,7.904,-58800000.0,85300000,85300000,716700000.0,95700000.0,1.254,1.559,1039000000,361100000,677900000,1039000000,0,86200000.0,0,0.013,0.155,153600000.0,239800000.0,0.167,239800000.0,153600000.0,138600000.0,0.41,0.4,0.41,1860700000,,1860700000,11277502185.0,15.0,10.477,76600000.0,0.325,1.0,715400000.0,0.5,1637800000,15000000.0,2715100000,,468900000,0,0,0,2900700000,1370000000,1530700000,10383802185.0,11700000.0,1300000.0,-144700000.0,111300000.0,-36800000.0,-53900000.0,-57500000.0,0.0,135400000.0,-12300000.0,95500000.0,95500000.0,95500000.0,0.0,200000.0,0.067,561600000.0,153800000.0,316000000,0.378,5.581,22.801,22.772,1141800000,0.0,43.95,1.735,1.729,950200000,2957100000.0,1432100000.0,1432100000.0,0.0,,,,,1800000.0,558100000.0,1.0,236263986.0,235400000,239000000.0,6.084,3131400000,86200000,43100000.0,30900000,13.302,348300000
46,ECL,MRQ,2009-12-31,2009-12-31,2009-12-31,2021-09-07,-232900000,5020900000,,1814200000,3206700000,,8.453,-90100000.0,73600000,73600000,781100000.0,116300000.0,1.451,1.505,967300000,98500000,868800000,967300000,0,85700000.0,0,0.013,0.155,195300000.0,281000000.0,0.18,281000000.0,195300000.0,180200000.0,0.49,0.49,0.49,2000900000,,2000900000,11453680724.0,17.0,11.293,73400000.0,0.31,1.0,783400000.0,0.501,1726600000,15100000.0,2937800000,,493400000,0,0,0,3011300000,1250200000,1761100000,10590180724.0,-33900000.0,-7300000.0,-57300000.0,-25600000.0,-33200000.0,-105000000.0,-97400000.0,0.0,163500000.0,5000000.0,115800000.0,115800000.0,115800000.0,0.0,500000.0,0.074,587600000.0,195800000.0,360900000,0.316,5.293,25.378,25.33,1176200000,0.0,44.58,1.795,1.788,1016100000,2898100000.0,1564500000.0,1564500000.0,0.0,,,,,12600000.0,577400000.0,1.0,237554525.0,236700000,239900000.0,6.61,3294300000,83900000,64400000.0,21800000,13.918,564000000
47,ECL,MRQ,2009-09-30,2009-09-30,2009-09-30,2021-09-07,-224600000,4988800000,,1816000000,3172800000,,8.278,-71500000.0,107500000,107500000,763900000.0,145200000.0,1.405,1.539,971000000,121000000,850000000,971000000,0,83600000.0,0,0.012,0.14,222800000.0,306400000.0,0.198,306400000.0,222800000.0,207700000.0,0.61,0.6,0.61,1961800000,,1961800000,11950309579.0,19.0,12.546,160600000.0,0.678,1.0,782500000.0,0.506,1682000000,15100000.0,2877400000,,474800000,0,0,0,3018800000,1292900000,1725900000,10948409579.0,24800000.0,-1500000.0,-11100000.0,-121800000.0,-33100000.0,-136300000.0,-73000000.0,0.0,232100000.0,2000000.0,145000000.0,145000000.0,145000000.0,0.0,200000.0,0.094,559500000.0,223000000.0,367300000,0.23,5.581,28.698,28.714,1149100000,0.0,46.23,1.881,1.883,1013000000,2819200000.0,1546400000.0,1546400000.0,0.0,,,,,3300000.0,554100000.0,1.0,236824780.0,237000000,240600000.0,6.525,3306800000,93800000,62700000.0,31000000,13.953,523100000
48,ECL,MRQ,2009-06-30,2009-06-30,2009-06-30,2021-09-07,-244300000,4928300000,,1749900000,3178400000,,7.628,-65500000.0,82700000,82700000,725100000.0,99500000.0,1.306,1.727,1084600000,241800000,842800000,1084600000,0,84600000.0,0,0.014,0.14,164600000.0,249200000.0,0.173,249200000.0,164600000.0,149400000.0,0.42,0.41,0.42,1804100000,,1804100000,10359499043.0,17.0,11.103,206500000.0,0.873,1.0,716400000.0,0.497,1675700000,15200000.0,2914600000,,476700000,0,0,0,3116200000,1339900000,1776300000,9220599043.0,3200000.0,-400000.0,-300000.0,-182800000.0,-33400000.0,-205200000.0,-65900000.0,0.0,272000000.0,2300000.0,99100000.0,99100000.0,99100000.0,0.0,400000.0,0.069,551400000.0,165000000.0,343700000,0.333,5.111,25.422,25.821,1142900000,0.0,38.99,1.563,1.563,970600000,2707400000.0,1441500000.0,1441500000.0,0.0,,,,,6000000.0,526400000.0,1.0,236486254.0,236500000,239500000.0,6.095,3252600000,97700000,50300000.0,37200000,13.753,410000000
49,ECL,MRQ,2009-03-31,2009-03-31,2009-03-31,2021-09-07,-379900000,4703800000,,1683100000,3020700000,,6.713,-58500000.0,79500000,79500000,707900000.0,57700000.0,1.184,1.963,1218400000,420600000,797800000,1218400000,0,80400000.0,0,0.016,0.14,97200000.0,177600000.0,0.132,177600000.0,97200000.0,81400000.0,0.24,0.24,0.24,1584900000,,1584900000,9274477750.0,14.0,9.47,-31100000.0,-0.132,1.0,640300000.0,0.475,1578400000,15800000.0,2842900000,,467600000,0,0,0,3111700000,1421400000,1690300000,8202977750.0,12800000.0,-4500000.0,-100000.0,79800000.0,-33000000.0,48700000.0,-63000000.0,0.0,27400000.0,-300000.0,57400000.0,57400000.0,57400000.0,0.0,300000.0,0.043,542800000.0,97500000.0,308900000,0.583,5.176,20.375,21.048,1114000000,0.0,34.73,1.361,1.36,913300000,2641400000.0,1348200000.0,1348200000.0,0.0,,,,,7700000.0,516300000.0,1.0,236192852.0,236100000,238100000.0,5.71,3125400000,92600000,24000000.0,32300000,13.238,261700000
50,ECL,MRQ,2008-12-31,2008-12-31,2008-12-31,2021-09-07,-359100000,4756900000,,1691100000,3065800000,,6.404,-94000000.0,66700000,66700000,770200000.0,80400000.0,1.173,2.022,1138200000,338900000,799300000,1138200000,0,79500000.0,0,0.015,0.14,139800000.0,219300000.0,0.148,219300000.0,139800000.0,124300000.0,0.34,0.34,0.34,1571600000,,1571600000,9647738669.0,14.0,9.213,163000000.0,0.664,1.0,713100000.0,0.481,1594400000,15500000.0,2792100000,,467200000,0,0,0,3177900000,1441900000,1736000000,8711438669.0,-35400000.0,-100000.0,-316300000.0,161000000.0,-32200000.0,-186500000.0,-94100000.0,0.0,257000000.0,-11800000.0,80000000.0,80000000.0,80000000.0,0.0,400000.0,0.054,572900000.0,140200000.0,359600000,0.412,5.543,19.441,19.208,1135200000,0.0,35.15,1.419,1.405,971000000,2617000000.0,1483300000.0,1483300000.0,0.0,,,,,11100000.0,541400000.0,1.0,247836093.0,245400000,249300000.0,6.044,3162500000,94700000,44300000.0,46300000,12.887,249200000
51,ECL,MRQ,2008-09-30,2008-09-30,2008-09-30,2021-09-07,45600000,5113900000,,1894200000,3219700000,,9.023,-98400000.0,102100000,102100000,834300000.0,125900000.0,1.416,1.29,1038400000,179000000,859400000,1038400000,0,85200000.0,0,0.011,0.13,201700000.0,286900000.0,0.176,286900000.0,201700000.0,185700000.0,0.51,0.5,0.51,2233300000,,2233300000,13027472812.0,17.0,12.08,87100000.0,0.352,1.0,792000000.0,0.487,1747800000,16000000.0,2964400000,,500200000,0,0,0,2880600000,1338000000,1542600000,11997372812.0,-119900000.0,-1200000.0,-700000.0,-187900000.0,-32100000.0,-203500000.0,-99600000.0,0.0,185500000.0,-2300000.0,126200000.0,126200000.0,126200000.0,0.0,-300000.0,0.078,590600000.0,201400000.0,394900000,0.255,5.372,24.917,24.882,1161300000,0.0,48.52,1.969,1.971,1100800000,2570100000.0,1626300000.0,1626300000.0,0.0,,,,,3800000.0,578800000.0,1.0,247266546.0,247500000,251800000.0,6.571,3366100000,91400000,59500000.0,0,13.6,556200000
52,ECL,MRQ,2008-06-30,2008-06-30,2008-06-30,2021-09-07,126900000,5355500000,,1992500000,3363000000,,8.898,-74200000.0,222000000,222000000,798800000.0,139000000.0,1.276,1.436,1252100000,376100000,876000000,1252100000,0,85100000.0,0,0.012,0.13,210500000.0,295600000.0,0.188,295600000.0,210500000.0,195200000.0,0.56,0.55,0.56,2198700000,,2198700000,11714614214.0,16.0,11.304,99500000.0,0.403,1.0,771200000.0,0.491,1814400000,15300000.0,3009500000,,499100000,0,0,0,3156800000,1561700000,1595100000,10625214214.0,2500000.0,-3200000.0,-1600000.0,-71200000.0,-32200000.0,-98100000.0,-77400000.0,0.0,173700000.0,4300000.0,139000000.0,139000000.0,139000000.0,0.0,0.0,0.089,560700000.0,210500000.0,399100000,0.232,4.832,22.641,22.626,1157300000,0.0,42.99,1.807,1.806,1082100000,2476100000.0,1570000000.0,1570000000.0,0.0,,,,,6400000.0,580000000.0,1.0,247155483.0,247100000,251400000.0,6.354,3541100000,96200000,56200000.0,31200000,14.331,430800000
53,ECL,MRQ,2008-03-31,2008-03-31,2008-03-31,2021-09-07,107800000,5234300000,,1891000000,3343300000,,8.338,-91500000.0,219500000,219500000,738300000.0,103100000.0,1.179,1.542,1308900000,444000000,864900000,1308900000,0,84900000.0,0,0.011,0.13,160500000.0,245400000.0,0.168,245400000.0,160500000.0,145700000.0,0.42,0.41,0.42,2059400000,,2059400000,11601901255.0,17.0,11.767,45500000.0,0.184,1.0,719600000.0,0.494,1807600000,14800000.0,2911900000,,475700000,0,0,0,3174900000,1604200000,1570700000,10735901255.0,82100000.0,-197100000.0,-18600000.0,284100000.0,-32000000.0,252500000.0,-309600000.0,0.0,137000000.0,2200000.0,102900000.0,102900000.0,102900000.0,0.0,200000.0,0.071,558900000.0,160700000.0,387400000,0.31,5.213,24.367,24.263,1131800000,0.0,43.43,1.892,1.891,1026200000,2369200000.0,1457900000.0,1457900000.0,0.0,,,,,4100000.0,557000000.0,1.0,247200121.0,247000000,251500000.0,5.902,3426700000,80800000,42800000.0,46100000,13.873,286800000
54,ECL,MRQ,2007-12-31,2007-12-31,2007-12-31,2021-09-07,63100000,4722800000,,1717300000,3005500000,,7.843,-101700000.0,137400000,137400000,716400000.0,115100000.0,1.131,1.44,1003400000,403500000,599900000,1003400000,0,76200000.0,0,0.009,0.13,174300000.0,250500000.0,0.174,250500000.0,174300000.0,161200000.0,0.46,0.45,0.46,1935700000,,1935700000,13326974201.0,20.0,13.894,152200000.0,0.617,1.0,723400000.0,0.502,1608100000,13100000.0,2462400000,,450800000,0,0,0,2787100000,1518300000,1268800000,12598574201.0,30600000.0,-258700000.0,-6900000.0,129600000.0,-28200000.0,136000000.0,-360400000.0,0.0,253900000.0,1100000.0,113400000.0,113400000.0,113400000.0,0.0,1700000.0,0.079,547400000.0,176000000.0,343700000,0.283,6.509,29.491,29.601,1083400000,0.0,51.21,2.303,2.311,974000000,2298400000.0,1439800000.0,1439800000.0,0.0,,,,,5600000.0,555500000.0,1.0,246017852.0,246800000,251800000.0,5.834,3114700000,89400000,47800000.0,27700000,12.62,199000000
55,ECL,MRQ,2007-09-30,2007-09-30,2007-09-30,2021-09-07,-42300000,4263200000,,1605000000,2658200000,,6.939,-109000000.0,106800000,106800000,690100000.0,114000000.0,1.214,1.506,835200000,265300000,569900000,835200000,0,73200000.0,0,0.01,0.115,171600000.0,244800000.0,0.173,244800000.0,171600000.0,158800000.0,0.46,0.46,0.46,1701400000,,1701400000,12351320835.0,19.0,13.411,127400000.0,0.52,1.0,723100000.0,0.512,1316000000,12800000.0,2353600000,,396000000,0,0,0,2561800000,1322000000,1239800000,11564420835.0,34600000.0,-27300000.0,-28200000.0,-34000000.0,-28200000.0,-65500000.0,-136300000.0,0.0,236400000.0,0.0,114000000.0,114000000.0,114000000.0,0.0,0.0,0.081,551500000.0,171600000.0,316000000,0.25,6.797,28.839,29.317,1019800000,0.0,47.2,2.182,2.183,969400000,2217100000.0,1413200000.0,1413200000.0,0.0,,,,,3100000.0,523700000.0,1.0,245008916.0,245200000,249700000.0,5.763,2947200000,71000000,44800000.0,32600000,12.02,283000000
56,ECL,MRQ,2007-06-30,2007-06-30,2007-06-30,2021-09-07,-58600000,4140400000,,1539600000,2600800000,,6.462,-76900000.0,72200000,72200000,669500000.0,110300000.0,1.196,1.605,859100000,295200000,563900000,859100000,0,72300000.0,0,0.01,0.115,173000000.0,245300000.0,0.18,245300000.0,173000000.0,159600000.0,0.45,0.44,0.45,1589700000,,1589700000,11278240568.0,17.0,12.177,144400000.0,0.587,1.0,692900000.0,0.509,1293400000,13400000.0,2346400000,,387900000,0,0,0,2550700000,1287500000,1263200000,10540740568.0,18000000.0,-13000000.0,-163400000.0,57500000.0,-28700000.0,-114100000.0,-89900000.0,0.0,221300000.0,700000.0,110300000.0,110300000.0,110300000.0,0.0,0.0,0.081,519900000.0,173000000.0,338100000,0.256,6.631,26.531,26.855,987500000,0.0,42.7,2.04,2.033,930800000,2131300000.0,1362400000.0,1362400000.0,0.0,,,,,5100000.0,519900000.0,1.0,246855751.0,246000000,250700000.0,5.538,2847000000,80000000,49300000.0,19500000,11.573,252100000
57,ECL,MRQ,2007-03-31,2007-03-31,2007-03-31,2021-09-07,-88800000,3993400000,,1457200000,2536200000,,6.413,-66500000.0,54200000,54200000,615700000.0,89500000.0,1.267,1.494,791700000,234400000,557300000,791700000,0,70200000.0,0,0.01,0.115,148400000.0,218600000.0,0.174,218600000.0,148400000.0,136700000.0,0.36,0.35,0.36,1601400000,,1601400000,11359281341.0,18.0,12.593,19500000.0,0.078,1.0,638500000.0,0.509,1265500000,11700000.0,2315600000,,368900000,0,0,0,2392000000,1149800000,1242200000,10777274341.0,-429800000.0,-10600000.0,-172900000.0,-267400000.0,-28900000.0,-438800000.0,-77100000.0,0.0,86000000.0,100000.0,89500000.0,89500000.0,89500000.0,0.0,0.0,0.071,490100000.0,148400000.0,327100000,0.319,6.73,28.346,28.477,955800000,0.0,43.0,2.143,2.135,882300000,2049300000.0,1254200000.0,1254200000.0,0.0,,,,,3500000.0,490100000.0,1.0,250634287.0,249700000,254500000.0,5.023,2727900000,77600000,47200000.0,0,10.925,307400000
58,ECL,MRQ,2006-12-31,2006-12-31,2006-12-31,2021-09-07,-96500000,4419400000,,1853600000,2565800000,,6.665,-80000000.0,484000000,484000000,630100000.0,87200000.0,1.233,1.63,1066100000,509000000,557100000,1066100000,0,66700000.0,0,0.009,0.115,145600000.0,212300000.0,0.167,212300000.0,145600000.0,133800000.0,0.34,0.34,0.34,1680200000,,1680200000,12030882131.0,20.0,13.668,143400000.0,0.569,1.0,640900000.0,0.504,1259700000,11800000.0,2239000000,,364900000,0,0,0,2739200000,1502800000,1236400000,11352118131.0,429800000.0,-1100000.0,-32000000.0,321100000.0,-25200000.0,286200000.0,-81000000.0,100000.0,223400000.0,1200000.0,87200000.0,87200000.0,87200000.0,0.0,0.0,0.069,495300000.0,145600000.0,330900000,0.338,6.756,30.798,30.959,951600000,0.0,45.2,2.319,2.327,867600000,1983300000.0,1271000000.0,1271000000.0,0.0,,,,,7900000.0,495300000.0,1.0,251153056.0,252100000,257100000.0,5.042,3159700000,86900000,46600000.0,17700000,12.534,350800000
59,ECL,MRQ,2006-09-30,2006-09-30,2006-09-30,2021-09-07,0,4006876000,,1406291000,2600585000,,7.008,-81300000.0,54192000,54192000,625500000.0,110300000.0,1.227,1.273,732956000,190008000,542948000,732956000,0,68600000.0,0,0.009,0.1,181400000.0,250000000.0,0.195,250000000.0,181400000.0,170100000.0,0.44,0.43,0.44,1763119000,,1763119000,11476231913.0,19.0,13.44,146800000.0,0.583,1.0,653300000.0,0.511,1244868000,11300000.0,2294801000,,354225000,0,0,0,2243757000,1145971000,1097786000,10774665913.0,-51700000.0,-57600000.0,-60600000.0,-82900000.0,-25100000.0,-140800000.0,-139000000.0,-100000.0,228100000.0,0.0,110300000.0,110300000.0,110300000.0,0.0,0.0,0.086,471900000.0,181400000.0,310597000,0.227,6.111,30.6,30.586,874793000,0.0,42.82,2.261,2.26,866214000,,1278800000.0,1278800000.0,0.0,,,,,1900000.0,471900000.0,1.0,251626948.0,251600000,256700000.0,5.083,2762008000,65097000,59800000.0,29178000,10.978,260320000
60,ECL,MRQ,2006-06-30,2006-06-30,2006-06-30,2021-09-07,0,3911283000,,1418369000,2492914000,,6.733,-78200000.0,105885000,105885000,608000000.0,93200000.0,1.243,1.303,807451000,262605000,544846000,807451000,0,67900000.0,0,0.01,0.1,153200000.0,221100000.0,0.18,221100000.0,153200000.0,142200000.0,0.37,0.36,0.37,1697986000,,1697986000,10915276159.0,19.0,13.138,98700000.0,0.391,1.0,617900000.0,0.504,1177785000,11000000.0,2293905000,,348117000,0,0,0,2213297000,1141159000,1072138000,10264207159.0,43000000.0,-4200000.0,-109100000.0,61700000.0,-25400000.0,-52300000.0,-82400000.0,0.0,176900000.0,800000.0,93200000.0,93200000.0,93200000.0,0.0,0.0,0.076,464700000.0,153200000.0,274803000,0.27,6.045,30.209,30.284,864894000,0.0,40.58,2.206,2.2,831762000,,1225900000.0,1225900000.0,0.0,,,,,4600000.0,464700000.0,1.0,252937584.0,252200000,256700000.0,4.861,2733498000,62722000,49000000.0,28828000,10.839,277210000
61,ECL,MRQ,2006-03-31,2006-03-31,2006-03-31,2021-09-07,0,3748315000,,1309415000,2438900000,,6.66,-55900000.0,62934000,62934000,552500000.0,77900000.0,1.275,1.22,714003000,191621000,522382000,714003000,0,65400000.0,0,0.01,0.1,131400000.0,196800000.0,0.176,196800000.0,131400000.0,121100000.0,0.31,0.3,0.31,1688360000,,1688360000,10314574758.0,19.0,12.684,-56700000.0,-0.224,1.0,567600000.0,0.507,1143545000,10300000.0,2228626000,,341556000,0,0,0,2059955000,1027213000,1032742000,9672651758.0,-41500000.0,-800000.0,-81100000.0,-37700000.0,-25500000.0,-109500000.0,68400000.0,125100000.0,-800000.0,400000.0,77900000.0,77900000.0,77900000.0,0.0,0.0,0.07,436200000.0,131400000.0,266644000,0.323,5.729,29.492,29.612,841977000,0.0,38.2,2.11,2.112,769695000,,1120100000.0,1120100000.0,0.0,,,,,2100000.0,436200000.0,1.0,253210779.0,253500000,258100000.0,4.419,2604770000,65074000,43200000.0,46168000,10.275,282202000
62,ECL,MRQ,2005-12-31,2005-12-31,2005-12-31,2021-09-07,0,3796628000,,1421666000,2374962000,,6.45,-66962000.0,104378000,104378000,577897000.0,70715000.0,1.27,1.302,746301000,226927000,519374000,746301000,0,62271000.0,0,0.01,0.1,123714000.0,185985000.0,0.163,185985000.0,123714000.0,114417000.0,0.28,0.27,0.28,1649210000,,1649210000,9829238387.0,18.0,12.297,101465000.0,0.397,1.0,563586000.0,0.494,1139955000,9297000.0,2179239000,,325574000,125063000,125063000,0,2147418000,1119357000,1028061000,9285998387.0,-60877000.0,1165000.0,-86667000.0,57183000.0,-22389000.0,-37887000.0,-190897000.0,-125100000.0,168427000.0,-520000.0,70715000.0,70715000.0,70715000.0,0.0,0.0,0.062,439872000.0,123714000.0,277635000,0.357,5.631,29.064,29.016,868053000,0.0,36.27,2.048,2.045,743520000,,1141483000.0,1141483000.0,0.0,,,,,10677000.0,439872000.0,1.0,256024218.0,255700000,260100000.0,4.464,2656673000,65880000,43702000.0,39583000,10.39,302309000
63,ECL,MRQ,2005-09-30,2005-09-30,2005-09-30,2021-09-07,0,3828582000,,1447565000,2381017000,,6.428,-61341000.0,165308000,165308000,572862000.0,97958000.0,1.358,1.328,708548000,169529000,539019000,708548000,0,64491000.0,0,0.011,0.087,162447000.0,226938000.0,0.195,226938000.0,162447000.0,150918000.0,0.38,0.38,0.38,1644330000,,1644330000,8824467615.0,18.0,11.703,133850000.0,0.523,1.0,591911000.0,0.508,1178523000,11529000.0,2127247000,,337518000,0,0,0,2184252000,1066052000,1118200000,8166048615.0,55285000.0,438000.0,-7626000.0,-61194000.0,-22381000.0,-78909000.0,-60903000.0,0.0,195191000.0,-94000.0,97958000.0,97958000.0,97958000.0,0.0,0.0,0.084,429464000.0,162447000.0,264196000,0.229,4.966,27.944,28.009,837850000,0.0,31.93,1.829,1.829,801981000,,1164773000.0,1164773000.0,0.0,,,,,6869000.0,429464000.0,1.0,255748469.0,255817000,259911000.0,4.553,2650059000,73844000,52960000.0,49955000,10.359,381513000
64,ECL,MRQ,2005-06-30,2005-06-30,2005-06-30,2021-09-07,0,3730483000,,1355587000,2374896000,,6.079,-69569000.0,110023000,110023000,571066000.0,81401000.0,1.269,1.402,768442000,230530000,537912000,768442000,0,65197000.0,0,0.011,0.087,138252000.0,203449000.0,0.176,203449000.0,138252000.0,126068000.0,0.32,0.31,0.32,1552927000,,1552927000,9023714100.0,18.0,12.055,97005000.0,0.38,1.0,587598000.0,0.507,1176894000,12184000.0,2143623000,,334816000,0,0,0,2177556000,1068385000,1109171000,8264243100.0,26576000.0,-6923000.0,-438000.0,-45038000.0,-22440000.0,-62283000.0,-76492000.0,0.0,166574000.0,-1223000.0,81401000.0,81401000.0,81401000.0,0.0,0.0,0.07,449346000.0,138252000.0,249437000,0.272,5.322,28.574,28.637,833025000,0.0,32.36,1.882,1.883,767612000,,1158664000.0,1158664000.0,0.0,,,,,7057000.0,449346000.0,1.0,255384521.0,255474000,259594000.0,4.535,2553589000,73962000,44667000.0,33056000,9.995,287202000
65,ECL,MRQ,2005-03-31,2005-03-31,2005-03-31,2021-09-07,0,3798334000,,1347008000,2451326000,,5.976,-60628000.0,83447000,83447000,526975000.0,69426000.0,1.208,1.48,842918000,276282000,566636000,842918000,0,64941000.0,0,0.01,0.087,117987000.0,182928000.0,0.171,182928000.0,117987000.0,106797000.0,0.27,0.27,0.27,1531581000,,1531581000,9116135601.0,19.0,12.28,-720000.0,-0.003,1.0,542905000.0,0.507,1232494000,11190000.0,2210409000,,345921000,0,0,0,2266753000,1114902000,1151851000,8485789601.0,12216000.0,-20180000.0,-118569000.0,144749000.0,-22590000.0,33079000.0,-80808000.0,0.0,59908000.0,37000.0,69426000.0,69426000.0,69426000.0,0.0,0.0,0.065,424918000.0,117987000.0,257933000,0.322,5.541,29.659,29.775,838759000,0.0,33.05,1.985,1.981,767857000,,1069880000.0,1069880000.0,0.0,,,,,2797000.0,424918000.0,1.0,256756115.0,256272000,260626000.0,4.175,2565840000,75821000,37371000.0,36349000,10.012,232106000
66,ECL,MRQ,2004-12-31,2004-12-31,2004-12-31,2021-09-07,0,3716174000,,1279066000,2437108000,,6.205,-87290000.0,71231000,71231000,535120000.0,43447000.0,1.361,1.325,701577000,56132000,645445000,701577000,0,61755000.0,0,0.009,0.087,78940000.0,140695000.0,0.131,140695000.0,78940000.0,67552000.0,0.17,0.18,0.17,1598141000,,1598141000,9675831619.0,20.0,13.131,66841000.0,0.26,1.0,537415000.0,0.501,1220906000,11388000.0,2186067000,,338603000,0,0,0,2118033000,939547000,1178486000,9053238619.0,-866000.0,820000.0,-61123000.0,-32254000.0,-20644000.0,-70694000.0,-86470000.0,0.0,154131000.0,2167000.0,43447000.0,43447000.0,43447000.0,0.0,0.0,0.041,458475000.0,78940000.0,269561000,0.512,5.665,32.025,31.936,834730000,0.0,35.13,2.163,2.162,738266000,,1072535000.0,1072535000.0,0.0,,,,,33104000.0,458904000.0,1.0,257706764.0,257575000,260407000.0,4.164,2495268000,76038000,24105000.0,22709000,9.688,339519000
67,ECL,MRQ,2004-09-30,2004-09-30,2004-09-30,2021-09-07,0,3549412000,,1266545000,2282867000,,5.692,-54810000.0,72097000,72097000,519669000.0,94947000.0,1.308,1.414,694690000,83312000,611378000,694690000,0,62510000.0,0,0.01,0.08,158942000.0,221452000.0,0.203,221452000.0,158942000.0,147376000.0,0.37,0.36,0.37,1470526000,,1470526000,8765057839.0,18.0,11.883,128837000.0,0.499,1.0,570647000.0,0.523,1156546000,11566000.0,2047471000,,325951000,0,0,0,2078886000,967988000,1110898000,8093942839.0,30851000.0,-1586000.0,-62955000.0,-17021000.0,-20591000.0,-96436000.0,-56396000.0,0.0,183647000.0,36000.0,94947000.0,94947000.0,94947000.0,0.0,0.0,0.087,411705000.0,158942000.0,251921000,0.216,5.504,27.917,28.071,783210000,0.0,31.44,1.989,1.996,739057000,,1090316000.0,1090316000.0,0.0,,,,,0.0,410360000.0,1.0,257440930.0,258368000,262252000.0,4.22,2392866000,75984000,52429000.0,68043000,9.261,298557000
68,ECL,MRQ,2004-06-30,2004-06-30,2004-06-30,2021-09-07,0,3412832000,,1180606000,2232226000,,5.424,-59660000.0,41246000,41246000,504609000.0,78293000.0,1.298,1.447,712361000,100976000,611385000,712361000,0,61403000.0,0,0.01,0.08,135869000.0,197272000.0,0.189,197272000.0,135869000.0,124652000.0,0.3,0.3,0.3,1394722000,,1394722000,8890100998.0,18.0,12.141,82927000.0,0.323,1.0,538102000.0,0.516,1119201000,11217000.0,2055316000,,322453000,0,0,0,2018110000,909430000,1108680000,8145534998.0,-5076000.0,-7389000.0,-6460000.0,-64725000.0,-20588000.0,-80111000.0,-67049000.0,0.0,142587000.0,-503000.0,78293000.0,78293000.0,78293000.0,0.0,0.0,0.075,402233000.0,135869000.0,226164000,0.267,5.84,28.842,29.083,771963000,0.0,31.7,2.056,2.058,676158000,,1042711000.0,1042711000.0,0.0,,,,,0.0,402487000.0,1.0,256956940.0,257135000,260905000.0,4.055,2293631000,76359000,46359000.0,48561000,8.92,271176000
69,ECL,MRQ,2004-03-31,2004-03-31,2004-03-31,2021-09-07,0,3451174000,,1185278000,2265896000,,5.236,-65426000.0,46322000,46322000,474094000.0,66006000.0,1.216,1.565,790888000,170246000,620642000,790888000,0,61286000.0,0,0.011,0.08,116139000.0,177425000.0,0.181,177425000.0,116139000.0,104966000.0,0.26,0.25,0.26,1345656000,,1345656000,7927364946.0,16.0,11.091,25117000.0,0.098,1.0,505277000.0,0.516,1138567000,11173000.0,2082080000,,326950000,0,0,0,2105518000,975093000,1130425000,7338346946.0,-39304000.0,-118250000.0,-34876000.0,97219000.0,-20596000.0,53372000.0,-183676000.0,0.0,90543000.0,457000.0,66006000.0,66006000.0,66006000.0,0.0,0.0,0.067,389138000.0,116139000.0,223880000,0.308,5.453,27.051,27.171,773271000,0.0,28.53,1.899,1.897,666105000,,979371000.0,979371000.0,0.0,,,,,0.0,385333000.0,1.0,257215105.0,257025000,260227000.0,3.81,2312607000,76677000,38960000.0,77536000,8.998,210185000
70,ECL,MRQ,2003-12-31,2003-12-31,2003-12-31,2021-09-07,0,3228918000,,1150340000,2078578000,,5.132,-63654000.0,85626000,85626000,471205000.0,50678000.0,1.35,1.444,674644000,70203000,604441000,674644000,0,54596000.0,0,0.011,0.08,86882000.0,141478000.0,0.148,141478000.0,86882000.0,76043000.0,0.19,0.19,0.19,1321081000,,1321081000,7634309406.0,16.0,10.997,61396000.0,0.238,1.0,485261000.0,0.507,1001070000,10839000.0,1964924000,,309959000,0,0,0,1907837000,851942000,1055895000,7051933406.0,18664000.0,-547000.0,-28198000.0,-8428000.0,-18770000.0,-43223000.0,-64201000.0,0.0,125050000.0,1038000.0,50678000.0,50678000.0,50678000.0,0.0,0.0,0.053,398607000.0,86654000.0,212287000,0.421,5.338,27.061,27.37,736797000,0.0,27.37,1.875,1.888,626002000,,956466000.0,956466000.0,0.0,,,,,23935000.0,399079000.0,1.0,257651933.0,257429000,260814000.0,3.715,2227848000,75820000,25365000.0,59829000,8.654,298398000
71,ECL,MRQ,2003-09-30,2003-09-30,2003-09-30,2021-09-07,0,3064847000,,1155888000,1908959000,,4.762,-53350000.0,66962000,66962000,478163000.0,87439000.0,1.33,1.488,649338000,75375000,573963000,649338000,0,59738000.0,0,0.011,0.072,156333000.0,216071000.0,0.22,216071000.0,156333000.0,144282000.0,0.34,0.33,0.34,1231844000,,1231844000,7227141258.0,15.0,10.193,125063000.0,0.483,1.0,504603000.0,0.513,942834000,12051000.0,1834988000,,313668000,0,0,0,1833003000,869401000,963602000,6558226258.0,36390000.0,16510000.0,-69415000.0,-20628000.0,-18903000.0,-103924000.0,-36840000.0,0.0,178413000.0,-1259000.0,87439000.0,87439000.0,87439000.0,0.0,0.0,0.089,359147000.0,145456000.0,209528000,0.212,5.324,25.126,25.25,693355000,0.0,25.25,1.778,1.771,649841000,,982766000.0,982766000.0,0.0,,,,,0.0,357923000.0,1.0,259731733.0,258694000,261609000.0,3.799,2122013000,73925000,56843000.0,90710000,8.203,286487000
72,ECL,MRQ,2003-06-30,2003-06-30,2003-06-30,2021-09-07,0,3120935000,,1139961000,1980974000,,4.794,-51114000.0,30572000,30572000,466734000.0,67155000.0,1.31,1.492,699487000,97506000,601981000,699487000,0,58420000.0,0,0.011,0.072,121365000.0,179785000.0,0.19,179785000.0,121365000.0,109613000.0,0.26,0.25,0.26,1252351000,,1252351000,7404441984.0,17.0,10.919,104794000.0,0.401,1.0,480001000.0,0.507,990843000,11752000.0,1928723000,,325986000,0,0,0,1868584000,870284000,998300000,6727465984.0,-25982000.0,-2294000.0,-120524000.0,-73042000.0,-18902000.0,-130061000.0,-53408000.0,0.0,155908000.0,1579000.0,67155000.0,67155000.0,67155000.0,0.0,0.0,0.071,358636000.0,121365000.0,222168000,0.277,5.372,27.385,27.234,708136000,0.0,25.6,1.868,1.857,644294000,,946735000.0,946735000.0,0.0,,,,,0.0,358783000.0,1.0,262791640.0,261246000,264553000.0,3.624,2130092000,78866000,42458000.0,60271000,8.154,269677000
73,ECL,MRQ,2003-03-31,2003-03-31,2003-03-31,2021-09-07,0,3010709000,,1099636000,1911073000,,4.6,-44366000.0,56554000,56554000,430482000.0,55318000.0,1.264,1.513,733530000,164234000,569296000,733530000,0,55349000.0,0,0.011,0.072,101534000.0,156883000.0,0.179,156883000.0,101534000.0,90831000.0,0.21,0.21,0.21,1197932000,,1197932000,7070612945.0,17.0,10.897,20195000.0,0.078,1.0,445370000.0,0.508,939109000,10703000.0,1878372000,,311077000,0,0,0,1812777000,870204000,942573000,6419975945.0,7349000.0,-18265000.0,-9008000.0,375000.0,-18838000.0,4496000.0,-62631000.0,0.0,64561000.0,923000.0,55318000.0,55318000.0,55318000.0,0.0,0.0,0.063,343836000.0,101534000.0,207303000,0.343,5.359,27.893,27.87,694729000,0.0,24.665,1.838,1.839,594433000,,875852000.0,875852000.0,0.0,,,,,0.0,344033000.0,1.0,260286882.0,260448000,263637000.0,3.363,2071600000,75276000,35513000.0,40266000,7.954,229432000
74,ECL,MRQ,2002-12-31,2002-12-31,2002-12-31,2021-09-07,0,2865907000,,1015937000,1849970000,,4.24,-68708000.0,49205000,49205000,444032000.0,51106000.0,1.19,1.606,699842000,160099000,539743000,699842000,0,62845000.0,0,0.011,0.072,93423000.0,156268000.0,0.177,156268000.0,93423000.0,82983000.0,0.19,0.19,0.19,1099751000,,1099751000,6990054118.0,18.0,11.326,-13342000.0,-0.051,1.0,439348000.0,0.497,884370000,10440000.0,1778346000,,291506000,0,0,0,1766156000,853828000,912328000,6413530118.0,-46257000.0,-41219000.0,110000.0,5037000.0,-17475000.0,8460000.0,-109927000.0,0.0,55366000.0,-156000.0,51106000.0,51106000.0,51106000.0,0.0,0.0,0.058,345925000.0,93423000.0,205665000,0.379,5.832,30.574,30.556,680265000,0.0,24.75,1.884,1.877,553154000,,883380000.0,883380000.0,0.0,,,,,0.0,335117000.0,1.0,259132530.0,259392000,262918000.0,3.406,1981537000,71147000,31877000.0,12632000,7.639,162109000
75,ECL,MRQ,2002-09-30,2002-09-30,2002-09-30,2021-09-07,0,2765582000,,1072627000,1692955000,,4.071,-47883000.0,95462000,95462000,434195000.0,72082000.0,1.273,1.627,671986000,132350000,539636000,671986000,0,54281000.0,0,0.013,0.068,130896000.0,185177000.0,0.207,185177000.0,130896000.0,119908000.0,0.28,0.28,0.28,1052689000,,1052689000,6046356593.0,16.0,10.575,99860000.0,0.386,1.0,460671000.0,0.515,832569000,10988000.0,1667189000,,296295000,0,0,0,1712893000,842348000,870545000,5397342593.0,44670000.0,663000.0,-6892000.0,-32690000.0,-17446000.0,-56676000.0,-47220000.0,0.0,147743000.0,823000.0,72082000.0,72082000.0,72082000.0,0.0,0.0,0.081,329775000.0,130896000.0,205391000,0.243,5.127,27.402,27.097,657820000,0.0,20.865,1.755,1.755,571406000,,894866000.0,894866000.0,0.0,,,,,0.0,327666000.0,1.0,258679252.0,258574000,261542000.0,3.461,1933013000,60099000,47826000.0,36081000,7.476,230279000
76,ECL,MRQ,2002-06-30,2002-06-30,2002-06-30,2021-09-07,0,2651634000,,996071000,1655563000,,3.77,-48407000.0,50792000,50792000,413425000.0,51661000.0,1.186,1.728,699806000,174555000,525251000,699806000,0,51931000.0,0,0.009,0.068,98624000.0,150555000.0,0.179,150555000.0,98624000.0,86669000.0,0.205,0.195,0.205,971981000,,971981000,6648737368.0,20.0,12.611,84982000.0,0.33,1.0,425805000.0,0.507,808076000,11955000.0,1652440000,,288043000,0,0,0,1679653000,840132000,839521000,5962044368.0,20560000.0,-2348000.0,-1348000.0,-47263000.0,-17397000.0,-60346000.0,-50755000.0,0.0,133389000.0,-1728000.0,51661000.0,51661000.0,51661000.0,0.0,0.0,0.062,327181000.0,98624000.0,195159000,0.332,6.134,32.732,32.329,650062000,0.0,23.115,2.139,2.138,554781000,,839230000.0,839230000.0,0.0,,,,,0.0,315363000.0,1.0,257929672.0,257810000,261476000.0,3.255,1843558000,58192000,35008000.0,21316000,7.151,155939000
77,ECL,MRQ,2002-03-31,2002-03-31,2002-03-31,2021-09-07,0,2545206000,,947249000,1597957000,,3.545,-45461000.0,30232000,30232000,395945000.0,34921000.0,1.14,1.796,716925000,211009000,505916000,716925000,0,54371000.0,0,0.009,0.068,70803000.0,125174000.0,0.159,125174000.0,70803000.0,60291000.0,0.135,0.135,0.135,910368000,,910368000,6582798819.0,20.0,13.104,41367000.0,0.161,1.0,390164000.0,0.496,769312000,10512000.0,1631762000,,278298000,0,0,0,1634838000,830825000,804013000,5878918819.0,-11561000.0,-19921000.0,-764000.0,-34136000.0,-17265000.0,-35182000.0,-65382000.0,0.0,86828000.0,2175000.0,34921000.0,34921000.0,34921000.0,-1882000.0,0.0,0.044,317241000.0,72923000.0,194698000,0.504,6.458,32.902,32.657,636058000,0.0,22.86,2.319,2.315,539350000,,786109000.0,786109000.0,0.0,,,,,0.0,304945000.0,1.0,257170552.0,256812000,260360000.0,3.061,1775894000,54687000,25370000.0,17323000,6.915,116424000
78,ECL,MRQ,2001-12-31,2001-12-31,2001-12-31,2021-09-07,0,2525000000,,929583000,1595417000,,3.447,-38270000.0,41793000,41793000,276176000.0,38302000.0,1.123,1.868,745673000,233393000,512280000,745673000,0,40858000.0,0,0.01,0.068,69995000.0,110853000.0,0.2,110853000.0,69995000.0,62055000.0,0.15,0.145,0.15,880352000,,880352000,5435668932.0,16.0,10.937,90562000.0,0.355,1.0,278522000.0,0.502,775876000,7940000.0,1625052000,,279785000,0,0,0,1644648000,827952000,816696000,5145664932.0,-48052000.0,-457406000.0,-312000.0,333805000.0,-16636000.0,317991000.0,-495271000.0,0.0,128832000.0,396000.0,38302000.0,38302000.0,38302000.0,0.0,0.0,0.069,212084000.0,66438000.0,199772000,0.453,5.845,27.346,27.196,644323000,0.0,20.125,2.217,2.21,514074000,,554698000.0,554698000.0,0.0,,,,,0.0,211015000.0,1.0,255685214.0,255390000,258844000.0,2.172,1749124000,53781000,23753000.0,18887000,6.849,101631000
79,ECL,MRQ,2001-09-30,2001-09-30,2001-09-30,2021-09-07,0,1859917000,,706009000,1153908000,,3.387,-36835000.0,89845000,89845000,288669000.0,57261000.0,1.284,1.156,379849000,133143000,246706000,379849000,0,41073000.0,0,0.011,0.0,99550000.0,140623000.0,0.231,140623000.0,99550000.0,92540000.0,0.225,0.22,0.225,862567000,,862567000,4974885387.0,14.0,9.522,70375000.0,0.276,1.0,318962000.0,0.525,0,7010000.0,1600074000,,171700000,204073000,0,204073000,997350000,549847000,447503000,4647171387.0,36700000.0,-4656000.0,-17457000.0,-964000.0,-16575000.0,-28903000.0,-41898000.0,0.0,107210000.0,291000.0,57261000.0,57261000.0,57261000.0,0.0,0.0,0.094,224846000.0,94116000.0,136136000,0.0,5.388,22.709,22.565,523465000,0.0,18.165,2.021,2.012,382720000,,607631000.0,607631000.0,0.0,,,,,0.0,224899000.0,1.0,255831070.0,254646000,260192000.0,2.386,1859917000,49591000,35279000.0,0,7.304,156162000
80,ECL,MRQ,2001-06-30,2001-06-30,2001-06-30,2021-09-07,0,1777770000,,654795000,1122975000,,3.207,-44092000.0,53145000,53145000,282598000.0,48193000.0,1.243,1.177,380859000,134971000,245888000,380859000,0,40955000.0,0,0.012,0.065,84746000.0,125701000.0,0.214,125701000.0,84746000.0,77930000.0,0.19,0.185,0.19,816686000,,816686000,5564558078.0,15.0,10.652,30300000.0,0.119,1.0,304384000.0,0.519,0,6816000.0,1578766000,,172956000,187044000,0,187044000,961084000,526718000,434366000,5227118078.0,14457000.0,-354000.0,-4182000.0,-696000.0,-16598000.0,-15286000.0,-44444000.0,0.0,74392000.0,-205000.0,48193000.0,48193000.0,48193000.0,0.0,0.0,0.082,224140000.0,80244000.0,129359000,0.342,6.4,25.165,25.135,518870000,0.0,20.485,2.281,2.276,364246000,,586982000.0,586982000.0,0.0,,,,,0.0,224332000.0,1.0,255168078.0,254666000,260136000.0,2.305,1777770000,49558000,29737000.0,0,6.981,128077000
81,ECL,MRQ,2001-03-31,2001-03-31,2001-03-31,2021-09-07,0,1761952000,,634170000,1127782000,,3.128,-35713000.0,38688000,38688000,272811000.0,44414000.0,1.192,1.218,376128000,138937000,237191000,376128000,0,40104000.0,0,0.012,0.065,79721000.0,119825000.0,0.21,119825000.0,79721000.0,73053000.0,0.175,0.17,0.175,794370000,,794370000,5726582170.0,16.0,11.087,18334000.0,0.072,1.0,298588000.0,0.523,0,6668000.0,1567536000,,172221000,212004000,0,212004000,967582000,531856000,435726000,5399578170.0,-5277000.0,-7388000.0,-10213000.0,5607000.0,-16647000.0,-16289000.0,-43101000.0,0.0,54047000.0,66000.0,44414000.0,44414000.0,44414000.0,0.0,0.0,0.078,221207000.0,77381000.0,123921000,0.371,6.797,25.968,26.025,506965000,0.0,21.21,2.373,2.367,358925000,,571399000.0,571399000.0,0.0,,,,,0.0,221207000.0,1.0,254577000.0,253924000,261258000.0,2.25,1761952000,50586000,28639000.0,6885000,6.939,102314000
82,ECL,MRQ,2000-12-31,2000-12-31,2000-12-31,2021-09-07,0,1714011000,,600568000,1113443000,,2.99,-38057000.0,43965000,43965000,293446000.0,54768000.0,1.129,1.264,370969000,136592000,234377000,370969000,0,38526000.0,0,0.011,0.065,97811000.0,136337000.0,0.256,136337000.0,97811000.0,90336000.0,0.215,0.21,0.215,757007000,,757007000,5836707391.0,16.0,11.475,41386000.0,0.163,1.0,239578000.0,0.449,307056000,7475000.0,1201925000,,168220000,199642000,0,199642000,957004000,532034000,424970000,5485755391.0,-1110000.0,18855000.0,-43221000.0,-13726000.0,-15143000.0,-58637000.0,-19202000.0,0.0,79443000.0,-2714000.0,54768000.0,54768000.0,54768000.0,0.0,0.0,0.103,171413000.0,68165000.0,146428000,0.302,7.247,26.613,26.826,501640000,0.0,21.595,2.459,2.474,326937000,,533024000.0,533024000.0,0.0,,,,,0.0,166224000.0,1.0,254028960.0,253220000,260364000.0,2.105,1406955000,50709000,35568000.0,0,5.556,68534000
83,ECL,MRQ,2000-09-30,2000-09-30,2000-09-30,2021-09-07,0,1724379000,,644608000,1079771000,,2.931,-39130000.0,45075000,45075000,266951000.0,60338000.0,1.016,1.314,396027000,234310000,161717000,396027000,0,37438000.0,0,0.013,0.06,103098000.0,140536000.0,0.234,140536000.0,103098000.0,96570000.0,0.235,0.23,0.235,745212000,,745212000,4937874146.0,15.0,10.289,60777000.0,0.239,1.0,333715000.0,0.556,0,6528000.0,1440594000,,183487000,198359000,0,198359000,979167000,634737000,344430000,4617025146.0,14943000.0,-26957000.0,-55246000.0,44141000.0,-15420000.0,-19904000.0,-66025000.0,0.0,99907000.0,965000.0,60338000.0,60338000.0,60338000.0,0.0,0.0,0.1,235987000.0,97728000.0,139434000,0.255,6.196,23.836,23.881,482916000,0.0,18.03,2.086,2.071,358100000,,600666000.0,600666000.0,0.0,,,,,0.0,235987000.0,1.0,256074606.0,254224000,262334000.0,2.363,1724379000,43717000,36232000.0,0,6.783,9871000
84,ECL,MRQ,2000-06-30,2000-06-30,2000-06-30,2021-09-07,0,1646473000,,586242000,1060231000,,2.924,-38319000.0,30132000,30132000,259382000.0,48409000.0,1.043,1.193,350981000,189179000,161802000,350981000,0,36073000.0,0,0.012,0.06,83746000.0,119819000.0,0.21,119819000.0,83746000.0,78501000.0,0.19,0.18,0.19,750663000,,750663000,5353077525.0,16.0,11.436,50588000.0,0.197,1.0,311329000.0,0.546,0,5245000.0,1405390000,,172811000,201998000,0,201998000,895810000,561932000,333878000,5064469525.0,7368000.0,-6370000.0,-79743000.0,51477000.0,-15555000.0,-36708000.0,-44751000.0,0.0,88907000.0,-80000.0,48409000.0,48409000.0,48409000.0,0.0,0.0,0.085,232689000.0,78640000.0,127931000,0.316,6.747,26.884,26.753,470765000,0.0,19.53,2.337,2.313,325545000,,570711000.0,570711000.0,0.0,,,,,0.0,232689000.0,1.0,259317436.0,256692000,265980000.0,2.223,1646473000,41260000,30092000.0,0,6.414,24310000
85,ECL,MRQ,2000-03-31,2000-03-31,2000-03-31,2021-09-07,0,1632754000,,576021000,1056733000,,3.057,-32411000.0,22764000,22764000,236484000.0,42612000.0,1.162,1.071,311372000,139990000,171382000,311372000,0,36399000.0,0,0.012,0.06,75572000.0,111971000.0,0.213,111971000.0,75572000.0,70215000.0,0.165,0.16,0.165,788288000,,788288000,4990294240.0,16.0,10.904,14818000.0,0.057,1.0,289776000.0,0.551,0,5357000.0,1425563000,,184175000,211818000,0,211818000,844466000,495799000,348667000,4756968240.0,-24984000.0,-40328000.0,-8306000.0,20411000.0,-15526000.0,14000.0,-72739000.0,0.0,47229000.0,512000.0,42612000.0,42612000.0,42612000.0,0.0,0.0,0.081,217095000.0,72681000.0,118502000,0.364,6.035,25.943,25.838,451900000,0.0,18.345,2.247,2.235,311457000,,526260000.0,526260000.0,0.0,,,,,0.0,217095000.0,1.0,259305982.0,257888000,266660000.0,2.041,1632754000,41897000,27603000.0,13394000,6.331,80222000
86,ECL,MRQ,1999-12-31,1999-12-31,1999-12-31,2021-09-07,0,1585946000,,577321000,1008625000,,2.942,-40153000.0,47748000,47748000,234843000.0,42343000.0,1.227,1.081,281074000,112060000,169014000,281074000,0,33676000.0,0,0.011,0.06,73924000.0,107600000.0,0.209,107600000.0,73924000.0,68030000.0,0.165,0.16,0.165,762016000,,762016000,5331248778.0,17.0,12.04,54380000.0,0.21,1.0,280938000.0,0.545,249756000,5894000.0,1098842000,,176369000,219003000,0,219003000,823930000,470674000,353256000,5070471778.0,21271000.0,-2558000.0,-10652000.0,-6260000.0,-13564000.0,-29056000.0,-43885000.0,0.0,94533000.0,-321000.0,42343000.0,42343000.0,42343000.0,0.0,0.0,0.082,212847000.0,68091000.0,122701000,0.364,6.654,28.845,28.772,448116000,0.0,19.565,2.438,2.437,299751000,,515781000.0,515781000.0,0.0,,,,,0.0,212847000.0,1.0,259160326.0,259040000,267938000.0,1.991,1336190000,41701000,25687000.0,5743000,5.158,106647000
87,ECL,MRQ,1999-09-30,1999-09-30,1999-09-30,2021-09-07,0,1583039000,,584523000,998516000,,2.88,-36556000.0,26477000,26477000,247619000.0,55021000.0,1.219,1.122,287254000,102927000,184327000,287254000,0,35264000.0,0,0.012,0.052,93436000.0,128700000.0,0.232,128700000.0,93436000.0,88576000.0,0.21,0.205,0.21,746133000,,746133000,4718142298.0,15.0,10.77,60629000.0,0.234,1.0,306892000.0,0.553,0,4860000.0,1364123000,,169420000,224218000,0,224218000,836906000,479693000,357213000,4418815298.0,-3438000.0,-1026000.0,-10337000.0,-40353000.0,-13598000.0,-62828000.0,-37597000.0,0.0,97185000.0,-198000.0,55021000.0,55021000.0,55021000.0,0.0,0.0,0.099,219037000.0,87855000.0,136073000,0.248,5.922,25.593,25.662,439822000,0.0,17.065,2.158,2.159,336400000,,554511000.0,554511000.0,0.0,,,,,0.0,219037000.0,1.0,258940246.0,259092000,268802000.0,2.14,1583039000,35683000,33555000.0,6812000,6.11,104830000
88,ECL,MRQ,1999-06-30,1999-06-30,1999-06-30,2021-09-07,0,1534721000,,554799000,979922000,,2.734,-33970000.0,29915000,29915000,234725000.0,43384000.0,1.3,1.166,329242000,91669000,237573000,329242000,0,32873000.0,0,0.009,0.052,76498000.0,109371000.0,0.21,109371000.0,76498000.0,70289000.0,0.17,0.16,0.17,708676000,,708676000,5957046921.0,18.0,12.891,22642000.0,0.087,1.0,285691000.0,0.549,0,6209000.0,1407175000,,170983000,218984000,0,218984000,826045000,426873000,399172000,5656287921.0,4497000.0,3874000.0,-11684000.0,-1364000.0,-13619000.0,-22390000.0,-30116000.0,0.0,56612000.0,391000.0,43384000.0,43384000.0,43384000.0,0.0,0.0,0.083,213949000.0,71742000.0,128689000,0.306,7.981,27.911,27.79,431532000,0.0,21.815,2.838,2.837,300717000,,520416000.0,520416000.0,0.0,,,,,0.0,213949000.0,1.0,259284342.0,259190000,269360000.0,2.008,1534721000,35710000,26905000.0,0,5.921,127926000
89,ECL,MRQ,1999-03-31,1999-03-31,1999-03-31,2021-09-07,0,1518957000,,537965000,980992000,,2.659,-28650000.0,25418000,25418000,220425000.0,35038000.0,1.276,1.205,326177000,78339000,247838000,326177000,0,32717000.0,0,0.011,0.052,64410000.0,97127000.0,0.199,97127000.0,64410000.0,58660000.0,0.135,0.13,0.135,688853000,,688853000,4867327267.0,15.0,10.817,16514000.0,0.064,1.0,268879000.0,0.55,0,5750000.0,1398166000,,165453000,242150000,0,242150000,830104000,421550000,408554000,4600720267.0,-3007000.0,-34191000.0,-9722000.0,32329000.0,-13552000.0,15161000.0,-62878000.0,0.0,45164000.0,-454000.0,35038000.0,35038000.0,35038000.0,0.0,0.0,0.072,206616000.0,62263000.0,122979000,0.385,6.679,23.359,23.355,419744000,0.0,17.75,2.37,2.369,281978000,,489304000.0,489304000.0,0.0,,,,,0.0,206616000.0,1.0,259195508.0,259078000,269252000.0,1.889,1518957000,35789000,23622000.0,18495000,5.863,116415000
90,ECL,MRQ,1998-12-31,1998-12-31,1998-12-31,2021-09-07,0,1470995000,,503514000,967481000,,2.668,-35262000.0,28425000,28425000,220783000.0,39217000.0,1.259,1.13,295032000,67991000,227041000,295032000,0,32596000.0,0,0.011,0.052,70308000.0,102904000.0,0.213,102904000.0,70308000.0,64441000.0,0.15,0.15,0.15,690541000,,690541000,4936071673.0,16.0,11.27,31419000.0,0.121,1.0,262584000.0,0.543,0,5867000.0,1337811000,,165627000,253646000,0,253646000,780454000,399791000,380663000,4682072673.0,-13967000.0,-9970000.0,-8463000.0,-14037000.0,-12298000.0,-36372000.0,-45309000.0,0.0,66681000.0,1033000.0,39217000.0,39217000.0,39217000.0,0.0,0.0,0.081,197235000.0,65349000.0,124646000,0.347,6.78,24.322,24.289,420205000,0.0,18.095,2.48,2.475,246695000,,483367000.0,483367000.0,0.0,,,,,0.0,197235000.0,1.0,258749526.0,258860000,268238000.0,1.867,1470995000,36256000,25224000.0,244000,5.683,103723000
91,ECL,MRQ,1998-09-30,1998-09-30,1998-09-30,2021-09-07,0,1446078000,,520571000,925507000,,2.528,-38708000.0,42392000,42392000,224365000.0,85012000.0,1.172,1.207,296391000,104420000,191971000,296391000,0,30835000.0,0,0.013,0.048,121875000.0,152710000.0,0.305,152710000.0,121875000.0,116806000.0,0.33,0.315,0.33,655185000,,655185000,3988920547.0,13.0,9.491,59590000.0,0.23,1.0,275672000.0,0.551,0,5069000.0,1255791000,,159563000,242373000,0,242373000,790893000,444286000,346607000,3686991547.0,15150000.0,11756000.0,-18240000.0,-28489000.0,-12211000.0,-55010000.0,-26970000.0,0.0,98298000.0,-1168000.0,85012000.0,85012000.0,85012000.0,-38000000.0,0.0,0.17,196501000.0,79171000.0,121397000,0.145,5.627,19.648,19.614,406346000,0.0,14.22,2.018,2.017,260729000,,500037000.0,500037000.0,0.0,,,,,0.0,196501000.0,1.0,259282106.0,259144000,268654000.0,1.93,1446078000,35698000,31794000.0,7003000,5.58,76285000
92,ECL,MRQ,1998-06-30,1998-06-30,1998-06-30,2021-09-07,0,1398811000,,499269000,899542000,,2.204,-39268000.0,27242000,27242000,210116000.0,37689000.0,1.21,1.467,329171000,88789000,240382000,329171000,0,29680000.0,0,0.012,0.048,67564000.0,97244000.0,0.208,97244000.0,67564000.0,62164000.0,0.145,0.14,0.145,567108000,,567108000,4278409884.0,17.0,11.787,-8215000.0,-0.032,1.0,258344000.0,0.551,0,5400000.0,1287980000,,153275000,233903000,0,233903000,831703000,412760000,418943000,3991341884.0,8618000.0,-3146000.0,-7278000.0,34828000.0,-12231000.0,15665000.0,-37448000.0,0.0,31053000.0,-652000.0,37689000.0,37689000.0,37689000.0,0.0,0.0,0.08,194604000.0,63740000.0,116684000,0.331,7.038,27.885,28.182,396458000,0.0,15.5,2.268,2.267,247783000,,468460000.0,468460000.0,0.0,,,,,0.0,194604000.0,1.0,257505928.0,257334000,267606000.0,1.82,1398811000,35175000,24475000.0,8973000,5.436,86509000
93,ECL,MRQ,1998-03-31,1998-03-31,1998-03-31,2021-09-07,0,1387712000,,488930000,898782000,,2.115,-27333000.0,18624000,18624000,195909000.0,30588000.0,1.252,1.544,305692000,57645000,248047000,305692000,0,28860000.0,0,0.012,0.048,56283000.0,85143000.0,0.195,85143000.0,56283000.0,50877000.0,0.12,0.115,0.12,545400000,,545400000,3989132096.0,16.0,11.479,12277000.0,0.048,1.0,240453000.0,0.551,0,5406000.0,1284274000,,153775000,234084000,0,234084000,842312000,390506000,451806000,3742033096.0,-42545000.0,-24620000.0,-19003000.0,-885000.0,-12260000.0,-29171000.0,-52058000.0,0.0,39610000.0,-926000.0,30588000.0,30588000.0,30588000.0,0.0,0.0,0.07,186733000.0,53720000.0,118122000,0.4,6.861,27.05,27.103,385493000,0.0,14.5,2.197,2.196,242669000,,436362000.0,436362000.0,0.0,,,,,0.0,186733000.0,1.0,258071248.0,257916000,267868000.0,1.692,1387712000,35047000,20289000.0,23994000,5.38,98424000
94,ECL,MRQ,1997-12-31,1997-12-31,1997-12-31,2021-09-07,0,1416299000,,509501000,906798000,,2.138,-37666000.0,61169000,61169000,184858000.0,34368000.0,1.26,1.567,308268000,48884000,259384000,308268000,0,25811000.0,0,0.012,0.048,59360000.0,85171000.0,0.202,85171000.0,59360000.0,56126000.0,0.13,0.128,0.13,551701000,,551701000,3712017713.0,16.0,11.153,47939000.0,0.186,1.0,237051000.0,0.562,0,3234000.0,1258934000,,154831000,239879000,0,239879000,864598000,404464000,460134000,3578016713.0,-5803000.0,-99009000.0,-26428000.0,84527000.0,-10351000.0,46470000.0,-136697000.0,0.0,85605000.0,-1181000.0,34368000.0,34368000.0,34368000.0,0.0,0.0,0.081,181576000.0,55475000.0,130682000,0.369,6.485,26.711,26.913,395562000,0.0,13.86,2.181,2.187,246041000,,421909000.0,421909000.0,0.0,,,,,0.0,181576000.0,1.0,258154164.0,257992000,293000000.0,1.635,1416299000,34978000,21758000.0,13506000,5.49,105037000
95,ECL,MRQ,1997-09-30,1997-09-30,1997-09-30,2021-09-07,0,1263468000,,468014000,795454000,,2.066,-13976000.0,66972000,66972000,188178000.0,40489000.0,1.257,1.362,200973000,52039000,148934000,200973000,0,24963000.0,0,0.013,0.04,70453000.0,95416000.0,0.22,95416000.0,70453000.0,67102000.0,0.155,0.15,0.155,534992000,,534992000,3258225627.0,14.0,10.053,55059000.0,0.213,1.0,244695000.0,0.565,0,3351000.0,1025241000,,132761000,239719000,0,239719000,728476000,372228000,356248000,3149941627.0,31624000.0,-30459000.0,-8086000.0,-7400000.0,-6614000.0,2133000.0,-50514000.0,-5000000.0,69035000.0,1175000.0,40489000.0,40489000.0,40489000.0,0.0,0.0,0.094,177899000.0,66796000.0,105819000,0.258,5.888,24.23,24.074,347445000,0.0,12.158,1.957,1.956,230609000,,432873000.0,432873000.0,0.0,,,,,0.0,177899000.0,1.0,259094520.0,258924000,267860000.0,1.672,1263468000,29301000,26613000.0,24217000,4.88,95786000
96,ECL,MRQ,1997-06-30,1997-06-30,1997-06-30,2021-09-07,0,1208374000,,455683000,752691000,,2.049,-42051000.0,70550000,70550000,183322000.0,32894000.0,1.409,1.272,178834000,29638000,149196000,178834000,0,25442000.0,0,0.013,0.04,56345000.0,81787000.0,0.199,81787000.0,56345000.0,53291000.0,0.13,0.12,0.13,531964000,,531964000,3213049978.0,15.0,10.276,11702000.0,0.045,1.0,228488000.0,0.555,0,3054000.0,993325000,,130211000,248297000,0,248297000,676410000,323333000,353077000,3097924978.0,-28162000.0,-21698000.0,-17528000.0,31026000.0,-14125000.0,-12312000.0,-58658000.0,5000000.0,53753000.0,-1150000.0,32894000.0,32894000.0,32894000.0,0.0,0.0,0.08,175685000.0,52803000.0,100623000,0.308,5.824,24.775,24.512,342984000,0.0,11.938,1.975,1.975,217550000,,411810000.0,411810000.0,0.0,,,,,0.0,175685000.0,1.0,259512040.0,259560000,268008000.0,1.587,1208374000,29227000,20397000.0,15036000,4.655,132350000
97,ECL,MRQ,1997-03-31,1997-03-31,1997-03-31,2021-09-07,0,1179771000,,437822000,741949000,,1.974,-24550000.0,63510000,63510000,165726000.0,26204000.0,1.372,1.306,178635000,30232000,148403000,178635000,0,24663000.0,0,0.016,0.04,45779000.0,70442000.0,0.188,70442000.0,45779000.0,42781000.0,0.1,0.1,0.1,511555000,,511555000,2569417000.0,12.0,8.524,2155000.0,0.008,1.0,208034000.0,0.557,0,2998000.0,975723000,,131110000,248983000,0,248983000,668216000,319173000,349043000,2462400000.0,-5765000.0,-6068000.0,-8753000.0,2917000.0,-10366000.0,-1194000.0,-30848000.0,0.0,26705000.0,-428000.0,26204000.0,26204000.0,26204000.0,0.0,0.0,0.07,164604000.0,43430000.0,97877000,0.4,4.814,20.564,20.43,335221000,0.0,9.5,1.609,1.609,205426000,,373760000.0,373760000.0,0.0,,,,,0.0,164604000.0,1.0,259200000.0,259096000,267040000.0,1.443,1179771000,29107000,16577000.0,28868000,4.553,118649000
98,ECL,MRQ,1996-12-31,1996-12-31,1996-12-31,2021-09-07,0,1208409000,,435507000,772902000,,2.009,-28161000.0,69275000,69275000,176276000.0,30414000.0,1.329,1.324,176292000,27609000,148683000,176292000,0,23299000.0,0,0.015,0.04,53161000.0,76460000.0,0.196,76460000.0,53161000.0,50405000.0,0.12,0.112,0.12,519963000,,519963000,,,,49418000.0,0.191,1.0,214752000.0,0.549,0,2756000.0,987655000,,122248000,285237000,0,285237000,688446000,327771000,360675000,2437776000.0,17594000.0,-13761000.0,-3511000.0,-13688000.0,-9008000.0,-17375000.0,-42223000.0,0.0,77579000.0,-387000.0,30414000.0,30414000.0,30414000.0,0.0,0.0,0.078,164881000.0,49871000.0,103803000,0.333,4.688,21.538,21.375,332314000,0.0,9.405,1.636,1.628,205026000,,391028000.0,391028000.0,0.0,,,,,0.0,164881000.0,1.0,259200000.0,258876000,289484000.0,1.51,1208409000,29344000,19991000.0,26977000,4.668,107736000
99,ECL,MRQ,1996-09-30,1996-09-30,1996-09-30,2021-09-07,0,1181318000,,403136000,778182000,,1.924,-29081000.0,51681000,51681000,175232000.0,35528000.0,1.298,1.384,189786000,25972000,163814000,189786000,0,22588000.0,0,0.017,0.035,61383000.0,83971000.0,0.214,83971000.0,61383000.0,57791000.0,0.138,0.133,0.138,495478000,,495478000,,,,67791000.0,0.263,1.0,216833000.0,0.553,0,3592000.0,1008821000,,114738000,297267000,0,297267000,685840000,310602000,375238000,,20003000.0,-1220000.0,-2915000.0,-30675000.0,-9004000.0,-45116000.0,-31816000.0,0.0,96872000.0,63000.0,35528000.0,35528000.0,35528000.0,0.0,0.0,0.091,160534000.0,56299000.0,82997000,0.254,,,,322806000,0.0,8.438,,,203461000,,392065000.0,392065000.0,0.0,,,,,0.0,160534000.0,1.0,,257460000,257460000.0,1.523,1181318000,21848000,22263000.0,33049000,4.588,92534000
100,ECL,MRQ,1996-06-30,1996-06-30,1996-06-30,2021-09-07,0,1134296000,,400807000,733489000,,1.806,-26005000.0,31678000,31678000,170856000.0,27598000.0,1.356,1.442,220476000,56601000,163875000,220476000,0,22029000.0,0,0.017,0.035,48528000.0,70557000.0,0.189,70557000.0,48528000.0,43944000.0,0.107,0.105,0.107,464466000,,464466000,,,,19115000.0,0.074,1.0,202340000.0,0.542,0,4584000.0,1027532000,,120311000,284404000,0,284404000,669830000,295562000,374268000,,13644000.0,0.0,-5221000.0,2251000.0,-9027000.0,-5636000.0,-25494000.0,0.0,45120000.0,-346000.0,27598000.0,27598000.0,27598000.0,0.0,0.0,0.074,156991000.0,45349000.0,80565000,0.327,,,,309809000,0.0,8.188,,,201247000,,373196000.0,373196000.0,0.0,,,,,0.0,156991000.0,1.0,,257232000,257232000.0,1.451,1134296000,21901000,16346000.0,9255000,4.41,105245000
101,ECL,MRQ,1996-03-31,1996-03-31,1996-03-31,2021-09-07,0,1126895000,,387411000,739484000,,1.762,-24987000.0,18034000,18034000,152589000.0,19645000.0,1.294,1.476,218885000,55043000,163842000,218885000,0,21607000.0,0,0.018,0.035,35256000.0,56863000.0,0.17,56863000.0,35256000.0,31816000.0,0.075,0.075,0.075,455125000,,455125000,,,,9711000.0,0.038,1.0,181131000.0,0.543,0,3440000.0,1028246000,,123058000,298776000,0,298776000,671770000,299500000,372270000,,-6684000.0,-39930000.0,-11143000.0,39377000.0,-9057000.0,23594000.0,-65061000.0,0.0,34698000.0,85000.0,19645000.0,19645000.0,19645000.0,0.0,0.0,0.059,147333000.0,33798000.0,84835000,0.467,,,,302351000,0.0,7.594,,,194407000,,333720000.0,333720000.0,0.0,,,,,0.0,147333000.0,1.0,,258360000,258360000.0,1.292,1126895000,23010000,12171000.0,20201000,4.362,87911000
102,ECL,MRQ,1995-12-31,1995-12-31,1995-12-31,2021-09-07,0,1060880000,,358072000,702808000,,1.727,,24718000,24718000,,,1.153,1.323,161049000,71647000,89402000,161049000,0,,0,0.017,0.035,,,,,,,,,,456658000,,456658000,,,,,,1.0,,,0,,886673000,,106117000,302298000,0,302298000,604222000,310538000,293684000,,,,,,,,,,,,,,,,,,,,81931000,,,,20.0,292937000,,7.5,,1.479,198432000,,,,,,,,,,,1.0,,264386000,,,1060880000,21617000,,18248000,4.013,47534000
103,ECL,MRQ,1994-12-31,1994-12-31,1994-12-31,2021-09-07,0,1020356000,,401179000,619177000,,1.709,,98255000,98255000,,,1.582,1.209,147213000,41820000,105393000,147213000,0,,0,0.022,0.031,,,,,,,,,,461808000,,461808000,,,,,,1.0,,,0,,815649000,,100015000,284570000,0,284570000,558548000,253665000,304883000,,,,,,,,,,,,,,,,,,,,76905000,,,,16.731,246191000,,5.22,,1.168,168807000,,,,,,,,,,,1.0,,270200000,,,1020356000,22349000,,13113000,3.776,147514000
0,ECL,MRT,2021-06-30,2021-06-30,2021-06-30,2021-09-07,-1710600000,18533700000,18241225000.0,5487400000,13046300000,0.665,23.458,-480100000.0,1402400000,1402400000,7105900000.0,1050900000.0,1.905,1.758,7000000000,17300000,6982700000,7000000000,0,837100000.0,0,0.009,1.91,1599100000.0,2436200000.0,0.201,2436200000.0,1599100000.0,1318600000.0,3.67,3.63,3.67,6709100000,6295650000.0,6709100000,64706325454.0,40.0,26.56,1419800000.0,4.964,1.0,5025700000.0,0.414,9097800000,280500000.0,12153200000,12092925000.0,1418500000,0,0,0,11797400000,2880300000,8917100000,58894525454.0,-34200000.0,-29200000.0,-112100000.0,-781000000.0,-564200000.0,-1379100000.0,-583400000.0,0.0,1899900000.0,28400000.0,1050900000.0,1050900000.0,1050900000.0,0.0,0.0,0.087,3453100000.0,1572600000.0,1213300000,0.52,8.778,56.042,56.123,3469400000,0.0,205.97,4.855,4.856,2331000000,8472800000.0,12131600000.0,12131600000.0,0.0,0.058,0.167,0.132,0.132,87300000.0,3328400000.0,1.0,285937396.0,286000000,288800000.0,42.418,9435900000,0,267700000.0,616200000,32.993,2607100000
1,ECL,MRT,2021-03-31,2021-03-31,2021-03-31,2021-09-07,-1914500000,18208100000,18128400000.0,5150000000,13058100000,0.643,22.001,-438800000.0,1189500000,1189500000,6897600000.0,-1294900000.0,1.806,1.889,7001300000,24300000,6977000000,7001300000,0,829200000.0,0,0.009,1.9,-805600000.0,23600000.0,0.002,23600000.0,-805600000.0,-1099200000.0,-4.48,-4.43,-4.48,6292300000,6082175000.0,6292300000,66918800081.0,-83.0,2835.542,1344900000.0,4.702,1.0,4757000000.0,0.408,9086300000,293600000.0,12081400000,12132850000.0,1347000000,0,0,0,11888000000,2852200000,9035800000,61191900081.0,-540000000.0,-457300000.0,-113000000.0,-1272500000.0,-562000000.0,-1790700000.0,-508800000.0,0.0,1783700000.0,-24200000.0,-1294900000.0,-1294900000.0,-1294900000.0,2163900000.0,0.0,-0.111,3440200000.0,1316800000.0,1128200000,-0.424,9.725,-47.256,-47.783,3491200000,0.0,214.07,5.25,5.253,2272000000,8299300000.0,11654600000.0,11654600000.0,0.0,-0.071,-0.213,-0.066,-0.069,86000000.0,3263700000.0,1.0,285849956.0,286000000,288800000.0,40.75,9121800000,0,195700000.0,579200000,31.894,2297800000
2,ECL,MRT,2020-12-31,2020-12-31,2020-12-31,2021-09-07,-1994400000,18126000000,19161275000.0,5117400000,13008600000,0.615,21.486,-483700000.0,1260200000,1260200000,6905800000.0,-1205100000.0,1.745,1.934,6987100000,17300000,6969800000,6987100000,0,812700000.0,0,0.009,1.89,-738300000.0,74400000.0,0.006,74400000.0,-738300000.0,-1028500000.0,-4.2,-4.15,-4.2,6166500000,6714625000.0,6166500000,67949919794.0,-92.0,913.305,1376500000.0,4.796,1.0,4884400000.0,0.414,8983900000,290200000.0,11936800000,12559025000.0,1285200000,0,0,0,11924500000,2932200000,8992300000,61758919794.0,1073800000.0,-370800000.0,-146200000.0,143300000.0,-560800000.0,-341800000.0,-414500000.0,0.0,1860200000.0,-30100000.0,-1205100000.0,-1205100000.0,-1205100000.0,2172500000.0,0.0,-0.102,3488700000.0,1395700000.0,1160600000,-0.45,10.015,-51.248,-51.514,3548700000,0.0,216.36,5.238,5.267,2273800000,8243000000.0,11790200000.0,11790200000.0,0.0,-0.063,-0.179,-0.059,-0.063,82100000.0,3309100000.0,1.0,285445183.0,287000000,290300000.0,41.081,9142100000,0,176600000.0,580000000,31.854,2185200000
3,ECL,MRT,2020-09-30,2020-09-30,2020-09-30,2021-09-07,-1945900000,18097100000,19847050000.0,4992000000,13105100000,0.603,21.075,-586200000.0,1034700000,1034700000,6934600000.0,-1075800000.0,1.607,2.003,7225700000,247300000,6978400000,7225700000,0,801500000.0,0,0.009,1.88,-597900000.0,203600000.0,0.017,203600000.0,-597900000.0,-885800000.0,-3.73,-3.69,-3.73,6014700000,7344325000.0,6014700000,63268593436.0,-106.0,310.749,1445200000.0,5.064,1.0,5034500000.0,0.421,8981400000,287900000.0,12200300000,13405500000.0,1287800000,0,0,0,12047700000,3106400000,8941300000,57031293436.0,831200000.0,-436400000.0,-129700000.0,-27200000.0,-558600000.0,-473400000.0,-690200000.0,0.0,2031400000.0,-36600000.0,-1075800000.0,-1075800000.0,-1075800000.0,2137600000.0,0.0,-0.09,3536700000.0,1497800000.0,1108400000,-0.504,9.482,-53.013,-53.576,3580100000,0.0,199.84,4.765,4.765,2320700000,8079900000.0,11969100000.0,11969100000.0,0.0,-0.054,-0.146,-0.045,-0.05,81400000.0,3385000000.0,1.0,285384775.0,285400000,288400000.0,41.938,9115700000,0,190000000.0,633900000,31.94,1885600000
4,ECL,MRT,2020-06-30,2020-06-30,2020-06-30,2021-09-07,-1989700000,18082400000,20531675000.0,5166200000,12916200000,0.593,20.316,-634700000.0,1369000000,1369000000,6945900000.0,-857800000.0,1.601,2.082,7606300000,534900000,7071400000,7606300000,0,786800000.0,0,0.009,1.87,-427600000.0,359200000.0,0.03,359200000.0,-427600000.0,-626800000.0,-2.98,-2.95,-2.98,5855200000,7982575000.0,5855200000,64063988560.0,-150.0,178.352,1627000000.0,5.645,1.0,5228600000.0,0.429,8779100000,199200000.0,12312900000,13604475000.0,1228700000,0,0,0,12192200000,3227700000,8964500000,57536688560.0,1283200000.0,-527600000.0,-110900000.0,236300000.0,-556300000.0,-155000000.0,-788100000.0,0.0,2261700000.0,-35400000.0,-857800000.0,-857800000.0,-857800000.0,2109300000.0,0.0,-0.07,3593200000.0,1635400000.0,1087700000,-0.628,9.827,-67.075,-66.762,3578800000,0.0,198.95,4.726,4.71,2255500000,7967800000.0,12174500000.0,12174500000.0,0.0,-0.042,-0.107,-0.031,-0.035,82300000.0,3451600000.0,1.0,289201752.0,288200000,291500000.0,42.243,9303300000,0,231000000.0,687100000,32.281,1938500000
5,ECL,MRT,2020-03-31,2020-03-31,2020-03-31,2021-09-07,-2113700000,22339600000,21217975000.0,6437100000,15902500000,0.597,30.547,-685100000.0,1661900000,1661900000,7090500000.0,1545800000.0,1.512,1.528,8189200000,1038300000,7150900000,8189200000,0,735200000.0,0,0.012,1.86,2041200000.0,2776400000.0,0.219,2776400000.0,2041200000.0,1851500000.0,5.36,5.29,5.36,8822100000,8575125000.0,8822100000,51497876345.0,25.0,18.548,1729300000.0,5.988,1.0,5567400000.0,0.44,10823400000,189700000.0,13786100000,13791000000.0,1529700000,0,0,0,13479000000,4257400000,9221600000,44904976345.0,1582900000.0,-104300000.0,-317300000.0,681400000.0,-557000000.0,33700000.0,-887400000.0,0.0,2414400000.0,22200000.0,1545800000.0,1545800000.0,1545800000.0,-79800000.0,0.0,0.122,3659600000.0,1907800000.0,1279500000,0.347,5.09,29.05,29.073,4479200000,0.0,155.83,3.548,3.555,2855900000,10136900000.0,12657900000.0,12657900000.0,0.0,0.073,0.18,0.148,0.161,79200000.0,3563000000.0,1.0,288166440.0,288800000,292600000.0,43.829,11516200000,0,305700000.0,878200000,39.876,2179700000
6,ECL,MRT,2019-12-31,2019-12-31,2019-12-31,2021-09-07,-2089700000,20869100000,20864975000.0,4828400000,16040700000,0.602,30.147,-723800000.0,118800000,118800000,7045800000.0,1558900000.0,1.33,1.398,6699600000,380500000,6319100000,6699600000,0,775300000.0,0,0.01,1.85,2038200000.0,2813500000.0,0.224,2813500000.0,2038200000.0,1847500000.0,5.41,5.33,5.41,8685300000,8424775000.0,8685300000,62657282703.0,31.0,22.27,1696900000.0,5.89,1.0,5516200000.0,0.439,8496600000,190700000.0,15322700000,13605425000.0,1081600000,0,0,0,12143300000,3630600000,8512700000,55628282703.0,-107600000.0,-384600000.0,-353700000.0,-652600000.0,-552900000.0,-1349600000.0,-1199100000.0,0.0,2420700000.0,20400000.0,1558900000.0,1558900000.0,1558900000.0,-133300000.0,0.0,0.124,3671000000.0,1845200000.0,1075300000,0.342,6.405,35.684,35.673,3695000000,0.0,192.99,4.428,4.426,2382000000,9993700000.0,12562000000.0,12562000000.0,0.0,0.075,0.185,0.15,0.162,84000000.0,3550800000.0,1.0,288244379.0,288100000,292500000.0,43.603,12372500000,0,288600000.0,674200000,42.945,1197800000
7,ECL,MRT,2019-09-30,2019-09-30,2019-09-30,2021-09-07,-1884700000,20835600000,20666325000.0,4870100000,15965500000,0.543,29.739,-643500000.0,135900000,135900000,6117000000.0,1522200000.0,1.243,1.427,7164900000,779100000,6385800000,7164900000,0,609000000.0,0,0.009,1.84,2037200000.0,2646200000.0,0.236,2646200000.0,2037200000.0,1839800000.0,5.29,5.21,5.29,8567700000,8254250000.0,8567700000,64355775582.0,32.0,24.32,1783500000.0,6.191,1.0,5095900000.0,0.454,10948900000,197400000.0,12996200000,12885675000.0,1586700000,0,0,0,12223200000,3919500000,8303700000,56986375582.0,-67700000.0,-532000000.0,-589600000.0,-274800000.0,-540100000.0,-1200700000.0,-1310300000.0,-14100000.0,2427000000.0,16300000.0,1524400000.0,1524400000.0,1524400000.0,-232300000.0,-2200000.0,0.136,3352100000.0,1743800000.0,1269400000,0.348,6.651,37.383,37.437,4431800000,0.0,198.04,5.082,5.088,2722500000,9699700000.0,11212900000.0,11212900000.0,0.0,0.074,0.185,0.158,0.182,80200000.0,3263500000.0,1.0,287751846.0,288100000,292800000.0,38.92,9886700000,0,315400000.0,896600000,34.317,950600000
8,ECL,MRT,2019-06-30,2019-06-30,2019-06-30,2021-09-07,-1836400000,20827600000,20448075000.0,4853500000,15974100000,0.574,28.6,-700700000.0,85700000,85700000,6526800000.0,1496300000.0,1.176,1.527,7455100000,1069400000,6385700000,7455100000,0,649300000.0,0,0.009,1.79,1977800000.0,2627100000.0,0.224,2627100000.0,1977800000.0,1770800000.0,5.19,5.1,5.19,8225400000,8094675000.0,8225400000,64384230096.0,33.0,24.508,1708900000.0,5.942,1.0,5209300000.0,0.444,11010300000,207000000.0,13059000000,12730275000.0,1625300000,0,0,0,12558200000,4127700000,8430500000,56910530096.0,31600000.0,-439300000.0,-694100000.0,-97500000.0,-522300000.0,-1141800000.0,-1243100000.0,-14100000.0,2409600000.0,6900000.0,1495600000.0,1495600000.0,1495600000.0,-204000000.0,700000.0,0.127,3498300000.0,1711000000.0,1297900000,0.345,6.919,38.052,38.042,4416700000,0.0,197.44,4.849,4.838,2747100000,9368000000.0,11736100000.0,11736100000.0,0.0,0.073,0.185,0.155,0.169,81600000.0,3359000000.0,1.0,288242150.0,287600000,292100000.0,40.807,9817300000,0,275200000.0,872700000,34.135,725800000
9,ECL,MRT,2019-03-31,2019-03-31,2019-03-31,2021-09-07,-1734900000,20927600000,20229075000.0,4751000000,16176600000,0.606,28.524,-733500000.0,79000000,79000000,6892600000.0,1481300000.0,1.143,1.54,7552700000,1132300000,6420400000,7552700000,0,738100000.0,0,0.01,1.74,1983100000.0,2721200000.0,0.222,2721200000.0,1983100000.0,1769000000.0,5.13,5.04,5.13,8220700000,8000700000.0,8220700000,57748109577.0,29.0,21.222,1435100000.0,4.98,1.0,5364000000.0,0.438,11201500000,214100000.0,13043800000,12563150000.0,1645600000,0,0,0,12660700000,4156000000,8504700000,50817609577.0,-96500000.0,-435300000.0,-478700000.0,-175900000.0,-512800000.0,-1025200000.0,-1251600000.0,-14100000.0,2168600000.0,11700000.0,1478300000.0,1478300000.0,1478300000.0,-178800000.0,3000000.0,0.121,3622800000.0,1741200000.0,1237700000,0.339,6.182,34.376,34.413,4449500000,0.0,176.54,4.146,4.151,2691600000,9131800000.0,12256600000.0,12256600000.0,0.0,0.073,0.185,0.158,0.162,86500000.0,3495800000.0,1.0,287853232.0,288200000,292300000.0,42.528,9726100000,0,290700000.0,881900000,33.748,595000000
10,ECL,MRT,2018-12-31,2018-12-31,2018-12-31,2021-09-07,-1761700000,20074500000,20043250000.0,4677700000,15396800000,0.61,27.731,-750700000.0,114700000,114700000,6875300000.0,1429100000.0,1.269,1.502,7045200000,743600000,6301600000,7045200000,0,730400000.0,0,0.011,1.69,1971400000.0,2701800000.0,0.221,2701800000.0,1971400000.0,1750300000.0,4.95,4.88,4.95,8003200000,7845775000.0,8003200000,49466044212.0,25.0,18.309,1527000000.0,5.291,1.0,5346800000.0,0.437,10875700000,221100000.0,12443700000,12333775000.0,1546400000,0,0,0,12020900000,3685600000,8335300000,42565444212.0,82600000.0,-220600000.0,-562400000.0,-209800000.0,-494800000.0,-1172700000.0,-1030000000.0,0.0,2277700000.0,7600000.0,1429100000.0,1429100000.0,1429100000.0,-178800000.0,0.0,0.117,3618500000.0,1728300000.0,1255600000,0.341,5.319,29.785,29.768,3836000000,0.0,147.35,3.483,3.479,2662500000,8909500000.0,12222100000.0,12222100000.0,0.0,0.071,0.182,0.16,0.161,88000000.0,3505800000.0,1.0,288873052.0,288600000,292800000.0,42.35,9198800000,0,321200000.0,865200000,31.874,992100000
11,ECL,MRT,2018-09-30,2018-09-30,2018-09-30,2021-09-07,-1765400000,19962600000,20015500000.0,4822300000,15140300000,0.727,27.456,-872600000.0,203600000,203600000,8511500000.0,1608500000.0,1.343,1.511,7104200000,769400000,6334800000,7104200000,0,928200000.0,0,0.01,1.64,2039200000.0,2967400000.0,0.204,2967400000.0,2039200000.0,1793000000.0,5.54,5.44,5.54,7929400000,7740875000.0,7929400000,52457716128.0,26.0,17.678,1224200000.0,4.239,1.0,6045200000.0,0.415,10898800000,246200000.0,12374600000,12326575000.0,1587900000,0,0,0,11979600000,3589800000,8389800000,45294316128.0,-5500000.0,-107600000.0,-334000000.0,-382100000.0,-489200000.0,-1141700000.0,-954000000.0,16200000.0,2096800000.0,-6600000.0,1596600000.0,1596600000.0,1596600000.0,0.0,11900000.0,0.11,4070900000.0,1974300000.0,1195300000,0.296,5.712,28.369,28.3,3778000000,0.0,156.78,3.112,3.11,2652700000,8646900000.0,14556700000.0,14556700000.0,0.0,0.08,0.206,0.165,0.14,94200000.0,4008800000.0,1.0,288903662.0,288800000,293400000.0,50.404,9063800000,0,196400000.0,762100000,31.384,1232500000
12,ECL,MRT,2018-06-30,2018-06-30,2018-06-30,2021-09-07,-1592700000,19951600000,19989025000.0,4607900000,15343700000,0.719,27.18,-870200000.0,54200000,54200000,8385400000.0,1566800000.0,1.272,1.534,7217600000,874500000,6343100000,7217600000,0,921900000.0,0,0.011,1.6,2082500000.0,3004400000.0,0.209,3004400000.0,2082500000.0,1836900000.0,5.39,5.3,5.39,7849500000,7564100000.0,7849500000,47728078537.0,23.0,15.886,1147100000.0,3.972,1.0,5988600000.0,0.417,11100700000,245600000.0,12390500000,12296550000.0,1557600000,0,0,0,12043100000,3623800000,8419300000,40488078537.0,-206500000.0,-113600000.0,-315000000.0,-515700000.0,-478100000.0,-1255200000.0,-967500000.0,16200000.0,2017300000.0,-1100000.0,1554400000.0,1554400000.0,1554400000.0,0.0,12400000.0,0.108,3966400000.0,2022200000.0,1242100000,0.297,5.158,26.047,26.035,3758700000,0.0,140.33,2.817,2.819,2635400000,8329900000.0,14374000000.0,14374000000.0,0.0,0.078,0.205,0.169,0.145,94800000.0,3975000000.0,1.0,288520477.0,288800000,293300000.0,49.771,8850900000,0,282500000.0,732900000,30.647,984100000
13,ECL,MRT,2018-03-31,2018-03-31,2018-03-31,2021-09-07,-1558300000,20184300000,19881975000.0,4596800000,15587500000,0.711,26.337,-893700000.0,175500000,175500000,8284700000.0,1509500000.0,1.154,1.646,7415500000,1017800000,6397700000,7415500000,0,908400000.0,0,0.011,1.56,2005500000.0,2913900000.0,0.206,2913900000.0,2005500000.0,1756600000.0,5.19,5.1,5.19,7601000000,7331650000.0,7601000000,46705126508.0,23.0,16.028,1259100000.0,4.363,1.0,5859700000.0,0.414,11315200000,248900000.0,12126300000,12088625000.0,1541800000,0,0,0,12514400000,3982800000,8531600000,39593826508.0,-36600000.0,-110900000.0,-440900000.0,-338000000.0,-458900000.0,-1183200000.0,-987500000.0,16200000.0,2152800000.0,-18700000.0,1497900000.0,1497900000.0,1497900000.0,0.0,11600000.0,0.106,3912500000.0,1947200000.0,1229100000,0.301,5.209,26.433,26.41,3779900000,0.0,137.07,2.799,2.797,2574300000,8097000000.0,14144400000.0,14144400000.0,0.0,0.075,0.204,0.166,0.142,93300000.0,3896400000.0,1.0,288858441.0,288600000,292700000.0,49.01,8869100000,0,258700000.0,822800000,30.731,614000000
14,ECL,MRT,2017-12-31,2017-12-31,2017-12-31,2021-09-07,-1643400000,19963500000,19641650000.0,4594300000,15369200000,0.704,26.186,-857900000.0,211400000,211400000,8064200000.0,1518600000.0,1.322,1.623,7322700000,564400000,6758300000,7322700000,0,893300000.0,0,0.011,1.52,2003400000.0,2896700000.0,0.209,2896700000.0,2003400000.0,1748400000.0,5.2,5.12,5.2,7583600000,7133750000.0,7583600000,46114921445.0,23.0,15.92,1233400000.0,4.259,1.0,5771700000.0,0.417,11184700000,255000000.0,12414900000,11885250000.0,1446500000,0,0,0,12309700000,3475200000,8834500000,38766521445.0,-169000000.0,-870400000.0,-600300000.0,466700000.0,-448700000.0,-522700000.0,-1727000000.0,2100000.0,2091300000.0,-10600000.0,1504600000.0,1504600000.0,1504600000.0,0.0,14000000.0,0.109,3821600000.0,1950100000.0,1177100000,0.292,5.112,25.765,25.804,3707100000,0.0,134.18,2.802,2.809,2571400000,8011600000.0,13835900000.0,13835900000.0,0.0,0.077,0.211,0.169,0.145,90500000.0,3825300000.0,1.0,288914305.0,289600000,294000000.0,47.776,8778800000,0,243800000.0,819000000,30.314,1119100000
15,ECL,MRT,2017-09-30,2017-09-30,2017-09-30,2021-09-07,-1564300000,19856700000,19233325000.0,4614500000,15242200000,0.704,24.991,-835000000.0,209100000,209100000,8341900000.0,1321600000.0,1.228,1.739,7557500000,1073000000,6484500000,7557500000,0,878100000.0,0,0.012,1.48,1933400000.0,2811500000.0,0.208,2811500000.0,1933400000.0,1687900000.0,4.5,4.43,4.5,7222300000,6963125000.0,7222300000,44636529122.0,23.0,15.876,1057900000.0,3.661,1.0,5196100000.0,0.384,11194000000,245500000.0,12254500000,11648925000.0,1509000000,0,0,0,12557500000,3756600000,8800900000,37217329122.0,28500000.0,-835100000.0,-589500000.0,735800000.0,-433300000.0,-245300000.0,-1613700000.0,1300000.0,1892900000.0,-5400000.0,1307700000.0,1307700000.0,1307700000.0,0.0,13900000.0,0.097,3343100000.0,1853000000.0,1115900000,0.329,5.153,28.46,28.58,3617200000,0.0,128.61,2.749,2.745,2533200000,7598000000.0,13538000000.0,13538000000.0,0.0,0.068,0.188,0.166,0.143,85700000.0,3291400000.0,1.0,289381301.0,289000000,293400000.0,46.844,8662700000,0,380200000.0,1081900000,29.975,857900000
16,ECL,MRT,2017-06-30,2017-06-30,2017-06-30,2021-09-07,-1643900000,19523400000,18863850000.0,4532100000,14991300000,0.708,23.878,-787500000.0,260700000,260700000,8014500000.0,1304500000.0,1.049,1.811,7679900000,1770600000,5909300000,7679900000,0,866600000.0,0,0.011,1.46,1924500000.0,2791100000.0,0.209,2791100000.0,1924500000.0,1669200000.0,4.42,4.36,4.42,6919700000,6874950000.0,6919700000,45832426717.0,24.0,16.421,1137100000.0,3.924,1.0,5345100000.0,0.4,11065400000,255300000.0,11558800000,11149550000.0,1469800000,0,0,0,12534700000,4318400000,8216300000,38503526717.0,93300000.0,-865700000.0,-602800000.0,797100000.0,-432800000.0,-165000000.0,-1653600000.0,1300000.0,1924600000.0,-12700000.0,1288600000.0,1288600000.0,1288600000.0,0.0,15900000.0,0.096,3482100000.0,1863000000.0,1123600000,0.33,5.564,29.88,30.034,3497400000,0.0,132.75,2.882,2.88,2446800000,7312600000.0,13359600000.0,13359600000.0,0.0,0.068,0.187,0.173,0.144,65600000.0,3432100000.0,1.0,290045399.0,289800000,294100000.0,46.099,8458000000,0,380600000.0,1081700000,29.186,213700000
17,ECL,MRT,2017-03-31,2017-03-31,2017-03-31,2021-09-07,-1636100000,19223000000,18539150000.0,4307300000,14915700000,0.713,23.432,-751900000.0,212100000,212100000,7754300000.0,1271800000.0,1.024,1.813,7541000000,1699400000,5841600000,7541000000,0,854500000.0,0,0.011,1.44,1896900000.0,2751400000.0,0.208,2751400000.0,1896900000.0,1635900000.0,4.28,4.23,4.28,6809400000,6795150000.0,6809400000,42923598294.0,23.0,15.601,1141000000.0,3.926,1.0,5462500000.0,0.413,11033800000,261000000.0,11312800000,10805600000.0,1428300000,0,0,0,12344500000,4205300000,8139200000,36563998294.0,-56400000.0,-865700000.0,-724200000.0,733600000.0,-432700000.0,-327300000.0,-1618000000.0,1300000.0,1892900000.0,-4000000.0,1252200000.0,1252200000.0,1252200000.0,0.0,19600000.0,0.095,3606600000.0,1855900000.0,1039300000,0.336,5.37,29.2,29.285,3424900000,0.0,125.34,2.766,2.756,2358000000,7123100000.0,13216800000.0,13216800000.0,0.0,0.068,0.184,0.176,0.144,50600000.0,3567200000.0,1.0,291718512.0,290600000,295000000.0,45.481,8189200000,0,383700000.0,1171400000,28.18,102000000
18,ECL,MRT,2016-12-31,2016-12-31,2016-12-31,2021-09-07,-1712900000,18330200000,18318850000.0,4279400000,14050800000,0.718,23.594,-726300000.0,327400000,327400000,7533900000.0,1246500000.0,1.417,1.646,6687000000,541300000,6145700000,6687000000,0,850700000.0,0,0.012,1.42,1896500000.0,2747200000.0,0.209,2747200000.0,1896500000.0,1631900000.0,4.2,4.14,4.2,6901100000,6738150000.0,6901100000,40657724385.0,21.0,14.8,1213400000.0,4.148,1.0,5617900000.0,0.427,10200800000,264600000.0,11469600000,10539200000.0,1319400000,0,0,0,11359300000,3019400000,8339900000,34175724385.0,287600000.0,-48600000.0,-739600000.0,214000000.0,-427500000.0,-868200000.0,-773600000.0,1300000.0,1939700000.0,-10300000.0,1229000000.0,1229000000.0,1229000000.0,0.0,17500000.0,0.093,3747700000.0,1870200000.0,983200000,0.338,4.952,27.808,27.91,3365000000,0.0,117.22,2.599,2.607,2341200000,6975000000.0,13151800000.0,13151800000.0,0.0,0.067,0.182,0.18,0.144,42100000.0,3708200000.0,1.0,291551991.0,292500000,296700000.0,44.963,8129400000,0,402900000.0,1057600000,27.793,1260000000
19,ECL,MRT,2016-09-30,2016-09-30,2016-09-30,2021-09-07,-1452300000,18378800000,18396725000.0,4172000000,14206800000,0.718,23.558,-715300000.0,180600000,180600000,6985500000.0,1098000000.0,1.0,1.665,6662600000,1571200000,5091400000,6662600000,0,850500000.0,0,0.012,1.4,1655100000.0,2505600000.0,0.19,2505600000.0,1655100000.0,1396500000.0,3.65,3.6,3.65,6869600000,6740350000.0,6869600000,42172476143.0,25.0,16.831,1381000000.0,4.736,1.0,6227200000.0,0.471,10429800000,258600000.0,10257000000,10084300000.0,1342400000,0,0,0,11437000000,4174000000,7263000000,35492976143.0,-4200000.0,-183900000.0,-765100000.0,-95600000.0,-423600000.0,-1151500000.0,-948500000.0,6600000.0,2096300000.0,-500000.0,1072200000.0,1072200000.0,1072200000.0,0.0,25800000.0,0.081,4546300000.0,1680900000.0,1022700000,0.384,5.167,33.103,33.348,3292900000,0.0,121.72,2.686,2.686,2349600000,6716700000.0,13212700000.0,13212700000.0,0.0,0.058,0.159,0.164,0.125,24700000.0,4311900000.0,1.0,291595269.0,291600000,295700000.0,45.311,7949000000,0,324300000.0,1114000000,27.26,-2000000
20,ECL,MRT,2016-06-30,2016-06-30,2016-06-30,2021-09-07,-1492700000,18224600000,18522850000.0,4095400000,14129200000,0.717,22.574,-779700000.0,167400000,167400000,7068300000.0,968600000.0,0.966,1.751,6846900000,1749900000,5097000000,6846900000,0,845100000.0,0,0.012,1.38,1507100000.0,2352200000.0,0.177,2352200000.0,1507100000.0,1255800000.0,3.24,3.19,3.24,6600500000,6718750000.0,6600500000,41356899448.0,27.0,17.582,1458300000.0,4.987,1.0,6204700000.0,0.467,10482700000,251300000.0,10183000000,10328325000.0,1331700000,0,0,0,11555000000,4238400000,7316600000,34785999448.0,-143200000.0,-228400000.0,-666700000.0,-466900000.0,-415800000.0,-1444100000.0,-899700000.0,108400000.0,2238000000.0,-37400000.0,955900000.0,955900000.0,955900000.0,0.0,12700000.0,0.072,4684900000.0,1519800000.0,977800000,0.426,5.27,36.391,36.605,3257300000,0.0,118.6,2.621,2.613,2318000000,6444600000.0,13273000000.0,13273000000.0,0.0,0.052,0.142,0.146,0.114,38700000.0,4311000000.0,1.0,293305223.0,292400000,296500000.0,45.393,7741900000,0,299900000.0,1110000000,26.477,-143000000
21,ECL,MRT,2016-03-31,2016-03-31,2016-03-31,2021-09-07,-1536100000,18341800000,18771025000.0,4194900000,14146900000,0.711,22.355,-774000000.0,268500000,268500000,7089600000.0,1013800000.0,1.009,1.776,6839400000,1756600000,5082800000,6839400000,0,854500000.0,0,0.012,1.36,1530800000.0,2385300000.0,0.179,2385300000.0,1530800000.0,1283600000.0,3.38,3.32,3.38,6581400000,6771525000.0,6581400000,39382827093.0,26.0,16.511,1585800000.0,5.387,1.0,6255300000.0,0.469,10506000000,247200000.0,10247200000,10539000000.0,1386100000,0,0,0,11689700000,4159500000,7530200000,33010127093.0,30600000.0,-232100000.0,-732400000.0,-339800000.0,-408900000.0,-1382200000.0,-897700000.0,108400000.0,2359800000.0,-49300000.0,999500000.0,999500000.0,999500000.0,0.0,14300000.0,0.075,4710200000.0,1545100000.0,986100000,0.402,5.016,33.027,32.994,3227000000,0.0,111.52,2.474,2.46,2248800000,6288300000.0,13344900000.0,13344900000.0,0.0,0.053,0.148,0.145,0.115,37200000.0,4296900000.0,1.0,296001857.0,294400000,298300000.0,45.329,7835800000,0,284100000.0,1164900000,26.616,35400000
22,ECL,MRT,2015-12-31,2015-12-31,2015-12-31,2021-09-07,-1423300000,18641700000,18998575000.0,4447500000,14194200000,0.713,23.313,-800200000.0,92800000,92800000,7223500000.0,1017200000.0,0.933,1.688,6465500000,2205300000,4260200000,6465500000,0,859500000.0,0,0.012,1.34,1546200000.0,2405700000.0,0.178,2405700000.0,1546200000.0,1302600000.0,3.38,3.32,3.38,6909900000,6843925000.0,6909900000,40354815359.0,26.0,16.775,1199600000.0,4.047,1.0,6321600000.0,0.467,10600000000,243600000.0,9650000000,10788100000.0,1388200000,0,0,0,11661300000,4764400000,6896900000,33776815359.0,-116800000.0,-224000000.0,-755100000.0,-123100000.0,-400700000.0,-1150900000.0,-915800000.0,108400000.0,1999800000.0,-49900000.0,1002100000.0,1002100000.0,1002100000.0,0.0,15100000.0,0.074,4760300000.0,1561300000.0,1049600000,0.396,4.888,33.706,33.84,3228300000,0.0,114.38,2.494,2.503,2390200000,6160300000.0,13545100000.0,13545100000.0,0.0,0.053,0.146,0.143,0.114,20400000.0,4345500000.0,1.0,295303509.0,296400000,301400000.0,45.699,8041700000,250000000,300500000.0,1333400000,27.131,-316900000
23,ECL,MRT,2015-09-30,2015-09-30,2015-09-30,2021-09-07,-1404600000,18883300000,19195000000.0,4642400000,14240900000,0.72,22.978,-837100000.0,184800000,184800000,7371700000.0,1137600000.0,1.305,1.775,6762800000,1009100000,5753700000,6762800000,0,865100000.0,0,0.012,1.32,1750100000.0,2615200000.0,0.189,2615200000.0,1750100000.0,1506800000.0,3.78,3.73,3.78,6783200000,6945425000.0,6783200000,39376419366.0,22.0,15.057,1228700000.0,4.162,1.0,6442200000.0,0.466,10671600000,243300000.0,11233100000,10931675000.0,1439200000,0,0,0,12040700000,3556600000,8484100000,32377519366.0,-13000000.0,-104800000.0,-815400000.0,-97700000.0,-387100000.0,-1180100000.0,-832500000.0,109400000.0,2065800000.0,-66200000.0,1128700000.0,1128700000.0,1128700000.0,0.0,8900000.0,0.082,4683200000.0,1759000000.0,1034500000,0.349,4.773,28.686,29.026,3212200000,0.0,109.72,2.344,2.345,2450000000,6055000000.0,13813900000.0,13813900000.0,0.0,0.059,0.163,0.16,0.127,25700000.0,4428800000.0,1.0,295092229.0,295200000,300000000.0,46.795,8211700000,235000000,378100000.0,103600000,27.817,1085800000
24,ECL,MRT,2015-06-30,2015-06-30,2015-06-30,2021-09-07,-1195100000,19217300000,19395625000.0,4971100000,14246200000,0.725,22.997,-786100000.0,310600000,310600000,7522300000.0,1256900000.0,1.118,1.811,7309500000,2185300000,5124200000,7309500000,0,872300000.0,0,0.011,1.265,1896300000.0,2768600000.0,0.197,2768600000.0,1896300000.0,1647300000.0,4.13,4.06,4.13,6811600000,7174100000.0,6811600000,40636099861.0,21.0,14.677,1134200000.0,3.829,1.0,6540100000.0,0.465,10744400000,249000000.0,11025700000,10722800000.0,1462700000,0,0,0,12337800000,4446100000,7891700000,33667799861.0,123600000.0,-50500000.0,-818300000.0,135900000.0,-374600000.0,-935100000.0,-829000000.0,7600000.0,1920300000.0,-32600000.0,1235800000.0,1235800000.0,1235800000.0,0.0,21100000.0,0.088,4622700000.0,1917400000.0,961000000,0.306,4.943,27.244,27.378,3123400000,0.0,113.07,2.394,2.382,2494800000,5894700000.0,14062400000.0,14062400000.0,0.0,0.064,0.172,0.177,0.135,19100000.0,4504000000.0,1.0,297760678.0,296200000,301100000.0,47.476,8472900000,164600000,411500000.0,45800000,28.605,525000000
25,ECL,MRT,2015-03-31,2015-03-31,2015-03-31,2021-09-07,-1187400000,19252000000,19494750000.0,4921800000,14330200000,0.731,23.042,-800400000.0,237900000,237900000,7625200000.0,1263100000.0,1.194,1.792,7206200000,1797500000,5408700000,7206200000,0,872400000.0,0,0.011,1.21,1973900000.0,2846300000.0,0.2,2846300000.0,1973900000.0,1719900000.0,4.15,4.08,4.15,6871000000,7321925000.0,6871000000,40588018889.0,21.0,14.26,913300000.0,3.063,1.0,6616300000.0,0.465,10855700000,254000000.0,11243600000,10738850000.0,1503000000,0,0,0,12316000000,4121000000,8195000000,34228218889.0,-62400000.0,-50100000.0,-598600000.0,-48800000.0,-358300000.0,-912000000.0,-842900000.0,7600000.0,1713700000.0,-21200000.0,1245200000.0,1245200000.0,1245200000.0,0.0,17900000.0,0.087,4624500000.0,1991800000.0,950600000,0.292,4.982,27.488,27.561,3115100000,0.0,114.38,2.403,2.395,2546900000,5690400000.0,14241500000.0,14241500000.0,0.0,0.064,0.17,0.184,0.139,20900000.0,4577500000.0,1.0,299250034.0,298200000,303200000.0,47.758,8396300000,172800000,474700000.0,70500000,28.157,800800000
26,ECL,MRT,2014-12-31,2014-12-31,2014-12-31,2021-09-07,-951900000,19427400000,19572600000.0,4853000000,14574400000,0.73,24.378,-783000000.0,209600000,209600000,7679100000.0,1222200000.0,1.111,1.646,6548200000,1704800000,4843400000,6548200000,0,872000000.0,0,0.011,1.155,1935600000.0,2807600000.0,0.197,2807600000.0,1935600000.0,1679000000.0,4.01,3.93,4.01,7315900000,7406800000.0,7315900000,37967173235.0,20.0,13.523,1032600000.0,3.441,1.0,6601400000.0,0.462,11173800000,256600000.0,10224300000,10679150000.0,1466900000,0,0,0,12045300000,4367900000,7677400000,31368173235.0,-129600000.0,-72900000.0,-428600000.0,-308200000.0,-344400000.0,-1071000000.0,-848300000.0,7600000.0,1815600000.0,-25900000.0,1202800000.0,1202800000.0,1202800000.0,0.0,19400000.0,0.084,4646400000.0,1955000000.0,1162400000,0.288,4.288,26.079,26.065,3050600000,0.0,104.52,2.197,2.196,2626700000,5555100000.0,14280500000.0,14280500000.0,0.0,0.061,0.162,0.181,0.136,15200000.0,4577600000.0,1.0,300116468.0,300100000,305900000.0,47.586,8253600000,183200000,476200000.0,88600000,27.503,485100000
27,ECL,MRT,2014-09-30,2014-09-30,2014-09-30,2021-09-07,-377300000,19685800000,19624875000.0,4871800000,14814000000,0.721,25.66,-716700000.0,197800000,197800000,7644400000.0,1168500000.0,1.094,1.548,6796800000,1922800000,4874000000,6796800000,0,868400000.0,0,0.01,1.1,1891000000.0,2759400000.0,0.195,2759400000.0,1891000000.0,1628800000.0,3.86,3.77,3.86,7697900000,7413900000.0,7697900000,41348320708.0,22.0,14.985,1058900000.0,3.53,1.0,6514800000.0,0.46,11432200000,262200000.0,10397600000,10889300000.0,1464400000,0,0,0,11919500000,4455000000,7464500000,34406520708.0,-196600000.0,-46200000.0,-420100000.0,-458200000.0,-333400000.0,-1200600000.0,-765300000.0,0.0,1775600000.0,-6300000.0,1154400000.0,1154400000.0,1154400000.0,0.0,14100000.0,0.082,4609700000.0,1905100000.0,1047300000,0.285,4.47,29.805,29.749,2978500000,0.0,114.83,2.43,2.433,2694400000,5318700000.0,14159200000.0,14159200000.0,0.0,0.059,0.156,0.174,0.134,19000000.0,4559000000.0,1.0,299630068.0,300000000,305700000.0,47.197,8253600000,166100000,474400000.0,81900000,27.512,416800000
28,ECL,MRT,2014-06-30,2014-06-30,2014-06-30,2021-09-07,-350800000,19613800000,19606825000.0,4772100000,14841700000,0.711,24.709,-697100000.0,187000000,187000000,7539900000.0,1106300000.0,1.203,1.642,7128800000,1589700000,5539100000,7128800000,0,861700000.0,0,0.009,1.055,1800900000.0,2662600000.0,0.191,2662600000.0,1800900000.0,1535000000.0,3.66,3.58,3.66,7402900000,7183525000.0,7402900000,40327891621.0,22.0,15.146,1001600000.0,3.343,1.0,6408400000.0,0.459,11498800000,265900000.0,11089900000,11191200000.0,1414300000,0,0,0,12153700000,3966900000,8186800000,33424191621.0,-188200000.0,-18800000.0,-468500000.0,-400000000.0,-318000000.0,-1170300000.0,-718300000.0,0.0,1698700000.0,1700000.0,1097500000.0,1097500000.0,1097500000.0,0.0,8800000.0,0.079,4598700000.0,1809700000.0,1004500000,0.288,4.515,30.455,30.421,2938900000,0.0,111.34,2.396,2.392,2637300000,5036300000.0,13948300000.0,13948300000.0,0.0,0.056,0.153,0.161,0.129,23000000.0,4527200000.0,1.0,300199314.0,299600000,305200000.0,46.556,8115000000,167300000,437500000.0,43400000,27.086,805200000
29,ECL,MRT,2014-03-31,2014-03-31,2014-03-31,2021-09-07,-373300000,19563400000,19616950000.0,4703000000,14860400000,0.699,23.987,-659800000.0,300300000,300300000,7440700000.0,1007100000.0,1.205,1.705,7204000000,1507400000,5696600000,7204000000,0,847700000.0,0,0.009,1.01,1641900000.0,2489600000.0,0.181,2489600000.0,1641900000.0,1376000000.0,3.33,3.25,3.33,7210500000,6999675000.0,7210500000,39045173686.0,24.0,15.683,928400000.0,3.088,1.0,6277200000.0,0.458,11557900000,265900000.0,11004800000,11352350000.0,1367100000,0,0,0,12290300000,3904400000,8385900000,32479873686.0,-524000000.0,-1376500000.0,-528000000.0,718200000.0,-299500000.0,-72200000.0,-2041300000.0,0.0,1588200000.0,1300000.0,999200000.0,999200000.0,999200000.0,0.0,7900000.0,0.073,4627400000.0,1649800000.0,951200000,0.303,4.505,32.506,32.429,2889000000,0.0,107.99,2.368,2.366,2519600000,4807200000.0,13717900000.0,13717900000.0,0.0,0.051,0.143,0.145,0.12,24100000.0,4476200000.0,1.0,300767420.0,300600000,306500000.0,45.635,8005500000,170800000,376800000.0,89300000,26.632,798600000
30,ECL,MRT,2013-12-31,2013-12-31,2013-12-31,2021-09-07,-305200000,19636500000,19050150000.0,4698400000,14938100000,0.696,24.489,-644200000.0,339200000,339200000,7161200000.0,973600000.0,1.347,1.665,6904500000,861000000,6043500000,6904500000,0,816200000.0,0,0.009,0.965,1554800000.0,2371000000.0,0.179,2371000000.0,1554800000.0,1292500000.0,3.23,3.16,3.23,7344300000,6737475000.0,7344300000,38272572902.0,25.0,16.142,915600000.0,3.053,1.0,6092200000.0,0.46,11648200000,262300000.0,11064900000,11123875000.0,1321900000,0,0,0,12227100000,3488700000,8738400000,31416472902.0,-818600000.0,-1443500000.0,-307600000.0,110600000.0,-218100000.0,-292600000.0,-2087700000.0,0.0,1559800000.0,1900000.0,967800000.0,967800000.0,967800000.0,0.0,5800000.0,0.073,4531600000.0,1560600000.0,1021900000,0.299,4.278,32.462,32.282,2882000000,0.0,104.27,2.37,2.359,2568000000,4699000000.0,13253400000.0,13253400000.0,0.0,0.051,0.144,0.14,0.117,33000000.0,4360300000.0,1.0,301299251.0,299900000,305900000.0,44.193,7988300000,163000000,324700000.0,80900000,26.637,1209700000
31,ECL,MRT,2013-09-30,2013-09-30,2013-09-30,2021-09-07,-700400000,19613600000,18534100000.0,4796000000,14817600000,0.687,22.498,-629400000.0,394400000,394400000,6762100000.0,918500000.0,1.498,1.884,7250500000,713200000,6537300000,7250500000,0,782700000.0,0,0.009,0.92,1479400000.0,2262100000.0,0.178,2262100000.0,1479400000.0,1222200000.0,3.07,2.98,3.07,6776400000,6420650000.0,6776400000,36896449142.0,25.0,16.311,782000000.0,2.596,1.0,5977600000.0,0.469,11663900000,257200000.0,11605200000,10842425000.0,1378100000,0,0,0,12767700000,3200600000,9567100000,29763449142.0,70400000.0,-1317300000.0,-245300000.0,971600000.0,-269900000.0,616500000.0,-1960300000.0,0.0,1411400000.0,2800000.0,912100000.0,912100000.0,912100000.0,0.0,6400000.0,0.072,4491800000.0,1485800000.0,926600000,0.3,4.392,32.632,32.169,2786100000,0.0,98.76,2.336,2.335,2488900000,4494700000.0,12739700000.0,12739700000.0,0.0,0.049,0.142,0.136,0.116,20500000.0,4306000000.0,1.0,301371498.0,301200000,307200000.0,42.296,7949700000,196600000,310100000.0,68600000,26.393,1595400000
32,ECL,MRT,2013-06-30,2013-06-30,2013-06-30,2021-09-07,-582000000,19654300000,17811400000.0,4698200000,14956100000,0.689,22.114,-616100000.0,375200000,375200000,6512400000.0,850600000.0,1.448,1.937,7508200000,872900000,6635300000,7508200000,0,748800000.0,0,0.01,0.89,1402500000.0,2151300000.0,0.175,2151300000.0,1402500000.0,1148100000.0,2.86,2.78,2.86,6667500000,6212900000.0,6667500000,30627160150.0,22.0,14.237,768800000.0,2.55,1.0,5766600000.0,0.47,11807300000,254400000.0,11734500000,10341325000.0,1373300000,0,0,0,12915600000,3245500000,9670100000,25217260150.0,70300000.0,-1321800000.0,-194700000.0,915400000.0,-258300000.0,618300000.0,-1936300000.0,0.0,1384900000.0,3400000.0,842100000.0,842100000.0,842100000.0,0.0,8500000.0,0.069,4355600000.0,1411000000.0,912000000,0.311,3.782,29.946,29.787,2779100000,0.0,85.19,2.054,2.092,2436300000,4255900000.0,12279000000.0,12279000000.0,0.0,0.047,0.136,0.136,0.114,23600000.0,4169600000.0,1.0,296011975.0,301500000,307400000.0,40.726,7847000000,203600000,306000000.0,72900000,26.027,1452700000
33,ECL,MRT,2013-03-31,2013-03-31,2013-03-31,2021-09-07,-509200000,17296200000,17014175000.0,4603400000,12692800000,0.699,20.859,-599900000.0,824300000,824300000,6311100000.0,818200000.0,1.715,1.796,6234200000,497100000,5737100000,6234200000,0,722600000.0,0,0.011,0.86,1380500000.0,2103100000.0,0.177,2103100000.0,1380500000.0,1128400000.0,2.78,2.71,2.78,6161700000,5951475000.0,6161700000,29033580996.0,21.0,13.805,678600000.0,2.297,1.0,5588800000.0,0.47,9931000000,252100000.0,10090900000,9675600000.0,1145300000,0,0,0,11063700000,2684200000,8379500000,23649480996.0,470300000.0,24300000.0,-146800000.0,-22600000.0,-250100000.0,-217300000.0,-571400000.0,0.0,1278500000.0,-19500000.0,813500000.0,813500000.0,813500000.0,0.0,4700000.0,0.068,4203600000.0,1385200000.0,845000000,0.309,3.838,29.071,28.842,2415500000,0.0,80.18,1.987,1.99,2182100000,4112300000.0,11899900000.0,11899900000.0,0.0,0.048,0.137,0.143,0.116,10700000.0,4049600000.0,1.0,294954864.0,295400000,300900000.0,40.284,7365200000,201300000,314900000.0,108100000,24.933,1919200000
34,ECL,MRT,2012-12-31,2012-12-31,2012-12-31,2021-09-07,-459700000,17572300000,16905550000.0,4892000000,12680300000,0.7,20.776,-591600000.0,1157800000,1157800000,6385400000.0,701300000.0,1.603,1.878,6541900000,805800000,5736100000,6541900000,0,714500000.0,0,0.012,0.83,1291600000.0,2006100000.0,0.169,2006100000.0,1291600000.0,1014900000.0,2.41,2.35,2.41,6077000000,5844350000.0,6077000000,26753804757.0,21.0,13.336,611400000.0,2.09,1.0,5453300000.0,0.461,9964600000,276700000.0,9939100000,9421475000.0,1088100000,0,0,0,11412200000,3052700000,8359500000,21060104757.0,-685800000.0,103700000.0,-209900000.0,-1081000000.0,-306800000.0,-1393600000.0,-487900000.0,0.0,1203000000.0,-7300000.0,703600000.0,703600000.0,703600000.0,0.0,-2300000.0,0.059,4164000000.0,1289300000.0,879700000,0.344,3.466,29.932,29.834,2409100000,0.0,71.9,1.779,1.776,2225100000,4020600000.0,11838700000.0,11838700000.0,0.0,0.042,0.12,0.137,0.109,15700000.0,4018300000.0,1.0,292908272.0,292500000,298900000.0,40.474,7607700000,205200000,311300000.0,77400000,26.009,1839300000
35,ECL,MRT,2012-09-30,2012-09-30,2012-09-30,2021-09-07,-353600000,16722800000,17058650000.0,4072900000,12649900000,0.624,20.312,-523000000.0,324000000,324000000,5805800000.0,555600000.0,1.445,1.799,6017700000,631000000,5386700000,6017700000,0,644300000.0,0,0.012,0.8,1063000000.0,1707300000.0,0.16,1707300000.0,1063000000.0,814400000.0,1.95,1.92,1.95,5945400000,5741775000.0,5945400000,24977321191.0,23.0,14.63,342600000.0,1.17,1.0,4832400000.0,0.454,9997000000,248600000.0,9600800000,9606825000.0,1103800000,0,0,0,10696600000,2818700000,7877900000,18957721191.0,116700000.0,-1380500000.0,-760600000.0,2003200000.0,-221100000.0,1160700000.0,-1887500000.0,0.0,865600000.0,-22100000.0,560900000.0,560900000.0,560900000.0,0.0,-5300000.0,0.053,3774700000.0,1057700000.0,858600000,0.41,3.189,33.799,33.236,2334200000,0.0,64.81,1.782,1.783,2199000000,3856900000.0,10638200000.0,10638200000.0,0.0,0.033,0.098,0.111,0.1,29700000.0,3600700000.0,1.0,292512285.0,292700000,298600000.0,36.345,6725800000,186300000,253500000.0,73000000,22.978,1254200000
36,ECL,MRT,2012-06-30,2012-06-30,2012-06-30,2021-09-07,-473700000,16465400000,14254350000.0,3908500000,12556900000,0.656,19.259,-462300000.0,304900000,304900000,5067300000.0,470800000.0,1.133,1.915,6324500000,1445300000,4879200000,6324500000,0,563400000.0,0,0.011,0.775,902500000.0,1465900000.0,0.157,1465900000.0,902500000.0,704900000.0,1.81,1.77,1.81,5621800000,4872175000.0,5621800000,25927383143.0,29.0,17.687,132200000.0,0.453,1.0,4283700000.0,0.458,9962700000,197600000.0,9071600000,7905325000.0,1071700000,0,0,0,10763200000,3450700000,7312500000,20023483143.0,141700000.0,-1378700000.0,-758700000.0,2252200000.0,-202600000.0,1416200000.0,-1840200000.0,0.0,594500000.0,-28800000.0,477200000.0,477200000.0,477200000.0,0.0,-6400000.0,0.051,3387600000.0,896100000.0,785100000,0.428,3.562,41.96,37.862,2285100000,0.0,68.53,2.141,2.139,2076900000,3677500000.0,9351000000.0,9351000000.0,0.0,0.033,0.098,0.114,0.097,26900000.0,3218300000.0,1.0,292185658.0,291900000,298200000.0,32.035,6502700000,189500000,227700000.0,58100000,22.277,457800000
37,ECL,MRT,2012-03-31,2012-03-31,2012-03-31,2021-09-07,-249500000,16861700000,11489850000.0,3959800000,12901900000,0.704,19.668,-417100000.0,354000000,354000000,4319200000.0,413600000.0,1.129,1.929,6257900000,1346900000,4911000000,6257900000,0,481700000.0,0,0.012,0.75,772900000.0,1254600000.0,0.155,1254600000.0,772900000.0,626100000.0,1.72,1.68,1.72,5733200000,4051275000.0,5733200000,23769782178.0,31.0,18.946,322800000.0,1.107,1.0,3771900000.0,0.466,10184600000,146800000.0,9074400000,6332000000.0,1087400000,0,0,0,11056600000,3506600000,7550000000,17977182178.0,202600000.0,-1367500000.0,-705100000.0,2041600000.0,-183500000.0,1244900000.0,-1783800000.0,0.0,739900000.0,1600000.0,418600000.0,418600000.0,418600000.0,0.0,-5000000.0,0.052,3004000000.0,767900000.0,805100000,0.436,3.136,42.946,35.884,2331600000,0.0,61.72,2.222,2.224,2049000000,3551300000.0,8091100000.0,8091100000.0,0.0,0.036,0.103,0.122,0.096,31100000.0,2846200000.0,1.0,291269964.0,291500000,297900000.0,27.757,6677100000,183200000,207500000.0,136100000,22.906,453200000
38,ECL,MRT,2011-12-31,2011-12-31,2011-12-31,2021-09-07,-344900000,18184700000,8590000000.0,5396000000,12788700000,0.791,23.92,-363000000.0,1843600000,1843600000,3475600000.0,463300000.0,1.704,2.196,7636200000,1023000000,6613200000,7636200000,0,395700000.0,0,0.013,0.725,753000000.0,1148700000.0,0.169,1148700000.0,753000000.0,678800000.0,1.95,1.91,1.95,5666700000,3170625000.0,5666700000,14247282432.0,19.0,12.403,322500000.0,1.361,1.0,3322900000.0,0.489,10130500000,74200000.0,10680500000,4749900000.0,1069600000,0,0,0,12443600000,3166300000,9277300000,13417582432.0,1601300000.0,-1633200000.0,-690000000.0,3725400000.0,-162900000.0,2933800000.0,-2024300000.0,0.0,685500000.0,6300000.0,462500000.0,462500000.0,462500000.0,0.0,800000.0,0.068,2569100000.0,753800000.0,815700000,0.372,2.368,29.011,29.646,2295400000,0.0,57.81,1.974,2.014,2095300000,3559900000.0,6798500000.0,6798500000.0,0.0,0.054,0.146,0.159,0.111,26200000.0,2438100000.0,1.0,232097949.0,236900000,242100000.0,28.698,8054200000,164000000,216300000.0,81700000,33.998,2229700000
39,ECL,MRT,2011-09-30,2011-09-30,2011-09-30,2021-09-07,-160700000,5505600000,5261875000.0,2091000000,3414600000,1.241,10.638,-321800000.0,207300000,207300000,3292800000.0,506100000.0,1.293,1.23,1037000000,336800000,700200000,1037000000,0,373400000.0,0,0.014,0.7,792200000.0,1165600000.0,0.179,1165600000.0,792200000.0,738200000.0,2.17,2.13,2.17,2467000000,2286250000.0,2467000000,12284034785.0,16.0,10.539,531100000.0,2.29,1.0,3235900000.0,0.496,1922800000,54000000.0,2794800000,2714500000.0,504900000,0,0,0,3034700000,1617700000,1417000000,11340434785.0,38900000.0,-285700000.0,-126200000.0,-16700000.0,-158200000.0,-219400000.0,-615500000.0,0.0,852900000.0,20900000.0,505100000.0,505100000.0,505100000.0,0.0,1000000.0,0.077,2442700000.0,793200000.0,413400000,0.323,4.597,22.452,22.53,1218200000,0.0,48.89,1.737,1.737,1143100000,3531200000.0,6528700000.0,6528700000.0,0.0,0.096,0.221,0.292,0.121,23700000.0,2366200000.0,1.0,231958167.0,231900000,236100000.0,28.153,3582800000,86500000,233100000.0,36500000,15.45,473300000
40,ECL,MRT,2011-06-30,2011-06-30,2011-06-30,2021-09-07,-159500000,5407400000,5100850000.0,1994200000,3413200000,1.246,10.096,-305200000.0,163200000,163200000,3178300000.0,525900000.0,1.216,1.311,1106800000,403500000,703300000,1106800000,0,357800000.0,0,0.012,0.68,797800000.0,1155600000.0,0.182,1155600000.0,797800000.0,742100000.0,2.25,2.22,2.25,2338200000,2160550000.0,2338200000,14118546133.0,18.0,12.218,582300000.0,2.514,1.0,3176200000.0,0.5,1933100000,55700000.0,2778300000,2675900000.0,495500000,0,0,0,3065000000,1639600000,1425400000,13079846133.0,41900000.0,-317800000.0,-269000000.0,64600000.0,-153300000.0,-234900000.0,-633100000.0,0.0,887500000.0,22400000.0,525000000.0,525000000.0,525000000.0,0.0,900000.0,0.083,2377500000.0,798700000.0,400500000,0.302,5.594,24.914,25.058,1212700000,0.0,56.38,2.058,2.055,1106700000,3417500000.0,6354500000.0,6354500000.0,0.0,0.103,0.243,0.298,0.126,18200000.0,2329400000.0,1.0,231994433.0,231600000,236100000.0,27.437,3474300000,92800000,217100000.0,36900000,15.001,354600000
41,ECL,MRT,2011-03-31,2011-03-31,2011-03-31,2021-09-07,-205200000,5262300000,4914950000.0,1888900000,3373400000,1.257,9.528,-308500000.0,151400000,151400000,3067500000.0,529200000.0,1.145,1.379,1190100000,506400000,683700000,1190100000,0,352900000.0,0,0.013,0.66,803900000.0,1156800000.0,0.187,1156800000.0,803900000.0,746300000.0,2.26,2.23,2.26,2210600000,2040575000.0,2210600000,12473845902.0,16.0,10.783,562600000.0,2.425,1.0,3108400000.0,0.503,1904800000,57600000.0,2746000000,2635425000.0,480200000,0,0,0,3047600000,1650200000,1397400000,11870545902.0,66100000.0,-306200000.0,-274300000.0,128600000.0,-149300000.0,-189200000.0,-623900000.0,0.0,871100000.0,8100000.0,528400000.0,528400000.0,528400000.0,0.0,800000.0,0.086,2303700000.0,804700000.0,359700000,0.292,5.37,22.465,22.575,1192500000,0.0,51.02,1.922,1.917,1042600000,3332100000.0,6175900000.0,6175900000.0,0.0,0.108,0.259,0.305,0.13,19400000.0,2285100000.0,1.0,232664561.0,232000000,235900000.0,26.62,3357500000,82200000,217900000.0,58800000,14.472,238700000
42,ECL,MRT,2010-12-31,2010-12-31,2010-12-31,2021-09-07,-271900000,4872200000,4791675000.0,1869900000,3002300000,1.271,9.123,-295100000.0,242300000,242300000,3013800000.0,531100000.0,1.411,1.286,845600000,189200000,656400000,845600000,0,347900000.0,0,0.013,0.64,806000000.0,1153900000.0,0.189,1153900000.0,806000000.0,746900000.0,2.27,2.23,2.27,2129200000,1953100000.0,2129200000,12526746347.0,16.0,10.856,655300000.0,2.808,1.0,3075900000.0,0.505,1611800000,59100000.0,2538900000,2627700000.0,447600000,0,0,0,2739200000,1324800000,1414400000,11704246347.0,168700000.0,-27400000.0,-348800000.0,-74000000.0,-145500000.0,-462200000.0,-303600000.0,0.0,950400000.0,-15900000.0,530300000.0,530300000.0,530300000.0,0.0,800000.0,0.087,2269100000.0,806800000.0,349300000,0.282,5.497,22.071,22.211,1148300000,0.0,50.42,1.922,1.932,999600000,3279100000.0,6089700000.0,6089700000.0,0.0,0.111,0.272,0.307,0.132,12300000.0,2261600000.0,1.0,232134993.0,233400000,237600000.0,26.091,3260400000,78900000,216600000.0,36700000,13.969,545100000
43,ECL,MRT,2010-09-30,2010-09-30,2010-09-30,2021-09-07,-320200000,4861500000,4828850000.0,1854500000,3007000000,1.259,8.437,-305100000.0,168400000,168400000,3011200000.0,515800000.0,1.289,1.473,990900000,343600000,647300000,990900000,0,345200000.0,0,0.012,0.62,798000000.0,1143200000.0,0.188,1143200000.0,798000000.0,738000000.0,2.2,2.17,2.2,1964200000,1921025000.0,1964200000,12680223446.0,16.0,11.092,496600000.0,2.133,1.0,3067500000.0,0.505,1605000000,60000000.0,2640400000,2727425000.0,456500000,0,0,0,2893700000,1438600000,1455100000,11837823446.0,60900000.0,-30900000.0,-402400000.0,58400000.0,-142800000.0,-390500000.0,-337200000.0,0.0,801700000.0,-13100000.0,514800000.0,514800000.0,514800000.0,0.0,1000000.0,0.085,2268500000.0,799000000.0,346900000,0.282,6.027,22.995,23.064,1137300000,0.0,50.74,1.947,1.943,1019800000,3188400000.0,6078700000.0,6078700000.0,0.0,0.107,0.268,0.293,0.131,20300000.0,2259300000.0,1.0,233303576.0,232800000,237000000.0,26.111,3256500000,78600000,223200000.0,25000000,13.988,415900000
44,ECL,MRT,2010-06-30,2010-06-30,2010-06-30,2021-09-07,-380600000,4663800000,4860675000.0,1735300000,2928500000,1.247,7.962,-306700000.0,121300000,121300000,3011700000.0,486700000.0,1.295,1.508,963700000,326700000,637000000,963700000,0,347300000.0,0,0.013,0.605,775800000.0,1123100000.0,0.185,1123100000.0,775800000.0,715600000.0,2.06,2.03,2.06,1858300000,1920425000.0,1858300000,11434443167.0,15.0,10.181,453900000.0,1.945,1.0,3051500000.0,0.503,1549900000,60200000.0,2616400000,2786675000.0,441300000,0,0,0,2802200000,1339900000,1462300000,10480743167.0,38600000.0,500000.0,-270400000.0,-77500000.0,-139700000.0,-405100000.0,-305300000.0,0.0,760600000.0,-11600000.0,485600000.0,485600000.0,485600000.0,0.0,1100000.0,0.08,2274600000.0,776900000.0,324000000,0.294,5.64,21.583,21.801,1124000000,0.0,44.91,1.729,1.729,950100000,3050100000.0,6063200000.0,6063200000.0,0.0,0.1,0.253,0.278,0.128,23200000.0,2254900000.0,1.0,233372148.0,233400000,237400000.0,25.978,3113900000,84500000,230000000.0,22500000,13.341,395400000
45,ECL,MRT,2010-03-31,2010-03-31,2010-03-31,2021-09-07,-307700000,4769200000,4926800000.0,1718300000,3050900000,1.215,7.904,-285900000.0,85300000,85300000,2986800000.0,456700000.0,1.254,1.559,1039000000,361100000,677900000,1039000000,0,340100000.0,0,0.013,0.59,736300000.0,1076400000.0,0.18,1076400000.0,736300000.0,675900000.0,1.93,1.9,1.93,1860700000,1906875000.0,1860700000,11277502185.0,15.0,10.477,517100000.0,2.197,1.0,2997700000.0,0.501,1637800000,60400000.0,2715100000,2861225000.0,468900000,0,0,0,2900700000,1370000000,1530700000,10383802185.0,5800000.0,-7900000.0,-213400000.0,-218900000.0,-136500000.0,-500400000.0,-293800000.0,0.0,803000000.0,-3000000.0,455400000.0,455400000.0,455400000.0,0.0,1300000.0,0.076,2260100000.0,737600000.0,316000000,0.306,5.581,22.801,22.772,1141800000,0.0,43.95,1.735,1.729,950200000,2957100000.0,5984500000.0,5984500000.0,0.0,0.092,0.239,0.257,0.123,23700000.0,2216000000.0,1.0,236263986.0,235400000,239000000.0,25.423,3131400000,86200000,220500000.0,30900000,13.302,348300000
46,ECL,MRT,2009-12-31,2009-12-31,2009-12-31,2021-09-07,-232900000,5020900000,4910450000.0,1814200000,3206700000,1.202,8.453,-285600000.0,73600000,73600000,2978000000.0,418700000.0,1.451,1.505,967300000,98500000,868800000,967300000,0,334300000.0,0,0.013,0.575,679900000.0,1014200000.0,0.172,1014200000.0,679900000.0,618700000.0,1.76,1.74,1.76,2000900000,1837925000.0,2000900000,11453680724.0,17.0,11.293,409400000.0,1.73,1.0,2922600000.0,0.495,1726600000,61200000.0,2937800000,2893175000.0,493400000,0,0,0,3011300000,1250200000,1761100000,10590180724.0,6900000.0,-13700000.0,-68800000.0,-250400000.0,-132700000.0,-397800000.0,-299300000.0,0.0,695000000.0,9000000.0,417300000.0,417300000.0,417300000.0,0.0,1400000.0,0.071,2241300000.0,681300000.0,360900000,0.327,5.293,25.378,25.33,1176200000,0.0,44.58,1.795,1.788,1016100000,2898100000.0,5900600000.0,5900600000.0,0.0,0.085,0.227,0.235,0.115,29600000.0,2174200000.0,1.0,237554525.0,236700000,239900000.0,24.929,3294300000,83900000,201400000.0,21800000,13.918,564000000
47,ECL,MRT,2009-09-30,2009-09-30,2009-09-30,2021-09-07,-224600000,4988800000,4844450000.0,1816000000,3172800000,1.201,8.278,-289500000.0,107500000,107500000,2967100000.0,382800000.0,1.405,1.539,971000000,121000000,850000000,971000000,0,328100000.0,0,0.012,0.56,624400000.0,952500000.0,0.164,952500000.0,624400000.0,562800000.0,1.61,1.59,1.61,1961800000,1730600000.0,1961800000,11950309579.0,19.0,12.546,499000000.0,2.105,1.0,2852300000.0,0.49,1682000000,61600000.0,2877400000,2856750000.0,474800000,0,0,0,3018800000,1292900000,1725900000,10948409579.0,5400000.0,-6500000.0,-327800000.0,-63800000.0,-131700000.0,-479300000.0,-296000000.0,0.0,788500000.0,-7800000.0,381500000.0,381500000.0,381500000.0,0.0,1300000.0,0.066,2226600000.0,625700000.0,367300000,0.348,5.581,28.698,28.714,1149100000,0.0,46.23,1.881,1.883,1013000000,2819200000.0,5819400000.0,5819400000.0,0.0,0.079,0.22,0.219,0.107,28100000.0,2138200000.0,1.0,236824780.0,237000000,240600000.0,24.554,3306800000,93800000,181300000.0,31000000,13.953,523100000
48,ECL,MRT,2009-06-30,2009-06-30,2009-06-30,2021-09-07,-244300000,4928300000,4875725000.0,1749900000,3178400000,1.21,7.628,-316400000.0,82700000,82700000,3037500000.0,363500000.0,1.306,1.727,1084600000,241800000,842800000,1084600000,0,329700000.0,0,0.014,0.55,603300000.0,933000000.0,0.158,933000000.0,603300000.0,540800000.0,1.51,1.49,1.51,1804100000,1798475000.0,1804100000,10359499043.0,17.0,11.103,425500000.0,1.799,1.0,2861800000.0,0.485,1675700000,62500000.0,2914600000,2878500000.0,476700000,0,0,0,3116200000,1339900000,1776300000,9220599043.0,-139300000.0,-6200000.0,-317400000.0,-129900000.0,-130700000.0,-546500000.0,-322600000.0,0.0,741900000.0,-12100000.0,362700000.0,362700000.0,362700000.0,0.0,800000.0,0.061,2257700000.0,604100000.0,343700000,0.364,5.111,25.422,25.821,1142900000,0.0,38.99,1.563,1.563,970600000,2707400000.0,5899300000.0,5899300000.0,0.0,0.074,0.202,0.21,0.102,28600000.0,2162900000.0,1.0,236486254.0,236500000,239500000.0,24.944,3252600000,97700000,178100000.0,37200000,13.753,410000000
49,ECL,MRT,2009-03-31,2009-03-31,2009-03-31,2021-09-07,-379900000,4703800000,4982525000.0,1683100000,3020700000,1.21,6.713,-325100000.0,79500000,79500000,3111200000.0,403000000.0,1.184,1.963,1218400000,420600000,797800000,1218400000,0,330200000.0,0,0.016,0.54,649200000.0,979400000.0,0.162,979400000.0,649200000.0,586600000.0,1.65,1.63,1.65,1584900000,1897125000.0,1584900000,9274477750.0,14.0,9.47,318500000.0,1.349,1.0,2916600000.0,0.484,1578400000,62600000.0,2842900000,2902225000.0,467600000,0,0,0,3111700000,1421400000,1690300000,8202977750.0,-140000000.0,-9000000.0,-318700000.0,-18300000.0,-129500000.0,-439400000.0,-334100000.0,0.0,643600000.0,-10100000.0,402600000.0,402600000.0,402600000.0,0.0,400000.0,0.067,2267000000.0,649600000.0,308900000,0.327,5.176,20.375,21.048,1114000000,0.0,34.73,1.361,1.36,913300000,2641400000.0,6027800000.0,6027800000.0,0.0,0.081,0.212,0.224,0.108,29000000.0,2216500000.0,1.0,236192852.0,236100000,238100000.0,25.531,3125400000,92600000,184000000.0,32300000,13.238,261700000
50,ECL,MRT,2008-12-31,2008-12-31,2008-12-31,2021-09-07,-359100000,4756900000,5115150000.0,1691100000,3065800000,1.2,6.404,-358100000.0,66700000,66700000,3141600000.0,448400000.0,1.173,2.022,1138200000,338900000,799300000,1138200000,0,334700000.0,0,0.015,0.53,712500000.0,1047200000.0,0.171,1047200000.0,712500000.0,650900000.0,1.83,1.8,1.83,1571600000,2015750000.0,1571600000,9647738669.0,14.0,9.213,395100000.0,1.61,1.0,2995900000.0,0.488,1594400000,61600000.0,2792100000,2919475000.0,467200000,0,0,0,3177900000,1441900000,1736000000,8711438669.0,-70700000.0,-201600000.0,-337200000.0,186000000.0,-128500000.0,-235600000.0,-580700000.0,0.0,753200000.0,-7600000.0,448100000.0,448100000.0,448100000.0,0.0,300000.0,0.073,2283100000.0,712800000.0,359600000,0.29,5.543,19.441,19.208,1135200000,0.0,35.15,1.419,1.405,971000000,2617000000.0,6137500000.0,6137500000.0,0.0,0.088,0.222,0.244,0.116,25400000.0,2257200000.0,1.0,247836093.0,245400000,249300000.0,25.01,3162500000,94700000,202800000.0,46300000,12.887,249200000
51,ECL,MRT,2008-09-30,2008-09-30,2008-09-30,2021-09-07,45600000,5113900000,5106625000.0,1894200000,3219700000,1.193,9.023,-365800000.0,102100000,102100000,3087800000.0,483100000.0,1.416,1.29,1038400000,179000000,859400000,1038400000,0,331400000.0,0,0.011,0.52,747000000.0,1078400000.0,0.177,1078400000.0,747000000.0,687800000.0,1.95,1.91,1.95,2233300000,2106775000.0,2233300000,13027472812.0,17.0,12.08,384300000.0,1.553,1.0,3006200000.0,0.493,1747800000,59200000.0,2964400000,2837050000.0,500200000,0,0,0,2880600000,1338000000,1542600000,11997372812.0,-4700000.0,-460200000.0,-27800000.0,154600000.0,-124500000.0,86900000.0,-847000000.0,0.0,750100000.0,5300000.0,481500000.0,481500000.0,481500000.0,0.0,1600000.0,0.079,2257600000.0,748600000.0,394900000,0.267,5.372,24.917,24.882,1161300000,0.0,48.52,1.969,1.971,1100800000,2570100000.0,6094000000.0,6094000000.0,0.0,0.094,0.229,0.263,0.123,19900000.0,2271300000.0,1.0,247266546.0,247500000,251800000.0,24.622,3366100000,91400000,206300000.0,0,13.6,556200000
52,ECL,MRT,2008-06-30,2008-06-30,2008-06-30,2021-09-07,126900000,5355500000,4893950000.0,1992500000,3363000000,1.202,8.898,-376400000.0,222000000,222000000,2943600000.0,471200000.0,1.276,1.436,1252100000,376100000,876000000,1252100000,0,319400000.0,0,0.012,0.505,716900000.0,1036300000.0,0.176,1036300000.0,716900000.0,660900000.0,1.9,1.87,1.9,2198700000,1973800000.0,2198700000,11714614214.0,16.0,11.304,424600000.0,1.718,1.0,2937300000.0,0.499,1814400000,56000000.0,3009500000,2684350000.0,499100000,0,0,0,3156800000,1561700000,1595100000,10625214214.0,149800000.0,-486300000.0,-55300000.0,308500000.0,-120600000.0,224900000.0,-883700000.0,0.0,801000000.0,7600000.0,469300000.0,469300000.0,469300000.0,0.0,1900000.0,0.08,2218500000.0,718800000.0,399100000,0.266,4.832,22.641,22.626,1157300000,0.0,42.99,1.807,1.806,1082100000,2476100000.0,5880900000.0,5880900000.0,0.0,0.096,0.238,0.267,0.122,19200000.0,2216200000.0,1.0,247155483.0,247100000,251400000.0,23.8,3541100000,96200000,191600000.0,31200000,14.331,430800000
53,ECL,MRT,2008-03-31,2008-03-31,2008-03-31,2021-09-07,107800000,5234300000,4590175000.0,1891000000,3343300000,1.236,8.338,-379100000.0,219500000,219500000,2814300000.0,442500000.0,1.179,1.542,1308900000,444000000,864900000,1308900000,0,306600000.0,0,0.011,0.49,679400000.0,986000000.0,0.174,986000000.0,679400000.0,625300000.0,1.79,1.76,1.79,2059400000,1821550000.0,2059400000,11601901255.0,17.0,11.767,469500000.0,1.901,1.0,2859000000.0,0.504,1807600000,54100000.0,2911900000,2518575000.0,475700000,0,0,0,3174900000,1604200000,1570700000,10735901255.0,165300000.0,-496100000.0,-217100000.0,437200000.0,-117100000.0,208900000.0,-896200000.0,0.0,848600000.0,4000000.0,440600000.0,440600000.0,440600000.0,0.0,1900000.0,0.078,2177700000.0,681300000.0,387400000,0.274,5.213,24.367,24.263,1131800000,0.0,43.43,1.892,1.891,1026200000,2369200000.0,5673300000.0,5673300000.0,0.0,0.096,0.242,0.27,0.12,17900000.0,2156100000.0,1.0,247200121.0,247000000,251500000.0,22.969,3426700000,80800000,184700000.0,46100000,13.873,286800000
54,ECL,MRT,2007-12-31,2007-12-31,2007-12-31,2021-09-07,63100000,4722800000,4279950000.0,1717300000,3005500000,1.278,7.843,-354100000.0,137400000,137400000,2691700000.0,428900000.0,1.131,1.44,1003400000,403500000,599900000,1003400000,0,291900000.0,0,0.009,0.475,667300000.0,959200000.0,0.175,959200000.0,667300000.0,616300000.0,1.73,1.7,1.73,1935700000,1707050000.0,1935700000,13326974201.0,20.0,13.894,443500000.0,1.797,1.0,2777900000.0,0.508,1608100000,51000000.0,2462400000,2369500000.0,450800000,0,0,0,2787100000,1518300000,1268800000,12598574201.0,-346600000.0,-309600000.0,-371400000.0,-114300000.0,-114000000.0,-482400000.0,-663700000.0,0.0,797600000.0,1900000.0,427200000.0,427200000.0,427200000.0,0.0,1700000.0,0.078,2108900000.0,669000000.0,343700000,0.275,6.509,29.491,29.601,1083400000,0.0,51.21,2.303,2.311,974000000,2298400000.0,5469600000.0,5469600000.0,0.0,0.1,0.25,0.282,0.122,17300000.0,2089200000.0,1.0,246017852.0,246800000,251800000.0,22.162,3114700000,89400000,189100000.0,27700000,12.62,199000000
55,ECL,MRT,2007-09-30,2007-09-30,2007-09-30,2021-09-07,-42300000,4263200000,4204100000.0,1605000000,2658200000,1.261,6.939,-332400000.0,106800000,106800000,2605400000.0,401000000.0,1.214,1.506,835200000,265300000,569900000,835200000,0,282400000.0,0,0.01,0.46,638600000.0,921000000.0,0.174,921000000.0,638600000.0,588900000.0,1.61,1.59,1.61,1701400000,1643175000.0,1701400000,12351320835.0,19.0,13.411,434700000.0,1.773,1.0,2695400000.0,0.508,1316000000,49700000.0,2353600000,2313650000.0,396000000,0,0,0,2561800000,1322000000,1239800000,11564420835.0,52600000.0,-52000000.0,-396500000.0,77200000.0,-111000000.0,-332200000.0,-384300000.0,100000.0,767100000.0,2000000.0,401000000.0,401000000.0,401000000.0,0.0,0.0,0.076,2056800000.0,638600000.0,316000000,0.286,6.797,28.839,29.317,1019800000,0.0,47.2,2.182,2.183,969400000,2217100000.0,5300800000.0,5300800000.0,0.0,0.095,0.244,0.276,0.12,19600000.0,2029000000.0,1.0,245008916.0,245200000,249700000.0,21.618,2947200000,71000000,187900000.0,32600000,12.02,283000000
56,ECL,MRT,2007-06-30,2007-06-30,2007-06-30,2021-09-07,-58600000,4140400000,4140019000.0,1539600000,2600800000,1.248,6.462,-304700000.0,72200000,72200000,2540800000.0,397300000.0,1.196,1.605,859100000,295200000,563900000,859100000,0,277800000.0,0,0.01,0.445,648400000.0,926200000.0,0.179,926200000.0,648400000.0,600200000.0,1.59,1.56,1.59,1589700000,1658604750.0,1589700000,11278240568.0,17.0,12.177,454100000.0,1.846,1.0,2625600000.0,0.508,1293400000,48200000.0,2346400000,2298950250.0,387900000,0,0,0,2550700000,1287500000,1263200000,10540740568.0,-33700000.0,-82300000.0,-428900000.0,28300000.0,-107900000.0,-407500000.0,-387000000.0,0.0,758800000.0,2000000.0,397300000.0,397300000.0,397300000.0,0.0,0.0,0.077,1977200000.0,648400000.0,338100000,0.28,6.631,26.531,26.855,987500000,0.0,42.7,2.04,2.033,930800000,2131300000.0,5166400000.0,5166400000.0,0.0,0.096,0.24,0.282,0.126,18400000.0,1977200000.0,1.0,246855751.0,246000000,250700000.0,21.002,2847000000,80000000,202900000.0,19500000,11.573,252100000
57,ECL,MRT,2007-03-31,2007-03-31,2007-03-31,2021-09-07,-88800000,3993400000,4082739750.0,1457200000,2536200000,1.232,6.413,-306000000.0,54200000,54200000,2479300000.0,380200000.0,1.267,1.494,791700000,234400000,557300000,791700000,0,273400000.0,0,0.01,0.43,628600000.0,902000000.0,0.179,902000000.0,628600000.0,582800000.0,1.51,1.48,1.51,1601400000,1685676250.0,1601400000,11359281341.0,18.0,12.593,408400000.0,1.636,1.0,2550600000.0,0.507,1265500000,45800000.0,2315600000,2285826500.0,368900000,0,0,0,2392000000,1149800000,1242200000,10777274341.0,-8700000.0,-73500000.0,-374600000.0,32500000.0,-104600000.0,-345700000.0,-379500000.0,0.0,714400000.0,2100000.0,380200000.0,380200000.0,380200000.0,0.0,0.0,0.076,1922000000.0,628600000.0,327100000,0.285,6.73,28.346,28.477,955800000,0.0,43.0,2.143,2.135,882300000,2049300000.0,5029900000.0,5029900000.0,0.0,0.093,0.226,0.275,0.125,17900000.0,1922000000.0,1.0,250634287.0,249700000,254500000.0,20.144,2727900000,77600000,202600000.0,0,10.925,307400000
58,ECL,MRT,2006-12-31,2006-12-31,2006-12-31,2021-09-07,-96500000,4419400000,4021468500.0,1853600000,2565800000,1.217,6.665,-295400000.0,484000000,484000000,2416100000.0,368600000.0,1.233,1.63,1066100000,509000000,557100000,1066100000,0,268600000.0,0,0.009,0.415,611600000.0,880200000.0,0.18,880200000.0,611600000.0,567200000.0,1.46,1.43,1.46,1680200000,1707416250.0,1680200000,12030882131.0,20.0,13.668,332200000.0,1.318,1.0,2479700000.0,0.506,1259700000,44400000.0,2239000000,2264083000.0,364900000,0,0,0,2739200000,1502800000,1236400000,11352118131.0,379600000.0,-63700000.0,-282800000.0,262200000.0,-101200000.0,-16400000.0,-234000000.0,125100000.0,627600000.0,2400000.0,368600000.0,368600000.0,368600000.0,0.0,0.0,0.075,1868100000.0,611600000.0,330900000,0.284,6.756,30.798,30.959,951600000,0.0,45.2,2.319,2.327,867600000,1983300000.0,4895800000.0,4895800000.0,0.0,0.092,0.216,0.27,0.125,16500000.0,1868100000.0,1.0,251153056.0,252100000,257100000.0,19.42,3159700000,86900000,198600000.0,17700000,12.534,350800000
59,ECL,MRT,2006-09-30,2006-09-30,2006-09-30,2021-09-07,0,4006876000,3865775500.0,1406291000,2600585000,1.233,7.008,-282362000.0,54192000,54192000,2363897000.0,352115000.0,1.227,1.273,732956000,190008000,542948000,732956000,0,264171000.0,0,0.009,0.4,589714000.0,853885000.0,0.179,853885000.0,589714000.0,547817000.0,1.4,1.36,1.4,1763119000,1699668750.0,1763119000,11476231913.0,19.0,13.44,290265000.0,1.154,1.0,2402386000.0,0.504,1244868000,41897000.0,2294801000,2249142750.0,354225000,0,0,0,2243757000,1145971000,1097786000,10774665913.0,-111077000.0,-61435000.0,-337467000.0,-1717000.0,-98389000.0,-340487000.0,-343897000.0,-100000.0,572627000.0,680000.0,352115000.0,352115000.0,352115000.0,0.0,0.0,0.074,1812672000.0,589714000.0,310597000,0.286,6.111,30.6,30.586,874793000,0.0,42.82,2.261,2.26,866214000,,4766283000.0,4766283000.0,0.0,0.091,0.207,0.262,0.124,19277000.0,1812672000.0,1.0,251626948.0,251600000,256700000.0,18.944,2762008000,65097000,195702000.0,29178000,10.978,260320000
60,ECL,MRT,2006-06-30,2006-06-30,2006-06-30,2021-09-07,0,3911283000,3821202000.0,1418369000,2492914000,1.217,6.733,-262403000.0,105885000,105885000,2311259000.0,339773000.0,1.243,1.303,807451000,262605000,544846000,807451000,0,260062000.0,0,0.01,0.388,570761000.0,830823000.0,0.179,830823000.0,570761000.0,528635000.0,1.34,1.31,1.34,1697986000,1669971500.0,1697986000,10915276159.0,19.0,13.138,277315000.0,1.1,1.0,2340997000.0,0.503,1177785000,42126000.0,2293905000,2207254250.0,348117000,0,0,0,2213297000,1141159000,1072138000,10264207159.0,-4092000.0,-3397000.0,-284493000.0,19989000.0,-95670000.0,-278596000.0,-265800000.0,0.0,539718000.0,586000.0,339773000.0,339773000.0,339773000.0,0.0,0.0,0.073,1770236000.0,570761000.0,274803000,0.29,6.045,30.209,30.284,864894000,0.0,40.58,2.206,2.2,831762000,,4652256000.0,4652256000.0,0.0,0.089,0.203,0.259,0.123,24246000.0,1770236000.0,1.0,252937584.0,252200000,256700000.0,18.447,2733498000,62722000,188862000.0,28828000,10.839,277210000
61,ECL,MRT,2006-03-31,2006-03-31,2006-03-31,2021-09-07,0,3748315000,3776002000.0,1309415000,2438900000,1.214,6.66,-253772000.0,62934000,62934000,2274325000.0,327974000.0,1.275,1.22,714003000,191621000,522382000,714003000,0,257359000.0,0,0.01,0.375,555813000.0,813172000.0,0.177,813172000.0,555813000.0,512503000.0,1.29,1.26,1.29,1688360000,1633706750.0,1688360000,10314574758.0,19.0,12.684,275620000.0,1.087,1.0,2310695000.0,0.504,1143545000,43310000.0,2228626000,2169683750.0,341556000,0,0,0,2059955000,1027213000,1032742000,9672651758.0,-20516000.0,-6120000.0,-175831000.0,-86749000.0,-92710000.0,-288579000.0,-259892000.0,0.0,529392000.0,-1437000.0,327974000.0,327974000.0,327974000.0,0.0,0.0,0.072,1754882000.0,555813000.0,266644000,0.291,5.729,29.492,29.612,841977000,0.0,38.2,2.11,2.112,769695000,,4585020000.0,4585020000.0,0.0,0.087,0.201,0.256,0.121,26703000.0,1754882000.0,1.0,253210779.0,253500000,258100000.0,18.087,2604770000,65074000,184529000.0,46168000,10.275,282202000
62,ECL,MRT,2005-12-31,2005-12-31,2005-12-31,2021-09-07,0,3796628000,3788506750.0,1421666000,2374962000,1.197,6.45,-258500000.0,104378000,104378000,2248800000.0,319500000.0,1.27,1.302,746301000,226927000,519374000,746301000,0,256900000.0,0,0.01,0.363,542400000.0,799300000.0,0.176,799300000.0,542400000.0,498200000.0,1.25,1.23,1.25,1649210000,1594512000.0,1649210000,9829238387.0,18.0,12.297,331600000.0,1.297,1.0,2286000000.0,0.504,1139955000,44200000.0,2179239000,2165129500.0,325574000,125063000,125063000,0,2147418000,1119357000,1028061000,9285998387.0,33200000.0,-25500000.0,-213300000.0,95700000.0,-89800000.0,-146000000.0,-409100000.0,-125100000.0,590100000.0,-1800000.0,319500000.0,319500000.0,319500000.0,0.0,0.0,0.07,1743600000.0,542400000.0,277635000,0.29,5.631,29.064,29.016,868053000,0.0,36.27,2.048,2.045,743520000,,4534800000.0,4534800000.0,0.0,0.084,0.2,0.251,0.12,27400000.0,1743600000.0,1.0,256024218.0,255700000,260100000.0,17.735,2656673000,65880000,178700000.0,39583000,10.39,302309000
63,ECL,MRT,2005-09-30,2005-09-30,2005-09-30,2021-09-07,0,3828582000,3768393250.0,1447565000,2381017000,1.185,6.428,-278828000.0,165308000,165308000,2206023000.0,292232000.0,1.358,1.328,708548000,169529000,539019000,708548000,0,256384000.0,0,0.011,0.35,497626000.0,754010000.0,0.169,754010000.0,497626000.0,451335000.0,1.14,1.14,1.14,1644330000,1581744750.0,1644330000,8824467615.0,18.0,11.703,296976000.0,1.161,1.0,2259829000.0,0.506,1178523000,46291000.0,2127247000,2166836500.0,337518000,0,0,0,2184252000,1066052000,1118200000,8166048615.0,93211000.0,-25845000.0,-187756000.0,6263000.0,-88055000.0,-178807000.0,-304673000.0,0.0,575804000.0,887000.0,292232000.0,292232000.0,292232000.0,0.0,0.0,0.065,1762203000.0,497626000.0,264196000,0.307,4.966,27.944,28.009,837850000,0.0,31.93,1.829,1.829,801981000,,4465852000.0,4465852000.0,0.0,0.078,0.185,0.23,0.111,49827000.0,1762632000.0,1.0,255748469.0,255817000,259911000.0,17.457,2650059000,73844000,159103000.0,49955000,10.359,381513000
64,ECL,MRT,2005-06-30,2005-06-30,2005-06-30,2021-09-07,0,3730483000,3698600750.0,1355587000,2374896000,1.187,6.079,-272297000.0,110023000,110023000,2152830000.0,289221000.0,1.269,1.402,768442000,230530000,537912000,768442000,0,254403000.0,0,0.011,0.342,494121000.0,748524000.0,0.17,748524000.0,494121000.0,447793000.0,1.13,1.12,1.13,1552927000,1538293750.0,1552927000,9023714100.0,18.0,12.055,291963000.0,1.143,1.0,2238565000.0,0.51,1176894000,46328000.0,2143623000,2146892500.0,334816000,0,0,0,2177556000,1068385000,1109171000,8264243100.0,68777000.0,-27869000.0,-243085000.0,50436000.0,-86265000.0,-196334000.0,-300166000.0,0.0,564260000.0,1017000.0,289221000.0,289221000.0,289221000.0,0.0,0.0,0.066,1744444000.0,494121000.0,249437000,0.303,5.322,28.574,28.637,833025000,0.0,32.36,1.882,1.883,767612000,,4391395000.0,4391395000.0,0.0,0.078,0.188,0.23,0.113,42958000.0,1743528000.0,1.0,255384521.0,255474000,259594000.0,17.189,2553589000,73962000,158572000.0,33056000,9.995,287202000
65,ECL,MRT,2005-03-31,2005-03-31,2005-03-31,2021-09-07,0,3798334000,3619188000.0,1347008000,2451326000,1.181,5.976,-262388000.0,83447000,83447000,2086373000.0,286113000.0,1.208,1.48,842918000,276282000,566636000,842918000,0,250609000.0,0,0.01,0.335,491738000.0,742347000.0,0.174,742347000.0,491738000.0,446377000.0,1.11,1.11,1.11,1531581000,1498742500.0,1531581000,9116135601.0,19.0,12.28,277885000.0,1.084,1.0,2189069000.0,0.512,1232494000,45361000.0,2210409000,2124815750.0,345921000,0,0,0,2266753000,1114902000,1151851000,8485789601.0,37125000.0,-28335000.0,-249107000.0,30749000.0,-84413000.0,-214162000.0,-290723000.0,0.0,540273000.0,1737000.0,286113000.0,286113000.0,286113000.0,0.0,0.0,0.067,1697331000.0,491738000.0,257933000,0.302,5.541,29.659,29.775,838759000,0.0,33.05,1.985,1.981,767857000,,4275442000.0,4275442000.0,0.0,0.079,0.191,0.231,0.115,35901000.0,1696669000.0,1.0,256756115.0,256272000,260626000.0,16.683,2565840000,75821000,160264000.0,36349000,10.012,232106000
66,ECL,MRT,2004-12-31,2004-12-31,2004-12-31,2021-09-07,0,3716174000,3532398000.0,1279066000,2437108000,1.185,6.205,-267186000.0,71231000,71231000,2033492000.0,282693000.0,1.361,1.325,701577000,56132000,645445000,701577000,0,246954000.0,0,0.009,0.328,489890000.0,736844000.0,0.176,736844000.0,489890000.0,444546000.0,1.1,1.09,1.1,1598141000,1452261250.0,1598141000,9675831619.0,20.0,13.131,303722000.0,1.179,1.0,2151441000.0,0.514,1220906000,45344000.0,2186067000,2092733500.0,338603000,0,0,0,2118033000,939547000,1178486000,9053238619.0,-14395000.0,-126405000.0,-165414000.0,-16781000.0,-82419000.0,-193869000.0,-393591000.0,0.0,570908000.0,2157000.0,282693000.0,282693000.0,282693000.0,0.0,0.0,0.068,1661551000.0,489890000.0,269561000,0.298,5.665,32.025,31.936,834730000,0.0,35.13,2.163,2.162,738266000,,4184933000.0,4184933000.0,0.0,0.08,0.195,0.234,0.117,33104000.0,1657084000.0,1.0,257706764.0,257575000,260407000.0,16.247,2495268000,76038000,161853000.0,22709000,9.688,339519000
67,ECL,MRT,2004-09-30,2004-09-30,2004-09-30,2021-09-07,0,3549412000,3410584000.0,1266545000,2282867000,1.193,5.692,-243550000.0,72097000,72097000,1969577000.0,289924000.0,1.308,1.414,694690000,83312000,611378000,694690000,0,239795000.0,0,0.01,0.32,497832000.0,737627000.0,0.181,737627000.0,497832000.0,453037000.0,1.12,1.1,1.12,1470526000,1382996250.0,1470526000,8765057839.0,18.0,11.883,298277000.0,1.154,1.0,2099287000.0,0.516,1156546000,44795000.0,2047471000,2037447750.0,325951000,0,0,0,2078886000,967988000,1110898000,8093942839.0,5135000.0,-127772000.0,-132489000.0,7045000.0,-80545000.0,-166398000.0,-371322000.0,0.0,541827000.0,1028000.0,289924000.0,289924000.0,289924000.0,0.0,0.0,0.071,1601683000.0,497604000.0,251921000,0.286,5.504,27.917,28.071,783210000,0.0,31.44,1.989,1.996,739057000,,4068864000.0,4068864000.0,0.0,0.085,0.21,0.244,0.122,23935000.0,1597259000.0,1.0,257440930.0,258368000,262252000.0,15.748,2392866000,75984000,163113000.0,68043000,9.261,298557000
68,ECL,MRT,2004-06-30,2004-06-30,2004-06-30,2021-09-07,0,3412832000,3289442750.0,1180606000,2232226000,1.204,5.424,-242090000.0,41246000,41246000,1928071000.0,282416000.0,1.298,1.447,712361000,100976000,611385000,712361000,0,237023000.0,0,0.01,0.312,495223000.0,732246000.0,0.185,732246000.0,495223000.0,449943000.0,1.09,1.07,1.09,1394722000,1323325750.0,1394722000,8890100998.0,18.0,12.141,294503000.0,1.145,1.0,2033243000.0,0.513,1119201000,45280000.0,2055316000,1984327000.0,322453000,0,0,0,2018110000,909430000,1108680000,8145534998.0,10674000.0,-109676000.0,-138949000.0,3438000.0,-78857000.0,-173886000.0,-351766000.0,0.0,536593000.0,-267000.0,282416000.0,282416000.0,282416000.0,0.0,0.0,0.071,1549125000.0,484118000.0,226164000,0.286,5.84,28.842,29.083,771963000,0.0,31.7,2.056,2.058,676158000,,3961314000.0,3961314000.0,0.0,0.086,0.213,0.25,0.125,23935000.0,1544822000.0,1.0,256956940.0,257135000,260905000.0,15.406,2293631000,76359000,167527000.0,48561000,8.92,271176000
69,ECL,MRT,2004-03-31,2004-03-31,2004-03-31,2021-09-07,0,3451174000,3216468500.0,1185278000,2265896000,1.202,5.236,-233544000.0,46322000,46322000,1890196000.0,271278000.0,1.216,1.565,790888000,170246000,620642000,790888000,0,234040000.0,0,0.011,0.305,480719000.0,714759000.0,0.185,714759000.0,480719000.0,434904000.0,1.05,1.02,1.05,1345656000,1287733000.0,1345656000,7927364946.0,16.0,11.091,316370000.0,1.231,1.0,1975142000.0,0.511,1138567000,45815000.0,2082080000,1952678750.0,326950000,0,0,0,2105518000,975093000,1130425000,7338346946.0,-10232000.0,-104581000.0,-253013000.0,-4879000.0,-77171000.0,-223836000.0,-338125000.0,0.0,549914000.0,1815000.0,271278000.0,271278000.0,271278000.0,0.0,0.0,0.07,1505528000.0,469614000.0,223880000,0.29,5.453,27.051,27.171,773271000,0.0,28.53,1.899,1.897,666105000,,3865338000.0,3865338000.0,0.0,0.084,0.211,0.246,0.124,23935000.0,1501118000.0,1.0,257215105.0,257025000,260227000.0,15.039,2312607000,76677000,163626000.0,77536000,8.998,210185000
70,ECL,MRT,2003-12-31,2003-12-31,2003-12-31,2021-09-07,0,3228918000,3106352250.0,1150340000,2078578000,1.211,5.092,-212484000.0,85626000,85626000,1846584000.0,260590000.0,1.35,1.444,674644000,70203000,604441000,674644000,0,228103000.0,0,0.011,0.297,466114000.0,694217000.0,0.185,694217000.0,466114000.0,420769000.0,1.0,0.99,1.0,1321081000,1250802000.0,1321081000,7634309406.0,16.0,10.997,311448000.0,1.2,1.0,1915235000.0,0.509,1001070000,45345000.0,1964924000,1901751750.0,309959000,0,0,0,1907837000,851942000,1055895000,7051933406.0,36421000.0,-4596000.0,-227145000.0,-101723000.0,-75413000.0,-272712000.0,-217080000.0,0.0,523932000.0,2281000.0,260590000.0,260590000.0,260590000.0,0.0,0.0,0.069,1460226000.0,455009000.0,212287000,0.297,5.338,27.061,27.37,736797000,0.0,27.37,1.875,1.888,626002000,,3761819000.0,3761819000.0,0.0,0.084,0.208,0.245,0.124,23935000.0,1459818000.0,1.0,257651933.0,259454000,262737000.0,14.499,2227848000,75820000,160179000.0,59829000,8.587,298398000
71,ECL,MRT,2003-09-30,2003-09-30,2003-09-30,2021-09-07,0,3064847000,3015599500.0,1155888000,1908959000,1.223,4.762,-217538000.0,66962000,66962000,1819411000.0,261018000.0,1.33,1.488,649338000,75375000,573963000,649338000,0,236352000.0,0,0.011,0.29,472655000.0,709007000.0,0.192,709007000.0,472655000.0,427709000.0,1.0,0.98,1.0,1231844000,1195469500.0,1231844000,7227141258.0,15.0,10.193,236710000.0,0.915,1.0,1869322000.0,0.507,942834000,44946000.0,1834988000,1855107250.0,313668000,0,0,0,1833003000,869401000,963602000,6558226258.0,-28500000.0,-45268000.0,-198837000.0,-88258000.0,-74118000.0,-221029000.0,-262806000.0,0.0,454248000.0,1087000.0,261018000.0,261018000.0,261018000.0,0.0,0.0,0.071,1407544000.0,461778000.0,209528000,0.29,5.324,25.126,25.25,693355000,0.0,25.25,1.778,1.771,649841000,,3688733000.0,3688733000.0,0.0,0.087,0.218,0.255,0.128,0.0,1395856000.0,1.0,259731733.0,258694000,261609000.0,14.259,2122013000,73925000,166691000.0,90710000,8.203,286487000
72,ECL,MRT,2003-06-30,2003-06-30,2003-06-30,2021-09-07,0,3120935000,2940783250.0,1139961000,1980974000,1.224,4.794,-212071000.0,30572000,30572000,1775443000.0,245661000.0,1.31,1.492,699487000,97506000,601981000,699487000,0,230895000.0,0,0.011,0.285,447218000.0,678113000.0,0.188,678113000.0,447218000.0,403335000.0,0.94,0.93,0.94,1252351000,1150680750.0,1252351000,7404441984.0,17.0,10.919,211507000.0,0.81,1.0,1825390000.0,0.507,990843000,43883000.0,1928723000,1813157500.0,325986000,0,0,0,1868584000,870284000,998300000,6727465984.0,-20220000.0,-61115000.0,-136314000.0,-100320000.0,-72661000.0,-173781000.0,-273186000.0,0.0,423578000.0,3169000.0,245661000.0,245661000.0,245661000.0,0.0,0.0,0.068,1378172000.0,447218000.0,222168000,0.303,5.372,27.385,27.234,708136000,0.0,25.6,1.868,1.857,644294000,,3600833000.0,3600833000.0,0.0,0.084,0.213,0.247,0.124,0.0,1365599000.0,1.0,262791640.0,261246000,264553000.0,13.783,2130092000,78866000,157674000.0,60271000,8.154,269677000
73,ECL,MRT,2003-03-31,2003-03-31,2003-03-31,2021-09-07,0,3010709000,2823458000.0,1099636000,1911073000,1.237,4.6,-209364000.0,56554000,56554000,1722134000.0,230167000.0,1.264,1.513,733530000,164234000,569296000,733530000,0,224406000.0,0,0.011,0.28,424477000.0,648883000.0,0.186,648883000.0,424477000.0,380391000.0,0.885,0.875,0.885,1197932000,1080588250.0,1197932000,7070612945.0,17.0,10.897,191695000.0,0.736,1.0,1771194000.0,0.507,939109000,44086000.0,1878372000,1744086750.0,311077000,0,0,0,1812777000,870204000,942573000,6419975945.0,26322000.0,-61169000.0,-17138000.0,-74541000.0,-71156000.0,-104066000.0,-270533000.0,0.0,401059000.0,-138000.0,230167000.0,230167000.0,230167000.0,0.0,0.0,0.066,1346717000.0,424477000.0,207303000,0.316,5.359,27.893,27.87,694729000,0.0,24.665,1.838,1.839,594433000,,3493328000.0,3493328000.0,0.0,0.082,0.213,0.243,0.122,0.0,1322179000.0,1.0,260286882.0,260448000,263637000.0,13.413,2071600000,75276000,150224000.0,40266000,7.954,229432000
74,ECL,MRT,2002-12-31,2002-12-31,2002-12-31,2021-09-07,0,2865907000,2707082250.0,1015937000,1849970000,1.257,4.26,-210459000.0,49205000,49205000,1687597000.0,209770000.0,1.19,1.606,699842000,160099000,539743000,699842000,0,223428000.0,0,0.011,0.275,393746000.0,617174000.0,0.181,617174000.0,393746000.0,349851000.0,0.81,0.8,0.81,1099751000,1008697250.0,1099751000,6990054118.0,18.0,11.326,212867000.0,0.825,1.0,1715988000.0,0.504,884370000,43895000.0,1778346000,1682434250.0,291506000,0,0,0,1766156000,853828000,912328000,6413530118.0,7412000.0,-62825000.0,-8894000.0,-109052000.0,-69583000.0,-143744000.0,-273284000.0,0.0,423326000.0,1114000.0,209770000.0,209770000.0,209770000.0,-1882000.0,0.0,0.062,1320122000.0,395866000.0,205665000,0.34,5.832,30.574,30.556,680265000,0.0,24.75,1.884,1.877,553154000,,3403585000.0,3403585000.0,0.0,0.077,0.208,0.234,0.116,0.0,1283091000.0,1.0,259132530.0,258147000,261574000.0,13.185,1981537000,71147000,140081000.0,12632000,7.676,162109000
75,ECL,MRT,2002-09-30,2002-09-30,2002-09-30,2021-09-07,0,2765582000,2621855500.0,1072627000,1692955000,1.173,4.071,-180021000.0,95462000,95462000,1519741000.0,196966000.0,1.273,1.627,671986000,132350000,539636000,671986000,0,201441000.0,0,0.013,0.27,370318000.0,571759000.0,0.186,571759000.0,370318000.0,328923000.0,0.77,0.755,0.77,1052689000,953847500.0,1052689000,6046356593.0,16.0,10.575,316771000.0,1.225,1.0,1555162000.0,0.506,832569000,41395000.0,1667189000,1644110750.0,296295000,0,0,0,1712893000,842348000,870545000,5397342593.0,5617000.0,-479012000.0,-9316000.0,219716000.0,-68744000.0,165787000.0,-658628000.0,0.0,496792000.0,1666000.0,196966000.0,196966000.0,196966000.0,-1882000.0,0.0,0.064,1186281000.0,368881000.0,205391000,0.351,5.127,27.402,27.097,657820000,0.0,20.865,1.755,1.755,571406000,,3074903000.0,3074903000.0,0.0,0.075,0.206,0.225,0.12,0.0,1158989000.0,1.0,258679252.0,258574000,261542000.0,11.892,1933013000,60099000,131957000.0,36081000,7.476,230279000
76,ECL,MRT,2002-06-30,2002-06-30,2002-06-30,2021-09-07,0,2651634000,2395439250.0,996071000,1655563000,1.164,3.77,-168973000.0,50792000,50792000,1374215000.0,182145000.0,1.186,1.728,699806000,174555000,525251000,699806000,0,188233000.0,0,0.009,0.203,338972000.0,527205000.0,0.189,527205000.0,338972000.0,301555000.0,0.715,0.695,0.715,971981000,906317000.0,971981000,6648737368.0,20.0,12.611,287286000.0,1.114,1.0,1413453000.0,0.507,808076000,37417000.0,1652440000,1627332000.0,288043000,0,0,0,1679653000,840132000,839521000,5962044368.0,-2353000.0,-484331000.0,-19881000.0,251442000.0,-67873000.0,193560000.0,-653306000.0,0.0,456259000.0,1134000.0,182145000.0,182145000.0,182145000.0,-1882000.0,0.0,0.065,1081352000.0,332101000.0,195159000,0.284,6.134,32.732,32.329,650062000,0.0,23.115,2.139,2.138,554781000,,2787668000.0,2787668000.0,0.0,0.076,0.201,0.208,0.122,0.0,1056222000.0,1.0,257929672.0,257810000,261476000.0,10.813,1843558000,58192000,119410000.0,21316000,7.151,155939000
77,ECL,MRT,2002-03-31,2002-03-31,2002-03-31,2021-09-07,0,2545206000,2176973250.0,947249000,1597957000,1.165,3.545,-164658000.0,30232000,30232000,1243388000.0,178677000.0,1.14,1.796,716925000,211009000,505916000,716925000,0,177257000.0,0,0.009,0.2,325094000.0,502351000.0,0.198,502351000.0,325094000.0,292816000.0,0.7,0.685,0.7,910368000,867493250.0,910368000,6582798819.0,20.0,13.104,232604000.0,0.906,1.0,1292032000.0,0.51,769312000,32278000.0,1631762000,1608913500.0,278298000,0,0,0,1634838000,830825000,804013000,5878918819.0,-8456000.0,-482337000.0,-22715000.0,298009000.0,-67074000.0,238620000.0,-646995000.0,0.0,397262000.0,2657000.0,178677000.0,178677000.0,178677000.0,-1882000.0,0.0,0.07,978311000.0,313721000.0,194698000,0.286,6.458,32.902,32.657,636058000,0.0,22.86,2.319,2.315,539350000,,2535420000.0,2535420000.0,0.0,0.082,0.206,0.202,0.128,0.0,965191000.0,1.0,257170552.0,256812000,260360000.0,9.873,1775894000,54687000,114139000.0,17323000,6.915,116424000
78,ECL,MRT,2001-12-31,2001-12-31,2001-12-31,2021-09-07,0,2525000000,1981159750.0,929583000,1595417000,1.171,3.455,-154910000.0,41793000,41793000,1120254000.0,188170000.0,1.123,1.868,745673000,233393000,512280000,745673000,0,162990000.0,0,0.01,0.198,334012000.0,497002000.0,0.214,497002000.0,334012000.0,305578000.0,0.74,0.72,0.74,880352000,838493750.0,880352000,5435668932.0,16.0,10.937,209571000.0,0.822,1.0,1200456000.0,0.517,775876000,28434000.0,1625052000,1592857000.0,279785000,0,0,0,1644648000,827952000,816696000,5145664932.0,-2172000.0,-469804000.0,-32164000.0,337752000.0,-66456000.0,257513000.0,-624714000.0,0.0,364481000.0,548000.0,188170000.0,188170000.0,188170000.0,0.0,0.0,0.081,882277000.0,318179000.0,199772000,0.268,5.845,27.346,27.196,644323000,0.0,20.125,2.217,2.21,514074000,,2320710000.0,2320710000.0,0.0,0.095,0.224,0.21,0.144,0.0,881453000.0,1.0,255685214.0,254832000,259855000.0,9.107,1749124000,53781000,117408000.0,18887000,6.864,101631000
79,ECL,MRT,2001-09-30,2001-09-30,2001-09-30,2021-09-07,0,1859917000,1778412500.0,706009000,1153908000,1.293,3.387,-154697000.0,89845000,89845000,1137524000.0,204636000.0,1.284,1.156,379849000,133143000,246706000,379849000,0,160658000.0,0,0.011,0.195,361828000.0,522486000.0,0.227,522486000.0,361828000.0,333859000.0,0.805,0.785,0.805,862567000,807657500.0,862567000,4974885387.0,14.0,9.522,160395000.0,0.63,1.0,1161512000.0,0.505,0,27969000.0,1600074000,1487075250.0,171700000,204073000,0,204073000,997350000,549847000,447503000,4647171387.0,44770000.0,6457000.0,-75073000.0,-9779000.0,-64963000.0,-119115000.0,-148645000.0,0.0,315092000.0,-2562000.0,204636000.0,204636000.0,204636000.0,0.0,0.0,0.089,841606000.0,319906000.0,136136000,0.242,5.388,22.709,22.565,523465000,0.0,18.165,2.021,2.012,382720000,,2299036000.0,2299036000.0,0.0,0.115,0.253,0.243,0.157,0.0,836662000.0,1.0,255831070.0,254646000,260192000.0,9.028,1859917000,49591000,129223000.0,0,7.304,156162000
80,ECL,MRT,2001-06-30,2001-06-30,2001-06-30,2021-09-07,0,1777770000,1744528000.0,654795000,1122975000,1.314,3.207,-156992000.0,53145000,53145000,1115806000.0,207713000.0,1.243,1.177,380859000,134971000,245888000,380859000,0,157023000.0,0,0.012,0.255,365376000.0,522399000.0,0.228,522399000.0,365376000.0,337889000.0,0.815,0.795,0.815,816686000,778318750.0,816686000,5564558078.0,15.0,10.652,150797000.0,0.592,1.0,1176265000.0,0.513,0,27487000.0,1578766000,1447205250.0,172956000,187044000,0,187044000,961084000,526718000,434366000,5227118078.0,23013000.0,-15844000.0,-112862000.0,35326000.0,-63808000.0,-110116000.0,-172772000.0,0.0,307789000.0,-1888000.0,207713000.0,207713000.0,207713000.0,0.0,0.0,0.091,852747000.0,323518000.0,129359000,0.313,6.4,25.165,25.135,518870000,0.0,20.485,2.281,2.276,364246000,,2292071000.0,2292071000.0,0.0,0.119,0.267,0.252,0.159,0.0,847750000.0,1.0,255168078.0,254666000,260136000.0,9.0,1777770000,49558000,130176000.0,0,6.981,128077000
81,ECL,MRT,2001-03-31,2001-03-31,2001-03-31,2021-09-07,0,1761952000,1711703750.0,634170000,1127782000,1.33,3.128,-151219000.0,38688000,38688000,1092590000.0,207929000.0,1.192,1.218,376128000,138937000,237191000,376128000,0,152141000.0,0,0.012,0.25,364376000.0,516517000.0,0.227,516517000.0,364376000.0,338460000.0,0.815,0.79,0.815,794370000,761813000.0,794370000,5726582170.0,16.0,11.087,171085000.0,0.674,1.0,1183210000.0,0.52,0,25916000.0,1567536000,1403861250.0,172221000,212004000,0,212004000,967582000,531856000,435726000,5399578170.0,15924000.0,-21860000.0,-188423000.0,87499000.0,-62765000.0,-131538000.0,-173079000.0,0.0,322304000.0,-1763000.0,207929000.0,207929000.0,207929000.0,0.0,0.0,0.091,861296000.0,321914000.0,123921000,0.307,6.797,25.968,26.025,506965000,0.0,21.21,2.373,2.367,358925000,,2275800000.0,2275800000.0,0.0,0.121,0.273,0.26,0.16,0.0,856107000.0,1.0,254577000.0,253924000,261258000.0,8.963,1761952000,50586000,130531000.0,6885000,6.939,102314000
82,ECL,MRT,2000-12-31,2000-12-31,2000-12-31,2021-09-07,0,1714011000,1679404250.0,600568000,1113443000,1.328,2.963,-147917000.0,43965000,43965000,1056263000.0,206127000.0,1.129,1.264,370969000,136592000,234377000,370969000,0,148436000.0,0,0.011,0.245,360227000.0,508663000.0,0.228,508663000.0,360227000.0,335622000.0,0.805,0.78,0.805,757007000,760292500.0,757007000,5836707391.0,16.0,11.475,167569000.0,0.656,1.0,1174398000.0,0.526,307056000,24605000.0,1201925000,1368368000.0,168220000,199642000,0,199642000,957004000,532034000,424970000,5485755391.0,-3783000.0,-54800000.0,-186516000.0,102303000.0,-61644000.0,-115235000.0,-202717000.0,0.0,315486000.0,-1317000.0,206127000.0,206127000.0,206127000.0,0.0,0.0,0.092,857184000.0,317214000.0,146428000,0.304,7.247,26.613,26.826,501640000,0.0,21.595,2.459,2.474,326937000,,2230661000.0,2230661000.0,0.0,0.123,0.271,0.263,0.161,0.0,851995000.0,1.0,254028960.0,255506000,263892000.0,8.73,1406955000,50709000,129495000.0,0,5.507,68534000
83,ECL,MRT,2000-09-30,2000-09-30,2000-09-30,2021-09-07,0,1724379000,1647388000.0,644608000,1079771000,1.344,2.931,-150013000.0,45075000,45075000,997660000.0,193702000.0,1.016,1.314,396027000,234310000,161717000,396027000,0,143586000.0,0,0.013,0.24,336340000.0,479926000.0,0.217,479926000.0,336340000.0,313316000.0,0.755,0.73,0.755,745212000,761544750.0,745212000,4937874146.0,15.0,10.289,180563000.0,0.71,1.0,1215758000.0,0.549,0,23024000.0,1440594000,1342597250.0,183487000,198359000,0,198359000,979167000,634737000,344430000,4617025146.0,18598000.0,-76213000.0,-153947000.0,109769000.0,-60065000.0,-85654000.0,-227400000.0,0.0,330576000.0,1076000.0,193702000.0,193702000.0,193702000.0,0.0,0.0,0.088,898618000.0,317140000.0,139434000,0.318,6.196,23.836,23.881,482916000,0.0,18.03,2.086,2.071,358100000,,2213418000.0,2213418000.0,0.0,0.118,0.254,0.251,0.152,0.0,898618000.0,1.0,256074606.0,254224000,262334000.0,8.707,1724379000,43717000,119614000.0,0,6.783,9871000
84,ECL,MRT,2000-06-30,2000-06-30,2000-06-30,2021-09-07,0,1646473000,1612053000.0,586242000,1060231000,1.344,2.924,-147439000.0,30132000,30132000,978328000.0,188385000.0,1.043,1.193,350981000,189179000,161802000,350981000,0,141412000.0,0,0.012,0.232,326678000.0,468090000.0,0.216,468090000.0,326678000.0,305322000.0,0.73,0.705,0.73,750663000,761775000.0,750663000,5353077525.0,16.0,11.436,180415000.0,0.703,1.0,1188935000.0,0.549,0,21356000.0,1405390000,1323479500.0,172811000,201998000,0,201998000,895810000,561932000,333878000,5064469525.0,217000.0,-50282000.0,-109038000.0,25275000.0,-58243000.0,-128578000.0,-198972000.0,0.0,327854000.0,-87000.0,188385000.0,188385000.0,188385000.0,0.0,0.0,0.087,881668000.0,307267000.0,127931000,0.318,6.747,26.884,26.753,470765000,0.0,19.53,2.337,2.313,325545000,,2167263000.0,2167263000.0,0.0,0.117,0.247,0.247,0.151,0.0,881668000.0,1.0,259317436.0,256692000,265980000.0,8.443,1646473000,41260000,116937000.0,0,6.414,24310000
85,ECL,MRT,2000-03-31,2000-03-31,2000-03-31,2021-09-07,0,1632754000,1584115000.0,576021000,1056733000,1.336,3.057,-143090000.0,22764000,22764000,953671000.0,183360000.0,1.162,1.071,311372000,139990000,171382000,311372000,0,138212000.0,0,0.012,0.225,319430000.0,457642000.0,0.216,457642000.0,319430000.0,297110000.0,0.71,0.685,0.71,788288000,751278250.0,788288000,4990294240.0,16.0,10.904,152469000.0,0.591,1.0,1163297000.0,0.55,0,22320000.0,1425563000,1323925750.0,184175000,211818000,0,211818000,844466000,495799000,348667000,4756968240.0,-2654000.0,-40038000.0,-40979000.0,-27566000.0,-56307000.0,-114260000.0,-184337000.0,0.0,295559000.0,384000.0,183360000.0,183360000.0,183360000.0,0.0,0.0,0.087,862928000.0,300369000.0,118502000,0.317,6.035,25.943,25.838,451900000,0.0,18.345,2.247,2.235,311457000,,2116968000.0,2116968000.0,0.0,0.116,0.244,0.241,0.151,0.0,862928000.0,1.0,259305982.0,257888000,266660000.0,8.209,1632754000,41897000,113750000.0,13394000,6.331,80222000
86,ECL,MRT,1999-12-31,1999-12-31,1999-12-31,2021-09-07,0,1585946000,1555665750.0,577321000,1008625000,1.337,2.941,-139329000.0,47748000,47748000,937612000.0,175786000.0,1.227,1.081,281074000,112060000,169014000,281074000,0,134530000.0,0,0.011,0.217,308268000.0,442798000.0,0.213,442798000.0,308268000.0,285555000.0,0.68,0.655,0.68,762016000,726419500.0,762016000,5331248778.0,17.0,12.04,154165000.0,0.595,1.0,1142400000.0,0.549,249756000,22713000.0,1098842000,1317076500.0,176369000,219003000,0,219003000,823930000,470674000,353256000,5070471778.0,19323000.0,-33901000.0,-42395000.0,-15648000.0,-54333000.0,-99113000.0,-174476000.0,0.0,293494000.0,-582000.0,175786000.0,175786000.0,175786000.0,0.0,0.0,0.085,852449000.0,289951000.0,122701000,0.319,6.654,28.845,28.772,448116000,0.0,19.565,2.438,2.437,299751000,,2080012000.0,2080012000.0,0.0,0.113,0.242,0.234,0.148,0.0,852449000.0,1.0,259160326.0,259100000,268838000.0,8.028,1336190000,41701000,109769000.0,5743000,5.157,106647000
87,ECL,MRT,1999-09-30,1999-09-30,1999-09-30,2021-09-07,0,1583039000,1526928000.0,584523000,998516000,1.341,2.88,-134438000.0,26477000,26477000,923552000.0,172660000.0,1.219,1.122,287254000,102927000,184327000,287254000,0,133450000.0,0,0.012,0.21,304652000.0,438102000.0,0.214,438102000.0,304652000.0,281966000.0,0.665,0.645,0.665,746133000,708550750.0,746133000,4718142298.0,15.0,10.77,131204000.0,0.506,1.0,1124046000.0,0.549,0,22686000.0,1364123000,1376818750.0,169420000,224218000,0,224218000,836906000,479693000,357213000,4418815298.0,-15915000.0,-41313000.0,-40206000.0,-23425000.0,-53067000.0,-106429000.0,-175900000.0,0.0,265642000.0,772000.0,172660000.0,172660000.0,172660000.0,0.0,0.0,0.084,836837000.0,287209000.0,136073000,0.316,5.922,25.593,25.662,439822000,0.0,17.065,2.158,2.159,336400000,,2047598000.0,2047598000.0,0.0,0.113,0.244,0.221,0.149,0.0,836837000.0,1.0,258940246.0,259092000,268802000.0,7.903,1583039000,35683000,109306000.0,6812000,6.11,104830000
88,ECL,MRT,1999-06-30,1999-06-30,1999-06-30,2021-09-07,0,1534721000,1492687750.0,554799000,979922000,1.335,2.734,-136590000.0,29915000,29915000,900298000.0,202651000.0,1.3,1.166,329242000,91669000,237573000,329242000,0,129021000.0,0,0.009,0.205,333091000.0,462112000.0,0.232,462112000.0,333091000.0,310196000.0,0.785,0.755,0.785,708676000,685813750.0,708676000,5957046921.0,18.0,12.891,130165000.0,0.502,1.0,1092826000.0,0.548,0,22895000.0,1407175000,1349735750.0,170983000,218984000,0,218984000,826045000,426873000,399172000,5656287921.0,2673000.0,-28531000.0,-48109000.0,-11561000.0,-51680000.0,-98611000.0,-165273000.0,0.0,266755000.0,-198000.0,202651000.0,202651000.0,202651000.0,-38000000.0,0.0,0.102,814301000.0,278525000.0,128689000,0.261,7.981,27.911,27.79,431532000,0.0,21.815,2.838,2.837,300717000,,1993124000.0,1993124000.0,0.0,0.136,0.295,0.247,0.167,0.0,814301000.0,1.0,259284342.0,259190000,269360000.0,7.69,1534721000,35710000,107545000.0,0,5.921,127926000
89,ECL,MRT,1999-03-31,1999-03-31,1999-03-31,2021-09-07,0,1518957000,1458710250.0,537965000,980992000,1.331,2.659,-141888000.0,25418000,25418000,875689000.0,196956000.0,1.276,1.205,326177000,78339000,247838000,326177000,0,125828000.0,0,0.011,0.2,324157000.0,449985000.0,0.232,449985000.0,324157000.0,302071000.0,0.76,0.735,0.76,688853000,650421750.0,688853000,4867327267.0,15.0,10.817,99308000.0,0.383,1.0,1065479000.0,0.549,0,22086000.0,1398166000,1319937000.0,165453000,242150000,0,242150000,830104000,421550000,408554000,4600720267.0,6794000.0,-35551000.0,-43703000.0,24631000.0,-50292000.0,-60556000.0,-172605000.0,0.0,241196000.0,-1241000.0,196956000.0,196956000.0,196956000.0,-38000000.0,0.0,0.101,794956000.0,270523000.0,122979000,0.263,6.679,23.359,23.355,419744000,0.0,17.75,2.37,2.369,281978000,,1941168000.0,1941168000.0,0.0,0.135,0.303,0.246,0.167,0.0,794956000.0,1.0,259195508.0,259078000,269252000.0,7.493,1518957000,35789000,105115000.0,18495000,5.863,116415000
90,ECL,MRT,1998-12-31,1998-12-31,1998-12-31,2021-09-07,0,1470995000,1425899000.0,503514000,967481000,1.324,2.673,-140571000.0,28425000,28425000,851173000.0,192506000.0,1.259,1.13,295032000,67991000,227041000,295032000,0,121971000.0,0,0.011,0.195,316030000.0,438001000.0,0.232,438001000.0,316030000.0,294288000.0,0.745,0.72,0.745,690541000,614558500.0,690541000,4936071673.0,16.0,11.27,95071000.0,0.368,1.0,1037053000.0,0.549,0,21742000.0,1337811000,1291464000.0,165627000,253646000,0,253646000,780454000,399791000,380663000,4682072673.0,-32744000.0,-25980000.0,-52984000.0,-8583000.0,-49000000.0,-104888000.0,-161785000.0,0.0,235642000.0,-1713000.0,192506000.0,192506000.0,192506000.0,-38000000.0,0.0,0.102,775073000.0,261980000.0,124646000,0.262,6.78,24.322,24.289,420205000,0.0,18.095,2.48,2.475,246695000,,1888226000.0,1888226000.0,0.0,0.135,0.313,0.245,0.167,0.0,775073000.0,1.0,258749526.0,258314000,268094000.0,7.31,1470995000,36256000,101782000.0,244000,5.695,103723000
91,ECL,MRT,1998-09-30,1998-09-30,1998-09-30,2021-09-07,0,1446078000,1412225000.0,520571000,925507000,1.294,2.528,-142975000.0,42392000,42392000,815248000.0,187657000.0,1.172,1.207,296391000,104420000,191971000,296391000,0,115186000.0,0,0.013,0.19,305082000.0,420268000.0,0.23,420268000.0,305082000.0,285973000.0,0.725,0.698,0.725,655185000,579848500.0,655185000,3988920547.0,13.0,9.491,111591000.0,0.431,1.0,1011520000.0,0.554,0,19109000.0,1255791000,1271744750.0,159563000,242373000,0,242373000,790893000,444286000,346607000,3686991547.0,-24580000.0,-115019000.0,-70949000.0,89981000.0,-47053000.0,-22046000.0,-253173000.0,0.0,254566000.0,-3927000.0,187657000.0,187657000.0,187657000.0,-38000000.0,0.0,0.103,759414000.0,252106000.0,121397000,0.262,5.627,19.648,19.614,406346000,0.0,14.22,2.018,2.017,260729000,,1826768000.0,1826768000.0,0.0,0.133,0.324,0.24,0.167,0.0,759414000.0,1.0,259282106.0,259144000,268654000.0,7.049,1446078000,35698000,98316000.0,7003000,5.58,76285000
92,ECL,MRT,1998-06-30,1998-06-30,1998-06-30,2021-09-07,0,1398811000,1366572500.0,499269000,899542000,1.288,2.204,-118243000.0,27242000,27242000,779061000.0,143134000.0,1.21,1.467,329171000,88789000,240382000,329171000,0,109314000.0,0,0.012,0.183,253660000.0,362974000.0,0.206,362974000.0,253660000.0,236269000.0,0.55,0.532,0.55,567108000,549800250.0,567108000,4278409884.0,17.0,11.787,107060000.0,0.416,1.0,980543000.0,0.557,0,17391000.0,1287980000,1214107250.0,153275000,233903000,0,233903000,831703000,412760000,418943000,3991341884.0,-8106000.0,-157234000.0,-60795000.0,111070000.0,-41456000.0,35097000.0,-276717000.0,-5000000.0,225303000.0,-1584000.0,143134000.0,143134000.0,143134000.0,0.0,0.0,0.081,740812000.0,239731000.0,116684000,0.333,7.038,27.885,28.182,396458000,0.0,15.5,2.268,2.267,247783000,,1759604000.0,1759604000.0,0.0,0.105,0.26,0.209,0.144,0.0,740812000.0,1.0,257505928.0,257334000,267606000.0,6.838,1398811000,35175000,93135000.0,8973000,5.436,86509000
93,ECL,MRT,1998-03-31,1998-03-31,1998-03-31,2021-09-07,0,1387712000,1318963250.0,488930000,898782000,1.291,2.115,-121026000.0,18624000,18624000,752267000.0,138339000.0,1.252,1.544,305692000,57645000,248047000,305692000,0,105076000.0,0,0.012,0.175,242441000.0,347517000.0,0.204,347517000.0,242441000.0,227396000.0,0.535,0.512,0.535,545400000,541014250.0,545400000,3989132096.0,16.0,11.479,126977000.0,0.492,1.0,950687000.0,0.558,0,15045000.0,1284274000,1140443500.0,153775000,234084000,0,234084000,842312000,390506000,451806000,3742033096.0,-44886000.0,-175786000.0,-71045000.0,107268000.0,-43350000.0,7120000.0,-297927000.0,0.0,248003000.0,-2082000.0,138339000.0,138339000.0,138339000.0,0.0,0.0,0.081,721893000.0,228794000.0,118122000,0.327,6.861,27.05,27.103,385493000,0.0,14.5,2.197,2.196,242669000,,1702954000.0,1702954000.0,0.0,0.105,0.256,0.213,0.142,0.0,721893000.0,1.0,258071248.0,257916000,267868000.0,6.603,1387712000,35047000,89057000.0,23994000,5.38,98424000
94,ECL,MRT,1997-12-31,1997-12-31,1997-12-31,2021-09-07,0,1416299000,1266978000.0,509501000,906798000,1.295,2.131,-118243000.0,61169000,61169000,722084000.0,133955000.0,1.26,1.567,308268000,48884000,259384000,308268000,0,100879000.0,0,0.012,0.168,231937000.0,332816000.0,0.203,332816000.0,231937000.0,219300000.0,0.515,0.5,0.515,551701000,532553000.0,551701000,3712017713.0,16.0,11.153,116855000.0,0.451,1.0,918268000.0,0.56,0,12637000.0,1258934000,1063305750.0,154831000,239879000,0,239879000,864598000,404464000,460134000,3578016713.0,-8106000.0,-157234000.0,-60795000.0,111070000.0,-41456000.0,35097000.0,-276717000.0,0.0,235098000.0,-1584000.0,133955000.0,133955000.0,133955000.0,0.0,0.0,0.082,699764000.0,218504000.0,130682000,0.326,6.485,26.711,26.913,395562000,0.0,13.86,2.181,2.187,246041000,,1640352000.0,1640352000.0,0.0,0.106,0.252,0.218,0.141,0.0,699764000.0,1.0,258154164.0,258892000,267644000.0,6.336,1416299000,34978000,85345000.0,13506000,5.471,105037000
95,ECL,MRT,1997-09-30,1997-09-30,1997-09-30,2021-09-07,0,1263468000,1215005500.0,468014000,795454000,1.325,2.066,-108738000.0,66972000,66972000,713502000.0,130001000.0,1.257,1.362,200973000,52039000,148934000,200973000,0,98367000.0,0,0.013,0.16,225738000.0,324105000.0,0.201,324105000.0,225738000.0,213579000.0,0.505,0.482,0.505,534992000,524618500.0,534992000,3258225627.0,14.0,10.053,118334000.0,0.457,1.0,895969000.0,0.557,0,12159000.0,1025241000,995486000.0,132761000,239719000,0,239719000,728476000,372228000,356248000,3149941627.0,15291000.0,-71986000.0,-37878000.0,12855000.0,-40113000.0,-28748000.0,-182243000.0,0.0,227072000.0,-790000.0,130001000.0,130001000.0,130001000.0,0.0,0.0,0.081,683069000.0,212900000.0,105819000,0.317,5.888,24.23,24.074,347445000,0.0,12.158,1.957,1.956,230609000,,1609471000.0,1609471000.0,0.0,0.107,0.248,0.227,0.14,0.0,683069000.0,1.0,259094520.0,258924000,267860000.0,6.216,1263468000,29301000,83578000.0,24217000,4.88,95786000
96,ECL,MRT,1997-06-30,1997-06-30,1997-06-30,2021-09-07,0,1208374000,1194468000.0,455683000,752691000,1.313,2.049,-123843000.0,70550000,70550000,700556000.0,125040000.0,1.409,1.272,178834000,29638000,149196000,178834000,0,95992000.0,0,0.013,0.155,216668000.0,312660000.0,0.199,312660000.0,216668000.0,204268000.0,0.487,0.465,0.487,531964000,514740000.0,531964000,3213049978.0,15.0,10.276,131066000.0,0.505,1.0,868107000.0,0.553,0,12400000.0,993325000,991381000.0,130211000,248297000,0,248297000,676410000,323333000,353077000,3097924978.0,3670000.0,-42747000.0,-32707000.0,-10420000.0,-42503000.0,-75997000.0,-163545000.0,5000000.0,254909000.0,-1902000.0,125040000.0,125040000.0,125040000.0,0.0,0.0,0.08,665704000.0,202403000.0,100623000,0.318,5.824,24.775,24.512,342984000,0.0,11.938,1.975,1.975,217550000,,1568663000.0,1568663000.0,0.0,0.105,0.243,0.219,0.138,0.0,665704000.0,1.0,259512040.0,259560000,268008000.0,6.044,1208374000,29227000,79228000.0,15036000,4.655,132350000
97,ECL,MRT,1997-03-31,1997-03-31,1997-03-31,2021-09-07,0,1179771000,1175948500.0,437822000,741949000,1.301,1.974,-107797000.0,63510000,63510000,688090000.0,119744000.0,1.372,1.306,178635000,30232000,148403000,178635000,0,92579000.0,0,0.016,0.15,208851000.0,301430000.0,0.197,301430000.0,208851000.0,194921000.0,0.465,0.45,0.465,511555000,497865500.0,511555000,2569417000.0,12.0,8.524,138479000.0,0.534,1.0,841959000.0,0.55,0,13930000.0,975723000,999932750.0,131110000,248983000,0,248983000,668216000,319173000,349043000,2462400000.0,45476000.0,-21049000.0,-20400000.0,-39195000.0,-37405000.0,-69321000.0,-130381000.0,0.0,246276000.0,-1098000.0,119744000.0,119744000.0,119744000.0,0.0,0.0,0.078,647010000.0,194949000.0,97877000,0.323,4.814,20.564,20.43,335221000,0.0,9.5,1.609,1.609,205426000,,1530049000.0,1530049000.0,0.0,0.102,0.241,0.209,0.136,0.0,647010000.0,1.0,259200000.0,259096000,267040000.0,5.905,1179771000,29107000,75177000.0,28868000,4.553,118649000
98,ECL,MRT,1996-12-31,1996-12-31,1996-12-31,2021-09-07,0,1208409000,1162729500.0,435507000,772902000,1.281,2.016,-108234000.0,69275000,69275000,674953000.0,113185000.0,1.329,1.324,176292000,27609000,148683000,176292000,0,89523000.0,0,0.015,0.145,198328000.0,287851000.0,0.193,287851000.0,198328000.0,183956000.0,0.44,0.425,0.44,519963000,483758000.0,519963000,,,,146035000.0,0.566,1.0,815056000.0,0.547,0,14372000.0,987655000,1013063500.0,122248000,285237000,0,285237000,688446000,327771000,360675000,2437776000.0,44557000.0,-54911000.0,-22790000.0,-2735000.0,-36096000.0,-44533000.0,-164594000.0,0.0,254269000.0,-585000.0,113185000.0,113185000.0,113185000.0,0.0,0.0,0.076,629739000.0,185317000.0,103803000,0.33,4.688,21.538,21.375,332314000,0.0,9.405,1.636,1.628,205026000,,1490009000.0,1490009000.0,0.0,0.097,0.234,0.196,0.133,0.0,629739000.0,1.0,259200000.0,257982000,265634000.0,5.776,1208409000,29344000,70771000.0,26977000,4.684,107736000
99,ECL,MRT,1996-09-30,1996-09-30,1996-09-30,2021-09-07,0,1181318000,1125847250.0,403136000,778182000,,1.924,,51681000,51681000,,,1.298,1.384,189786000,25972000,163814000,189786000,0,,0,0.017,0.14,,,,,,,,,,495478000,467931750.0,495478000,,,,,,1.0,,,0,,1008821000,987818000.0,114738000,297267000,0,297267000,685840000,310602000,375238000,,,,,,,,,,,,,,,,,,,,82997000,,,,,322806000,,8.438,,,203461000,,,,,,,,,,,1.0,,257460000,,,1181318000,21848000,,33049000,4.588,92534000
100,ECL,MRT,1996-06-30,1996-06-30,1996-06-30,2021-09-07,0,1134296000,,400807000,733489000,,1.806,,31678000,31678000,,,1.356,1.442,220476000,56601000,163875000,220476000,0,,0,0.017,0.136,,,,,,,,,,464466000,,464466000,,,,,,1.0,,,0,,1027532000,,120311000,284404000,0,284404000,669830000,295562000,374268000,,,,,,,,,,,,,,,,,,,,80565000,,,,,309809000,,8.188,,,201247000,,,,,,,,,,,1.0,,257232000,,,1134296000,21901000,,9255000,4.41,105245000
101,ECL,MRT,1996-03-31,1996-03-31,1996-03-31,2021-09-07,0,1126895000,,387411000,739484000,,1.762,,18034000,18034000,,,1.294,1.476,218885000,55043000,163842000,218885000,0,,0,0.018,0.133,,,,,,,,,,455125000,,455125000,,,,,,1.0,,,0,,1028246000,,123058000,298776000,0,298776000,671770000,299500000,372270000,,,,,,,,,,,,,,,,,,,,84835000,,,,,302351000,,7.594,,,194407000,,,,,,,,,,,1.0,,258360000,,,1126895000,23010000,,20201000,4.362,87911000
102,ECL,MRT,1995-12-31,1995-12-31,1995-12-31,2021-09-07,0,1060880000,1040618000.0,358072000,702808000,1.289,1.727,-108088000.0,24718000,24718000,603167000.0,99189000.0,1.153,1.323,161049000,71647000,89402000,161049000,0,76279000.0,0,0.017,0.129,170388000.0,246667000.0,0.184,246667000.0,170388000.0,158883000.0,0.375,0.365,0.375,456658000,459233000.0,456658000,,,,58375000.0,0.221,1.0,737714000.0,0.55,0,11505000.0,886673000,851161000.0,106117000,302298000,0,302298000,604222000,310538000,293684000,,-73537000.0,-26437000.0,-90391000.0,11436000.0,-33114000.0,-116630000.0,-123527000.0,4007000.0,166463000.0,157000.0,99189000.0,99189000.0,99189000.0,0.0,0.0,0.074,575028000.0,162686000.0,81931000,0.344,,,20.0,292937000,0.0,7.5,,1.479,198432000,,1340881000.0,1340881000.0,0.0,0.095,0.216,0.2,0.127,0.0,575028000.0,1.0,,264386000,269912000.0,5.072,1060880000,21617000,59694000.0,18248000,4.013,47534000
103,ECL,MRT,1994-12-31,1994-12-31,1994-12-31,2021-09-07,0,1020356000,,401179000,619177000,,1.709,-83621000.0,98255000,98255000,533143000.0,84562000.0,1.582,1.209,147213000,41820000,105393000,147213000,0,66869000.0,0,0.022,0.114,147915000.0,214784000.0,0.178,214784000.0,147915000.0,135006000.0,0.312,0.307,0.312,461808000,,461808000,,,,85725000.0,0.317,1.0,674471000.0,0.559,0,12909000.0,815649000,,100015000,284570000,0,284570000,558548000,253665000,304883000,,49613000.0,-4686000.0,-7889000.0,-6109000.0,-27851000.0,-40836000.0,-78140000.0,5022000.0,169346000.0,-757000.0,84562000.0,84562000.0,84562000.0,0.0,0.0,0.07,537507000.0,136964000.0,76905000,0.365,,,16.731,246191000,0.0,5.22,,1.168,168807000,,1207614000.0,1207614000.0,0.0,,,,0.122,0.0,529507000.0,1.0,,270200000,270200000.0,4.469,1020356000,22349000,50444000.0,13113000,3.776,147514000
